3976 6376
429 357 532 420 227

430 593 674 649 peccare,
710 575 804 633 sed
836 577 890 631 in
922 575 1164 643 Christi;
1206 576 1364 632 aliter
1387 577 1532 632 enim
1559 576 1664 634 hoc
1682 575 2025 649 pronuntiat,

429 677 490 724 ut
521 669 685 724 etiam
720 669 901 738 illum,
924 669 1016 741 qui
1046 668 1372 737 fornicatur,
1395 669 1450 724 in
1477 668 1742 740 Spiritum
1775 675 2025 722 sanctum

424 756 574 814 dicat
623 775 844 831 peccare
879 778 890 814 :
927 769 1148 831 propter
1196 775 1436 825 causam,
1477 775 1583 832 qua
1623 759 1897 813 abscissus
1944 766 2027 812 est

425 845 494 903 ab
525 847 791 904 Ecclesia.
826 849 940 904 Hoc
968 849 1122 902 nulla
1151 849 1362 904 ratione
1390 850 1560 903 astrui
1588 855 1792 918 potest;
1827 863 2026 918 corpus

423 937 571 992 enim
609 936 813 994 Christi
867 953 975 992 non
1016 946 1097 992 est
1126 954 1269 993 unus
1301 947 1395 993 aut
1427 938 1540 993 duo
1569 935 1897 999 Christiani,
1931 934 2024 990 sed

423 1039 633 1092 omnes,
667 1024 872 1096 singuli
907 1032 1088 1080 autem
1125 1025 1369 1080 membra
1395 1033 1545 1082 sunt.
1580 1023 1867 1092 Quomodo
1897 1041 2024 1093 ergo

424 1110 519 1184 qui
567 1110 892 1178 fornicatur,
925 1111 982 1166 in
1029 1128 1229 1183 corpus
1270 1111 1476 1169 Christi
1516 1121 1728 1183 peccat,
1757 1128 1881 1166 cum
1915 1127 2024 1166 non

424 1214 614 1254 omnes
642 1199 980 1256 contaminet
1005 1201 1031 1255 ?
1062 1200 1219 1267 Quod
1250 1201 1296 1258 si
1326 1202 1402 1256 ita
1432 1209 1591 1267 esset,
1625 1207 1687 1254 ut
1719 1199 2025 1254 Novatiano

427 1295 668 1366 videtur,
715 1307 910 1354 caztera
961 1295 1103 1352 132
1149 1299 1337 1354 omnia
1385 1305 1602 1369 peccata
1647 1304 1802 1352 extra
1852 1297 2025 1351 Deum

429 1395 629 1455 essent,
662 1395 714 1443 et
753 1389 870 1443 sola
920 1387 1214 1443 fornicatio
1245 1395 1524 1458 peccatum
1559 1394 1699 1442 esset
1728 1385 1786 1441 in
1827 1387 2022 1442 Deum.

430 1475 613 1531 Etiam
662 1476 756 1550 qui
802 1475 955 1533 vadit
1000 1475 1070 1532 ad
1126 1468 1441 1546 idola,'non
1490 1483 1678 1548 peccat
1727 1474 1785 1528 in
1827 1475 2025 1541 Deum,

429 1579 530 1619 nec
556 1565 648 1636 qui
679 1573 838 1638 negat
868 1565 924 1620 in
955 1565 1354 1637 persecutione,
1387 1565 1516 1637 quia
1545 1580 1710 1620 omne
1740 1570 2026 1634 peccatum

426 1651 795 1726 quodcunque
837 1653 1028 1708 fecerit
1072 1654 1261 1720 homo,
1308 1661 1464 1707 extra
1505 1669 1706 1724 corpus
1750 1661 1831 1707 est
1869 1649 2024 1708 Chri-

424 1740 516 1807 sti,
567 1741 709 1796 sicut
765 1742 849 1796 illi
915 1742 1157 1797 videtur.
1219 1742 1276 1796 Si
1336 1748 1517 1796 autem
1587 1749 1641 1796 et
1698 1740 1804 1795 hoc
1865 1740 2026 1796 aliter

425 1829 662 1884 voluerit
737 1829 1117 1901 pronuntiare,
1197 1837 1259 1884 ut
1331 1836 1491 1901 neget
1566 1829 1792 1902 aliquod
1865 1838 2023 1886 extra
2054 1849 2100 1909 Β
2136 1849 2278 1906 δεδι,

423 1932 620 1990 corpus
692 1917 897 1974 Christi
973 1935 1090 1975 esse
1157 1925 1465 1990 peccatum,
1545 1927 1769 1990 cogetur
1843 1919 2024 1975 dicere

424 2005 554 2079 quia
583 2007 765 2062 omnis
794 2007 1161 2080 quodcunque
1192 2016 1473 2080 peccatum
1515 2007 1728 2076 fecerit,
1762 2009 1819 2063 in
1849 2011 2025 2064 Deum

425 2103 630 2168 peccat,
663 2103 716 2150 et
761 2095 820 2150 in
867 2097 1134 2168 Spiritum
1163 2104 1416 2152 sanctum
1452 2115 1463 2152 :
1498 2105 1559 2152 ut
1585 2105 1638 2152 et
1667 2099 1778 2166 fur,
1811 2107 1863 2154 et
1893 2114 2026 2168 per—

423 2183 607 2256 jurus,
659 2191 712 2239 et
763 2186 1002 2240 mendax
1057 2186 1116 2240 in
1167 2186 1432 2258 Spiritum
1490 2195 1744 2242 sanctum
1802 2203 2026 2259 peccare

429 2272 665 2330 dicatur.
700 2273 771 2329 Et
813 2273 1089 2346 quomodo
1115 2283 1198 2330 est
1232 2265 1399 2344 illud,
1426 2275 1573 2348 quod
1603 2277 1680 2330 ait
1708 2277 2016 2334 Dominus:

442 2387 460 2408 ι
511 2362 652 2430 Quia
699 2364 885 2418 omnia
931 2371 1151 2435 peccata
1194 2373 1246 2420 et
1291 2364 1635 2436 blasphemia
1674 2364 2028 2420 remittentur

428 2451 783 2520 hominibus;
832 2453 925 2525 qui
955 2463 1132 2510 autem
1168 2456 1476 2526 peccaverit
1504 2455 1559 2510 in
1591 2455 1855 2526 Spiritum
1887 2470 2027 2508 san-

430 2550 604 2610 ctum,
634 2559 743 2597 non
774 2545 1085 2599 remittetur
1110 2545 1182 2610 ei,
1215 2560 1392 2616 neque
1423 2545 1536 2613 hic,
1567 2562 1742 2618 neque
1777 2546 1831 2600 in
1861 2545 2026 2599 futu—

427 2651 489 2690 ro
545 2635 755 2705 (Matth.
813 2651 914 2703 xu,
973 2635 1111 2708 3i)?
1161 2662 1180 2685 ›
1234 2638 1474 2708 Apparet
1522 2637 1732 2709 utique,
1783 2636 2026 2709 exceptis

425 2727 636 2783 caeteris
677 2728 932 2799 peccatis,
966 2727 1117 2784 aliud
1154 2744 1268 2784 esse
1308 2738 1615 2799 peccatum,
1647 2729 1797 2802 quod
1827 2745 2028 2802 pecca-

431 2825 546 2871 tum
595 2817 799 2874 dicitur
846 2818 899 2873 in
931 2818 1198 2890 Spiritum
1229 2828 1499 2876 sanctum.
1534 2821 1873 2888 Quibusdam
1910 2821 2025 2876 ite-

433 2923 552 2962 rum
603 2907 823 2964 videtur
877 2909 1005 2980 quia
1047 2909 1142 2981 qui
1192 2909 1516 2976 fornicatur,
1550 2910 1674 2968 ideo
1719 2912 1777 2967 in
1826 2928 2024 2983 corpus

427 3013 590 3052 suum
646 2998 852 3053 dicitur
905 3015 1151 3070 peccare,
1210 3001 1340 3072 quia
1399 3001 1659 3057 Ecclesia
1715 3000 2026 3056 membrum

432 3092 514 3140 est
546 3103 556 3139 :
591 3093 644 3140 et
685 3103 742 3142 se
770 3087 1173 3157 contaminans,
1206 3088 1264 3143 in
1295 3091 1594 3146 Ecclesiam
1627 3096 1836 3161 peccat,
1868 3087 2026 3159 cujus

431 3173 740 3229 membrum
792 3183 892 3232 est.
946 3177 1051 3244 Qui
1098 3193 1224 3250 ergo
1272 3178 1530 3234 Ecclesia:
1569 3179 1876 3234 membrum
1919 3184 2018 3245 est,

426 3261 722 3320 dicendum
752 3273 832 3322 est
853 3267 957 3336 illi,
983 3283 1109 3322 cum
1140 3267 1464 3336 fornicatur,
1490 3268 1620 3340 quia
1641 3283 1751 3322 non
1773 3266 1900 3335 sibi,
1929 3265 2028 3322 sed
2059 3232 2102 3292 Ο

426 3351 485 3407 in
531 3354 832 3412 Ecclesiam
879 3365 1084 3429 peccat.
1118 3358 1288 3413 Porro
1322 3366 1502 3414 autem
1534 3357 1673 3414 dicit
1702 3357 2019 3429 Apostolus,

425 3442 554 3516 quia
583 3446 676 3518 qui
706 3446 1032 3515 fornicatur,
1066 3463 1161 3520 per
1186 3447 1242 3503 id
1268 3448 1414 3521 quod
1441 3448 1499 3503 in
1529 3448 1840 3521 portionem
1867 3463 2021 3504 suam

424 3530 718 3606 delinquit,
749 3537 805 3592 in
837 3554 1039 3608 corpus
1070 3553 1230 3592 suum
1264 3545 1472 3608 peccat.

497 3623 680 3695 (Vers.
736 3625 848 3694 19.)
915 3647 934 3670 ι
991 3627 1078 3678 An
1123 3627 1345 3681 nescitis
1390 3627 1522 3698 quia
1571 3644 1800 3699 corpora
1842 3639 2024 3686 vestra

424 3713 691 3784 templum
722 3720 804 3768 est
830 3713 1069 3784 Spiritus
1094 3717 1292 3777 sancti,
1325 3716 1418 3786 qui
1449 3719 1506 3770 in
1536 3717 1694 3772 vobis
1723 3725 1825 3785 est,
1859 3735 2022 3790 quem

423 3800 638 3858 habetis
665 3817 697 3856 a
725 3802 878 3856 Deo?
907 3825 925 3848 ι
970 3800 1233 3872 Superius
1264 3803 1321 3871 (Ι
1355 3801 1479 3857 Cor.
1514 3819 1598 3871 ιιι,
1633 3805 1721 3875 16)
1756 3807 2022 3877 templum

425 3894 525 3951 Dei
554 3892 720 3962 dixit,
753 3891 846 3949 hic
873 3893 1139 3965 templum
1170 3893 1410 3966 Spiritus
1437 3895 1633 3964 sancti,
1656 3898 1787 3971 quia
1811 3897 1868 3954 in
1898 3900 2023 3956 sub-

423 3981 626 4038 stantia
654 3982 760 4039 hoc
791 3990 871 4038 est
902 3983 1161 4055 Spiritus,
1193 3983 1340 4056 quod
1369 3985 1515 4042 Deus
1543 3993 1642 4043 est.
1676 3987 1792 4044 Hoc
1818 3988 2022 4046 idcirco

423 4070 588 4141 dixit,
621 4080 684 4130 ut
729 4090 958 4146 corpora
1004 4083 1191 4130 nostra
1232 4075 1670 4134 incontaminata
1716 4095 2016 4150 servemus,

428 4169 487 4218 ut
513 4164 684 4236 possit
714 4165 831 4221 illic
856 4165 1098 4236 Spiritus
1127 4173 1347 4222 sanctus
1378 4166 1649 4224 habitare.

496 4261 678 4335 (Vera.
732 4261 852 4333 20.)
915 4286 933 4310 ‹
982 4263 1054 4318 Et
1100 4279 1211 4318 non
1260 4265 1391 4320 estis
1437 4267 1633 4333 vestri;
1672 4267 1840 4339 empti
1871 4267 2019 4323 enim

423 4350 557 4407 estis
620 4351 796 4424 pretio
859 4368 1078 4424 magno.
1129 4377 1149 4401 ι
1208 4353 1559 4410 Manifestum
1609 4363 1690 4412 est
1742 4357 1872 4428 quia
1924 4358 2020 4430 qui

422 4447 639 4513 emptus
685 4449 788 4509 est,
833 4458 944 4497 non
1008 4451 1089 4498 est
1135 4443 1219 4498 sui
1259 4444 1500 4513 arbitrii,
1549 4446 1643 4502 sed
1691 4446 1808 4518 ejus
1843 4463 1874 4502 a
1911 4465 2020 4520 quo

421 4544 638 4607 emptus
687 4543 789 4605 est,
832 4543 895 4592 ut
943 4551 1056 4591 non
1096 4553 1274 4606 suam,
1305 4537 1400 4594 sed
1430 4538 1582 4594 illius
1612 4539 1778 4594 faciat
1804 4541 2019 4596 volun-

1461 361 1555 418 ΑΙ)
1594 359 1829 419 OPERA
1865 360 1922 416 S.
1963 357 2299 418 AMBROSII
2336 357 2715 416 APPENDIX.

429 490 541 558 hic,
572 489 665 561 qui
717 487 1041 556 fornicatur,
1081 504 1193 543 non
1243 487 1301 543 in
1346 505 1546 560 corpus
1589 505 1748 543 suum
1801 486 2021 543 videtur
2053 492 2105 550 Α

3622 352 3735 416 228

2733 484 2964 542 CAPUT
3001 483 3123 540 VII.

2211 595 2392 666 (Vera.
2430 595 2508 668 ι.)
2553 618 2571 642 ‹
2610 596 2688 652 De
2736 594 2806 650 iis
2857 602 3038 650 autem
3087 608 3206 665 quae
3238 590 3537 664 scripsistis
3569 592 3736 663 mihi,

2133 683 2341 740 bonum
2372 692 2453 740 est
2491 683 2703 740 homini
2741 683 3028 738 mulierem
3061 698 3172 736 non
3204 688 3444 752 tangere.
3478 706 3496 729 ι
3543 683 3740 739 Pravis

2134 774 2384 830 sensibus
2430 773 3011 846 pseudoapostolorum
3063 770 3344 842 exagitati,
3372 771 3466 843 qui
3513 772 3739 844 nuptias

2134 882 2230 937 per
2277 864 2621 937 hypocrisin,
2680 871 2741 918 ut
2805 863 3054 935 puriores
3118 861 3331 916 cazteris
3387 859 3736 930 viderentur,

2133 956 2468 1028 spernendas
2515 955 2807 1023 docebant,
2854 954 2972 1010 haec
3004 969 3096 1026 per
3131 952 3419 1024 epistolam
3453 952 3523 1008 ab
3572 954 3741 1024 Apo-

2133 1047 2275 1101 stolo
2324 1045 2705 1117 requirebant;
2764 1045 2894 1116 quia
2938 1043 3086 1099 enim
3147 1059 3256 1097 non
3315 1042 3741 1099 oblectabantur

2134 1134 2237 1192 hac
2299 1135 2590 1202 sententia,
2657 1134 3038 1206 prietermissis
3094 1132 3326 1199 caneris,
3386 1132 3492 1188 hoc
3552 1133 3735 1188 solum

2134 1224 2440 1296 requirunt.
2499 1223 2711 1292 Quibus
2766 1231 2947 1278 tamen
3008 1222 3293 1294 respondit
3355 1222 3561 1278 bonum
3619 1239 3741 1279 esse

2133 1313 2356 1384 quidem
2405 1315 2689 1370 mulierem
2737 1329 2850 1369 non
2880 1313 3217 1386 contingere,
3254 1328 3566 1386 quanquam
3620 1329 3737 1368 non

2135 1403 2217 1459 illi
2257 1405 2394 1460 illud
2419 1405 2748 1476 simpliciter
2773 1413 3037 1461 asserant.

2209 1493 2391 1565 (Vers.
2426 1495 2505 1566 2.)
2551 1520 2568 1541 ε
2610 1495 2811 1550 Tamen
2834 1503 3056 1566 propter
3086 1493 3536 1563 fornicationem,
3567 1520 3586 1542 ι
3628 1493 3742 1550 hoc

2135 1590 2236 1650 est,
2266 1599 2334 1637 ne
2363 1583 2496 1656 quid
2541 1591 2732 1638 contra
2763 1584 2934 1655 legem
2966 1582 3312 1652 admittatur,
3354 1600 3478 1640 cum
3511 1583 3741 1656 quando

2135 1673 2282 1745 quod
2314 1674 2402 1728 lex
2428 1691 2536 1729 non
2572 1674 2845 1746 prohibet,
2873 1675 3083 1731 vitatur
3107 1693 3118 1731 :
3157 1700 3174 1721 ε
3199 1675 3576 1748 unusquisque
3599 1691 3741 1730 uxo-

2134 1777 2249 1817 rem
2297 1778 2450 1818 suam
2499 1763 2714 1831 habeat,
2749 1772 2799 1819 et
2832 1779 3175 1836 unaquaeque
3221 1782 3380 1820 suum
3414 1765 3596 1820 virum
3623 1763 3744 1818 ha-

2330 1875 2346 1898 ι
2412 1853 2600 1907 Solent
2652 1852 2800 1907 enim
2857 1853 2953 1925 qui
3009 1853 3400 1924 compendium
3453 1860 3737 1926 quaerunt,

2135 1957 2333 1998 errare.
2369 1942 2474 2010 Qui
2505 1944 2651 2000 enim
2681 1943 2800 1998 fieri
2832 1951 3029 2015 posset,
3057 1951 3120 1999 ut
3141 1943 3198 1999 hi
3230 1945 3297 2001 ab
3326 1945 3596 2002 uxoribus
3619 1945 3743 2000 suis

2134 2045 2190 2085 se
2238 2030 2596 2100 abstinerent,
2639 2050 2775 2105 quos
2827 2034 2884 2088 in
2927 2033 3096 2088 tantis
3146 2034 3299 2088 vitiis
3327 2033 3577 2106 reperit?
3606 2032 3740 2090 Ideo

2133 2137 2261 2192 ergo
2312 2139 2421 2177 non
2472 2124 2763 2194 permittit,
2816 2139 2884 2178 ne
2939 2123 3008 2177 ab
3057 2123 3225 2179 licitis
3273 2140 3328 2178 se
3371 2125 3738 2189 abstinentes,

2134 2209 2455 2266 inconcessa
2494 2219 2906 2283 praesumerent,
2957 2210 3100 2266 sicut
3151 2211 3363 2266 faciunt
3415 2211 3731 2268 Manichasi.

2208 2300 2389 2371 (Vers.
2421 2301 2474 2365 3,
2512 2301 2592 2372 4.)
2641 2327 2656 2348 ι
2689 2301 2860 2357 Uxori
2890 2300 2978 2356 vir
3007 2299 3253 2355 debitum
3283 2299 3495 2367 reddat,
3523 2300 3742 2356 simili-

2134 2397 2219 2446 ter
2247 2398 2426 2446 autem
2463 2398 2517 2446 et
2545 2407 2686 2446 uxor
2724 2391 2863 2446 viro.
2897 2416 2916 2438 ι
2959 2390 3202 2445 Invicem
3231 2387 3338 2443 sibi
3368 2387 3572 2460 subjici
3606 2389 3739 2445 illos

2135 2479 2193 2535 in
2241 2479 2344 2536 hac
2391 2497 2574 2548 causa,
2610 2489 2670 2536 ut
2717 2481 2846 2553 quia
2878 2498 3050 2536 unum
3083 2497 3281 2551 corpus
3311 2486 3459 2544 sunt,
3492 2495 3604 2535 una
3631 2496 3740 2536 eo-

2136 2584 2259 2623 rum
2307 2569 2380 2624 sit
2427 2577 2480 2625 et
2526 2569 2783 2624 voluntas
2830 2569 2890 2624 in
2934 2570 3047 2641 lege
3081 2577 3312 2624 naturae.
3359 2591 3377 2613 ε
3409 2567 3608 2623 Mulier
3647 2570 3736 2624 sui

2135 2656 2380 2728 corporis
2423 2665 2745 2728 potestatem
2791 2674 2904 2713 non
2933 2657 3153 2724 habeat,
3182 2657 3275 2714 sed
3309 2655 3395 2710 vir
3425 2673 3438 2723 ;
3473 2656 3738 2713 similiter

2135 2754 2189 2800 et
2218 2745 2305 2800 vir
2332 2747 2418 2802 sui
2445 2747 2690 2819 corporis
2720 2755 3040 2818 potestatem
3073 2763 3185 2802 non
3217 2745 3435 2814 habeat,
3463 2743 3556 2801 sed
3597 2762 3735 2801 mu-

2138 2833 2258 2890 lier.
2291 2858 2310 2882 ι
2356 2835 2472 2890 Hoc
2519 2835 2676 2903 dicit,
2721 2836 2869 2908 quod
2917 2852 3094 2908 neque
3128 2835 3249 2890 viro
3295 2849 3470 2907 neque
3509 2834 3735 2890 mulieri

2136 2924 2296 2982 liceat
2326 2943 2524 2998 corpus
2552 2944 2713 2983 suum
2744 2927 2839 2982 alii
2869 2927 3118 2994 tradere;
3171 2926 3408 2983 invicem
3447 2926 3595 2982 enim
3627 2925 3738 2982 sibi

2137 3013 2410 3072 debitores
2463 3025 2592 3073 sunt
2653 3018 2711 3073 in
2772 3017 2874 3075 hac
2924 3034 3106 3088 causa,
3153 3034 3220 3074 ne
3268 3016 3530 3091 peccandi
3572 3016 3742 3073 detur

2138 3107 2372 3163 occasio.

2212 3195 2394 3266 (Vers.
2443 3195 2525 3266 5.)
2593 3195 2794 3252 «Nolite
2845 3195 3098 3253 fraudare
3132 3197 3392 3255 invicem.
3428 3223 3446 3247 ι
3487 3198 3603 3255 Hoc
3640 3199 3741 3256 di-

2143 3281 2238 3352 cit,
2271 3292 2332 3339 ut
2360 3283 2653 3341 conveniat
2683 3284 2796 3341 illis
2832 3286 2947 3358 (36)
2982 3287 3039 3342 in
3080 3304 3137 3345 re
3165 3289 3381 3357 uxoria,
3411 3304 3478 3344 ne
3508 3288 3736 3345 dissen-

2138 3373 2222 3430 sio
2269 3383 2490 3445 generet
2534 3375 2979 3432 fornicationem.
3033 3401 3052 3423 ι
3098 3379 3213 3434 Nisi
3256 3394 3326 3434 ex
3362 3395 3634 3436 consensu
3662 3381 3734 3436 ad

2134 3471 2370 3536 tempus,
2413 3489 2432 3511 ι
2480 3464 2535 3520 id
2585 3473 2688 3534 est,
2741 3473 2802 3521 ut
2859 3483 2927 3522 ex
2977 3467 3234 3525 condicto
3286 3468 3596 3525 abstineant
3654 3487 3734 3538 se,

2133 3560 2357 3625 propter
2386 3554 2684 3625 gratiarum
2716 3557 2981 3612 actiones.
3028 3581 3046 3602 ε
3075 3557 3144 3613 Ut
3176 3560 3380 3615 vacetis
3409 3559 3668 3614 orationi.
3702 3585 3722 3606 ι

2133 3641 2458 3714 Quanquam
2507 3644 2654 3698 enim
2699 3644 2818 3699 sine
2868 3645 3278 3703 intermissione
3324 3649 3592 3705 orandum
3635 3650 3730 3718 sit,

2137 3732 2421 3788 meditatio
2467 3735 2615 3790 enim
2664 3735 2783 3790 haec
2826 3737 2978 3792 omni
3017 3737 3107 3793 die
3137 3737 3386 3795 facienda
3411 3750 3512 3808 est,
3547 3748 3733 3798 tamen

2137 3827 2200 3876 ut
2239 3822 2474 3877 orationi
2522 3823 2797 3892 insistant,
2831 3824 2963 3881 huic
3001 3827 3080 3881 rei
3124 3827 3432 3884 vacandum
3459 3831 3728 3904 praecipit,

2133 3909 2474 3984 interpositis
2495 3921 2603 3970 tem
2613 3915 2837 3986 poribus
2852 3915 2919 3972 ad
2939 3918 3240 3974 Dominum
3263 3921 3685 3991 promerendum
3713 3941 3729 3991 ;

2129 4008 2192 4056 ut
2265 4001 2411 4058 enim
2492 4005 2840 4070 misereatur,
2905 4006 3168 4063 mundius
3243 4008 3555 4065 exorandus
3619 4019 3727 4068 est.

2136 4089 2308 4157 Quam
2320 4092 2403 4147 vis
2433 4093 2636 4149 munda
2659 4094 2771 4152 sint
2799 4094 3074 4169 conjugia,
3098 4104 3281 4154 tamen
3311 4099 3474 4154 etiam
3499 4116 3531 4155 a
3558 4099 3729 4156 licitis

2134 4179 2525 4237 abstinendum
2557 4191 2658 4253 est,
2689 4192 2751 4240 ut
2778 4185 2996 4241 facilius
3025 4185 3094 4241 ad
3133 4187 3383 4244 effectum
3424 4187 3729 4246 deducatur

2131 4271 2329 4327 oratio.
2365 4273 2500 4328 Nam
2535 4281 2590 4329 et
2634 4274 2692 4329 in
2738 4277 2850 4347 lege
2887 4276 3218 4333 sanctificari
3262 4278 3530 4346 volentes,
3581 4279 3731 4336 inter

2130 4368 2326 4416 catera
2353 4363 2518 4418 etiam
2559 4363 2626 4419 ab
2672 4366 2796 4421 uvis
2837 4365 3009 4437 passis
3048 4365 3206 4437 jussu
3248 4368 3472 4424 Domini
3513 4376 3724 4441 tempe-

2130 4449 2346 4517 rabant,
2405 4459 2467 4506 ut
2518 4451 2712 4508 fierent
2767 4454 3065 4510 sanctiores
3122 4456 3306 4527 (Num.
3348 4473 3428 4525 v1,
3469 4455 3548 4528 4).
3583 4455 3726 4514 Cum

2131 4539 2278 4593 enim
2323 4539 2445 4612 quis
2491 4543 2653 4597 etiam
2703 4559 2958 4599 concessa
3005 4560 3117 4599 non
3146 4545 3442 4618 contingit,
3481 4545 3726 4602 ostendit

421 4601 610 4682 tatem.
657 4625 730 4681 Et
759 4601 888 4700 quia
915 4625 1084 4684 charo
1113 4601 1290 4699 pretio
1327 4629 1500 4700 empti
1531 4645 1740 4697 sumus,
1774 4646 2018 4702 propen-
2049 4601 2096 4659 D
2127 4644 2183 4684 se
2216 4601 2377 4698 velle,
2411 4631 2556 4703 quod
2585 4641 2856 4704 precatur,
2888 4635 3156 4706 accipere.

419 4717 534 4774 sius
568 4718 808 4774 Domino
855 4729 1044 4775 nostro
1082 4718 1290 4776 servire
1343 4719 1627 4790 debemus,
1660 4738 1726 4776 ne
1755 4723 2016 4794 offensus,

421 4824 454 4862 a
498 4823 606 4880 qua
652 4827 753 4866 nos
798 4811 1051 4880 redemit,
1085 4811 1249 4866 morti
1282 4827 1385 4867 nos
1423 4810 1632 4867 reddat.
1667 4813 1838 4880 Quam
1869 4816 2017 4870 enim

421 4895 745 4955 charissimo
797 4902 972 4970 pretio
1024 4918 1125 4957 nos
1172 4901 1327 4971 emit,
1377 4909 1440 4958 ut
1491 4902 1813 4974 sanguinem
1855 4920 2016 4961 suum

420 4981 576 5039 daret
606 5000 704 5055 pro
733 4987 935 5042 nobis?

507 5105 526 5128 ι
554 5079 867 5138 Clarificate
897 5091 951 5138 et
979 5095 1188 5155 portate
1215 5090 1388 5146 Deum
1415 5091 1470 5146 in
1500 5107 1728 5162 corpore
1753 5099 1957 5149 vestro.
1982 5120 2000 5141 ι

421 5170 538 5228 Hoc
583 5179 665 5228 est
707 5170 1008 5228 clarificare
1051 5184 1104 5230 et
1135 5185 1351 5247 portare
1382 5181 1553 5236 Deum
1587 5181 1644 5235 in
1673 5198 1921 5253 corpore,
1954 5190 2016 5238 ut

419 5261 720 5318 secundum
763 5261 935 5333 legem
966 5262 1084 5334 ejus
1112 5265 1492 5334 ambulemus;
1541 5285 1637 5340 per
1665 5270 1834 5342 legem
1864 5273 2011 5328 enim

421 5369 573 5409 suam
620 5355 735 5427 ipse
778 5352 998 5410 videtur
1041 5353 1100 5410 in
1130 5354 1310 5410 nobis.
1346 5357 1566 5413 Portare
1597 5367 1780 5416 tamen
1812 5364 2008 5433 Deum,

422 5439 528 5498 hoc
546 5451 648 5514 est,
665 5445 959 5518 imaginem
980 5444 1082 5501 Dei
1097 5445 1156 5500 in
1176 5443 1339 5501 rebus
1357 5445 1496 5501 bene
1517 5447 1679 5518 gestis
1703 5453 2008 5510 ostendere.

519 5660 611 5734 36)
644 5659 802 5734 Rom.
829 5662 988 5734 edit.,
1018 5670 1080 5720 ut
1105 5661 1416 5719 conveniant
1445 5661 1548 5719 illi.

519 5662 588 5717 36
644 5662 802 5718 Rom.
829 5662 988 5734 edit.,
1018 5670 1080 5720 ut
1105 5662 1416 5719 conveniant
1445 5662 1548 5719 illi.

495 5662 611 5806 £37;
645 5731 779 5792 Cod.
823 5734 1016 5803 Laud.,
1069 5736 1327 5808 conjugiis
1375 5735 1653 5792 consilium
1705 5738 1887 5807 datur,
1938 5740 2009 5795 ad

2215 4724 2353 4781 133
2387 4745 2404 4767 ε
2431 4722 2500 4776 Et
2529 4723 2726 4778 iterum
2756 4723 3096 4778 revertimini
3119 4723 3188 4780 ad
3211 4724 3266 4780 id
3297 4725 3500 4796 ipsum.
3523 4749 3541 4772 ι
3576 4723 3723 4792 Quo-

2128 4817 2274 4873 niam
2320 4819 2614 4874 consilium
2664 4818 2990 4891 conjugibus
3017 4821 3134 4892 (37)
3165 4821 3258 4877 dat
3287 4829 3409 4894 post
3439 4820 3554 4876 dies
3582 4837 3720 4876 ora-

2125 4907 2294 4963 tionis
2324 4908 2392 4964 ad
2419 4925 2580 4963 usum
2610 4909 2912 4964 naturalem
2945 4910 3142 4966 reverti
3173 4909 3371 4966 debere
3407 4929 3416 4966 :
3465 4935 3483 4958 ι
3512 4909 3589 4965 Ne
3620 4927 3722 4967 vos

2130 5003 2299 5052 tentet
2315 4999 2540 5052 Satanas
2554 5007 2775 5068 propter
2794 4998 3270 5071 intemperantiam
3304 5009 3542 5057 vestram
3576 5025 3594 5047 ι
3636 5000 3718 5055 in-

2124 5087 2402 5158 terpositis
2425 5086 2618 5142 diebus
2638 5087 3025 5144 abstinendum
3049 5098 3234 5145 monet
3257 5107 3269 5156 ;
3304 5106 3373 5146 ne
3393 5088 3605 5146 occasio
3627 5089 3719 5145 de-

2124 5184 2215 5232 tur
2261 5176 2502 5245 diabolo,
2550 5177 2693 5234 sicut
2739 5179 2875 5235 dicit
2919 5181 3113 5236 Petrus
3152 5180 3477 5252 apostolus:
3525 5204 3543 5227 ι
3571 5179 3720 5236 Ecce

2122 5264 2374 5321 diabolus
2414 5273 2474 5320 ut
2504 5267 2588 5322 leo
2627 5269 2847 5339 rugiens
2885 5268 3105 5337 circuit,
3130 5285 3380 5342 quaerens
3409 5285 3570 5341 quem
3607 5267 3719 5324 de-

2122 5363 2277 5410 voret
2309 5357 2365 5425 (I
2387 5356 2531 5411 Petr.
2556 5373 2613 5423 v,
2634 5355 2714 5427 8).
2746 5380 2764 5403 ι
2805 5356 2861 5412 Si
2891 5357 3037 5412 enim
3066 5374 3228 5414 causa
3255 5357 3496 5415 filiorum
3526 5373 3717 5414 crean-

2120 5443 2315 5500 dorum
2365 5443 2589 5502 ducitur
2635 5461 2799 5515 uxor,
2832 5461 2944 5501 non
2980 5448 3221 5504 multum
3249 5455 3465 5520 tempus
3491 5463 3714 5504 conces-

2117 5669 2290 5753 ipsum
2313 5666 2598 5753 Domipum
2624 5674 2978 5753 revertantur,
3010 5670 3324 5752 abstinentes
3352 5687 3403 5724 se
3430 5668 3712 5753 αξ

2118 5741 2212 5797 bus
2251 5741 2384 5808 suis,
2429 5745 2487 5795 ut
2516 5741 2724 5812 possint
2749 5741 2962 5812 dignius
2987 5743 3222 5813 accipere
3246 5758 3440 5814 corpus
3463 5741 3706 5798 Domini.
