3976 6368
168 374 272 442 229

1265 381 1628 442 COMMENT.
1668 383 1741 441 IN
1776 383 1993 442 EPIST.
2037 387 2058 440 Ι
2097 387 2193 441 AD
2233 383 2390 442 COR.

3353 386 3459 448 230

166 535 287 575 sum
315 515 535 572 videtur
559 515 628 572 ad
660 516 839 588 ipsum
865 531 1061 582 usum;
1112 515 1244 588 quia
1287 525 1340 572 et
1369 516 1486 572 dies
1516 516 1664 582 festi,
1700 526 1754 574 et
1779 526 1829 583 Α
1863 526 2012 586 sunt,
2048 516 2314 573 denuntio
2345 534 2454 574 non
2484 534 2603 589 ego,
2631 518 2725 574 sed
2755 520 3050 577 Dominus.
3083 546 3101 570 ›
3147 521 3447 596 Postquam

167 604 283 663 dies
311 607 699 678 processionis,
727 615 782 662 et
809 607 926 679 ipsa
955 607 1097 662 ratio
1134 613 1433 678 conceptus
1464 614 1519 662 et
1573 615 1758 679 partus

161 691 323 764 juxta
353 694 525 767 legem
555 695 752 751 cessari
783 694 1124 767 temporibus
1154 694 1241 750 his
1283 694 1480 750 debere
1535 694 1758 750 demon-

167 789 363 840 strant.

240 876 422 946 (Vers.
447 876 501 945 6,
520 878 598 948 7.)
624 876 778 932 «Hoc
791 885 973 932 autem
991 875 1115 932 dico
1132 875 1433 932 secundum
1474 873 1760 945 indulgen-

166 964 326 1033 tiam,
359 982 469 1020 non
495 964 790 1021 secundum
815 966 1154 1037 imperium»
1171 964 1518 1020 Manifestum
1542 963 1760 1017 estideo

167 1052 276 1110 hoc
297 1055 448 1112 illum
472 1054 599 1110 dare
610 1055 924 1122 consilium,
947 1064 1006 1110 ut
1027 1054 1448 1109 fornicationem
1481 1051 1758 1120 excludat,

166 1159 281 1200 non
303 1154 363 1200 ut
393 1144 460 1199 ad
490 1145 772 1200 meliorem
807 1144 978 1200 vitam
998 1144 1356 1201 tendentibus
1378 1144 1482 1198 iter
1517 1142 1755 1198 claudat.

181 1256 199 1278 ε
223 1231 484 1288 Volebam
507 1242 689 1290 autem
711 1251 902 1290 omnes
924 1234 1176 1290 homines
1197 1250 1311 1289 esse
1355 1233 1499 1288 sicut
1541 1247 1628 1286 me
1681 1231 1758 1301 ip-

165 1336 338 1378 sum»
366 1321 644 1390 Quantum
662 1341 791 1396 ergo
812 1323 878 1381 ad
899 1325 1230 1381 benevolum
1249 1333 1302 1380 et
1321 1322 1626 1378 sollicitum
1651 1339 1758 1378 ma-

166 1417 314 1467 trum
369 1413 626 1484 pertinet,
670 1430 862 1470 omnes
897 1414 1053 1480 tales,
1078 1413 1122 1469 si
1163 1412 1281 1468 ﬁeri
1310 1418 1510 1484 posset,
1542 1409 1760 1466 volebat

165 1515 283 1556 esse
336 1502 479 1558 sicut
505 1521 562 1558 se
592 1504 792 1576 ipsum.
813 1505 1004 1572 Qualis
1023 1512 1205 1561 autem
1239 1503 1353 1574 ipse
1369 1508 1502 1568 erat,
1539 1517 1666 1554 mox
1701 1499 1758 1554 in

165 1589 430 1661 subjectis
471 1593 748 1650 ostendit:
814 1619 832 1642 ι
879 1593 985 1650 Sed
1039 1591 1416 1664 unusquisque
1476 1588 1758 1660 proprium

165 1693 299 1734 num
326 1678 490 1737 habet
511 1697 582 1736 ex
611 1681 892 1750 Deo,alius
920 1681 1140 1754 quidem
1173 1679 1422 1744 sic,alius
1451 1694 1580 1732 vero
1610 1677 1688 1732 sic
1707 1695 1747 1743 ;-

165 1765 270 1824 hoc
323 1777 425 1836 est,
468 1771 847 1842 unusquisque
896 1769 1047 1841 justa
1097 1777 1288 1824 votum
1343 1785 1502 1823 suum
1553 1766 1758 1820 donum

1869 605 2116 677 innuptis
2155 614 2209 662 et
2257 605 2442 663 viduis
2479 607 2695 662 locutus
2741 615 2842 675 est,
2873 607 2974 664 hos
3015 609 3314 682 alloquitur
3357 610 3456 684 qui

1869 696 2223 752 matrimonio
2246 695 2426 766 juncti
2455 703 2603 764 sunt,
2637 713 2729 751 ore
2759 696 3052 754 Dominico
3087 717 3098 753 :
3163 722 3182 746 ι
3213 699 3455 756 Uxorem

1869 802 1899 840 a
1937 786 2060 840 viro
2088 801 2198 839 non
2228 785 2543 853 discedere;
2577 785 2723 857 quod
2751 786 2797 840 si
2845 785 3180 854 discesserit,
3242 805 3460 843 manere

1870 875 2182 946 innuptam.
2217 903 2233 923 ι
2278 875 2392 932 Hoc
2418 876 2668 948 Apostoli
2709 877 3004 932 consilium
3035 885 3137 945 est,
3170 885 3232 933 ut
3263 878 3308 932 si
3338 877 3463 933 dis-

1868 967 2090 1021 cesserit
2159 974 2380 1037 propter
2426 967 2623 1021 malam
2660 966 3134 1022 conversationem
3166 966 3295 1034 viri,
3346 965 3460 1036 jam

1869 1055 2100 1126 innupta
2123 1064 2355 1111 maneat.
2405 1081 2422 1103 ι
2445 1057 2555 1111 Aut
2582 1056 2702 1112 viro
2722 1071 2826 1111 suo
2858 1055 3221 1112 reconciliari.
3247 1080 3266 1103 ι
3307 1054 3463 1122 Quod

1867 1145 1913 1200 si
1945 1146 2226 1200 continere
2256 1163 2332 1212 se,
2365 1145 2683 1219 inquit,non
2703 1155 2902 1218 potest,
2932 1147 3061 1218 quia
3092 1161 3330 1218 pugnare
3351 1160 3460 1199 non

1867 1235 1989 1288 vult
2015 1243 2206 1289 contra
2235 1251 2476 1303 carnem,
2503 1235 2624 1291 viro
2682 1236 3107 1301 reconcilietur;
3169 1250 3282 1290 non
3315 1234 3462 1290 enim

1869 1324 2204 1394 permittitur
2227 1325 2466 1392 mulieri,
2489 1332 2550 1379 ut
2605 1324 2796 1393 nubat,
2828 1325 2874 1380 si
2905 1324 3086 1380 virum
3114 1340 3274 1380 suum
3301 1339 3465 1378 causa

1867 1413 2250 1471 fornicationis
2280 1415 2578 1483 dimiserit,
2609 1423 2705 1472 aut
2728 1415 3035 1487 apostasia,
3071 1423 3166 1470 aut
3191 1414 3236 1469 si
3269 1413 3465 1469 illicita

1869 1505 2186 1576 impellente
2215 1507 2464 1571 lascivia,
2495 1522 2653 1561 usum
2685 1514 2894 1578 quaerat
2924 1505 3116 1560 uxoris
3149 1503 3266 1576 (40)
3298 1521 3308 1557 :
3334 1503 3466 1574 quia

1868 1593 2099 1649 inferior
2129 1611 2238 1649 non
2271 1596 2498 1650 omnino
2523 1595 2641 1650 haec
2679 1595 2793 1666 lege
2824 1595 3016 1662 utitur,
3042 1611 3150 1666 qua
3179 1592 3378 1664 potior.
3407 1591 3463 1646 Si

1871 1687 2053 1737 tamen
2084 1684 2474 1754 apostataverit
2513 1683 2619 1751 vir,
2651 1691 2746 1740 aut
2807 1699 2969 1739 usum
3027 1692 3233 1754 quaerat
3275 1681 3466 1738 uxoris

1870 1770 2166 1840 invertere,
2195 1787 2296 1828 nec
2325 1771 2421 1828 alii
2456 1779 2632 1844 potest
2658 1772 2862 1828 nubere
2889 1771 3114 1839 mulier,
3136 1788 3236 1828 nec
3258 1770 3463 1825 reverti

162 1855 261 1912 Dei
291 1855 480 1928 habet,
511 1868 573 1915 ut
600 1859 647 1914 si
673 1860 829 1927 velit,
864 1859 1037 1930 ipsius
1095 1867 1233 1913 nutu
1260 1856 1391 1924 Dei,
1427 1854 1758 1927 possibilita-
1794 1884 1840 1944 B
1871 1859 1937 1914 ad
1968 1860 2129 1915 illum
2165 1859 2303 1930 (41).
2345 1884 2362 1905 ι
2391 1861 2460 1915 Et
2501 1860 2687 1916 virum
2718 1875 2947 1915 uxorem
2978 1875 3088 1915 non
3121 1858 3451 1914 dimittere.-

162 1955 270 2002 tem
302 1957 691 2020 consequatur.
731 1949 858 2004 Ideo
888 1965 998 2004 non
1039 1949 1200 2004 debet
1233 1947 1357 2021 quis
1405 1945 1708 2017 constringi
1741 1962 1754 2012 ;

163 2052 230 2093 ne
259 2053 294 2092 a
322 2037 478 2094 licito
534 2039 867 2110 prohibitus,
926 2040 1126 2096 illicita
1166 2038 1462 2094 admittat:
1512 2035 1607 2092 sed
1648 2037 1764 2108 ipse

163 2125 268 2182 sibi
299 2126 488 2198 eligat,
519 2128 654 2200 quid
684 2137 963 2201 sequatur.

236 2213 422 2285 (Vers.
455 2215 508 2270 8.
539 2216 558 2286 )
622 2239 640 2262 ι
683 2216 819 2272 Dico
865 2225 1046 2272 autem
1105 2232 1216 2272 non
1254 2215 1444 2288 nuptis
1471 2221 1525 2270 et
1554 2213 1760 2282 viduis,

163 2305 374 2360 bonum
413 2314 493 2361 est
527 2306 711 2373 illis,si
741 2307 821 2363 sic
841 2306 1560 2378 permaneant,sicutetego.
1592 2331 1609 2352 ι
1639 2306 1759 2360 Non

162 2393 391 2460 diceret,
423 2395 629 2451 bonum
674 2405 754 2452 est
794 2396 1059 2466 innuptis,
1097 2403 1156 2450 ut
1182 2396 1313 2462 sint,
1347 2395 1489 2450 sicut
1532 2403 1585 2448 et
1615 2411 1713 2465 ego
1744 2411 1758 2458 ;

165 2483 272 2539 nisi
303 2491 445 2539 esset
475 2484 684 2556 integer
712 2485 1074 2557 corpore.Nec
1094 2484 1302 2540 diceret
1327 2501 1338 2539 :
1377 2508 1394 2528 ι
1427 2483 1629 2538 Omnes
1667 2482 1760 2535 ho-

166 2573 344 2629 mines
375 2574 625 2630 volebam
657 2591 793 2644 esse,
822 2574 963 2630 sicut
983 2591 1065 2629 me
1099 2575 1276 2646 ipsum
1308 2592 1320 2640 ;
1358 2599 1373 2620 ι
1418 2572 1464 2626 si
1493 2573 1642 2627 enim
1669 2571 1761 2624 ha-

164 2661 354 2719 buerit
382 2679 634 2733 uxorem,
668 2673 722 2720 et
766 2664 870 2721 hoc
909 2664 1073 2731 dixit,
1122 2663 1363 2733 virgines
1410 2678 1526 2717 esse
1556 2660 1758 2716 noluit.

165 2749 269 2807 Sed
300 2751 474 2808 absit:
511 2753 590 2808 sic
609 2753 757 2808 enim
780 2753 1061 2824 apueritia
1090 2750 1480 2821 servivit(38),
1516 2757 1576 2803 ut
1598 2747 1762 2819 hujus

170 2839 247 2895 rei
277 2839 525 2896 studium
559 2858 670 2897 non
702 2841 958 2907 haberet;
1000 2841 1201 2914 quippe
1251 2855 1377 2894 cum
1425 2836 1762 2909 juveuculus

165 2930 503 3000 anticipatus
531 2930 603 2984 sit
631 2946 662 2985 a
683 2929 854 3001 gratia
881 2931 1000 2984 Dei.
1042 2929 1333 3000 Postquam
1365 2926 1510 2981 dixit
1565 2941 1760 2980 unum-

171 3033 448 3091 quemque
479 3020 763 3091 proprium
808 3018 1015 3074 donum
1059 3017 1258 3072 habere
1298 3033 1328 3070 a
1356 3017 1489 3084 Deo,
1512 3013 1756 3069 ostendit

173 3105 231 3162 in
260 3123 370 3180 qua
401 3124 457 3163 re
488 3109 687 3163 melius
715 3115 797 3164 est
825 3124 940 3164 esse
969 3107 1376 3178 propensiorem
1407 3123 1420 3172 ;
1457 3103 1662 3176 quiaiu
1698 3119 1761 3157 eo

167 3195 462 3268 adjuvatur
490 3197 787 3271 quis,quod
815 3197 1035 3254 videtur
1064 3196 1328 3252 aviditate
1358 3195 1559 3250 mentis
1603 3207 1760 3265 appe-
1793 3244 1838 3305 Β

169 3292 304 3341 tere.

242 3374 426 3446 (Vers.
457 3376 540 3447 9.)
585 3399 605 3424 ε
639 3375 798 3443 Quod
827 3375 873 3432 si
903 3392 960 3431 se
990 3392 1102 3431 non
1131 3374 1438 3440 continent,
1475 3372 1708 3427 nubant.
1731 3394 1750 3416 ι

170 3463 229 3519 In
260 3465 366 3520 ista
389 3481 442 3520 re
463 3466 588 3522 illos
616 3468 738 3522 vult
769 3467 886 3538 (39)
919 3465 1271 3531 contendere,
1304 3473 1366 3518 ut
1417 3463 1759 3518 contineant.

168 3552 315 3620 Quid
343 3554 388 3609 si
421 3554 665 3626 impulsu
693 3555 875 3611 carnis
908 3569 1248 3624 perseverare
1277 3569 1332 3607 se
1357 3551 1604 3606 viderint
1653 3565 1766 3603 non

169 3657 346 3714 posse,
379 3643 509 3714 quia
529 3659 629 3699 nec
657 3650 785 3698 sunt
816 3641 1177 3713 promptiores
1208 3641 1264 3695 in
1296 3657 1360 3696 eo
1392 3641 1531 3711 ipso,
1563 3646 1624 3693 ut
1675 3637 1765 3692 ad-

163 3728 440 3802 juventur
465 3747 495 3784 a
523 3731 669 3797 Deo;
706 3731 862 3786 illum
894 3731 1041 3785 enim
1069 3733 1212 3786 Deus
1227 3729 1406 3801 juvat,
1429 3743 1591 3800 quem
1616 3725 1766 3780 videt

167 3827 287 3874 tota
332 3820 538 3876 virtute
575 3819 938 3876 contendere:
991 3819 1204 3874 nubant
1236 3819 1448 3890 utique,
1497 3815 1542 3872 si
1573 3814 1660 3869 uri
1699 3813 1764 3869 ti-

170 3916 343 3964 ment.
405 3910 564 3965 Forte
616 3909 765 3964 enim
822 3915 1079 3980 poterunt
1121 3907 1226 3964 hoc
1273 3916 1460 3980 postea
1496 3905 1763 3976 adipisci;

172 3993 385 4068 digesto
432 3997 580 4052 enim
623 3997 1022 4069 impedimento
1057 4004 1270 4068 reparat
1313 4013 1370 4052 se
1403 4004 1658 4050 voluntas
1675 4011 1759 4049 ro-

172 4083 414 4143 bustiore
432 4088 654 4143 virtute.

257 4197 275 4221 ε
303 4175 500 4232 Melius
527 4185 610 4232 est
635 4175 782 4232 enim
811 4175 1017 4232 nubere
1047 4192 1211 4250 quam
1265 4175 1370 4232 uri.
1396 4200 1416 4224 ι
1475 4175 1594 4230 Non
1643 4173 1768 4230 ideo

179 4260 353 4321 dixit:
399 4289 418 4312 ‹
449 4267 649 4322 Melius
684 4276 764 4322 est
794 4265 944 4322 enim
976 4265 1182 4322 nubere
1213 4281 1378 4339 quam
1406 4264 1514 4332 uri,
1547 4289 1564 4310 ι
1607 4263 1766 4336 quasi

181 4349 382 4409 bonum
416 4355 487 4411 sit
512 4355 619 4422 uri,
651 4354 776 4410 ideo
794 4355 1000 4410 nubere
1032 4355 1264 4410 melius:
1296 4353 1390 4410 sed
1420 4351 1767 4410 consuetudi-

187 4455 307 4496 nem
353 4451 573 4500 secutus
601 4451 702 4499 est.
733 4444 983 4500 Solemus
1022 4444 1170 4498 enim
1216 4443 1424 4500 dicere:
1455 4442 1650 4498 Melius
1687 4448 1768 4496 est

184 4530 393 4589 lucrum
418 4535 614 4602 facere,
650 4551 814 4608 quam
843 4535 1125 4590 damnum.
1146 4535 1248 4590 Ubi
1268 4551 1397 4590 vero
1426 4541 1527 4601 est,
1557 4531 1766 4588 deside-

183 4622 275 4680 riis
302 4627 383 4698 agi
418 4629 505 4681 vel
537 4626 685 4682 vinci
713 4646 724 4683 :
758 4643 881 4682 cum
914 4627 1062 4682 enim
1094 4627 1351 4682 voluntas
1380 4625 1550 4681 calori
1581 4624 1762 4680 carnis
1796 4608 1845 4667 D

184 4717 474 4786 consentit,
505 4719 687 4774 uritur
713 4735 724 4773 :
759 4733 887 4773 nam
913 4717 1183 4774 desideria
1200 4716 1334 4789 pati,
1365 4724 1418 4772 et
1440 4732 1554 4770 non
1588 4715 1761 4781 vinci,

190 4798 412 4862 illustris
444 4807 552 4862 viri
581 4815 662 4863 est
681 4815 735 4864 et
765 4805 1012 4878 perfecti.

255 4892 655 4969 (Vers.!0,il.)
702 4921 720 4944 ι
752 4895 823 4953 Iis
843 4906 1026 4952 autem
1057 4895 1152 4970 qui
1177 4893 1534 4951 matrimonio
1580 4891 1765 4965 juncti

257 5096 371 5238 (38)
403 5100 564 5154 Rom.
599 5097 730 5154 edit.
765 5114 830 5154 ac
856 5114 985 5153 mss.
1012 5095 1288 5162 nonnulli,
1327 5096 1522 5166 spiritu
1551 5095 1763 5164 ferbuit.

281 5167 366 5238 39)
402 5169 531 5227 Vet.
562 5171 695 5226 edit.
726 5186 790 5226 ac
809 5187 938 5224 mss.
973 5167 1428 5238 frequentissimi,
1462 5168 1669 5222 imitari
1702 5169 1763 5222 il-

281 5167 366 5240 39)
402 5169 531 5227 Vet.
562 5171 695 5226 edit.
726 5186 790 5226 ac
809 5187 938 5224 mss.
973 5167 1428 5240 frequentissimi,
1462 5168 1669 5222 imitari
1699 5169 1766 5240 il-

195 5233 400 5297 los'vu'lt
431 5260 446 5307 ;
478 5243 634 5299 Rom.
667 5241 825 5310 edit.,
861 5284 898 5296 ..
935 5258 985 5294 se
1030 5233 1160 5294 vult.
1200 5238 1354 5293 Haud
1396 5239 1766 5306 incommode,

197 5319 365 5384 Eram
391 5322 578 5368 tamen
607 5321 861 5384 putamus
898 5311 1189 5367 lectionem
1213 5325 1350 5375 esse,
1386 5326 1548 5382 quam
1586 5326 1614 5364 e
1644 5310 1766 5365 cod.

197 5373 328 5437 Vall.
360 5373 720 5440 reposuimus.

266 5451 372 5526 (1&0)
408 5451 570 5513 Rom.
609 5455 764 5521 edit.,
797 5461 894 5511 aut
951 5455 1002 5508 si
1034 5455 1328 5526 impelle-nte
1359 5451 1599 5526 lascivia,
1618 5469 1771 5506 usum

200 5524 388 5588 quierat
417 5529 608 5583 uxor-is
631 5529 922 5593 invertere;
958 5524 1281 5582 vet.edit.ac
1312 5541 1440 5579 mss.
1477 5534 1536 5579 ut
1566 5524 1620 5577 in
1644 5539 1769 5578 con-

202 5595 362 5672 textu,
393 5601 506 5672 nisi
534 5599 680 5672 quod
711 5601 843 5656 alibi
877 5599 1127 5665 habetur,
1161 5595 1501 5672 illicile,alibi
1541 5595 1766 5672 illicito.

267 5665 371 5748 (ﬂ)
401 5665 591 5748 Codex
631 5671 800 5748 _Corb,
857 5689 945 5748 nec
968 5670 1180 5748 _reverti
1215 5685 1374 5748 causa
1402 5666 1772 5748 fornicationis

203 5734 455 5799 ad'ilt'um.
491 5742 651 5811 Quod
678 5734 860 5800 autem
898 5741 1129 5798 habetur
1167 5741 1314 5795 infra
1357 5758 1368 5796 :
1398 5734 1470 5796 Et
1516 5740 1628 5795 ideo
1658 5755 1766 5792 non

1875 1947 2216 2004 Subauditur
2245 1958 2448 2018 autem,
2499 1958 2726 2021 excepta
2763 1947 3149 2005 fornicationis
3179 1963 3360 2004 causa.
3393 1948 3464 2003 Et

1874 2037 1998 2093 ideo
2029 2055 2138 2093 non
2169 2037 2271 2094 sub
2301 2038 2410 2093 ecit
2433 2037 2642 2106 dicens,
2672 2038 2816 2094 sicut
2853 2037 2920 2093 de
2949 2036 3213 2104 muliere;
3237 2035 3384 2108 quod
3414 2036 3458 2090 si

1873 2125 2204 2194 discesserit,
2243 2142 2462 2181 manere
2493 2125 2608 2192 sic;
2643 2125 2772 2199 quia
2802 2126 2923 2181 viro
2955 2125 3083 2182 licet
3096 2124 3296 2181 ducere
3327 2141 3460 2179 uxo-

1872 2232 2008 2284 rem,
2050 2216 2093 2271 si
2123 2215 2398 2271 dimiserit
2428 2231 2658 2271 uxorem
2708 2223 3052 2286 peccantem:
3083 2214 3213 2286 quia
3244 2229 3354 2268 non
3388 2213 3464 2267 ita

1873 2307 1989 2378 lege
2023 2306 2422 2377 constringitur
2477 2305 2585 2374 vir,
2633 2304 2778 2363 sicut
2807 2305 3048 2372 mulier;
3110 2312 3273 2376 caput
3312 2303 3463 2358 enim

1874 2395 2121 2451 mulieris
2155 2397 2242 2450 vir
2270 2402 2370 2450 est.

1945 2485 2126 2557 (Vers.
2180 2484 2292 2554 12.)
2341 2510 2358 2532 ι
2384 2483 2518 2539 Nam
2555 2483 2765 2540 caeteris
2793 2498 2892 2553 ego
2938 2481 3086 2551 dico,
3118 2499 3229 2538 non
3259 2481 3463 2538 Domi-

1871 2590 1994 2630 nus.
2021 2601 2039 2623 ι
2077 2576 2191 2631 Hoc
2219 2574 2381 2640 dixit,
2407 2583 2466 2629 ut
2481 2573 2732 2628 ostendat
2765 2571 2898 2645 quid
2917 2572 3140 2643 proprio
3159 2589 3252 2627 ore
3276 2573 3461 2628 Domi-

1872 2679 1976 2718 nus
1999 2662 2184 2733 jussit,
2208 2672 2261 2719 et
2287 2662 2420 2734 quid
2453 2661 2618 2732 hujus
2642 2662 2961 2717 auctoritati
2990 2663 3297 2728 concessit;
3332 2663 3462 2734 quia

1871 2760 1926 2807 et
1976 2767 2072 2822 per
2118 2751 2285 2806 istum
2317 2750 2588 2805 Dominus
2640 2746 2910 2820 loquitur.
2959 2750 3056 2804 Ait
3083 2749 3268 2804 enim:
3316 2773 3334 2794 ι
3367 2752 3455 2803 An

1871 2841 2308 2914 experimentum
2355 2839 2601 2913 quaeritis
2655 2838 2774 2910 ejus
2821 2837 2916 2911 qui
2970 2837 3030 2892 in
3086 2854 3171 2893 me
3213 2839 3460 2911 loquitur

1871 2931 2123 2989 Christus
2155 2932 2243 3000 (II
2273 2931 2397 2986 Cor.
2430 2945 2554 2995 xm,
2587 2927 2643 2998 3)
2675 2928 2702 2983 ‘P
2734 2951 2752 2974 ι

1954 3029 2096 3083 134
2125 3021 2306 3092 (Vers.
2344 3019 2456 3090 13.)
2503 3043 2522 3065 ι
2551 3019 2608 3074 Si
2637 3019 2762 3090 quis
2791 3017 2960 3073 frater
3009 3031 3241 3072 uxorem
3287 3015 3455 3074 habet

1869 3119 2170 3186 infidelem,
2199 3129 2252 3175 et
2281 3119 2399 3174 haec
2420 3119 2696 3174 consentit
2725 3116 2973 3173 habitare
2999 3133 3125 3172 cum
3170 3115 3291 3184 illo,
3342 3132 3454 3171 non

1869 3209 2114 3266 dimittat
2134 3209 2308 3264 illam.
2332 3209 2404 3263 Et
2432 3207 2478 3262 si
2511 3223 2618 3279 qua
2638 3206 2837 3261 mulier
2866 3204 3033 3261 habet
3061 3204 3245 3259 virum
3267 3202 3461 3258 inﬁde-

1875 3297 2002 3357 lem.
2025 3305 2079 3352 et
2106 3297 2196 3352 hic
2216 3296 2490 3352 consentit
2506 3295 2750 3350 habitare
2765 3311 2890 3349 cum
2916 3293 3030 3359 illa,
3047 3309 3160 3347 non
3178 3292 3456 3362 relinquat

1876 3387 2078 3442 virum.
2106 3413 2123 3433 ι
2167 3387 2282 3442 Hoc
2306 3385 2473 3452 dixit,
2505 3385 2633 3456 quia
2664 3384 2806 3438 inter
2848 3383 2946 3437 illa
2976 3381 3297 3452 primordia,
3324 3397 3456 3436 cum

1874 3474 2037 3529 ambo
2067 3473 2256 3546 utique
2285 3481 2462 3528 essent
2494 3471 2745 3543 gentiles,
2775 3471 2940 3526 ﬁebat
2969 3478 3029 3525 ut
3057 3486 3200 3525 unus
3256 3485 3324 3524 ex
3376 3468 3464 3524 his

1875 3561 2154 3618 crederet:
2188 3571 2242 3617 et
2272 3563 2399 3634 quia
2448 3562 2744 3617 horrebant
2777 3559 2967 3631 perﬁdi
3009 3559 3284 3614 culturam
3332 3558 3456 3625 Dei,

1874 3652 2134 3708 similiter
2184 3661 2238 3706 et
2289 3651 2572 3707 credentes
2624 3648 3150 3706 contaminationem
3195 3647 3459 3718 praeteriti

1876 3743 2076 3799 erroris
2103 3761 2116 3809 ;
2153 3743 2274 3798 ideo
2296 3741 2639 3813 praecipit,ut
2659 3742 2704 3796 si
2733 3739 2980 3796 contenti
3005 3746 3185 3794 essent
3216 3737 3462 3793 habitare

1875 3850 2000 3890 cum
2029 3831 2355 3899 immutatis,
2386 3831 2634 3888 contenti
2660 3839 2843 3886 essent
2879 3836 2932 3884 et
2979 3827 3168 3884 ﬁdeles
3188 3842 3304 3882 esse
3331 3843 3458 3884 cum

1875 3921 2009 3978 illis.

1949 4011 2130 4083 (Vers.
2167 4009 2278 4081 14.)
2318 4035 2335 4056 ι
2367 4009 2748 4066 Sanctiﬁcatus
2771 4015 2851 4064 est
2888 4009 3038 4064 enim
3074 4006 3162 4062 vir
3224 4004 3467 4062 inﬁdelis

1876 4116 1972 4172 per
2001 4117 2229 4157 uxorem
2260 4099 2499 4167 ﬁdelem,
2533 4107 2586 4154 et
2615 4097 2954 4155 sanctiﬁcata
2977 4104 3058 4151 est
3089 4097 3289 4152 mulier
3344 4095 3465 4150 inﬁ-

1875 4191 2017 4247 delis
2046 4207 2113 4246 ex
2143 4191 2266 4246 viro
2295 4189 2466 4245 ﬁdeli.
2493 4215 2511 4237 ι
2554 4189 2762 4244 Habere
2797 4187 2923 4243 illos
2951 4184 3278 4243 beneﬁcium
3309 4184 3465 4240 bona:

1876 4280 2179 4338 voluntatis
2225 4279 2467 4336 ostendit
2514 4278 2654 4350 (42),
2705 4278 2834 4350 quia
2881 4277 3163 4332 horrorem
3223 4275 3468 4332 nominis

1877 4370 2081 4428 Christi
2115 4389 2222 4426 non
2255 4371 2496 4426 habent:
2531 4379 2585 4426 et
2639 4369 2708 4425 ad
2747 4369 3045 4426 tuitionem
3089 4367 3320 4438 hospitii
3349 4382 3465 4437 per-

1877 4462 2034 4530 tinet,
2067 4461 2124 4517 in
2155 4477 2264 4535 quo
2292 4462 2510 4532 signum
2544 4458 2607 4516 ﬁt
2631 4459 2830 4527 crucis,
2863 4475 2972 4531 quo
2999 4473 3143 4513 mors
3178 4456 3322 4514 victa
3349 4463 3460 4521 est,

1875 4552 2238 4608 sanctiﬁcatio
2266 4552 2412 4606 enim
2450 4557 2549 4606 est.

1962 4667 1979 4688 -
2003 4643 2266 4714 Alioquin
2291 4641 2393 4696 ﬁlii
2422 4638 2590 4695 vestri
2615 4635 2888 4694 immundi
2908 4641 3106 4690 essent.
3131 4659 3150 4680 ι
3184 4631 3461 4688 Immundi

1875 4741 2053 4788 essent
2083 4732 2184 4786 ﬁlii
2211 4747 2423 4798 eorum,
2464 4729 2510 4784 si
2540 4727 2881 4782 dimitterent
2912 4724 3158 4778 volentes
3216 4720 3464 4777 habitare

1876 4838 2060 4878 secum
2079 4821 2219 4893 (43),
2254 4828 2306 4876 et
2331 4819 2453 4874 aliis
2477 4833 2532 4873 se
2564 4816 2912 4886 c0pularent;
2945 4819 3124 4866 essent
3147 4809 3294 4865 enim
3311 4809 3464 4866 adul-

1876 4913 2000 4980 teri,
2033 4929 2094 4970 ac
2122 4928 2216 4984 per
2246 4910 2352 4966 hoc
2370 4919 2426 4965 et
2451 4907 2554 4963 ﬁlii
2584 4920 2771 4962 eorum
2791 4901 2965 4974 spurii
2989 4919 3004 4969 ;
3034 4901 3157 4958 ideo
3188 4900 3465 4957 immundi

1877 5091 2110 5160 subjecti,
2141 5099 2266 5155 etc.,
2325 5101 2496 5160 usque
2542 5081 2610 5138 ad
2645 5097 2786 5136 vers.
2934 5079 3095 5160 abest
3131 5097 3162 5136 a
3188 5079 3316 5160 _cod_.
3352 5081 3466 5160 Re:

1877 5151 2287 5250 mig.“unou,uEt
2314 5151 2587 5228 adjectum
2617 5153 2904 5210 contendit
2930 5154 2992 5208 P.
3044 5152 3389 5208 Lombardus
3420 5151 3462 5206 Ι.

1876 5233 2318 5376 η’(ἓέῗῐίῐὲὄέθῐ.
2348 5299 2482 5357 edit.
2515 5316 2577 5355 ac
2606 5313 2735 5353 mss.
2761 5297 3034 5424 (plerique,
3068 5312 3098 5350 a
3129 5293 3330 5366 quibus
3351 5307 3462 5347 non

1879 5377 2102 5424 dissidet
2137 5377 2292 5424 Rom-
2323 5374 2477 5424 edit...
2511 5372 2616 5424 nisi
2648 5386 2758 5424 quo
2832 5370 3066 5424 nraafert.
3129 5382 3230 5418 non
3275 5365 3462 5418 habere

1879 5365 2102 5432 dissidet
2137 5377 2292 5431 Rom.
2323 5374 2477 5440 edit.,
2511 5372 2616 5426 nisi
2648 5365 2796 5448 quod
2831 5365 3076 5448 praifert,
3129 5365 3464 5448 spatiabere

1877 5451 1948 5503 ad
1979 5449 2289 5502 tuitionem:
2319 5463 2420 5500 ms.
2454 5435 2636 5499 autem
2664 5435 2845 5499 Corbf
2862 5439 3010 5512 legit,
3044 5439 3110 5492 In
3141 5436 3316 5506 fratre
3355 5435 3466 5491 ha-

1880 5521 1994 5574 bere
2022 5522 2143 5575 illos
2170 5519 2486 5588 beneﬁcium,
2519 5524 2622 5571 etc.

1954 5591 2068 5663 (43)
2104 5593 2201 5647 Ms.
2243 5587 2432 5658 COrb.,
2461 5589 2507 5642 si
2547 5587 2874 5663 dimitterent
2899 5596 3121 5661 uxorem
3163 5595 3334 5663 suam,
3373 5595 3466 5632 ηο-

1881 5651 2175 5720 ιση“ίιιεέαιη
2233 5651 2429 5718 habere
2445 5676 2634 5716 secum.
2674 5658 2746 5713 Et
2787 5653 2955 5719 infra,
2991 5652 3122 5724 quia
3147 5657 3196 5708 et
3220 5651 3283 5707 de
3327 5666 3465 5706 con—

1871 5734 2090 5809 jugibus
2121 5735 2296 5793 licitis.
