3976 6364
497 385 599 446 231

510 535 527 558 ι
565 510 726 566 Nunc
760 517 945 564 autem
975 508 1151 564 sancti
1193 514 1338 564 sunt.
1372 531 1390 554 ι
1434 506 1617 562 Sancti
1647 513 1796 573 sunt,
1856 505 1986 578 quia
2015 506 2082 562 de
2116 509 2166 569 Α

495 598 769 672 conjugiis
829 598 996 655 licitis
1024 599 1140 654 nati
1195 605 1356 653 sunt:
1417 603 1471 650 et
1501 596 1629 668 quia
1677 596 1780 652 sub
1809 596 2088 653 Creatoris

496 692 851 748 veneratione
900 692 1014 747 nati
1070 697 1200 746 sunt
1253 688 1602 760 propensiore
1633 704 1700 742 ex
1731 697 1903 758 parte.
1950 688 2090 755 Quia

497 781 642 838 sicut
673 781 946 854 quidquid
967 797 1061 852 per
1091 778 1493 836 dedicationem
1527 777 1799 853 idolqrum
1834 777 1895 832 ﬁt
1945 777 2084 846 (44),

499 871 846 926 immundum
880 880 992 936 est;
1031 870 1106 924 ita
1135 867 1405 940 quidquid
1428 866 1531 922 sub
1561 865 1658 920 Dei
1681 867 1945 921 creatoris
1967 881 2086 936 pro-

495 961 732 1017 fessione
762 961 842 1027 ﬁt,
885 968 1135 1015 sanctum
1166 965 1267 1013 est.

570 1049 876 1120 (Vers.!5.)
923 1073 940 1096 ι
970 1046 1127 1114 Quod
1159 1047 1205 1102 si
1238 1045 1479 1101 inﬁdelis
1504 1043 1756 1111 discedit,
1786 1043 2075 1099 discedat.-

495 1139 840 1210 Propositum
907 1136 1190 1207 religionis
1253 1134 1520 1202 custodit,
1597 1133 1971 1205 praecipiendo
2022 1147 2090 1187 ne

497 1226 795 1285 Christiani
835 1226 1151 1297 relinquant
1177 1223 1467 1296 conjugia:
1503 1223 1594 1278 sed
1616 1223 1661 1278 si
1693 1221 1934 1277 infidelis
1963 1221 2091 1276 odio

498 1317 597 1372 Dei
629 1314 883 1383 discedit,
915 1313 1094 1368 ﬁdelis
1124 1329 1234 1368 non
1263 1313 1370 1367 erit
1427 1328 1551 1368 reus
1605 1311 1860 1366 dissoluti
1891 1311 2090 1365 matri-

498 1404 711 1472 monii;
745 1403 920 1474 major
948 1404 1095 1458 enim
1138 1418 1302 1459 causa
1328 1401 1427 1458 Dei
1457 1410 1538 1457 est
1577 1418 1738 1473 quam
1797 1401 2093 1456 matrimo-

496 1509 600 1549 nu.

572 1582 687 1653 (28,
717 1599 769 1654 q.
791 1582 846 1650 2,
877 1597 925 1637 c.
954 1581 1011 1637 Si
1031 1579 1309 1652 inﬁdelis.)
1353 1605 1370 1626 ι
1401 1579 1517 1634 Non
1545 1588 1626 1635 est
1645 1579 1792 1634 enim
1821 1577 2094 1634 frateraut

495 1687 654 1727 soror
677 1670 930 1727 servituti
958 1669 1238 1741 subjectus
1280 1668 1337 1722 in
1369 1667 1708 1738 hujusmodi.
1748 1694 1765 1715 ι
1815 1667 1929 1723 Hoc
1983 1675 2088 1734 est,

496 1775 608 1814 non
647 1758 880 1814 debetur
902 1757 1210 1814 reverentia
1229 1747 1482 1828 bonjugii
1503 1755 1553 1810 ei
1573 1753 1668 1828 qui
1691 1753 1880 1809 horret
1907 1762 2091 1811 aucto-

1515 381 1612 437 AD
1649 373 1883 436 OPERA
1923 379 1979 437 s.
2023 363 2356 437 AMBROSlI
2397 379 2775 447 APPENDIX.

3688 372 3807 442 232

2282 532 2300 554 ι
2326 507 2481 565 Sicut
2509 509 2566 565 in
2598 510 2856 568 omnibus
2885 506 3152 565 Ecclesiis
3179 507 3400 564 doceo.-
3442 508 3516 566 Ut
3535 509 3802 580 suadeat,

2199 613 2311 653 non
2340 615 2396 654 se
2421 599 2581 656 aliter
2611 599 2696 655 his
2715 599 2924 655 tradere
2955 614 3119 671 quam
3149 597 3366 653 caeteris
3397 616 3410 663 ;
3445 605 3508 652 ut
3539 615 3672 654 cum
3694 616 3804 655 ca:-

2199 693 2345 743 teros
2375 688 2539 760 hujus
2567 689 2694 744 ﬁdei
2728 689 2833 746 hoc
2862 688 3047 744 doceri
3080 685 3336 754 audiunt,
3360 687 3674 760 promptius
3703 705 3812 744 as-

2200 778 2513 847 sequantur.
2553 779 2732 833 Facile
2789 777 2936 833 enim
2969 776 3094 849 quis
3142 774 3464 845 inclinatur,
3497 777 3544 831 si
3592 775 3811 832 viderit

2200 866 2410 921 socium
2443 869 2801 924 consensisse.

2275 956 2455 1026 (Vers.
2485 957 2596 1028 18.)
2623 956 3018 1014 «Circumcisus
3040 954 3242 1027 aliquis
3274 964 3501 1010 vocatus
3531 965 3613 1012 est
3636 956 3809 1012 ‘iNon

2200 1041 2435 1099 adducat
2487 1046 2838 1117 praeputium.
2873 1071 2891 1093 ι
2938 1046 3052 1101 Hoc
3083 1052 3186 1112 est,
3229 1045 3376 1116 quod
3416 1044 3582 1113 dixit,
3615 1054 3676 1101 ut
3727 1046 3810 1102 ita

2203 1134 2467 1202 ambulet,
2501 1135 2645 1190 sicut
2674 1145 2901 1190 vocatus
2931 1142 3012 1190 est
3045 1153 3058 1202 ;
3085 1140 3145 1188 ut
3182 1140 3326 1195 135
3371 1134 3592 1192 Iudaeus
3621 1136 3810 1192 factus

2203 1229 2549 1286 Christianus
2578 1247 2687 1286 non
2715 1238 2867 1303 putet
2891 1247 2948 1285 se
2971 1231 3112 1285 forte
3134 1229 3445 1302 indignum,
3479 1232 3610 1304 quia
3644 1247 3807 1303 pra:—

2204 1319 2420 1390 putium
2449 1335 2560 1374 non
2585 1320 2770 1386 habet,
2805 1319 2941 1374 dans
2973 1319 3200 1389 gloriam
3236 1318 3524 1390 praeputio.
3559 1320 3641 1374 cIn
3664 1337 3808 1391 pra:-

2205 1408 2360 1478 putio
2403 1407 2527 1479 quis
2569 1415 2791 1463 vocatus
2825 1407 2956 1462 est?
3001 1423 3112 1462 non
3151 1406 3598 1463 circumcidatur.
3653 1431 3671 1453 ι
3737 1406 3812 1461 Ut

2205 1495 2426 1566 gentilis
2454 1504 2679 1552 vocatus
2713 1512 2819 1550 non
2853 1496 3088 1551 aestimet
3117 1512 3172 1550 se
3203 1495 3403 1550 debere
3445 1493 3807 1561 circumcidi,

2203 1599 2299 1654 per
2329 1583 2385 1639 id
2411 1601 2546 1657 quos
2577 1585 2722 1640 ﬁlios
2754 1584 2989 1640 Abrahae
3019 1583 3171 1639 audit
3205 1583 3468 1655 praeponi.
3504 1583 3610 1639 Nec
3641 1582 3800 1638 enim

2204 1672 2334 1744 quia
2353 1671 2665 1729 circumcisi
2683 1681 3255 1746 sunt,praeponuntur,
3288 1671 3382 1729 sed
3403 1672 3601 1727 merito
3617 1671 3810 1727 Abra-

2205 1760 2312 1829 hze,
2348 1762 2507 1834 cujus
2535 1763 2638 1817 ﬁlii
2669 1773 2797 1820 sunt
2820 1763 2878 1818 in
2908 1772 3161 1836 utroque,
3195 1762 3239 1817 si
3271 1762 3498 1818 credant
3532 1779 3544 1817 :
3604 1761 3651 1817 si
3691 1777 3811 1834 quo

494 1865 607 1905 rem
639 1848 911 1921 conjugii;
945 1865 1056 1903 non
1087 1848 1236 1902 enim
1298 1855 1477 1902 ratum
1507 1853 1589 1901 est
1651 1845 2092 1914 matrimonium,
2124 1866 2170 1926 Β
2206 1850 2410 1918 minus,
2436 1851 2645 1924 pejores
2671 1860 2833 1908 erunt
2864 1853 3201 1925 gentilibus;
3234 1851 3477 1906 deterius
3519 1857 3601 1906 est
3649 1849 3805 1905 enim

496 1937 644 2010 quod
673 1938 793 1992 sine
846 1938 946 1993 Dei
1001 1937 1296 1992 devotione
1327 1942 1429 2004 est,
1461 1949 1524 1988 ac
1581 1951 1676 2005 per
1704 1933 1809 1989 hoc
1865 1951 1976 1990 non
2007 1942 2088 1989 est

497 2034 780 2100 peccatum
812 2029 863 2082 ei
893 2027 989 2100 qui
1019 2027 1324 2082 dimittitur
1352 2033 1572 2097 propter
1600 2028 1796 2095 Deum,
1827 2025 1875 2081 si
1906 2027 1998 2081 alii
2031 2044 2088 2084 se

491 2114 764 2187 junxerit.
801 2116 1149 2174 Contumelia
1173 2117 1321 2171 enim
1352 2115 1624 2172 Creatoris
1653 2116 1819 2171 solvit
1842 2116 1934 2188 jus
1978 2133 2086 2172 ma-

498 2205 751 2261 trimonii
771 2207 916 2262 circa
938 2222 1063 2261 eum
1086 2205 1179 2278 qui
1210 2205 1561 2277 relinquitur,
1592 2222 1659 2259 ne
1685 2214 1971 2261 accusetur
1991 2207 2085 2261 alii

498 2296 805 2366 copulatus.
838 2296 1082 2352 Inﬁdelis
1112 2305 1292 2351 autem
1321 2294 1629 2359 discedens,
1671 2302 1724 2349 et
1753 2295 1812 2349 in
1841 2298 2016 2352 Deum
2035 2303 2089 2350 et

498 2387 559 2443 in
589 2389 1002 2444 matrimonium
1053 2403 1270 2461 peccare
1323 2386 1684 2457 dignoscitur,
1736 2387 1865 2460 quia
1909 2387 2089 2442 noluit

498 2477 601 2534 sub
631 2471 731 2534 Dei
760 2478 1051 2534 devotione
1074 2477 1269 2534 habere
1296 2475 1634 2548 conjugium.
1669 2476 1856 2548 Itaque
1875 2492 1985 2530 non
2007 2483 2088 2531 est

501 2568 550 2622 ei
604 2567 738 2623 ﬁdes
785 2567 1050 2623 servanda
1093 2567 1356 2639 conjugii,
1409 2568 1539 2639 quia
1586 2567 1710 2622 ideo
1771 2567 1993 2622 recessit
2020 2584 2086 2622 ne

498 2657 717 2712 audiret
743 2657 1146 2728 auctorem(li5)
1165 2673 1278 2712 esse
1292 2655 1736 2724 Christianorum
1763 2659 1935 2711 Deum
1958 2673 2084 2712 con-

496 2746 808 2819 jugii.Nam
827 2748 871 2803 si
894 2747 1096 2803 Esdras
1111 2747 1319 2802 dimitti
1344 2746 1472 2803 fecit
1498 2763 1699 2802 uxores
1726 2754 1820 2802 aut
1843 2747 2086 2801 virosin-

501 2837 689 2892 ﬁdeles
725 2839 844 2907 (III
866 2839 1121 2905 Esdmx,
1152 2839 1228 2908 9),
1260 2845 1321 2891 ut
1339 2837 1607 2909 propitius
1636 2836 1789 2902 ﬁeret
1818 2839 2090 2903 Deus,nec

502 2927 675 2982 iratus
706 2936 866 2995 esset,
909 2929 954 2982 si
984 2928 1119 2982 alias
1149 2944 1217 2981 ex
1251 2944 1443 2998 genere
1467 2945 1568 2982 suo
1599 2929 1910 2998 acciperent
1934 2947 1947 2994 ;
1975 2945 2086 2983 non

497 3016 645 3070 enim
677 3016 754 3070 ita
789 3024 1116 3087 praeceptum
1167 3016 1256 3070 his
1293 3027 1395 3084 est,
1426 3024 1487 3071 ut
1515 3018 1758 3072 remissis
1779 3018 1920 3083 istis,
1951 3018 2087 3072 alias

499 3104 729 3159 minime
760 3103 1058 3159 ducerent:
1093 3113 1298 3176 quanto
1330 3106 1501 3176 magis
1534 3106 1581 3160 si
1613 3105 1852 3161 inﬁdelis
1873 3105 2090 3160 disces-

495 3196 646 3264 serit,
678 3195 914 3251 liherum
941 3195 1158 3253 habebit
1191 3197 1506 3265 arbitrium,
1537 3198 1582 3252 si
1607 3195 1849 3251 voluerit
1880 3195 2085 3252 nubere
2119 3225 2162 3285 ρ

495 3285 630 3356 legis
657 3302 768 3342 suae
809 3286 931 3341 viro
952 3287 979 3342 i‘
1017 3286 1319 3342 Illudenim
1351 3303 1458 3342 non
1491 3285 1653 3342 debet
1684 3284 1943 3355 imputari
1977 3301 2085 3339 ma-

491 3376 838 3445 trimonium,
871 3376 1016 3450 quod
1047 3385 1206 3432 extra
1234 3377 1515 3433 decretum
1549 3376 1646 3432 Dei
1684 3376 1892 3430 factum
1949 3385 2031 3431 est
2062 3393 2074 3432 :

487 3467 584 3524 sed
612 3484 736 3524 cum
791 3477 915 3539 post
962 3469 1245 3540 cognoscit
1299 3478 1352 3524 et
1399 3468 1550 3524 dolet
1578 3483 1634 3522 se
1680 3465 1998 3538 deliquisse,
2030 3482 2086 3522 se

489 3557 764 3623 emendat,
800 3565 862 3612 ut
901 3559 1116 3611 veniam
1153 3565 1446 3612 mereatur.
1472 3558 1528 3612 Si
1559 3564 1740 3611 autem
1771 3555 1932 3610 ambo
1960 3571 2088 3610 cre—

489 3643 857 3713 diderint,per
876 3643 1249 3713 cognitionem
1270 3645 1366 3698 Dei
1385 3644 1714 3698 conﬁrmant
1741 3643 2084 3714 conjugium.

573 3755 592 3778 ι
625 3732 686 3787 In
719 3747 850 3801 pace
882 3738 1065 3785 autem
1096 3732 1320 3785 vocavit
1349 3747 1452 3786 nos
1480 3735 1647 3786 Deus.
1681 3755 1699 3776 -
1759 3731 1961 3786 Verum
1983 3740 2086 3801 est,

492 3823 622 3894 quia
649 3838 765 3877 non
797 3831 1009 3893 oportet
1043 3823 1258 3894 litigare
1284 3838 1409 3879 cum
1440 3837 1505 3877 eo
1531 3822 1625 3894 qui
1658 3820 1894 3877 discedit
1917 3840 1936 3886 ;
1959 3823 2090 3894 quia

491 3912 620 3969 odio
651 3912 752 3969 Dei
776 3911 1035 3978 discedit,
1066 3929 1129 3970 ac
1163 3929 1258 3985 per
1285 3911 1391 3970 hoc
1421 3928 1522 3970 nec
1546 3911 1747 3984 dignus
1804 3911 2089 3967 habendus

489 4011 591 4059 est.

565 4089 747 4162 (Vers.
793 4089 906 4163 16.)
945 4091 1111 4160 «Quid
1139 4091 1287 4146 enim
1304 4093 1434 4161 scis,
1457 4090 1677 4159 mulier,
1711 4089 1756 4146 si
1778 4091 1964 4146 virum
1986 4090 2087 4146 sal-

492 4194 624 4233 vum
651 4177 820 4235 facies
849 4179 878 4235 Ὺ
907 4187 1002 4234 aut
1030 4180 1178 4235 unde
1203 4180 1330 4247 scis,
1379 4180 1485 4248 vir,
1519 4179 1566 4234 si
1596 4195 1828 4234 uxorem
1879 4181 2086 4235 salvam

492 4269 702 4326 facies?
734 4295 753 4318 ι
797 4269 912 4325 Hoc
942 4268 1100 4337 dicit,
1133 4271 1262 4342 quia
1290 4270 1430 4326 forte
1461 4278 1691 4342 possunt
1721 4267 1966 4338 credere,
1992 4270 2088 4343 qui

492 4375 603 4414 non
630 4357 858 4414 horrent
889 4374 1091 4414 nomen
1131 4358 1338 4416 Christi
1369 4358 1509 4430 (46).

567 4450 748 4521 (Vers.
783 4449 895 4520 17.)
941 4473 958 4496 ι
991 4449 1109 4505 Nisi
1143 4448 1442 4521 unicuique
1469 4448 1612 4506 sicut
1643 4447 1837 4504 divisit
1858 4450 2021 4506 Deus.
2057 4477 2074 4498 ι

496 4539 706 4596 Divisit
767 4539 1071 4612 unicuique
1107 4539 1401 4607 Dominus,
1434 4539 1652 4612 quando
1684 4540 1788 4594 sah
1804 4547 1944 4609 etur,
1984 4539 2088 4596 hoc

497 4640 600 4699 est,
622 4632 726 4687 scit
760 4631 982 4704 quando
1035 4639 1214 4702 potest
1242 4629 1484 4698 credere,
1544 4638 1597 4685 et
1623 4630 1858 4685 sustinet
1903 4629 2083 4685 illum.

488 4719 561 4777 Et
589 4721 681 4778 hic
709 4721 867 4779 docet
884 4720 1282 4794 exspectandas
1307 4736 1421 4786 eos,
1444 4737 1544 4776 nec
1571 4719 1888 4776 scandalum
1911 4721 1976 4775 de
1999 4719 2087 4776 his

492 4811 606 4882 pati
636 4811 851 4881 debere,
905 4813 1036 4885 quia
1065 4811 1425 4870 custodienda
1455 4818 1536 4865 est
1591 4827 1712 4882 spes
1742 4811 1962 4866 illorum
1993 4829 2006 4877 ;
2039 4810 2085 4866 si

491 4899 640 4953 enim
673 4901 774 4972 ipsi
803 4903 1174 4971 discesserint,
1208 4902 1674 4959 dissimulandum
1706 4901 1773 4957 ab
1795 4901 1900 4958 his.

579 5013 596 5032 -
622 4987 1072 5062 Unumquemque
1089 4993 1232 5048 sicut
1251 4993 1475 5049 vocavit
1501 4994 1667 5060 Deus,
1687 4992 1760 5047 ita
1782 4991 2069 5046 ambulet.»

492 5078 608 5135 Hoc
641 5086 742 5144 est,
774 5088 834 5134 ut
863 5081 906 5134 si
942 5083 1295 5138 matrimonio
1320 5084 1550 5154 junctus
1597 5092 1679 5140 est
1735 5084 1830 5156 qui
1885 5083 2080 5151 credit,

493 5186 604 5225 non
633 5167 866 5235 deserat,
899 5185 1074 5240 neque
1104 5171 1212 5238 vir,
1246 5188 1419 5243 neque
1442 5175 1643 5230 mulier
1673 5217 1687 5243 ,
1722 5174 1817 5230 sed
1847 5175 1928 5230 sic
1957 5190 2083 5229 ma-

492 5269 638 5330 neat,
666 5259 783 5316 sive
811 5257 1056 5328 Iudaeus,
1087 5260 1204 5316 sive
1225 5260 1466 5318 Graecus.

565 5475 680 5548 (44)
713 5475 979 5533 Nonnulli
1011 5491 1166 5544 mss.,
1195 5475 1455 5545 quidquid
1497 5479 1876 5548 praedicatione
1919 5481 2082 5538 idolo-

490 5549 798 5693 ruaz‘g‘ita
827 5619 963 5676 edit.
1004 5626 1302 5693 omnes,ret
1333 5635 1464 5674 mss.
1495 5622 1705 5693 aliquot
1732 5642 1743 5679 :
1777 5623 1870 5678 alii
1901 5632 2081 5680 autem

492 5690 684 5766 majori
716 5707 968 5756 numero,
1005 5707 1067 5747 ne
1109 5692 1321 5766 audiret
1363 5690 1630 5760 rectorem,
1671 5703 1775 5751 etc.
1801 5694 2084 5766 Quidquid

491 5761 620 5824 vero
652 5761 802 5821 hunc
837 5779 1058 5822 sensum
1088 5765 1338 5839 sequitur
1370 5779 1540 5838 usque
1569 5766 1637 5824 ad
1665 5767 1732 5825 In
1750 5761 1881 5838 pare
1905 5761 2084 5822 autem

2112 4593 2160 4652 D

2197 1938 2364 1995 fuisse
2393 1949 2447 1995 et
2486 1958 2595 1996 non
2626 1959 2764 2008 esse,
2797 1959 2961 2015 quam
3002 1958 3284 2014 nunquam
3315 1941 3502 1997 fuisse.

2269 2031 2452 2102 (Vers.
2485 2032 2597 2102 19.)
2643 2055 2660 2076 ε
2694 2031 3056 2087 Circumcisio
3084 2031 3224 2086 nihil
3251 2038 3351 2098 est,
3385 2039 3439 2086 et
3466 2028 3802 2101 praeputium

2197 2118 2341 2172 nihil
2383 2126 2482 2174 est.
2519 2145 2536 2168 ι
2593 2120 2947 2174 Manifestum
2999 2129 3098 2186 est,
3150 2121 3280 2191 quia
3319 2135 3421 2173 nec
3455 2119 3634 2186 obest,
3697 2134 3805 2176 nec

2198 2207 2437 2278 prodest.
2482 2232 2500 2252 ε
2527 2207 2632 2262 Sed
2659 2207 2969 2264 observatio
2995 2207 3378 2264 mandatorum
3410 2207 3532 2274 Dei,
3562 2233 3580 2255 ι
3619 2207 3804 2276 idest,

2196 2295 2331 2351 ﬁdes
2360 2297 2660 2368 propitium
2693 2297 2824 2353 facit
2854 2300 3051 2366 Deum,
3108 2298 3156 2352 si
3205 2297 3366 2353 bonis
3406 2296 3671 2367 operibus
3702 2313 3806 2368 ap-

2197 2385 2477 2457 probetur.

2269 2477 2452 2548 (Vers.
2485 2477 2574 2547 20,
2606 2477 2722 2550 21.)
2759 2503 2778 2525 ε
2810 2478 3194 2551 Unusquisque
3225 2476 3283 2531 in
3308 2492 3370 2532 ea
3391 2476 3712 2545 vocatione,
3739 2477 3810 2532 in

2196 2580 2304 2637 qua
2323 2575 2546 2622 vocatus
2575 2574 2674 2634 est,
2720 2568 2780 2623 in
2825 2567 2942 2639 ipsa
2979 2575 3314 2639 permaneat.
3347 2590 3364 2612 ι
3424 2565 3537 2622 Hoc
3575 2565 3702 2621 ﬁrm
3717 2574 3807 2635 at,

2196 2656 2343 2728 quod
2373 2674 2537 2728 supra
2566 2657 2732 2713 dixit.
2780 2683 2797 2705 ι
2827 2658 3031 2713 Servus
3062 2666 3287 2712 vocatus
3317 2657 3555 2712 es?Non
3586 2642 3661 2711 sit
3689 2656 3800 2711 tibi

2195 2761 2340 2800 cura:
2362 2763 2373 2800 :
2399 2746 2494 2801 sed
2524 2754 2578 2802 et
2597 2747 2641 2802 si
2666 2756 2819 2817 potes
2842 2746 2981 2801 liber
3011 2745 3154 2814 ﬁeri,
3187 2746 3359 2817 magis
3376 2751 3548 2800 utere.
3582 2769 3601 2793 ι
3644 2743 3802 2800 Hor—

2196 2841 2344 2890 tatur
2373 2842 2434 2889 ut
2451 2835 2589 2890 bene
2609 2836 2855 2891 serviens
2875 2836 2940 2890 de
2957 2835 3056 2891 Dei
3089 2836 3285 2890 timore
3309 2833 3516 2890 carnali
3540 2832 3796 2899 domino,

2195 2923 2424 2995 dignum
2455 2941 2510 2979 se
2532 2925 2696 2982 faciat
2727 2926 3001 2993 libertate,
3037 2941 3103 2981 ne
3130 2924 3361 2980 audiens
3391 2925 3529 2980 forte
3555 2941 3566 2979 :
3606 2949 3626 2973 ‹
3670 2927 3795 2983 Ser-

2196 3030 2299 3068 vus
2326 3023 2554 3070 vocatus
2584 3033 2640 3070 es
2662 3016 2688 3070 ?
2717 3017 2837 3071 Non
2876 3016 2978 3071 tibi
3028 3015 3099 3070 sit
3146 3031 3329 3081 curaa;
3366 3038 3384 3061 ι
3430 3013 3799 3086 negligentior

2196 3113 2337 3159 esset
2361 3105 2506 3160 circa
2526 3104 2700 3159 bonos
2729 3113 2882 3160 actus
2916 3103 3152 3159 carnalis
3184 3103 3419 3171 domini,
3451 3113 3506 3159 et
3535 3103 3799 3161 doctrina

2197 3191 2402 3248 Christi
2441 3193 2938 3265 blasphemaretur,
2965 3203 3020 3249 et
3055 3209 3156 3248 nec
3204 3193 3297 3248 ille
3344 3195 3517 3248 Deum
3567 3209 3798 3265 prome-

2195 3289 2366 3349 retur,
2399 3283 2492 3355 qui
2531 3282 2587 3336 in
2636 3283 2724 3338 his
2770 3284 3002 3338 terrenis
3044 3282 3182 3336 bene
3211 3282 3476 3350 serviens,
3527 3282 3798 3339 meritum

2195 3369 2303 3425 sibi
2333 3372 2566 3427 collocat
2587 3371 2726 3444 apud
2749 3375 2921 3427 Deum
2945 3371 3103 3444 :quia
3125 3371 3274 3426 dixit
3309 3371 3611 3426 Dominus:
3651 3371 3801 3440 «'Qui

2197 3459 2256 3514 in
2288 3461 2521 3516 minimo
2551 3462 2729 3518 ﬁdelis
2757 3471 2859 3530 est,
2890 3470 2944 3517 et
2981 3463 3039 3516 in
3074 3479 3268 3533 magno
3299 3461 3451 3533 (Luc.
3478 3477 3597 3528 xvr,
3628 3461 3773 3533 10).»

2271 3551 2450 3623 (Vers.
2476 3551 2591 3623 22.)
2637 3577 2655 3598 ε
2679 3552 2783 3619 Qui
2803 3552 2949 3606 enim
2982 3553 3040 3606 in
3066 3551 3304 3605 Domino
3324 3556 3551 3605 vocatus
3579 3557 3659 3604 est
3681 3567 3794 3607 ser-

2197 3653 2319 3707 vus,
2353 3641 2586 3697 libertus
2607 3650 2689 3697 est
2719 3641 2997 3698 Domini.-
3037 3642 3273 3712 Ereptus
3291 3641 3440 3696 enim
3461 3655 3492 3694 a
3524 3640 3799 3712 peccatis,

2197 3745 2318 3800 qua:
2361 3746 2488 3785 vere
2517 3747 2705 3786 servos
2725 3732 2983 3803 probant,
3016 3732 3247 3787 libertus
3269 3730 3330 3785 ﬁt
3353 3749 3366 3798 ;
3395 3729 3486 3786 hic
3509 3730 3657 3785 enim
3673 3747 3798 3786 om-

2197 3816 2332 3870 nino
2370 3832 2560 3872 servus
2590 3826 2689 3885 est,
2725 3818 2820 3890 qui
2849 3818 3231 3890 imprudenter
3260 3819 3390 3890 agit,
3424 3819 3569 3874 sicut
3599 3826 3652 3875 et
3685 3834 3756 3874 ve
3776 3849 3795 3859 -

2196 3905 2408 3961 teribus
2438 3907 2665 3978 placuit,
2690 3908 2786 3980 qui
2815 3926 3008 3964 omnes
3032 3910 3306 3981 sapientes
3337 3909 3539 3965 liberos
3593 3909 3800 3981 appel-

2201 3995 2405 4066 larunt,
2439 3997 2816 4071 imprudentes
2847 4009 3027 4055 autem
3073 4015 3265 4056 omnes
3312 4014 3519 4055 servos.
3555 3997 3711 4053 Unde
3741 4006 3798 4054 et

2198 4085 2491 4143 Salomon:
2541 4113 2559 4135 ι
2588 4089 2778 4154 Servo,
2812 4090 3013 4162 inquit,
3064 4089 3301 4160 sapienti
3350 4086 3510 4143 liberi
3550 4086 3799 4142 servient

2200 4178 2391 4248 (Eccli.
2429 4195 2486 4247 χ,
2519 4179 2641 4251 28).
2679 4204 2697 4228 ι
2741 4180 2843 4236 Hic
2864 4197 2990 4254 ergo
3019 4181 3113 4253 qui
3136 4180 3332 4247 credit,
3363 4178 3466 4235 etsi
3504 4193 3697 4233 servus
3716 4178 3794 4234 sit

2197 4267 2265 4323 ad
2290 4275 2542 4340 tempus;
2576 4269 2704 4341 quia
2735 4286 2846 4325 rem
2877 4270 3011 4326 facit
3039 4269 3388 4342 prudentem,
3422 4275 3483 4323 ut
3519 4266 3705 4324 credat
3735 4265 3798 4322 in

2197 4357 2740 4427 Christum,libertus
2764 4360 2827 4416 ﬁt
2845 4361 3091 4416 Domini.
3117 4359 3174 4415 Si
3200 4375 3329 4431 ergo
3359 4365 3582 4431 peccata
3601 4372 3798 4413 servos

2196 4447 2429 4517 faciunt,
2459 4450 2602 4506 sicut
2632 4451 2804 4507 Cham
2835 4450 2985 4506 ﬁlius
3015 4452 3129 4507 Noe
3157 4449 3366 4522 peccati
3396 4458 3450 4504 et
3470 4446 3797 4519 impruden-

2196 4536 2286 4591 tiae
2326 4554 2487 4593 causa
2521 4538 2696 4596 factus
2737 4546 2819 4595 est
2861 4555 3052 4595 servus
3086 4556 3099 4604 ;
3153 4554 3280 4594 cum
3303 4536 3426 4610 quis
3459 4533 3664 4606 accipit
3695 4549 3796 4588 re-

2198 4627 2515 4683 missionem
2549 4638 2914 4701 peccatorum,
2948 4627 3178 4683 libertus
3207 4626 3464 4682 eﬂicitur.

2283 4742 2301 4764 ι
2341 4718 2612 4773 Similiter
2665 4718 2760 4791 qui
2795 4719 2935 4774 liber
3000 4725 3225 4774 vocatus
3287 4724 3387 4783 est,
3454 4728 3649 4770 servus
3712 4717 3797 4766 est

2195 4806 2421 4864 Christi.
2480 4835 2496 4856 ι
2558 4809 2841 4864 Profectus
2889 4815 2972 4862 est
3025 4823 3094 4862 ex
3161 4807 3335 4862 libero
3391 4818 3611 4860 servum
3670 4798 3794 4855 ﬁeri

2195 4896 2436 4954 Christi:
2471 4898 2613 4952 liber
2641 4899 2789 4952 enim
2817 4905 2934 4952 erat
2989 4914 3020 4952 a
3081 4899 3216 4962 Deo,
3269 4894 3414 4966 quod
3475 4892 3780 4948 maximum

2193 4988 2400 5043 crimen
2467 4996 2596 5042 est:
2674 4995 2727 5042 et
2783 4987 2907 5042 ideo
2971 4987 3170 5042 amissa
3213 5001 3396 5041 amara
3423 4990 3477 5038 et
3513 4980 3792 5037 contraria

2195 5077 2466 5145 libertate,
2517 5077 2889 5132 conditionem
2953 5077 3180 5133 sortitus
3209 5084 3290 5131 est
3333 5090 3452 5146 quas
3484 5070 3790 5144 prodesset,

2193 5167 2336 5222 sicut
2363 5167 2500 5223 dicit
2555 5168 2858 5223 Dominus:
2915 5168 3114 5222 Tollite
3138 5165 3331 5238 jugum
3387 5177 3571 5218 meum
3627 5175 3792 5231 super

2194 5273 2312 5325 vos,
2351 5257 2478 5330 quia
2506 5274 2671 5314 suave
2715 5266 2833 5314 est:
2868 5265 2921 5314 et
2963 5274 3101 5313 onus
3144 5271 3350 5324 meum,
3382 5253 3512 5326 quia
3552 5251 3672 5306 leve
3709 5256 3793 5304 est

2194 5478 2252 5533 in
2282 5495 2409 5534 mss.
2445 5477 2606 5535 Corb.
2650 5475 3008 5532 desideratur.

2268 5551 2382 5621 (46)
2416 5551 2573 5606 Rom.
2605 5549 2762 5615 edit.,
2793 5547 2886 5619 qui
2920 5545 3358 5621 nmw__horren_t_;
3395 5542 3517 5621 alia;
3568 5555 3788 5621 onmnes,

2192 5639 2255 5678 ac
2276 5613 2433 5750 315s,
2466 5623 2557 5693 qui
2585 5638 2688 5676 non
2727 5613 2963 5686 horrent,
2987 5619 3188 5692 quibus
3202 5616 3357 5674 addit
3377 5614 3550 5671 codex
3582 5613 3781 5689 Corb.,

2192 5709 2278 5749 ore
2317 5710 2420 5749 ere.
