3976 6370
108 422 211 481 233

1191 420 1546 477 COMMENT.
1594 422 1661 476 1Ῐῆ
1702 423 1913 475 Ενέεξῇ
1958 422 1977 475 1
2020 422 2111 473 ΑΙ)
2153 420 2307 475 CUI}.

3275 425 3383 483 ΞΜ

113 550 343 619 (Mallb.,
374 565 453 616 x1,
485 546 577 614 29,
598 548 715 617 30).
742 571 763 596 ι
806 548 1121 618 Superbiam
1155 549 1334 620 itaque
1364 550 1615 616 abscidit,
1648 559 1701 605 et

1832 548 2102 603 1151οἶιυ>κὶι
2150 547 2542 602 I‘oi'iiicaiions.
2596 550 2924 618 Frequenter
2964 552 3105 605 Oiliitt
3146 572 3266 608 suas
3294 557 3390 612 di-

112 638 372 693 unitalem
404 636 573 702 fecit;
613 644 676 691 ut
706 651 879 707 neque
907 651 1101 691 servus
1132 636 1336 708 pudore
1366 638 1699 695 conditionis

111 728 422 798 despectum
452 742 510 784 se
539 732 708 798 putet,
744 741 916 797 neque
946 725 1085 780 liber
1114 726 1349 783 elatione
1378 728 1575 784 mentis
1603 728 1700 783 in-

113 818 291 885 ﬂatus,
323 833 483 873 servo
510 833 568 874 se
594 825 940 888 superponat.

185 908 368 978 (Vera.
400 908 517 979 23.)
568 929 588 954 ι
616 906 796 963 Pretio
824 904 994 978 empti
1026 908 1180 976 estis,
1210 906 1379 964 nolite
1408 907 1525 962 ﬁeri
1555 906 1698 963 servi

111 997 424 1054 hominum.
454 1020 476 1047 ι
505 996 704 1052 Verum
727 1002 826 1062 est,
849 996 979 1067 quia
1005 1003 1115 1051 tam
1145 1013 1270 1054 caro
1299 997 1466 1068 empti
1488 1012 1697 1061 sumus,

112 1096 174 1143 ut
203 1104 235 1142 a
263 1086 418 1144 nullo
463 1083 659 1140 redimi
699 1084 1086 1155 potuissemus,
1135 1084 1242 1141 nisi
1271 1100 1303 1140 a
1334 1084 1572 1152 Christo,
1604 1084 1698 1158 qui

112 1176 362 1231 omnium
402 1173 555 1231 dives
594 1181 696 1233 est.
732 1172 837 1240 Qui
885 1189 1013 1245 ergo
1056 1175 1231 1246 pretio
1273 1176 1495 1241 emitur,
1530 1173 1699 1245 magis

114 1263 317 1319 servire
344 1261 524 1327 debet,
564 1266 626 1317 ut
652 1260 997 1333 aliquatenus
1047 1262 1223 1319 vicem
1254 1263 1443 1318 reddat
1474 1272 1696 1334 empto-

113 1353 181 1407 ri.
216 1354 262 1408 A
290 1354 403 1407 Deo
433 1366 562 1421 ergo
591 1350 783 1421 empti,
818 1349 875 1406 id
903 1358 983 1407 est
1008 1368 1040 1407 a
1068 1350 1307 1420 Christo,
1337 1352 1481 1408 servi
1510 1351 1701 1407 homi-

115 1458 247 1497 num
298 1455 415 1496 esse
461 1454 573 1496 non
613 1438 833 1495 debent.
875 1439 1029 1495 Servi
1079 1450 1257 1497 autem
1306 1441 1589 1496 hominum
1641 1440 1699 1497 hi

125 1540 261 1597 sunt,
310 1528 403 1602 qui
452 1528 708 1585 humanis
755 1544 812 1584 se
851 1528 1152 1600 subjiciunt
1202 1530 1699 1602 superstitionibus.

131 1618 408 1688 Apostolus
437 1625 618 1672 tamen
639 1614 779 1672 illud
814 1625 1097 1685 memorat,
1131 1617 1276 1690 quod
1306 1616 1363 1672 in
1390 1618 1565 1687 capite
1594 1615 1704 1687 cpi,

130 1710 264 1766 ltolte
287 1707 657 1779 reprehendit,
679 1724 744 1764 eo
771 1708 916 1780 quod
936 1708 1210 1765 dicerent:
1240 1709 1356 1777 Ego
1380 1724 1500 1761 sum
1528 1706 1701 1772 Pauli;

129 1798 254 1862 ilius
283 1807 464 1854 autem
507 1816 519 1853 :
572 1800 689 1868 Ego
718 1798 918 1867 Apollo
953 1798 1008 1866 (ι
1035 1799 1162 1854 Cor.
1196 1813 1237 1865 ι,
1271 1796 1383 1868 12).
1424 1796 1585 1850 Dedit
1614 1803 1707 1850 ta—

115 1901 239 1941 men
267 1887 563 1943 articulum
600 1885 882 1943 Christum
911 1884 1192 1939 fatendum
1244 1885 1414 1939 Deum
1442 1902 1454 1949 ;
1492 1883 1707 1955 quando

117 1992 305 2032 servos
340 1974 550 2035 Christi
579 1989 692 2032 non
733 1971 977 2031 hominis
1006 1989 1193 2032 servos
1219 1972 1572 2047 appellandos
1608 1990 1707 2029 os-

112 2064 313 2121 tendit.

185 2162 373 2232 (Vers.
402 2160 519 2232 25.)
562 2182 584 2209 ι
612 2161 1002 2236 Unusquisque
1034 2160 1220 2230 frater,
1253 2161 1313 2223 in
1343 2178 1451 2239 quo
1482 2167 1706 2217 vocatus

119 2257 216 2317 est,
248 2250 307 2305 in
338 2265 404 2305 eo
431 2256 645 2304 maneat
674 2249 818 2321 apud
848 2252 1041 2306 Deum.
1066 2273 1085 2298 ι
1122 2251 1235 2307 Hoc
1265 2258 1345 2305 est
1374 2248 1519 2323 quod
1548 2262 1707 2327 supra

118 2338 281 2407 dixit,
317 2338 466 2411 quod
493 2345 553 2394 ut
583 2338 740 2411 plene
769 2337 1136 2409 commendet,
1168 2340 1411 2395 reiterat.

191 2448 375 2519 (Vers.
426 2447 541 2517 25.)
605 2471 624 2495 ι
672 2448 748 2504 De
795 2447 1102 2520 virginibus
1151 2456 1328 2504 autem
1380 2453 1708 2521 praeceptum

119 2536 342 2593 Domini
393 2552 501 2591 non
546 2534 737 2591 habeo.
774 2561 793 2585 ι
849 2537 962 2593 Hoc
1009 2537 1074 2591 ad
1122 2537 1319 2608 scripta
1366 2538 1585 2599 illorum
1616 2552 1711 2590 rc-

126 2629 367 2701 sliondit,
401 2629 545 2686 sicut
574 2645 737 2701 supra
766 2628 945 2689 dixit:
982 2630 1057 2684 De
1077 2630 1275 2703 quibus
1295 2636 1470 2684 autem
1496 2627 1709 2695 :Cl‘i‘ici-

123 2717 219 2772 stis
240 2717 403 2786 mihi,
426 2725 531 2775 etc.
561 2719 701 2789 (cap.
720 2734 820 2781 vn,
843 2717 919 2787 1).
943 2741 961 2763 ι
982 2745 1037 2755 ε·-
1064 2742 1081 2763 ι
1102 2716 1592 2772 Consiliumautem
1622 2714 1709 2783 de,

122 2814 383 2880 tanquam
437 2806 868 2862 misericordiam
915 2812 1237 2861 consecutus
1283 2821 1311 2860 a
1348 2805 1605 2867 Domino,
1653 2809 1714 2858 ut

124 2895 223 2950 sim
274 2894 472 2950 ﬁdelis.
525 2920 543 2942 ι
605 2895 938 2963 Praeceptum
994 2892 1060 2947 de
1110 2892 1417 2962 virginibus
1460 2900 1615 2961 negt
1660 2908 1713 2946 se

126 2981 413 3054 accepisse,
439 2983 566 3055 quia
598 2998 707 3037 non
739 2986 947 3052 poterat
976 2987 1166 3035 auctor
1196 2979 1437 3051 coniugii
1468 2998 1575 3034 rem
1610 2979 1714 3033 ad-

128 3087 339 3127 versam
387 3070 593 3147 nuptiis
630 3070 915 3140 imperare,
964 3084 1033 3123 ne
1076 3069 1281 3123 factum
1332 3086 1489 3123 suum
1522 3068 1717 3140 pristi-

127 3178 256 3218 num
290 3168 585 3216 accusaret.
649 3180 668 3204 α
702 3157 1005 3215 Consilium
1046 3164 1249 3222 autem,
1284 3156 1382 3225 ait,
1412 3154 1510 3221 do;
1545 3180 1563 3203 ι
1606 3170 1715 3210 non

128 3249 271 3322 quod
298 3249 605 3320 displiceat,
630 3246 969 3319 nequequod
1001 3246 1313 3300 adulatione
1343 3244 1582 3301 fucatam
1607 3244 1703 3310 sit;

128 3340 250 3411 quia
280 3339 350 3393 ad
381 3338 483 3394 hoc
522 3338 749 3410 gratiam
782 3344 1108 3393 consecutus
1139 3342 1239 3405 est,
1270 3340 1331 3389 ut
1374 3333 1602 3389 idoneus
1640 3332 1711 3387 sit

126 3425 182 3482 in
212 3426 409 3482 dandis
438 3424 683 3481 consiliis
711 3422 1059 3479 salutaribus.

198 3533 505 3605 (\"ers.‘26.)
526 3557 544 3578 ι
561 3530 836 3587 Existimo
860 3544 984 3598 ergo
1011 3526 1114 3581 hoc
1134 3525 1342 3581 bonum
1365 3540 1477 3579 esse
1500 3530 1715 3594 propter

128 3632 446 3695 praesentem
481 3620 856 3677 necessitatem
882 3633 896 3683 ς
951 3613 1079 3685 quia
1105 3612 1375 3683 optimum
1397 3620 1476 3667 est
1503 3609 1716 3667 homini

128 3711 202 3768 sic
230 3728 370 3767 esse.
401 3735 417 3756 ι
461 3710 673 3765 Bonum
703 3704 837 3760 dicit
858 3719 971 3757 esse
992 3701 1260 3771 virginem
1293 3715 1622 3771 permanere.
1647 3698 1717 3759 Et

129 3809 182 3859 ut
213 3800 319 3855 hoc
342 3795 647 3855 absolutius
666 3791 991 3857 ostenderet,
1013 3816 1027 3835 -
1049 3799 1266 3861 propter
1285 3797 1599 3861 praesentem
1628 3802 1717 3843 ne-

131 3890 465 3952 cessitatem,
493 3910 509 3931 ι·
540 3884 615 3939 ait
642 3900 652 3938 :
687 3881 812 3955 quia
840 3879 1106 3951 optimum
1130 3885 1230 3946 est,
1254 3884 1314 3931 ut
1344 3876 1485 3935 inter
1512 3875 1715 3931 bonum

133 3989 179 4034 et
210 3975 483 4050 optimum
531 3970 672 4027 nihil
718 3977 826 4025 tam
881 3968 1201 4045 praeclarum
1243 3973 1403 4039 atque
1431 3965 1563 4028 utile
1603 3980 1717 4023 esse

136 4072 567 4138 Cognosceretnr,
591 4074 753 4132 quam
776 4064 855 4111 est
886 4056 1210 4127 virginitas;
1246 4053 1372 4127 quia
1402 4071 1508 4115 non
1540 4053 1717 4113 solum

137 4154 271 4229 apud
322 4155 494 4211 Deum
548 4146 921 4217 virginitatem
974 4143 1494 4199 commendatiorem
1539 4142 1716 4206 docet,

140 4244 223 4299 sed
273 4248 327 4296 et
384 4238 528 4313 apud
589 4237 758 4291 vitam
806 4240 1148 4307 pra-sentem,
1206 4231 1335 4289 dum
1377 4231 1719 4294 necessitates

141 4329 389 4402 temporis
425 4325 596 4382 nescit
619 4340 752 4396 quas
782 4322 988 4399 patitur
1017 4319 1357 4393 conjugatio;
1390 4327 1442 4373 et
1466 4335 1719 4374 llllt'i‘OI‘CS

143 4427 335 4490 partus,
370 4415 647 4486 simulque
677 4411 937 4467 orbitates
966 4410 1209 4464 filiorum
1244 4407 1473 4477 ignorat.
1499 4406 1565 4461 Ut
1594 4424 1719 4479 ergo

144 4510 204 4565 ad
230 4508 367 4564 hanc
395 4502 752 4561 affectandam
799 4500 1132 4568 hortaretur,
1168 4501 1297 4561 136
1325 4502 1604 4568 prasentis
1632 4510 1721 4549 ne-

146 4604 398 4663 cessitatis
427 4602 597 4659 exitia
628 4598 830 4657 lucrari
859 4596 1016 4659 docet
1047 4595 1164 4663 has,
1195 4611 1313 4667 qua:
1338 4593 1489 4653 illam
1518 4591 1721 4649 dilexe-

150 4692 277 4761 rint;
328 4700 383 4755 ut
424 4706 548 4748 cum
597 4705 707 4747 non
740 4688 917 4744 solum
960 4686 1101 4745 hanc
1149 4683 1292 4755 apud
1322 4684 1493 4747 Deum
1540 4682 1719 4747 locum

151 4782 412 4838 meliorem
453 4779 652 4841 habere
682 4776 923 4843 discunt,
953 4791 1143 4833 verum
1166 4772 1326 4829 etiam
1358 4772 1415 4829 in
1446 4769 1719 4845 praesenti,

154 4871 287 4927 omni
335 4870 611 4931 industria
653 4867 795 4925 hanc
839 4873 1173 4938 appeterent.
1219 4863 1398 4919 Unum
1444 4860 1590 4916 enim
1619 4867 1721 4933 est,

154 4961 282 5032 quod
310 4962 514 5017 laborat
542 4978 557 5029 ;
606 4965 668 5014 ut
696 4959 945 5013 aﬂectum
978 4954 1155 5011 carnis
1186 4951 1389 5017 vincat,
1429 4950 1486 5005 in
1513 4947 1724 5013 caeteris

157 5049 394 5106 Omnibus
430 5048 621 5104 libera.
671 5045 811 5112 Quia
840 5043 985 5099 enim
1024 5059 1149 5098 caro
1192 5041 1249 5096 in
1279 5038 1491 5111 origine
1521 5054 1617 5094 sua
1645 5046 1725 5095 est

157 5144 201 5189 et
221 5144 424 5203 natura,
450 5152 579 5190 usus
605 5132 721 5203 ejus
742 5132 925 5187 suavis
946 5130 1165 5184 videtur
1185 5137 1236 5183 et
1258 5128 1436 5183 dulcis
1465 5128 1718 5209 affectus;

161 5224 265 5277 ideo
292 5226 401 5281 inec
428 5238 686 5295 superare
716 5237 825 5276 non
856 5218 1041 5275 brevis
1071 5216 1244 5289 gloria
1273 5224 1372 5270 est.

226 5330 393 5401 (Vers.
416 5331 537 5403 27.)
582 5353 600 5376 ι
632 5328 863 5386 Vinctus
896 5343 951 5381 es
981 5325 1191 5381 uxori?
1220 5324 1296 5378 Ne
1326 5321 1605 5394 quaesieris
1629 5336 1726 5376 so-

164 5416 426 5477 lutionem.
466 5442 486 5469 ι
540 5419 667 5475 Haec
695 5415 1060 5475 remediorum
1106 5412 1338 5473 Consilia
1377 5418 1539 5475 sunt;
1593 5408 1729 5464 dicit

164 5509 292 5562 enim
338 5525 447 5565 non
502 5507 699 5565 debere
755 5520 1081 5580 quemquam
1139 5500 1350 5559 absolvi
1404 5498 1471 5554 ab
1521 5513 1725 5565 uxore,

228 5693 333 5771 (47)
371 5693 650 5771 Quidquid
694 5694 900 5771 abhis
920 5693 1123 5761 verbis,
1172 5687 1613 5771 quamvisacirel,

173 5766 406 5829 interiora
440 5766 558 5837 illa,
611 5773 658 5824 et
693 5767 787 5839 qui
814 5766 1000 5821 habent
1044 5781 1262 5832 uxores,
1309 5766 1643 5828 continetur,
1672 5766 1731 5815 in

480 5865 727 5923 ΡΑτιιοι..
763 5861 942 5922 XVII.

1811 638 2106 695 mittentes.
2144 637 2244 691 sub
2275 638 2508 707 tegmine
2547 638 2897 692 euntiueiitia-
2930 639 3059 691 alia.»
3090 639 3386 711 decipiunt,

1811 728 2191 795 reii'igwscente
2242 730 2537 798 proposito.
2582 727 2681 780 Sed
2718 728 2759 780 si
2809 726 3002 780 melius
3042 730 3156 783 \nlt
3206 733 3390 787 vixere

1811 834 1932 873 cum
1964 833 2134 870 uxore
2165 833 2261 871 sua
2310 816 2538 887 positus,
2590 815 2909 870 exliortetur
2962 815 3132 884 illam,
3175 826 3235 872 ut
3275 821 3391 876 sine

1811 907 2064 961 seandalo
2091 907 2281 977 purius
2314 924 2334 959 ι
2354 907 2521 961 itaut.

1896 1020 1913 1042 ε
1950 997 2171 1051 Solutus
2209 1012 2265 1051 es
2310 995 2376 1051 ab
2406 996 2624 1050 uxore?
2672 1012 2739 1050 ne
2768 994 3044 1067 quaesieris
3074 988 3319 1053 uxorem.
3361 1023 3380 1048 ο

1810 1087 1880 1142 Ut
1903 1087 2078 1142 sciens
2110 1087 2215 1142 hoc
2244 1089 2415 1155 magis
2445 1088 2558 1143 Deo
2589 1094 2892 1157 acceptum,
2938 1095 2991 1140 et
3018 1102 3047 1140 a
3079 1088 3394 1143 necessitate

1811 1176 2068 1242 liberum,
2105 1192 2215 1230 non
2249 1184 2455 1247 qua-rat
2484 1190 2709 1230 uxorem
2737 1192 2750 1239 ;
2786 1174 2860 1229 ita
2888 1181 3067 1228 tamen
3102 1183 3212 1229 uta
3240 1183 3393 1231 czete-

1808 1263 1887 1318 ris
1916 1270 2195 1334 temperet.
2229 1263 2283 1319 Si
2308 1262 2627 1333 quominus,
2655 1261 2786 1334 quid
2819 1262 3033 1333 prodest
3065 1261 3393 1318 desiderium

1810 1354 1987 1409 carnis
2023 1367 2284 1423 premere,
2338 1350 2443 1409 hoc
2488 1358 2592 1418 est,
2638 1366 2750 1405 rem
2802 1350 3005 1406 licitam
3040 1367 3311 1420 spernere,
3344 1359 3397 1406 et

1813 1439 2022 1494 illicitis
2047 1440 2325 1509 subiacere
2345 1440 2374 1494 Ῡ

1887 1534 2064 1603 (Vers.
2093 1534 2207 1603 28.)
2229 1560 2245 1579 ι
2266 1533 2321 1589 Si
2351 1542 2529 1588 autem
2564 1534 2832 1605 acceperis
2862 1550 3109 1600 uxorem,
3143 1550 3247 1587 non
3281 1540 3395 1605 pec‘

1813 1624 1967 1679 casti.
2000 1648 2019 1669 ι
2084 1623 2201 1676 Non
2238 1623 2427 1694 utique
2472 1632 2678 1693 peccat,
2720 1624 2847 1694 quia
2893 1623 3035 1693 quod
3083 1640 3396 1677 concessum

1816 1720 1914 1779 est,
1947 1711 2094 1766 facit.
2126 1712 2181 1765 Si
2214 1727 2343 1765 \ero
2378 1711 2785 1779 contempserit,
2819 1711 3069 1763 meritum
3101 1710 3202 1764 sibi
3235 1712 3397 1764 collo-

1818 1810 1901 1855 cat
1926 1808 1977 1854 et
2006 1814 2283 1855 coronam.
2319 1799 2521 1867 Magna:
2547 1800 2693 1852 enim
2724 1798 2998 1869 patientiae.
3029 1805 3127 1863 est,
3160 1799 3259 1851 hoc
3290 1815 3398 1852 non

1734 1913 1781 1975 B
1814 1890 2144 1961 contingere,
2177 1890 2321 1961 (μιοιι
2356 1889 2694 1961 prohibitura
2728 1897 2957 1942 nonest.
2996 1914 3013 1933 ι
3036 1888 3104 1942 Et
3133 1890 3175 1941 si
3209 1906 3400 1958 nupse-

1816 1979 1887 2034 rit
1923 1980 2095 2051 virgo,
2146 1996 2255 2033 non
2304 1977 2568 2049 peccavit.
2603 2001 2621 2025 ι
2683 1977 2802 2032 Non
2833 1984 3040 2047 peccat,
3093 1977 3219 2047 quia
3257 1977 3399 2047 apud

1815 2066 1988 2124 Deum
2017 2083 2084 2121 ex
2114 2065 2214 2121 hac
2243 2082 2403 2121 causa
2430 2066 2599 2119 libera
2626 2073 2727 2119 est.

1902 2188 1922 2214 ι
1956 2164 2361 2220 Tribuiationes
2390 2171 2567 2218 tamen
2600 2161 2778 2218 carnis
2812 2160 3092 2217 habebunt
3120 2160 3399 2233 hujusmo-

1819 2254 1895 2312 di.
1935 2278 1953 2302 ι
2021 2255 2131 2309 Ην
2172 2261 2273 2320 est,
2326 2253 2426 2308 etsi
2470 2268 2499 2307 a
2545 2259 2763 2323 peccato
2813 2251 2965 2307 liber.
3015 2252 3147 2318 sint,
3196 2252 3253 2306 in
3303 2252 3403 2308 hac

1815 2352 2000 2401 tamen
2032 2345 2145 2399 vita
2176 2342 2557 2397 tribulationes
2583 2341 2881 2407 habebunt,
2915 2342 3145 2411 gemitus
3173 2344 3399 2409 ventris,

1820 2434 2149 2490 nutrimenta
2176 2434 2436 2498 ﬁliorum,
2469 2431 2666 2497 victus,
2702 2437 3030 2497 tegumenta,
3055 2430 3226 2497 dotes,
3251 2431 3401 2500 aegri-

1819 2523 1972 2589 tudo,
2023 2531 2311 2593 apparatus
2354 2520 2569 2588 domus,
2616 2518 2806 2573 uxoris
2853 2519 3163 2587 necessitas,
3221 2519 3402 2574 mariti

1819 2608 2138 2664 deminutio.

1905 2731 1923 2752 ι
1962 2708 2075 2769 Εμο
2104 2714 2283 2759 autem
2314 2705 2471 2760 vobis
2499 2721 2678 2776 parco.
2705 2729 2724 2752 ι
2758 2705 2935 2759 Parcit
2966 2704 3181 2776 quando
3203 2703 3268 2759 ab
3288 2704 3404 2759 haec

1823 2796 1993 2865 magis
2032 2803 2309 2866 provocat,
2366 2810 2485 2865 quas
2526 2793 2905 2847 tribulationes
2943 2794 3120 2847 carnis
3155 2800 3207 2847 et
3242 2792 3405 2847 solli-

1823 2888 2092 2943 citudines
2132 2894 2455 2942 memoratas
2513 2886 2834 2940 excludunt.
2896 2886 3078 2939 Pote‘t
3118 2886 3194 2939 sic
3230 2885 3405 2940 \ideri

1825 2992 2059 3046 parcere,
2090 2993 2213 3030 cum
2248 2974 2534 3045 permittit,
2578 2982 2631 3029 et
2663 2990 2773 3027 non
2802 2973 3129 3029 contradicit
3158 2973 3406 3029 volenti.—

1823 3064 1947 3131 bus,
1977 3064 2123 3136 quod
2154 3080 2441 3119 onerosum
2474 3064 2729 3121 ostendit.

1899 3172 2077 3239 (Vers.
2110 3172 2225 3240 ΞΟ.)
2277 3196 2295 3218 ι
2338 3172 2451 3228 Iloc
2489 3172 2669 3243 itaque
2709 3172 2865 3239 dico,
2926 3172 3154 3240 fratres,
3196 3181 3408 3243 tempus

1825 3259 2128 3314 breviatum
2157 3267 2257 3327 est,
2291 3269 2343 3314 et
2376 3262 2641 3333 reliquum
2676 3269 2772 3316 est.
2796 3286 2813 3307 ι
2849 3262 3160 3316 Drexiaiuzn
3197 3270 3408 3333 tempus

1821 3356 1875 3403 et
1902 3349 2172 3421 reliquum
2215 3348 2425 3415 dicens,
2474 3348 2633 3402 ﬁnem
2670 3347 2872 3402 mutulo
2902 3348 3187 3402 imminere
3227 3335 3408 3418 signi-

1822 3435 2007 3490 ﬁca\it
2042 3454 2051 3489 :
2102 3436 2351 3507 quamvis
2381 3435 2543 3489 sciret
2577 3435 2690 3505 (47)
2733 3436 2910 3491 adhuc
2942 3444 3181 3505 tempora
3209 3453 3409 3506 super-.-

1822 3538 1954 3577 esse.
1983 3523 2083 3577 Sed
2114 3524 2270 3577 aliter
2298 3524 2532 3577 scribere
2570 3539 2675 3577 non
2708 3523 2895 3579 debuit
2926 3534 3141 3593 propter
3172 3524 3287 3589 bos,
3312 3523 3406 3596 qui

1824 3610 2013 3665 lecturi
2046 3610 2160 3663 iltBC
2190 3618 2318 3664 tunc
2348 3617 2494 3676 sunt,
2526 3626 2649 3664 cum
2681 3610 2938 3680 prelirme
2968 3613 3227 3680 supererit
3260 3620 3406 3665 tem—

1824 3715 1959 3770 pus;
1994 3715 2059 3752 ne
2088 3715 2298 3770 semper
2328 3698 2457 3752 dum
2488 3700 2645 3767 longe
2676 3716 2788 3753 esse
2820 3708 3097 3768 putaretur
3122 3700 3235 3754 dies
3262 3699 3406 3768 judi-

1824 3787 1917 3857 cii,
1948 3796 2041 3842 aut.
2072 3804 2179 3841 non
2210 3787 2513 3854 timeretur,
2544 3794 2635 3841 aut
2659 3787 2855 3845 falsum
2887 3804 3001 3843 esse
3029 3789 3404 3844 aestimaretur.

1825 3874 1966 3929 Illud
1993 3883 2172 3929 autem
2208 3874 2351 3947 quod
2384 3876 2609 3943 dicitur,
2641 3892 2762 3930 cum
2796 3874 2972 3929 adhuc
3004 3876 3157 3944 longe
3187 3876 3277 3943 sit,
3310 3878 3407 3931 im-

1826 3963 2033 4018 minere
2074 3964 2306 4017 multum
2339 3963 2587 4034 proiicit;
2640 3973 2899 4019 terrorem
2942 3964 3084 4021 enim
3122 3966 3313 4018 incutit
3341 3965 3409 4020 ad

1827 4053 2109 4109 meliorem
2143 4053 2311 4107 vitam
2357 4052 2618 4122 agendam
2669 4052 3006 4115 hominibus.
3048 4055 3292 4125 Denique
3320 4054 3411 4110 hic

1827 4149 1885 4205 in
1912 4147 2161 4222 praesenti
2194 4163 2353 4218 quam
2388 4146 2610 4202 solliciti
2638 4155 2767 4200 sunt
2798 4145 2858 4212 ii,
2902 4145 2992 4216 qui
3031 4146 3171 4215 apud
3198 4146 3410 4215 judices

1827 4235 2028 4294 habent
2058 4252 2173 4308 qua;
2206 4243 2385 4303 agant,
2414 4252 2536 4290 cum
2567 4241 2810 4287 actorum
2843 4232 2958 4287 dies
2988 4233 3189 4291 dicitur
3220 4233 3412 4297 inlini-.-

1827 4325 2003 4382 nere"?
2042 4324 2155 4379 Iiec
2186 4331 2337 4377 sonat
2370 4322 2478 4389 hic,
2518 4324 2657 4394 quod
2692 4324 2799 4376 alio
2834 4323 2888 4376 in
2918 4323 3035 4378 loco
3068 4323 3222 4391 dicit,
3272 4347 3288 4368 ι
3319 4340 3413 4377 se—

1824 4413 2100 4482 ductores,
2126 4411 2219 4473 sed
2249 4427 2463 4467 veraces
2495 4412 2582 4481 (II
2613 4412 2735 4467 Cor.
2766 4428 2841 4478 v1,
2870 4411 2954 4481 8).
2995 4435 3011 4457 ›

1910 4544 1930 4569 ι
1969 4521 2037 4577 Ut
2073 4528 2127 4576 et
2172 4519 2265 4592 qui
2312 4518 2514 4574 habent
2561 4535 2776 4585 uxores,
2827 4518 2904 4573 ita
2935 4518 3066 4584 sint,
3108 4536 3171 4573 ac
3206 4518 3251 4573 si
3300 4535 3412 4577 non

1829 4607 2109 4667 habentes.
2139 4631 2159 4657 ι
2222 4607 2361 4673 Quia
2390 4607 2535 4662 enim
2568 4608 2759 4662 mundi
2789 4606 2915 4661 finis
2944 4606 2999 4661 in
3029 4606 3279 4676 proximo
3309 4612 3411 4672 est,

1828 4713 1939 4757 non
1969 4696 2161 4752 debere
2188 4696 2252 4751 ad
2285 4696 2649 4766 gcnei‘andum
2680 4714 2795 4750 esse
2824 4694 3107 4759 sollicitos,
3141 4708 3312 4761 neque
3344 4692 3413 4753 ad

1830 4804 1990 4851 nsum
2024 4789 2200 4860 ipsum
2234 4786 2446 4843 deditos
2480 4805 2490 4842 :
2542 4793 2602 4840 ut
2630 4784 3007 4854 propensiores
3041 4789 3091 4837 et
3128 4781 3414 4850 vigilantes

1831 4878 1889 4935 in
1932 4876 2138 4934 divinis
2182 4878 2458 4947 operibus,
2507 4873 2796 4928 exercitati
2840 4872 2983 4926 circa
3029 4888 3213 4926 curam
3260 4871 3412 4940 legis,

1832 4966 2153 5031 imminente
2183 4964 2369 5035 pra-lio
2398 4967 2717 5031 repugnent.
2768 4959 3035 5015 Pressurm.
3060 4959 3203 5014 enim
3232 4968 3416 5027 erunt,

1834 5055 2018 5129 quales
2064 5067 2343 5123 nunquam
2392 5048 2636 5115 fuerunt,
2686 5054 2738 5102 et
2769 5048 2926 5102 multi
2974 5048 3152 5103 casuri
3193 5058 3319 5105 sunt
3360 5048 3416 5113 in

1835 5142 2087 5213 laqueum
2118 5138 2323 5195 diaboli
2349 5156 2360 5192 :
2396 5136 2631 5204 denique
2662 5136 2848 5190 nullus
2872 5144 3114 5189 nostrum
3140 5137 3260 5189 \ult
3288 5144 3416 5190 tem-

1834 5247 1961 5315 pore
1992 5248 2089 5285 suo
2120 5230 2234 5283 bzec
2280 5226 2587 5299 provenire,
2632 5226 2828 5281 timens
2859 5227 3141 5297 praedictas
3172 5242 3201 5279 a
3236 5226 3416 5279 Salva-

1834 5312 1951 5375 tore
2009 5318 2121 5387 (’18)
2182 5331 2456 5387 pressuras
2514 5315 2727 5384 (Matth.
2788 5330 2946 5382 xxrv,
3010 5314 3224 5383 15-24).
3294 5312 3418 5374 ideo

1836 5407 1977 5464 sicut
2007 5406 2162 5461 nobis
2193 5412 2464 5475 optamus,
2494 5403 2845 5458 consulamus
2890 5411 2941 5455 et
2966 5402 3122 5465 aliis;
3177 5405 3233 5451 ut
3261 5416 3289 5452 a
3320 5415 3421 5468 ge-

1837 5496 2118 5559 neratione
2182 5511 2281 5551 nos
2342 5494 2583 5550 ﬁliorum
2658 5495 2955 5550 multorum
3029 5489 3416 5546 abstineamus.

1839 5700 1940 5751 ms.
1972 5680 2131 5737 Corb.
2165 5679 2429 5751 omissum
2460 5677 2586 5734 fuit.

1912 5754 2028 5829 (48)
2055 5750 2322 5813 Nonnulli
2347 5746 2827 5822 mss.,prwdicatas
2846 5763 2881 5804 a
2911 5747 3202 5803 Sate-aiore.
3221 5745 3288 5801 Et
3306 5762 3419 5819 seq.

3132 5844 3167 5900 8
