3976 6366
559 411 665 472 235

1554 396 1652 452 AD
1689 380 1925 452 OPERA
1958 389 2018 447 S.
2055 381 2388 444 AMBROSII
2424 369 2805 436 APPENDIX.
3732 364 3822 426 :36

559 537 684 610 plus
722 527 962 590 orationi
990 533 1046 583 et
1069 521 1172 582 Dei
1198 521 1452 583 servituti
1497 517 1750 610 subjecti,
1796 511 2159 610 praevidentes
2189 512 2242 572 Α
2269 504 2546 610 mulieres
2565 501 2808 610 virgines
2848 489 3684 610 appellatasv(Nupt..x.xn,.9)..
3717 490 3825 548 Alia

565 604 715 683 diem
739 617 976 692 iudicii;
1026 632 1094 673 ne
1122 623 1177 673 et
1203 631 1306 672 nos
1348 611 1522 670 simus
1563 607 1818 682 imparati
1854 622 1952 680 per
1980 604 2165 676 impe-

563 714 813 772 dimenta
869 705 1207 764 necessitatis
1264 701 1571 778 praesentis,
1623 706 1678 756 et
1715 697 1802 755 illi
1856 695 2162 760 incurrant,

571 803 720 880 quod
748 816 850 858 nos
892 798 1172 854 timemus.
1223 795 1404 854 Etiam
1445 790 1674 880 arlicitis
1711 803 1839 860 ergo
1866 786 1989 880 vult
2013 791 2166 880 tem-

573 871 763 966 perare
790 886 1012 954 ﬁdeles;
1043 892 1107 941 ut
1133 899 1246 940 non
1274 882 1456 940 solum
1486 879 1831 966 innocentes,
1853 871 2026 966 sedet
2053 871 2166 966 glo-

569 957 706 1038 riosi
735 974 1070 1032 videantur:
1121 985 1378 1029 concessa
1419 967 1566 1026 enim
1618 961 1897 1039 praeterire
1942 957 2168 1016 virtutis

569 1075 655 1124 est
684 1064 940 1122 maximae
956 1079 970 1130 ;
999 1067 1055 1118 et
1085 1059 1365 1133 prohibita
1389 1073 1502 1114 non
1527 1053 1838 1113 desiderare
1866 1064 1980 1107 non
2006 1047 2168 1120 longe

571 1163 656 1214 est
687 1155 827 1226 (49).

648 1244 834 1316 (Vers.
863 1240 978 1312 30.)
1017 1263 1036 1288 ι
1054 1239 1127 1295 Et
1155 1237 1251 1312 qui
1278 1237 1432 1305 ﬂent,
1455 1242 1721 1308 tanquam
1751 1246 1865 1289 non
1893 1229 2113 1295 ﬂentes;
2133 1249 2156 1275 ι

576 1333 814 1392 scientes
841 1332 989 1390 enim
1021 1329 1080 1386 in
1109 1328 1363 1402 proximo
1391 1327 1557 1383 ﬁnem
1587 1323 1782 1381 mundi
1809 1337 1941 1378 mox
1967 1332 2174 1376 conso-

2269 611 2398 668 ergo
2425 590 2742 651 sollicitudo
2787 587 3058 656 mulieris,
3102 585 3213 642 alia
3251 581 3486 656 virginis
3512 588 3622 668 est;
3664 587 3821 668 tamen

2269 667 2396 744 cuin
2426 681 2630 738 dicitur
2649 679 2872 746 mulier,
2894 677 3166 734 incertum
3183 681 3264 731 est
3287 671 3422 746 quid
3437 667 3723 742 signiﬁcet,
3735 667 3827 724 nisi

2272 770 2601 845 signiﬁcatio
2629 767 2992 840 subsequatur
3021 782 3035 822 :
3083 780 3210 822 cum
3239 769 3420 819 autem
3447 758 3650 818 dicitur
3671 755 3827 828 virgo,

2268 859 2563 916 manifesta
2607 854 2814 913 locutio
2841 861 2944 912 est.
2984 852 3086 912 Hic
3113 849 3410 926 Apostolus
3436 845 3703 919 virginem
3727 852 3831 916 post

2275 948 2562 1006 mulierem
2591 943 2796 1018 posuit,
2839 950 2903 1000 ut
2929 941 3214 1000 mulierem
3251 955 3366 997 non
3392 935 3662 1009 virginem
3689 931 3830 1005 signi-

2275 1037 2463 1094 ﬁcaret
2493 1051 2507 1091 :
2561 1048 2658 1108 per
2700 1031 2807 1090 hoc
2835 1030 2985 1088 enim
3031 1028 3214 1086 voluit
3259 1024 3545 1084 ostendere
3588 1020 3832 1096 virginem

2276 1125 2506 1182 liberam
2531 1139 2564 1181 a
2591 1120 2771 1180 taediis
2810 1129 2867 1180 et
2909 1117 3210 1188 laboribus,
3241 1133 3379 1192 quos
3422 1113 3630 1189 patitur
3663 1110 3834 1169 mulier

2278 1214 2400 1271 viro
2429 1211 2700 1286 copulata.

2353 1303 2536 1376 (Vers.
2567 1299 2686 1372 34.)
2749 1322 2768 1349 ι
2797 1299 2936 1356 Nam
2967 1315 3088 1373 quae
3117 1311 3232 1354 non
3275 1303 3359 1354 est
3396 1299 3591 1368 nupta,
3628 1290 3838 1351 sollicita

579 1386 1062 1480 gingiuarum
1091 1386 1357 1485 futuram,
1398 1415 1492 1488 qui
1523 1430 1621 1486 pro
1651 1413 1749 1470 Dei
1774 1408 1992 1483 justitia
2033 1407 2173 1462 forte
2282 1401 2363 1450 est
2390 1392 2456 1488 de
2487 1391 2556 1488 iis
2585 1389 2954 1488 quaePOInini
2979 1397 3127 1487 sunt.
3159 1394 3222 1488 lg}
3249 1386 3322 1444 sit
3351 1391 3540 1484 salicta
3561 1391 3618 1440 ει
3642 1397 3838 1488 compte

585 1517 930 1586 premuntur,
975 1507 1078 1564 hac
1104 1522 1198 1578 spe
1244 1506 1387 1562 inter
1414 1470 1517 1559 ‘eos
1559 1502 1912 1560 consolentur
1935 1513 2011 1566 se,
2057 1519 2077 1542 ι
2105 1493 2176 1550 Et
2375 1479 2653 1586 Spiritui:
2714 1477 2884 1586 ξεῖ
2920 1477 3148 1586 animi;
3177 1477 3327 1586 131121.
3363 1473 3512 1532 enim
3556 1487 3650 1546 ερθ
3682 1470 3838 1586 οαξὶεξ·

726 1557 983 1672 εδυξωξι,
1025 1557 1446 1666 ιδηᾶηωξᾚοιί
1464 1557 1815 1662 ξειιίάθηιεδς
1855 1611 1876 1635 ,
1918 1587 1976 1642 in
1995 1557 2009 1566 ⁷
2027 1599 2176 1655 pm-
2283 1569 2446 1638 tium,
2469 1565 2653 1623 mariti
2678 1574 2734 1622 et
2753 1565 2994 1622 ﬁliorum
3025 1562 3458 1622 sollicitudinem
3480 1577 3593 1618 non
3619 1557 3838 1631 suscipit,

2299 1657 2316 1674 1
2381 1659 2423 1674 η
2527 1655 2572 1674 9,,
2598 1673 2608 1674 γ
2657 1655 2849 1674 _-._3A_.n
2903 1653 3166 1674 ---Α-.--3,
3199 1651 3534 1674 __-_-_!n___.
3569 1653 3677 1674 τὶ--
3708 1647 3822 1674 λΑ-οιι

578 1647 1303 1754 Seliiiﬁilﬁuﬂladém
1334 1647 1514 1734 sciant
1558 1693 1690 1733 mox
1735 1647 1944 1730 luctum
1986 1647 2176 1727 ventu-
2285 1657 2353 1754 tle
2380 1655 2872 1754 Domi-ngcositat,
2895 1653 3173 1754 quomodo
3199 1651 3539 1726 propositum
3569 1653 3682 1754 Deo
3706 1647 3842 1747 devo-

577 1790 728 1841 rum,
779 1771 858 1828 eis
886 1736 1149 1825 videlicet
1179 1766 1277 1838 qui
1305 1765 1514 1821 mundo
1542 1763 1799 1836 gaudent,
1843 1759 2179 1831 ambigentes
2289 1752 2404 1801 ῐιιω
2432 1743 2742 1841 οιιεῑξκξξόβ
2789 1741 2836 1798 Si
2867 1741 3139 1841 tamenin
3167 1758 3392 1841 corpore
3421 1739 3630 1841 mundo
3657 1736 3842 1841 animus

577 1824 1082 1930 ᾗζῦωξζωηξυά
1144 1824 1217 1910 Εἰ
1244 1852 1339 1927 qui
1367 1824 1578 1919 omum”,
1607 1824 1868 1925 ιειηφιξιω
1899 1824 2022 1906 nm;
2041 1863 2178 1921 p0,.
2209 1867 2258 1928 Β
2289 1839 2506 1930 terrena
2534 1829 2819 1930 abjiciens,
2841 1829 3168 1930 ‘cmlestib‘us
3188 1829 3428 1930 studeat
3466 1827 3610 1930 (ξιξ.
3641 1824 3842 1882 Animus

581 1947 862 2014 sidentes;
909 1968 931 1994 ι
989 1941 1272 2000 credentes
1316 1941 1486 2010 enim,
1536 1939 1632 2014 qui
1677 1945 1890 2007 emunt,
1947 1951 2178 2010 parvum

583 2045 808 2108 tempus
831 2047 1109 2107 superesse
1138 2028 1364 2098 mundo,
1395 2027 1476 2086 sic
1518 2034 1702 2102 agant,
1731 2037 1795 2084 ut
1822 2042 1935 2084 non
1961 2039 2180 2082 omnem

584 2140 775 2184 curam
819 2123 878 2180 in
915 2138 1030 2180 rem
1075 2120 1188 2178 cito
1233 2117 1533 2192 perituram
1586 2115 1950 2190 impendant:
2008 2111 2180 2186 magis

581 2225 776 2276 autem
806 2231 994 2275 curam
1021 2213 1216 2272 anima:
1243 2228 1356 2270 suae
1383 2219 1595 2286 gerant,
1615 2226 1780 2286 quam
1809 2208 1993 2268 sciunt
2021 2213 2182 2264 aeter-

583 2323 710 2366 nam
719 2348 732 2364 .

670 2369 811 2460 13.7
850 2394 1035 2468 (Vers.
1074 2393 1192 2468 31.)
1245 2415 1266 2442 ι
1305 2393 1378 2452 Et
1405 2390 1501 2467 qui
1543 2396 1778 2450 utuntur
1807 2388 1912 2447 hoc
1955 2386 2179 2456 saeculo,

587 2505 851 2568 tanquam
881 2509 994 2550 non
1020 2498 1282 2559 utantur;
1314 2514 1334 2539 ι
1389 2489 1446 2546 id
1473 2496 1576 2558 est,
1609 2495 1674 2544 ut
1699 2503 1809 2545 non
1857 2491 2186 2560 praesumant

593 2584 664 2640 de
691 2599 797 2640 usu
841 2582 985 2650 hoc;
1031 2581 1159 2654 quia
1197 2580 1306 2638 cito
1345 2578 1567 2652 peribit,
1615 2585 1904 2635 corruente
1955 2575 2182 2632 mundo.

605 2696 628 2722 «ι
665 2670 914 2728 Praeterit
941 2669 1088 2726 enim
1139 2669 1312 2741 ﬁgura
1353 2667 1521 2738 hujus
1565 2665 1778 2723 mundi.
1809 2690 1828 2714 ι
1870 2664 2010 2732 Quia
2037 2663 2188 2720 ﬁniri

594 2758 867 2818 mundum
897 2757 1064 2828 dixit,
1085 2757 1326 2814 ostendit
1347 2755 1576 2828 ﬁguram
1597 2754 1714 2827 ejus
1734 2753 2008 2828 praeterire
2031 2752 2182 2823 (50);

543 2882 546 2886 -
595 2859 654 2907 et
695 2849 846 2906 hunc
889 2863 1005 2905 esse
1046 2847 1234 2915 ﬁnem,
1279 2845 1337 2902 id
1386 2853 1486 2914 est,
1526 2861 1638 2902 non
1681 2843 2040 2900 substantiam
2071 2840 2189 2914 ejus

598 2937 900 3012 praeterire,
929 2936 1023 2994 sed
1049 2936 1302 2992 formam.
1334 2937 1521 3009 Itaque
1549 2935 1596 2990 si
1618 2935 1796 2991 forma
1825 2932 2018 2990 mundi
2046 2929 2191 3004 peri-

597 3019 704 3095 bit,
753 3025 986 3082 dubium
1026 3024 1218 3098 utique
1246 3041 1358 3081 non
1385 3033 1468 3080 est
1495 3021 1703 3090 omnia,
1747 3039 1868 3094 quae
1896 3022 1954 3077 in
1984 3019 2190 3077 mundo

598 3121 750 3182 sunt,
783 3112 1026 3170 interire.
1080 3113 1208 3170 Ideo
1237 3110 1501 3186 praeterit,
1530 3109 1660 3183 quia
1685 3107 1933 3183 quotidie
1959 3107 2192 3166 senescit

597 3201 859 3260 mundus.

669 3293 853 3366 (Vers.
884 3291 1002 3366 32.)
1050 3315 1072 3343 ι
1099 3290 1244 3352 Volo
1290 3305 1390 3348 vos
1417 3287 1536 3346 sine
1581 3283 1956 3346 sollicitudine
1983 3302 2117 3346 esse.
2155 3309 2176 3334 ι

595 3381 884 3442 Diininuta
912 3383 1062 3440 enim
1107 3379 1484 3439 sollicitudine
1525 3377 1736 3448 saeculi,
1779 3377 1839 3433 in
1886 3376 1985 3433 Dei
2031 3373 2192 3432 rebus

591 3476 920 3550 propensius
947 3474 1228 3546 vigilatur.
1271 3470 1558 3540 Quomodo
1604 3477 1787 3526 autem
1818 3467 1936 3523 sine
1977 3463 2193 3522 sollici-

591 3564 788 3621 tudine
815 3579 932 3620 esse
963 3563 1254 3634 possimus,
1304 3561 1544 3618 ostendit
1573 3559 1762 3617 dicens
1791 3576 1804 3614 :
1867 3579 1886 3603 ι
1924 3553 2028 3622 Qui
2075 3552 2194 3610 sine

593 3667 771 3712 uxore
811 3659 914 3717 est,
964 3650 1168 3720 cogitat
1205 3664 1325 3720 quae
1372 3648 1595 3704 Domini
1642 3655 1789 3703 sunt.
1821 3670 1840 3695 ι
1900 3645 2194 3715 Amputata

597 3739 750 3799 enim
778 3735 1156 3794 sollicitudine
1207 3735 1286 3792 rei
1331 3737 1561 3802 uxoriae,
1592 3750 1712 3806 quae
1741 3733 1856 3788 sola
1883 3731 1942 3788 in
1988 3729 2194 3787 mundo

595 3825 811 3886 caeteris
840 3823 1059 3898 gravior
1086 3828 1189 3892 est,
1228 3821 1298 3880 ad
1325 3825 1498 3880 Deum
1529 3819 1951 3894 promerendum
1980 3819 2197 3876 animus

599 3913 857 3972 eruditur
885 3931 899 3972 :
929 3912 975 3970 si
1006 3920 1189 3970 tamen
1220 3911 1324 3969 hac
1352 3927 1451 3986 spe
1483 3909 1702 3968 animus
1734 3908 1824 3966 his
1847 3907 2114 3966 molestiis
2137 3922 2196 3964 se

598 4010 792 4067 exuat,
821 4011 883 4060 ut
907 4004 1022 4060 Deo
1049 4003 1223 4076 magis
1250 4002 1472 4059 serviat.

671 4092 858 4163 (Vers.
890 4091 1007 4164 33.)
1049 4115 1070 4140 α
1091 4091 1198 4158 Qui
1226 4099 1408 4148 autem
1437 4107 1564 4149 cum
1594 4103 1768 4149 uxore
1795 4096 1898 4160 est,
1927 4083 2198 4147 sollicitus

603 4187 689 4240 est
707 4196 827 4254 qua:
851 4187 982 4238 sunt
1006 4179 1177 4253 hujus
1204 4179 1421 4248 mundi,
1442 4179 1722 4252 quomodo
1743 4179 1954 4251 placeat
1973 4177 2182 4234 uxori.»

603 4271 754 4330 Cura
781 4269 930 4328 enim
973 4271 1166 4328 uxoris
1195 4276 1248 4325 et
1275 4269 1516 4326 ﬁliorum
1557 4269 1816 4342 cogitatio
1848 4267 2039 4324 mundi
2068 4273 2150 4325 est
2179 4282 2194 4324 :

599 4372 733 4418 nam
784 4361 932 4415 inter
967 4366 1162 4415 caetera
1203 4358 1380 4413 solent
1425 4356 1720 4429 aliquando
1764 4373 1850 4412 res
1895 4355 2198 4428 puniendas

599 4445 928 4514 admittere;
958 4459 1028 4502 ne
1055 4444 1180 4501 illas
1207 4443 1506 4513 offendant,
1541 4444 1682 4500 sicut
1711 4444 1876 4500 refert
1902 4441 2199 4500 Zorobabel

598 4549 749 4594 unus
775 4535 844 4593 de
870 4535 1050 4592 tribus
1069 4533 1423 4592 cubiculariis
1442 4533 1796 4602 Artaxerxis;
1827 4549 2022 4605 magna
2049 4531 2197 4589 enim

596 4623 908 4686 amaritudo
961 4631 1044 4683 est
1106 4624 1166 4681 in
1220 4624 1384 4681 domo
1439 4638 1582 4680 uxor
1634 4623 1810 4679 tristis
1869 4622 2056 4694 (Esdr.
2115 4638 2193 4690 IV,

600 4717 829 4790 13-27).
880 4715 1106 4774 Divisus
1146 4713 1270 4772 ideo
1313 4712 1536 4782 dicitur,
1587 4712 1717 4786 quia
1761 4728 1872 4768 non
1919 4718 2096 4783 potest
2141 4715 2196 4768 et

597 4803 807 4863 divinis
851 4805 1102 4863 insistere
1158 4803 1342 4872 rebus,
1391 4808 1447 4858 et
1489 4801 1681 4858 uxoris
1723 4801 1898 4858 facere
1927 4800 2196 4857 volunta-

599 4900 737 4952 tem.

688 5003 712 5030 ι
743 4981 936 5040 Divisa
965 4992 1048 5042 est
1092 4985 1293 5044 mulier
1320 4993 1374 5043 et
1420 4985 1600 5056 virgo.
1632 5006 1651 5032 ι
1713 4979 1904 5038 Divisa
1933 4995 2046 5036 non
2074 4977 2196 5036 uti-

604 5083 715 5144 que
751 5075 969 5139 natura,
1022 5073 1115 5128 sed
1169 5081 1316 5140 actu,
1370 5075 1504 5146 quia
1553 5072 1788 5146 legimus
1838 5071 1898 5126 in
1941 5067 2194 5126 Numeris

596 5298 784 5356 versu,
835 5300 936 5359 pro
975 5285 1306 5359 consulamus
1338 5291 1384 5340 et
1419 5283 1568 5354 aliis,
1616 5301 1718 5342 ms.
1765 5283 1928 5342 Corb.
1972 5280 2198 5339 exhibet

599 5355 936 5415 consolantur
959 5362 1010 5411 et
1029 5355 1186 5411 alios.

671 5431 790 5502 (49)
831 5429 959 5502 Post
1011 5443 1171 5502 vocps
1215 5442 1320 5502 non
1369 5425 1513 5496 longe
1554 5431 1646 5502 est,
1679 5423 2187 5502 _addi_tu_rlin_cpd.

601 5495 750 5555 'Va'll.
770 5495 816 5555 ἀ
843 5500 1052 5554 virtute.
1101 5497 1160 5552 In
1190 5497 1310 5552 cod.
1361 5495 1540 5552 autem
1571 5497 1732 5553 Corb.
1780 5497 1848 5550 ab
1879 5496 1966 5551 his
1993 5495 2198 5552 eisdem

602 5569 790 5624 verbis
817 5579 961 5626 retro
987 5569 1054 5625 ad
1084 5569 1199 5636 illa,
1233 5568 1466 5624 Etiama
1497 5568 1672 5639 licitis,
1702 5567 1846 5639 nihil
1871 5567 2124 5639 reperias.

681 5639 798 5710 (50)
832 5641 938 5712 Pro
977 5639 1090 5709 ejus
1126 5639 1422 5712 praeterire,
1472 5645 1526 5693 et
1561 5637 1725 5712 infra,
1771 5638 1884 5712 ideo
1910 5637 2151 5712 prwterit
2181 5653 2194 5692 :

607 5707 740 5766 mss.
779 5707 1009 5784 aliquot
1055 5707 1164 5782 prie
1219 5725 1275 5766 se
1321 5708 1526 5776 ferunt,
1585 5707 1698 5777 ejus
1745 5707 2039 5779 perire.....
2085 5707 2200 5764 ideo

2291 1931 2372 1980 est
2414 1921 2583 1990 enim,
2633 1919 2730 1996 qui
2763 1927 2858 1977 aut
2901 1921 3223 1990 sanctiﬁcat,
3274 1927 3370 1976 aut
3414 1917 3616 1992 polluit
3656 1929 3840 1987 corpus.

2289 2009 2433 2080 Quid
2456 2010 2605 2068 enim
2633 2008 2854 2082 prodest
2885 2025 3084 2082 corpus
3111 2007 3380 2065 mundum
3411 2005 3635 2075 habere,
3663 2012 3718 2061 et
3739 1999 3842 2058 ani-

2289 2117 2434 2159 mam
2461 2099 2728 2172 pollutam
2749 2098 2778 2154 ?
2828 2115 2954 2155 cum
2999 2097 3198 2154 merito
3225 2095 3421 2152 anima
3450 2102 3548 2152 aut
3577 2094 3842 2151 honoratur

2289 2206 2508 2263 corpus,
2560 2196 2654 2245 aut
2685 2187 2977 2244 damnatur
3007 2205 3021 2244 :
3078 2210 3099 2235 ι
3140 2187 3272 2255 Quae
3300 2201 3432 2243 vere
3460 2193 3639 2258 nupta
3665 2191 3754 2251 est,
3774 2196 3842 2238 co-

2291 2281 2426 2356 gitat
2448 2297 2569 2354 quae
2589 2287 2718 2336 sunt
2739 2278 2904 2352 hujus
2924 2277 3141 2348 mundi,
3161 2275 3437 2351 quomodo
3451 2277 3668 2349 placeat
3689 2274 3833 2330 viro.-

2291 2370 2432 2443 Lege
2459 2370 2607 2426 enim
2641 2368 2881 2425 maritali
2909 2367 3226 2437 constricta,
3266 2365 3504 2423 sollicita
3531 2373 3616 2423 est
3643 2377 3846 2439 quomo-

2292 2459 2364 2518 do
2393 2459 2616 2532 impleat
2649 2457 2742 2532 jus
2785 2457 3052 2516 maritalis
3080 2455 3270 2526 ofﬁcii,
3318 2453 3546 2514 subdita
3590 2449 3846 2512 mundani!

2293 2549 2727 2606 necessitatibus.

2367 2647 2549 2719 (Vers.
2581 2646 2698 2718 35.)
2744 2669 2764 2694 ι
2793 2645 2908 2702 Hoc
2940 2651 3120 2702 autem
3151 2640 3219 2700 ad
3249 2649 3487 2700 vestram
3513 2640 3749 2716 ipsorum
3763 2637 3848 2696 uti-

2295 2736 2503 2796 litatem
2533 2737 2656 2793 dico
2691 2755 2705 2804 ;
2756 2752 2866 2791 non
2895 2743 2956 2790 ut
2985 2735 3240 2808 laqueum
3271 2733 3430 2790 vobis
3455 2731 3699 2805 injiciam
3728 2748 3740 2786 :
3775 2726 3850 2786 sed

2296 2825 2365 2882 ad
2393 2824 2450 2882 id
2493 2823 2643 2898 quod
2683 2822 2974 2880 honestum
3026 2829 3128 2878 est.
3152 2832 3180 2872 ἰ
3240 2821 3511 2890 Quoniam
3559 2817 3848 2895 quibusdam

2296 2931 2546 2989 asperum
2575 2921 2629 2971 et
2661 2929 2824 2986 grave
2873 2911 3116 2982 videtur,
3157 2910 3304 2986 quod
3340 2909 3538 2967 utilius
3565 2917 3658 2966 aut
3685 2907 3848 2965 melius

2297 3012 2379 3062 est
2423 3011 2644 3076 propter
2689 2999 3144 3058 consuetudinem
3186 2998 3508 3072 temporalis
3548 3013 3710 3064 usus;
3749 2993 3847 3051 ideo

2297 3099 2421 3165 post
2449 3089 2719 3148 rationem
2748 3087 3038 3157 redditam,
3087 3087 3340 3144 hortatur
3377 3087 3579 3144 aﬁectu
3603 3080 3850 3165 charitatis

2298 3164 2626 3249 simpliciter
2677 3175 2782 3232 hoc
2825 3176 3042 3243 utilius,
3095 3172 3200 3232 hoc
3255 3172 3543 3231 honestius
3581 3187 3690 3230 esse
3729 3164 3848 3242 quod

2299 3265 2457 3323 dicit.
2507 3266 2808 3322 Honestum
2853 3270 2956 3332 est,
2999 3261 3130 3336 quia
3173 3267 3423 3318 sanctum
3467 3267 3524 3317 et
3569 3257 3846 3316 mundum:

2300 3355 2437 3412 utile
2481 3370 2632 3422 vero,
2679 3354 2810 3426 quia
2849 3351 3072 3424 dignius
3116 3357 3198 3406 est
3242 3347 3385 3422 apud
3431 3349 3628 3418 Deum,
3665 3353 3716 3404 et
3753 3345 3852 3401 leve

2302 3445 2361 3502 in
2391 3445 2612 3502 saeculo.
2655 3443 2798 3512 Quid
2827 3459 2954 3514 ergo
3000 3440 3288 3498 dicemus?
3328 3439 3382 3496 Si
3413 3439 3654 3512 virgines
3677 3437 3739 3494 de
3760 3437 3850 3492 Deo

2301 3533 2564 3606 cogitant,
2609 3541 2664 3588 et
2702 3530 2908 3605 junctae
2937 3529 3074 3586 viris
3113 3528 3180 3585 de
3219 3527 3448 3596 mundo,
3500 3543 3622 3602 quae
3659 3540 3767 3598 spes
3788 3537 3852 3578 re-

2301 3623 2576 3694 linquitur
2604 3621 2941 3677 nubentibus
2981 3617 3126 3690 apud
3153 3619 3330 3674 Deum
3355 3617 3383 3673 ?
3416 3615 3472 3672 Si
3505 3615 3650 3672 enim
3677 3613 3747 3670 ita
3769 3616 3851 3676 est,

2303 3710 2533 3766 dubium
2564 3718 2646 3765 est
2675 3709 2741 3765 de
2771 3709 2947 3764 salute
2969 3722 3192 3762 eorum:
3227 3719 3354 3760 nam
3379 3703 3632 3760 videmus
3649 3700 3854 3774 virgines

2307 3797 2376 3855 de
2403 3799 2604 3854 saeculo
2653 3797 2915 3869 cogitare,
2963 3801 3018 3851 et
3046 3793 3400 3852 matrimonio
3440 3784 3854 3868 junctasDomi-

2302 3885 2446 3944 nicis
2487 3884 2704 3943 studere
2751 3883 3026 3958 operibus.
3083 3883 3182 3940 His
3227 3881 3540 3956 virginibus
3577 3897 3684 3938 non
3708 3878 3854 3950 impu-

2303 3974 2513 4032 tabitur
2557 3975 2984 4032 sanctimonium
3032 3989 3066 4030 a
3110 3973 3248 4043 Deo,
3293 3980 3350 4029 et
3392 3972 3482 4029 his
3527 3963 3858 4030 matrimoniis

2305 4069 2413 4127 erit
2438 4083 2646 4127 merces
2687 4065 2832 4139 apud
2871 4066 3080 4134 Deum;
3111 4063 3242 4138 quia
3273 4079 3401 4122 cum
3439 4063 3666 4137 obligati
3707 4059 3858 4117 essent

2304 4161 2537 4222 terrenis
2593 4165 2649 4218 et
2701 4157 2883 4216 carnis
2937 4155 3192 4226 nexibus,
3251 4171 3472 4230 operam
3527 4154 3778 4213 dederunt
3809 4152 3860 4206 ut

2306 4249 2367 4310 in
2393 4251 2643 4307 futurum
2685 4246 2896 4322 aliquid
2935 4245 3266 4303 immortalis
3294 4243 3505 4318 praemii
3534 4247 3854 4301 mererentur.

2306 4339 2424 4398 Illis
2453 4343 2636 4396 autem
2673 4354 2785 4395 non
2823 4337 3003 4394 solum
3031 4351 3144 4392 non
3181 4334 3548 4408 imputabitur
3584 4329 3856 4405 virginitas,

2306 4428 2402 4485 sed
2439 4437 2494 4485 et
2521 4443 2693 4502 pinnae
2731 4423 3120 4498 subjicientur,
3159 4423 3256 4498 qui
3280 4424 3384 4480 sub
3424 4423 3660 4498 tegmine
3685 4416 3858 4502 melio-j

2307 4519 2385 4575 ris
2413 4499 2540 4591 spei
2569 4517 2740 4574 vitam
2779 4523 2834 4572 et
2885 4515 3356 4572 conversationem
3411 4527 3568 4569 suam
3621 4499 3858 4591 mundiali

2223 4581 2274 4641 D
2303 4581 2456 4665 cura-
2481 4614 2538 4663 et
2581 4603 2956 4662 sollicitudine
2994 4609 3344 4675 occupantes,
3395 4599 3580 4674 pigros
3613 4613 3668 4655 se
3692 4594 3754 4652 ad
3777 4588 3858 4650 Dei

2304 4713 2468 4770 opera
2495 4696 2700 4770 agenda
2729 4695 3008 4762 fecerunt;
3037 4692 3181 4750 sicut
3210 4691 3348 4748 dicit
3375 4690 3636 4747 Jeremias
3660 4681 3859 4761 prophe-

2301 4795 2359 4844 ta
2392 4803 2406 4842 :
2461 4809 2480 4833 ι
2523 4783 2846 4843 Maledictus
2883 4782 2979 4855 qui
3017 4796 3180 4854 opera
3214 4779 3314 4837 Dei
3373 4779 3507 4836 facit
3559 4775 3860 4848 negligenter

2305 4875 2519 4949 (Jerem.
2544 4888 2738 4940 xnvm,
2770 4871 2881 4942 10).
2907 4893 2925 4918 ι
2955 4869 3025 4924 Hi
3059 4875 3208 4938 sunt,
3241 4867 3309 4924 de
3337 4867 3538 4942 quibus
3561 4867 3620 4923 in
3645 4864 3746 4920 alia
3768 4855 3860 4949 epi-

2303 4945 2443 5020 stola
2462 4961 2632 5018 dicit:
2671 4983 2691 5006 ι
2713 4958 2986 5015 Habentes
3004 4957 3227 5030 quidem
3254 4957 3488 5030 speciem
3510 4953 3720 5028 pietatis
3739 4945 3858 5022 (52),

2303 5053 2568 5108 virtutem
2597 5055 2778 5104 autem
2807 5048 2926 5122 ejus
2951 5044 3280 5118 abnegantes
3332 5045 3423 5118 (II
3453 5045 3586 5103 Tim.
3615 5059 3696 5110 m,
3729 5038 3801 5110 5).
3832 5058 3848 5081 ο

2299 5264 2514 5339 peribit.
2561 5261 2666 5320 Sed
2711 5262 2818 5320 hoc
2861 5261 3027 5318 etiam
3066 5260 3189 5318 loco
3227 5258 3289 5316 in
3326 5259 3490 5320 Corb.
3523 5255 3644 5316 cod.
3691 5254 3862 5311 lacuna

2305 5344 2496 5480 est(.51)
2536 5406 2638 5463 Ms.
2668 5404 2856 5480 Corb.,
2907 5405 2966 5461 Si
2990 5409 3176 5480 autem
3208 5402 3269 5458 in
3303 5418 3520 5480 corpore
3548 5396 3734 5456 mundo
3763 5389 3860 5480 an}:

2306 5467 2423 5536 mils
2454 5467 2661 5534 terrena
2689 5467 2890 5548 cogitet,
2910 5475 3109 5548 polluit
3127 5481 3175 5530 et
3189 5467 3408 5548 corpus:
3421 5477 3548 5544 Qua:
3570 5487 3687 5528 vero
3718 5467 3864 5536 nupta

2308 5557 2607 5692 θειξὸἓῖὶώ
2631 5617 2764 5692 edit.
2787 5633 2976 5692 omnes
3002 5633 3068 5675 ac
3093 5617 3279 5691 plures
3304 5633 3460 5687 mss.;
3489 5614 3586 5674 alii
3605 5625 3728 5671 vero
3747 5618 3860 5666 non-

2310 5689 2488 5759 nulli,
2509 5689 2723 5762 speciem
2750 5689 3008 5746 veritatis.
