3976 6366
132 422 233 481 237

1209 420 1567 472 CUMMEN'I’.
1609 422 1677 473 ια
1713 422 1926 475 EPIS'I‘.
1958 421 1982 477 Ι
2009 418 2105 475 AD
2143 414 2298 476 con.

3286 428 3392 487 238

130 544 419 619 Apostolus
488 550 673 601 autem
748 542 837 599 his
898 539 1161 614 loquitur,
1231 545 1325 616 qui
1385 546 1524 601 mira
1595 546 1701 602 de-
1727 551 1777 609 A
1808 548 1956 617 serit,
1990 549 2288 605 secundum
2330 565 2508 603 meum
2541 547 2853 604 consilium.
2900 574 2918 595 ι
2949 552 3085 609 Cum
3114 553 3254 611 dicit
3285 574 3389 614 su-

132 636 347 690 votinne
390 633 618 706 obsequi
671 630 978 688 desiderant
1029 631 1345 689 coelestibus
1397 635 1700 706 praeceptis,

129 724 416 781 ostendens
454 732 508 779 et
549 721 750 777 docens
790 737 897 793 quo
926 720 1250 792 compendio
1295 722 1461 779 citius
1495 723 1607 779 itur
1633 722 1703 780 ad

125 815 293 871 Deum
320 831 334 880 ;
367 812 496 885 quia
528 812 622 885 qui
653 818 871 883 propter
897 812 1068 866 Deum
1101 812 1523 882 promerendum
1546 815 1703 887 virgo

126 917 341 957 manere
369 902 514 968 vult,
542 900 717 956 sciens
741 898 899 970 quale
923 898 1206 969 praemium
1240 901 1409 971 possit
1436 903 1701 974 accipere,

127 991 218 1064 qui
260 1007 290 1045 a
336 990 489 1045 licito
522 994 804 1060 temperat,
849 992 990 1050 138
1031 994 1093 1043 ut
1139 989 1334 1046 melior
1360 990 1491 1060 fiat;
1536 993 1702 1049 simul

124 1084 312 1139 omnia
369 1082 755 1154 impedimenta
803 1082 984 1139 carnis
1028 1084 1256 1155 spernit,
1310 1100 1422 1141 non
1488 1086 1704 1143 nescius

129 1171 246 1227 haec
293 1186 423 1238 esse,
480 1186 599 1242 quae
656 1186 900 1243 gressum
943 1172 1215 1229 currentis
1255 1174 1408 1229 velut
1448 1175 1705 1233 oneribus

125 1276 238 1316 com
249 1259 441 1329 pedum
472 1258 742 1315 detinent.

199 1348 376 1418 (Vers.
402 1346 514 1418 36.)
560 1372 578 1394 ε
607 1349 663 1403 Si
684 1350 809 1421 quis
836 1359 1016 1407 autem
1047 1361 1261 1426 turpem
1290 1371 1344 1411 se
1358 1354 1561 1411 viderit
1584 1354 1701 1427 (53)

127 1450 287 1507 supra
321 1436 589 1507 virginem
620 1454 793 1504 suam,
819 1440 864 1494 si
895 1441 965 1497 sit
993 1443 1139 1497 ultra
1164 1444 1525 1515 pubertatem,
1558 1452 1610 1498 et
1626 1442 1707 1500 sic

124 1531 333 1594 oportet
351 1523 465 1577 ﬁeri
491 1524 668 1596 ;quod
693 1527 813 1581 vult
834 1527 1019 1597 faciat,
1042 1546 1153 1585 non
1176 1538 1379 1602 peccat,
1398 1532 1443 1586 si
1464 1531 1654 1586 nubat.
1671 1555 1692 1579 »

125 1612 393 1680 Quoniam
449 1614 698 1686 superius
756 1617 832 1673 ita
882 1619 1256 1690 virginitatem
1308 1621 1597 1677 tenendam
1653 1627 1709 1677 et

124 1702 541 1772 continentiam,
609 1705 825 1761 reddita
879 1709 1109 1778 ratione,
1175 1710 1427 1766 hortatus
1479 1717 1579 1776 est,
1646 1716 1710 1767 ut

125 1805 258 1862 pene
292 1792 360 1847 ad
389 1794 853 1864 comparationem
893 1811 1081 1851 earum
1110 1795 1364 1868 conjugia
1405 1795 1625 1851 inutilia
1652 1803 1709 1852 et

122 1876 436 1947 abjicienda
465 1880 794 1947 videantur;
826 1897 974 1938 nunc
1014 1898 1083 1938 ne
1115 1884 1334 1956 nuptias
1361 1900 1555 1957 negare
1593 1901 1705 1957 pu-
1729 1899 1779 1960 Β

120 1970 349 2033 teretur,
382 1982 493 2021 non
522 1983 743 2038 peccare
771 1969 1063 2041 virginem,
1112 1971 1159 2027 si
1202 1972 1392 2041 nubat,
1425 1973 1701 2041 ostendit;

120 2052 207 2109 sed
238 2068 357 2109 rem
390 2055 619 2111 maximi
650 2055 852 2112 laboris
877 2057 1113 2129 aggredi,
1137 2065 1190 2114 et
1209 2074 1329 2131 quae
1359 2061 1502 2132 apud
1531 2063 1706 2118 Deum

122 2138 411 2210 praemium
470 2156 582 2195 non
627 2139 841 2208 habeat,
891 2143 1034 2199 sicut
1081 2159 1192 2199 non
1238 2144 1399 2201 habet
1449 2163 1702 2217 pmnam:

120 2224 461 2283 Christianos
497 2225 645 2281 enim
683 2228 806 2283 vult
849 2243 944 2299 per
973 2228 1158 2285 omnia
1186 2247 1301 2286 esse
1342 2233 1615 2288 meliores.
1646 2232 1706 2289 Si

121 2328 245 2384 ergo
272 2314 461 2386 aliqua
490 2315 546 2370 in
575 2314 848 2371 desiderio
870 2318 1187 2388 nuptiarum
1225 2326 1327 2387 est,
1352 2318 1466 2391 jam
1496 2328 1708 2378 matura

124 2401 190 2456 ad
217 2417 405 2469 usum,
439 2402 635 2459 melius
683 2419 816 2472 esse,
849 2412 911 2460 ut
942 2406 1240 2463 secundum
1276 2424 1585 2466 concessam
1617 2409 1707 2465 le-

123 2508 238 2564 gem
269 2493 491 2564 publice
510 2494 704 2561 nubat,
725 2512 890 2569 quam
912 2499 1126 2555 occulte
1148 2498 1381 2572 turpiter
1404 2508 1524 2572 agat
1544 2499 1703 2569 illud,

121 2589 172 2637 et
199 2582 551 2639 erubescatur
574 2583 632 2639 in
663 2584 778 2641 illa.

188 2673 375 2744 (Vers.
406 2674 525 2745 37.)
567 2696 588 2722 ‹
609 2676 744 2731 Nam
766 2677 860 2749 qui
881 2678 1075 2735 statuit
1103 2679 1161 2736 in
1188 2679 1352 2738 corde
1376 2698 1476 2739 suo
1491 2682 1703 2752 ﬁrmus,

129 2775 235 2816 non
257 2760 467 2818 habens
486 2764 885 2833 necessitatem,
907 2775 1230 2838 potestatem
1253 2778 1432 2825 autem
1457 2771 1619 2827 habet
1638 2772 1705 2828 de

121 2865 213 2906 sua
234 2851 543 2919 voluntate,
576 2860 631 2908 et
658 2852 765 2909 hoc
792 2853 1036 2910 decrevit
1064 2856 1123 2910 in
1150 2873 1250 2912 suo
1277 2858 1459 2926 corde,
1492 2874 1706 2915 servare

122 2938 394 3009 virginem
425 2954 601 3006 suam,
630 2937 770 2995 bene
797 2940 952 2997 facit.
981 2966 1001 2990 ι
1040 2943 1155 2999 Hoc
1183 2943 1341 3013 dicit,
1370 2952 1431 3000 ut
1459 2946 1554 3018 qui
1584 2947 1708 3001 vir-

126 3028 304 3098 ginem
334 3026 524 3095 habet,
553 3028 642 3085 cui
673 3028 890 3086 animus
917 3029 985 3086 ad
1009 3032 1227 3103 nuptias
1256 3049 1367 3089 non
1397 3042 1498 3101 est,
1528 3042 1707 3091 servet

125 3116 305 3173 illam:
338 3131 443 3173 nec
488 3116 573 3172 illi
620 3116 832 3190 ingerat
878 3120 1126 3177 fomitem
1167 3122 1504 3194 nuptiarum,
1541 3140 1705 3197 quam

128 3204 275 3261 videt
307 3204 554 3261 nubendi
585 3206 926 3264 voluntatem
956 3225 1067 3265 non
1098 3209 1314 3267 habere.
1352 3211 1620 3268 Beneficia
1655 3213 1702 3270 si

122 3293 432 3364 praestanda
458 3301 607 3360 sunt,
640 3305 843 3367 quanto
887 3298 1059 3370 magis
1097 3299 1323 3354 minime
1361 3301 1703 3357 auferenda?

186 3382 374 3452 (Vere.
395 3381 511 3454 38.)
549 3406 569 3431 ι
583 3383 665 3439 Ita
679 3392 733 3438 et
751 3383 844 3455 qui
866 3391 1099 3454 nuptum
1120 3385 1213 3439 dat
1236 3386 1506 3457 virginem
1524 3403 1700 3456 suam,

121 3466 261 3524 bene
289 3468 444 3525 facit.
479 3494 500 3519 ι
541 3470 689 3525 Bene
718 3471 870 3538 facit,
901 3472 1030 3541 quia
1058 3472 1206 3538 licet,
1231 3474 1377 3543 quod
1407 3475 1556 3531 facit.
1592 3498 1611 3521 ι
1634 3474 1704 3530 Ει

117 3556 209 3630 qui
241 3572 358 3612 non
402 3556 497 3613 dat
525 3565 781 3628 nuptum,
828 3558 1025 3611 melius
1071 3557 1221 3614 facit.
1255 3583 1274 3607 ι
1326 3562 1521 3617 Melius
1550 3563 1700 3633 facit,

117 3646 245 3717 quia
264 3654 320 3701 et
348 3644 493 3716 apud
513 3647 687 3700 Deum
711 3644 966 3700 meritum
987 3643 1071 3699 illi
1098 3645 1352 3715 collocat,
1382 3655 1435 3704 et
1459 3665 1491 3706 a
1516 3649 1704 3708 saeculi

114 3733 499 3790 sollicitudine
528 3733 679 3789 illam
711 3733 924 3791 liberat.

193 3822 382 3894 (Vers.
409 3822 525 3892 39.)
560 3844 580 3868 ι
606 3820 802 3878 Mulier
817 3822 1003 3878 vincta
1019 3830 1100 3879 est
1125 3825 1261 3897 lege,
1292 3826 1535 3900 quandiu
1561 3828 1704 3886 vivit

121 3910 207 3967 vir
235 3910 379 3981 ejus.
408 3933 429 3957 ι
481 3910 607 3966 Haec
636 3909 841 3967 idcirco
870 3912 1237 3984 prosequitur,
1270 3923 1332 3971 ut
1358 3914 1548 3972 doceat
1575 3918 1705 3991 quia

121 4000 341 4066 mulier,
375 3997 591 4053 etiamsi
620 4014 653 4053 a
678 3998 799 4053 viro
832 3998 1000 4055 fuerit
1028 3999 1215 4071 ejecta,
1248 4003 1492 4060 nubendi
1524 4006 1703 4062 licen-

122 4087 254 4144 tiam
313 4102 425 4143 non
479 4086 663 4143 habet.
726 4110 746 4135 ι
774 4087 832 4145 Si
878 4098 1059 4146 autem
1108 4099 1357 4147 mortuus
1398 4094 1565 4150 fuerit
1615 4096 1705 4152 vir

118 4174 237 4247 ejus
265 4175 407 4248 (54),
441 4174 670 4232 liberata
693 4184 793 4232 est.
835 4202 855 4225 ι
895 4178 1078 4233 Etiam
1109 4178 1322 4236 haecad
1361 4183 1702 4254 supradictas

128 4270 399 4341 pertinent
431 4286 648 4337 causas;
682 4277 745 4325 ut
775 4270 1026 4328 ostendat
1054 4288 1217 4345 quam
1239 4273 1395 4329 beata
1423 4276 1495 4332 sit
1526 4278 1701 4349 virgo,

130 4372 245 4414 cum
284 4359 426 4415 nulli
465 4360 573 4415 nisi
604 4358 707 4416 soli
751 4361 862 4415 Deo
889 4360 1135 4432 subjecta
1164 4362 1254 4418 sit.
1294 4362 1528 4420 Vincere
1555 4365 1703 4422 enim

127 4447 338 4504 videtur
383 4451 687 4506 naturalem
721 4449 1139 4522 subjectionem,
1184 4452 1402 4526 quando
1434 4454 1580 4527 quod
1609 4470 1704 4527 per

129 4547 366 4595 naturam
412 4539 765 4596 humiliatum
807 4547 909 4607 est,
950 4540 1130 4612 erigit.
1174 4564 1193 4588 ι
1223 4541 1326 4599 Cui
1357 4545 1479 4599 vult
1509 4544 1701 4612 nubat,

128 4635 334 4685 tantum
356 4630 413 4686 in
430 4629 687 4697 Domino,
709 4653 730 4679 ι
769 4629 825 4685 id
855 4636 956 4698 est,
978 4646 1138 4702 quem
1171 4630 1277 4685 sibi
1314 4639 1499 4703 aptum
1539 4641 1706 4705 puta-

129 4718 281 4786 verit,
314 4719 394 4774 illi
443 4717 653 4784 nubat;
686 4717 816 4790 quia
856 4718 1048 4774 invitae
1091 4720 1298 4790 nuptiaa
1325 4722 1502 4777 solent
1532 4724 1703 4780 malos

130 4814 412 4875 proventus
443 4805 661 4861 habere.
707 4829 725 4853 ι
754 4806 992 4862 Tantum
1026 4807 1086 4862 in
1113 4809 1371 4878 Domino,
1405 4834 1424 4857 ι
1467 4810 1571 4867 hoc
1599 4818 1699 4881 est,

133 4899 188 4946 ut
216 4894 328 4949 sine
373 4894 686 4965 suspicione
716 4894 1080 4966 turpitudinis
1108 4896 1298 4965 nubat,
1340 4907 1394 4955 et
1422 4899 1703 4972 religionis

132 4994 220 5038 sua
240 4983 357 5039 viro
384 4983 590 5040 nubat:
625 4983 729 5038 hoc
753 4991 835 5039 est
863 4983 922 5039 in
949 4984 1187 5041 Domino
1216 4988 1441 5044 nubere.

199 5073 371 5144 (Vers.
400 5072 521 5144 40.)
576 5096 597 5122 ι
622 5071 843 5129 Beatior
880 5079 1065 5130 autem
1092 5073 1221 5140 erit,
1249 5076 1298 5131 si
1327 5076 1409 5134 sic
1436 5093 1701 5151 perman-

164 5288 317 5413 “sﬁ‘l
337 5291 496 5349 Rom.
544 5290 703 5360 edit.,
732 5305 858 5348 cum
903 5289 1092 5364 paucis
1120 5306 1275 5361 mss.,
1306 5307 1361 5348 se
1394 5292 1565 5350 videri
1592 5296 1700 5352 eri-

139 5369 317 5417 ttunat.

203 5432 307 5506 (54)
332 5435 410 5489 Ita
438 5440 549 5506 vet.
582 5431 715 5489 edit.
755 5448 818 5489 ac
848 5431 1093 5506 plerique
1123 5449 1251 5491 mss.
1281 5452 1294 5500 ;
1327 5435 1486 5491 Rom.
1517 5442 1697 5494 autem

140 5499 404 5577 ﬁdibrc'un
432 5504 796 5577 aliisaliquot
824 5499 976 5571 mss.,
1005 5499 1161 5573 Quod
1192 5507 1238 5560 si
1265 5499 1554 5562 dormierit.

205 5574 312 5644 (55)
356 5576 618 5647 Nonnulli
673 5574 826 5643 mss.,
868 5577 1033 5647 solent
1070 5577 1124 5647 in
1158 5577 1425 5632 diversum
1457 5578 1699 5647 juniores

142 5640 407 5719 ilicei-rere.
441 5646 545 5701 Hic
571 5662 786 5719 quoque
811 5640 1085 5719 quidquid
1108 5646 1407 5719 intercedit
1432 5640 1475 5704 δ’
1493 5650 1693 5708 verbis:

143 5712 350 5787 Denique
377 5712 1028 5790 prinwe'nuﬁtiw,_usque
1056 5717 1124 5775 ad
1152 5722 1390 5776 concedit
1425 5722 1696 5788 secundas,

1732 4598 1782 4657 D

1812 636 2015 710 perius,
2063 638 2245 705 nubat,
2280 638 2391 707 lege
2423 636 2667 708 loquitur
2696 637 2929 692 naturali
2962 656 2976 704 ;
3019 655 3328 712 quanquam
3357 660 3391 699 a

1811 727 1925 783 Deo
1972 724 2161 799 primae
2217 724 2423 797 nuptiae
2468 725 2598 792 sint,
2639 725 2889 783 secundae
2936 742 3065 782 vero
3116 730 3391 800 permissas

1812 822 1957 873 sunt.
1992 815 2236 887 Denique
2265 815 2453 887 primae
2483 814 2688 888 nuptiae
2734 815 2835 873 sub
2877 815 3255 874 benedictione
3292 819 3394 875 Dei

1813 902 2155 960 celebrantur
2208 903 2547 961 sublimiter:
2601 904 2851 961 secundm
2897 913 3078 960 autem
3129 905 3294 960 etiam
3333 905 3393 960 in

1812 993 2068 1065 presenti
2102 1002 2288 1049 carent
2329 994 2531 1065 gloria;
2584 1009 2850 1049 concessae
2893 1002 3022 1049 sunt
3049 1001 3229 1049 autem
3272 1010 3392 1065 pro-

1812 1089 1934 1152 pter
1978 1080 2468 1137 incontinentiam:
2512 1090 2565 1137 et
2597 1081 2725 1154 quia
2755 1082 2931 1137 solent
2969 1081 3259 1136 viduarum
3290 1080 3397 1153 ju-

1813 1168 1997 1225 niores
2022 1169 2300 1225 incurrere
2340 1170 2488 1241 (55);
2539 1187 2601 1226 ac
2640 1186 2735 1241 per
2781 1169 2886 1226 hoc
2915 1168 3168 1226 concedit
3203 1185 3394 1225 secun-

1814 1258 1928 1315 das.
1962 1259 2064 1315 Sed
2095 1260 2224 1332 quia
2252 1260 2448 1315 melius
2476 1267 2558 1315 est
2577 1267 2637 1314 ut
2657 1276 2713 1315 se
2743 1260 3051 1325 contineat;
3084 1267 3144 1314 ut
3174 1258 3396 1330 dignior

1814 1347 1887 1403 sit
1917 1347 1973 1402 in
2003 1347 2208 1416 futuro,
2241 1348 2535 1405 consilium
2566 1349 2659 1405 dat
2687 1348 2925 1420 spiritali
2953 1348 3164 1404 ratione
3193 1347 3394 1420 praeci-

1814 1450 2006 1507 puum,
2057 1443 2119 1491 ut
2161 1453 2218 1493 se
2259 1437 2534 1494 contineat
2579 1438 2718 1509 (56).
2781 1461 2800 1484 ι
2828 1439 2966 1493 Ριιιο
3007 1437 3153 1493 enim
3201 1446 3255 1492 et
3295 1452 3394 1508 ego

1815 1523 2077 1594 Spiritum
2105 1525 2203 1580 Dei
2242 1525 2453 1592 habeo;
2486 1552 2504 1575 ι
2546 1535 2608 1583 ιιι
2638 1535 2815 1583 ratum
2846 1535 2899 1582 et
2930 1526 3221 1598 providum
3252 1542 3397 1583 con-

1816 1611 2002 1667 silium
2033 1629 2192 1669 suum
2233 1614 2503 1683 ostendat,
2547 1614 2861 1672 humilitate
2906 1614 3062 1672 verbi
3105 1614 3210 1674 hoc
3233 1630 3396 1673 com-

1816 1699 2038 1757 mendat
2065 1702 2175 1759 alto
2204 1718 2386 1761 sensu.

2398 1848 2624 1907 CAPUT
2664 1850 2809 1909 VIII.

1888 1962 2068 2035 (Vers.
2101 1965 2181 2036 l.)
2224 1967 2340 2021 «De
2368 1964 2456 2021 his
2475 1975 2656 2022 autem
2677 1984 2797 2039 qua:
2826 1965 2988 2023 idolis
3008 1967 3390 2037 immolantur,

1814 2051 2017 2107 scimus
2045 2052 2174 2123 quia
2219 2069 2406 2108 omnes
2445 2054 2726 2110 scientiam
2766 2054 3048 2111 habemus.
3080 2079 3099 2102 -
3140 2056 3299 2112 Nunc
3327 2055 3397 2111 de

1814 2138 2043 2195 scientia
2082 2142 2363 2196 locuturus
2408 2149 2525 2197 est:
2577 2158 2696 2214 quae
2743 2142 2816 2197 sit
2856 2142 3102 2211 scientia,
3135 2159 3247 2199 non
3274 2152 3396 2199 sta-

1813 2226 1912 2283 tim
1943 2228 2097 2295 dicit,
2130 2228 2223 2284 sed
2252 2230 2310 2284 in
2351 2229 2613 2302 subjectis
2639 2230 2880 2288 ostendit
2909 2230 3116 2301 dicens,
3148 2231 3277 2304 quia
3313 2231 3398 2288 ni-

1815 2312 1899 2371 hil
1921 2323 2005 2372 est
2031 2316 2261 2374 idolum.

1898 2428 1919 2453 ι
1968 2406 2204 2460 Scientia
2250 2404 2423 2462 inﬂat.
2474 2432 2494 2456 ι
2564 2408 2915 2466 Manifestum
2967 2417 3050 2466 est
3104 2406 3395 2467 habentem

1815 2492 2099 2549 scientiam
2132 2494 2187 2549 in
2209 2512 2273 2550 eo
2302 2495 2419 2567 ipso
2449 2498 2693 2567 gloriari,
2723 2499 2769 2555 si
2800 2516 2912 2555 non
2941 2499 3097 2569 foris,
3118 2500 3247 2572 quia
3270 2516 3395 2571 pru-

1815 2580 1947 2637 dens
1975 2591 2074 2649 est,
2107 2583 2195 2637 vel
2226 2584 2370 2655 apud
2399 2601 2474 2639 se.
2507 2585 2691 2641 Genus
2720 2587 2868 2642 enim
2897 2587 3140 2643 scientiae
3168 2586 3274 2642 hoc
3292 2596 3394 2656 est,

1812 2677 1878 2725 ut
1929 2670 2195 2741 glorietur
2242 2688 2300 2727 in
2341 2689 2474 2741 sese,
2525 2673 2649 2729 ideo
2697 2673 2871 2731 inﬂat.
2935 2700 2954 2723 ι
2983 2675 3233 2733 Charitas
3264 2691 3395 2730 vero

1814 2758 2064 2814 aedificat.
2095 2784 2115 2808 ι
2176 2761 2362 2832 Itaque
2391 2769 2523 2816 tunc
2569 2760 2799 2816 scientia
2829 2778 3021 2830 magna
3052 2769 3154 2828 est,
3187 2770 3241 2816 et
3286 2761 3395 2817 sibi

1814 2846 1987 2914 utilis,
2038 2845 2086 2902 si
2127 2846 2392 2904 charitate
2436 2847 2780 2913 humilietur,
2811 2856 2872 2903 ut
2901 2848 3138 2919 amplius
3166 2854 3391 2905 crescat.

1814 2933 2166 3006 Temperatur
2211 2935 2358 2992 enim
2400 2952 2433 2990 a
2470 2934 2783 3002 dilectione,
2813 2943 2875 2991 ut
2921 2953 3031 2992 non
3070 2934 3202 2992 satis
3246 2952 3397 2994 mera

1813 3024 1906 3093 sit,
1936 3032 1991 3080 et
2020 3024 2254 3080 inebriet
2282 3026 2564 3093 scientem,
2598 3034 2659 3081 ut
2699 3042 2754 3080 se
2782 3025 3031 3082 extollat.
3061 3025 3216 3081 Sicut
3244 3026 3394 3082 enim

1814 3112 2006 3169 vinum
2056 3130 2166 3170 non
2209 3122 2567 3187 temperatum
2598 3112 2925 3169 admistione
2961 3130 3115 3184 aqua)
3157 3121 3395 3171 mentem

1815 3203 2015 3258 alienat
2046 3220 2060 3270 ;
2091 3203 2170 3258 ita
2215 3211 2269 3259 et
2295 3202 2524 3259 scientia
2557 3201 2852 3275 superbum
2895 3202 3046 3270 facit,
3092 3201 3199 3258 nisi
3228 3202 3396 3260 fuerit

1815 3302 2131 3366 temperata.
2163 3295 2360 3351 Omnia
2380 3295 2525 3349 enim
2548 3294 2663 3349 sola
2686 3294 2936 3348 insuavia
2956 3301 3085 3348 sunt
3102 3300 3157 3349 et
3174 3293 3390 3360 nociva;

1812 3383 1940 3454 quia
1970 3398 2071 3438 nec
2117 3383 2270 3452 panis
2307 3383 2457 3437 solus
2485 3381 2622 3436 bene
2669 3380 2873 3445 editur,
2917 3395 3017 3435 nec
3054 3380 3253 3451 reliqui
3282 3378 3393 3435 cibi

1812 3471 1930 3525 sine
1958 3470 2285 3525 admistione
2328 3470 2465 3540 grati
2519 3476 2669 3533 sunt,
2708 3467 2801 3523 sed
2844 3468 3027 3523 novici
3061 3469 3217 3538 (57);
3269 3466 3392 3522 ideo

1813 3556 2050 3613 charitas
2089 3556 2341 3613 aedificat.
2381 3558 2503 3628 Ipsa
2538 3556 2775 3612 charitas
2819 3573 2930 3611 uno
2967 3555 3094 3611 licet
3123 3554 3391 3612 vocabulo

1812 3646 2137 3719 appelletur,
2175 3644 2365 3700 multis
2408 3653 2587 3699 tamen
2634 3643 2923 3709 consistit;
2976 3643 3094 3698 sine
3128 3644 3392 3715 patientia

1812 3736 1959 3791 enim
1989 3751 2099 3790 non
2128 3741 2323 3807 potest,
2355 3749 2530 3805 neque
2558 3734 2676 3789 sine
2705 3732 3040 3797 humilitate,
3071 3748 3245 3805 neque
3273 3732 3392 3789 sine

1812 3823 1992 3881 cordis
2034 3824 2407 3895 simplicitate.
2442 3821 2509 3877 Hi
2550 3838 2677 3893 ergo
2705 3819 2881 3876 inflati
2911 3828 3065 3876 erant
3095 3836 3191 3893 per
3218 3820 3389 3877 scien-

1813 3913 1963 3979 tiam,
2010 3912 2139 3985 quia
2191 3912 2331 3967 nihil
2385 3919 2465 3967 est
2507 3910 2736 3978 idolum,
2788 3910 2882 3982 qui
2924 3918 3114 3967 contra
3159 3909 3390 3966 salutem

1812 4004 2039 4060 fratrum
2099 4004 2476 4076 imperitorum
2527 4009 2666 4065 139
2720 4018 2909 4060 carnes
2963 4001 3391 4059 sacriﬁcatorum

1812 4101 2043 4158 edebant
2076 4101 2214 4173 (58),
2248 4100 2480 4155 scientes
2511 4099 2673 4155 licere
2705 4115 2925 4155 carnem
2956 4099 3151 4164 edere;
3185 4108 3238 4155 et
3262 4098 3393 4170 quia

1813 4190 1952 4245 nihil
1984 4198 2065 4244 est
2104 4188 2334 4256 idolum,
2378 4188 2501 4243 ideo
2548 4203 2657 4243 non
2705 4188 3066 4243 contaminari
3114 4186 3387 4243 edentem.

1813 4281 1881 4337 Hi
1910 4279 2165 4336 seandalo
2210 4286 2365 4336 erant
2408 4278 2691 4346 fratribus,
2722 4278 3046 4335 charitatem
3076 4295 3185 4351 prae
3214 4278 3392 4335 oculis

1811 4384 1921 4424 non
1952 4368 2212 4424 habentes
2243 4386 2258 4436 ;
2299 4368 2428 4441 quia
2461 4369 2583 4439 plus
2623 4376 2740 4424 erat
2772 4384 2988 4424 carnem
3021 4376 3390 4438 contemnere,

1812 4475 1971 4532 quam
2016 4457 2278 4513 fratribus
2329 4457 2644 4513 scandalum
2694 4455 2888 4512 facere.
2951 4457 3190 4512 Scientia
3241 4455 3390 4512 enim

1813 4548 2034 4604 illorum
2085 4548 2396 4604 destruebat
2445 4548 2659 4603 animos
2707 4547 3084 4619 imperitorum
3135 4547 3388 4613 fratrum,

1814 4638 2125 4711 putantium
2158 4654 2270 4693 esse
2299 4637 2417 4692 illic
2447 4636 2592 4708 apud
2623 4636 2834 4692 idolum
2865 4636 3102 4708 aliquam
3133 4634 3387 4705 gratiam;

1813 4727 2033 4800 quando
2088 4726 2375 4799 peritiores
2430 4723 2624 4779 fratres
2672 4724 2931 4779 interesse
2985 4723 3120 4788 illic,
3171 4728 3226 4776 et
3276 4735 3389 4777 non

1810 4815 2032 4872 horrere
2059 4814 2340 4871 videbant.
2383 4812 2509 4869 Ideo
2553 4813 2665 4868 ait:
2720 4834 2740 4858 ι
2778 4810 3028 4867 Charitas
3054 4808 3325 4878 aedificat;
3355 4833 3377 4859 ι

1810 4911 1874 4960 ιιι
1908 4905 2069 4961 saluti
2118 4904 2348 4960 fratrum
2394 4900 2691 4964 studentes,
2739 4897 2979 4953 scientia
3023 4897 3140 4955 illic
3174 4897 3388 4973 legibus

1810 5010 1923 5051 non
1951 5000 2254 5061 uterentur,
2288 5006 2356 5046 ne
2385 4988 2498 5044 illis
2526 4985 2843 5043 scandalum
2874 4985 3132 5043 facerent.

1882 5080 2063 5154 (Vers.
2113 5078 2195 5151 2.)
2253 5101 2273 5127 ι
2309 5074 2466 5144 Quod
2512 5074 2560 5131 si
2597 5074 2722 5148 quis
2759 5072 3039 5134 existimat
3081 5093 3141 5134 se
3179 5077 3390 5154 aliquid

1807 5297 1866 5353 in
1896 5295 2057 5353 Corb.
2087 5311 2191 5350 ms.
2222 5292 2677 5367 praetermittitur.

1879 5367 1994 5437 (56)
2042 5367 2197 5443 Rom.
2225 5361 2389 5443 edit._,
2434 5364 2650 5443 omissis
2687 5363 2869 5443 verbis
2906 5369 2965 5419 ut
3007 5378 3061 5417 se
3086 5361 3387 5443 contineat,

1808 5433 2298 5563 itﬁpr‘osequitur:
2346 5437 2484 5492 Puto
2516 5435 2649 5491 enim
2685 5442 2735 5491 et
2779 5452 2866 5508 ego
2910 5450 2989 5489 me
3015 5433 3262 5504 spiritum
3289 5433 3392 5490 Dei

1910 5526 2009 5563 ere.

1806 5509 2009 5564 habere.

1882 5581 1997 5654 (δη
2016 5579 2150 5654 Mss.
2166 5579 2398 5654 aliquot,
2422 5581 2513 5654 sed
2536 5593 2641 5654 non
2654 5577 2863 5643 nocivi;
2894 5573 3045 5654 haud
3068 5574 3201 5654 satis
3219 5583 3385 5654 recte.

1880 5645 1998 5724 (58)
2031 5651 2190 5709 Corb.
2234 5645 2502 5724 c'od.,qui
2530 5653 2670 5709 idolo
2698 5655 2883 5724 contra
2907 5647 3129 5724 salutem
3152 5645 3393 5718 fratrum

1809 5718 2175 5796 imperitorum
2202 5718 2384 5780 carnes
2411 5718 2736 5796 Sacri/iectas
2761 5718 2995 5776 edebant.
