3976 6376
575 412 680 472 239

1580 410 1678 468 AD
1716 409 1949 468 OPERA
1987 412 2042 467 S.
2085 409 2413 467 AMBllOSll
2453 409 2828 466 APPENDIX.
3735 404 3822 470 240

573 536 730 602 scire,
752 532 1002 591 nondum
1016 533 1745 608 cognovitquemadmodum
1765 544 2006 607 oporteat
2030 553 2150 591 eum
2184 539 2232 596 A
2270 536 2469 590 Verum
2503 543 2601 601 est,
2637 535 2762 605 quEa
2795 549 2901 588 non
2933 530 3055 586 ideo
3091 528 3204 586 Deo
3229 531 3564 603 placebimus
3591 531 3631 588 si
3663 535 3826 593 omnia

573 625 732 682 scire.
765 649 784 672 ι
825 625 936 679 Eos
963 623 1111 696 ipsos
1145 623 1238 696 qui
1270 623 1327 679 in
1355 624 1580 680 scientia
1613 623 1936 695 gloriantur,
1967 634 2162 680 osten—

573 713 656 769 dit
705 729 819 769 non
867 713 943 770 ita
991 711 1331 784 cognovisse,
1382 713 1524 769 sicut
1576 713 2011 785 cognoscendum
2057 720 2156 768 est.

573 803 717 856 Dum
766 802 913 858 enim
960 801 1304 872 charitatem,
1349 819 1469 876 qua:
1499 810 1672 858 mater
1699 801 1946 860 omnium
1995 801 2160 856 bono.

573 909 696 946 rum
727 899 828 959 est,
863 907 972 946 non
1011 899 1308 960 sectantur,
1345 909 1457 949 non
1504 893 1690 950 sciunt
1736 893 1878 950 sicut
1925 899 2156 964 oportet.

572 981 642 1036 Ut
671 997 800 1051 ergo
829 980 1059 1038 scientia
1087 981 1331 1040 fructum
1369 982 1569 1041 habere
1600 983 1792 1057 possit,
1822 983 2077 1042 cbaritati
2103 999 2161 1040 se

582 1068 734 1126 iebet
761 1068 1050 1142 subjicere.

647 1159 829 1231 (Vers.
852 1159 933 1231 3.)
971 1183 990 1208 ε
1009 1159 1066 1216 Si
1086 1175 1219 1216 vero
1241 1159 1366 1234 quis
1384 1161 1774 1233 diligitDeum,
1799 1162 1894 1220 hic
1911 1163 2164 1234 cognitus

592 1256 655 1308 tst
685 1247 751 1302 ab
780 1265 864 1305 eo.
896 1273 916 1298 ι
960 1248 1064 1305 Hic
1111 1248 1293 1322 diligit
1321 1254 1519 1319 Deum,
1550 1253 1645 1326 qui
1688 1251 1974 1308 charitatis
2003 1267 2164 1307 causa

578 1339 867 1394 scientiam
897 1340 1116 1412 mitigat
1141 1347 1204 1397 ut
1235 1343 1409 1414 prosit
1436 1342 1614 1413 fratri,
1647 1359 1748 1415 pro
1777 1359 1884 1416 quo
1914 1341 2164 1400 Christus

579 1437 829 1486 mortuus
853 1440 953 1488 est.

650 1519 832 1590 (Vers.
864 1521 946 1593 4.)
995 1545 1014 1570 ι
1041 1521 1119 1578 De
1147 1522 1284 1580 cibis
1315 1523 1482 1596 igitur
1509 1523 1818 1582 simulacris
1843 1524 2157 1580 immolato-

576 1625 699 1664 rum
751 1611 888 1681 (59).
934 1635 952 1658 ι
1016 1612 1173 1668 Nunc
1224 1630 1441 1669 causam
1497 1614 1667 1684 ipsam
1719 1621 2034 1686 pertractat,
2100 1621 2163 1670 ut

578 1700 827 1755 ostendat
873 1717 968 1772 per
1025 1702 1294 1760 rationem
1344 1704 1629 1760 scientiam
1687 1721 1796 1760 non
1826 1706 2003 1760 solum
2050 1721 2163 1760 non

576 1790 858 1860 proﬁcere,
931 1791 1195 1848 charitate
1277 1803 1610 1866 contempta,
1680 1795 1773 1851 sed
1839 1803 1890 1850 et
1955 1795 2159 1852 obesse.

2270 625 2582 679 ederimus:
2629 631 2721 677 aut
2763 622 3099 676 oll'endemus
3145 621 3190 676 si
3237 621 3420 694 aliqua
3464 623 3824 694 contempserio

2269 729 2409 768 mus.
2475 735 2494 760 ι
2545 713 2727 784 Neque
2774 713 2919 766 enim
2977 712 3022 766 si
3069 709 3360 779 ederimus,
3406 709 3822 778 abundabimus;

2271 817 2445 872 neque
2488 803 2533 857 si
2579 819 2690 856 non
2721 801 3014 868 oderimus,
3061 799 3235 855 dcent
3253 799 3431 855 nobis.
3464 823 3484 852 ι
3531 800 3829 872 Contempto

2270 892 2413 945 enim
2467 891 2859 946 sacriﬁciorum
2907 906 3046 956 esca,
3089 905 3199 945 non
3251 889 3442 961 utique
3489 889 3658 944 deerit
3699 889 3828 962 quod

2271 981 2498 1049 edatur;
2537 982 2582 1037 si
2615 991 2793 1038 autem
2824 989 3041 1044 summa
3070 981 3258 1050 fuerit,
3289 997 3400 1037 non
3426 979 3740 1048 abundabit,
3763 980 3828 1038 ita

2271 1078 2334 1126 ut
2374 1071 2516 1126 nihil
2565 1070 2911 1142 requiratur:
2960 1085 3024 1126 ac
3072 1085 3169 1142 per
3200 1069 3306 1124 hoc
3345 1067 3688 1139 abjicienda;
3719 1067 3828 1139 quia

2273 1175 2446 1231 neque
2487 1159 2604 1215 sine
2645 1160 2742 1214 illa
2769 1175 2881 1215 non
2911 1157 3123 1214 vivitur
3148 1163 3204 1216 et
3230 1155 3545 1214 scandalum
3592 1155 3828 1214 fratribus

2271 1258 2378 1308 est.

2344 1339 2524 1410 (Vers.
2562 1339 2643 1411 9.)
2701 1363 2720 1390 ι
2757 1338 2897 1396 Vide
2927 1345 3108 1394 tamen
3153 1355 3222 1395 ne
3253 1338 3394 1394 forte
3424 1337 3648 1395 licentia
3673 1342 3828 1392 vestra

2272 1429 2500 1484 offensio
2530 1428 2622 1484 ﬁat
2654 1428 2906 1484 infirmis.
2941 1454 2959 1478 ι
2999 1429 3114 1485 Hoc
3133 1437 3232 1496 est,
3261 1443 3330 1484 ne
3357 1427 3487 1500 quia
3506 1427 3670 1483 licere
3696 1423 3830 1480 vobis

2273 1517 2429 1572 edere
2455 1534 2669 1572 carnem
2702 1518 2768 1573 de
2797 1517 3065 1574 sacriﬁcio
3093 1518 3298 1586 dicitis,
3327 1533 3424 1589 per
3456 1515 3512 1572 id
3541 1513 3685 1588 quod
3710 1511 3830 1569 nihil

2273 1621 2386 1660 esse
2425 1605 2634 1660 idolum
2671 1607 2844 1671 scitis,
2877 1607 3234 1662 offensionem
3281 1605 3547 1678 generetis
3573 1601 3829 1672 fratribus,

2273 1695 2366 1766 qui
2396 1695 2646 1750 nesciunt
2677 1695 2856 1751 adhuc
2879 1696 3006 1768 quia
3037 1694 3177 1751 nihil
3213 1703 3293 1751 est
3321 1695 3553 1752 idolum.

2345 1784 2525 1856 (Vers.
2569 1784 2683 1856 10.)
2745 1808 2763 1834 ι
2793 1783 2849 1841 Si
2881 1785 3026 1840 enim
3057 1785 3182 1857 quis
3211 1785 3413 1841 viderit
3439 1799 3588 1851 eum,
3619 1779 3711 1855 qui
3743 1779 3832 1836 ha-

590 1903 607 1924 .
639 1879 854 1935 scimus
898 1880 1027 1952 quia
1055 1881 1196 1938 nihil
1231 1891 1310 1937 est
1355 1884 1732 1953 simulacrum,
1765 1892 1819 1940 et
1847 1883 1974 1956 quia
2002 1900 2164 1940 nemo
2190 1894 2236 1954 Β
2270 1875 2362 1932 bet
2390 1877 2669 1932 scientiam
2715 1877 2773 1932 in
2818 1876 2990 1933 idolio
3019 1876 3446 1940 recumbentem,
3486 1887 3672 1928 nonne
3715 1885 3831 1926 con-

575 1969 741 2036 Deus,
794 1967 902 2023 nisi
951 1985 1114 2026 unus.
1144 1995 1164 2020 »
1207 1971 1412 2030 Verum
1461 1981 1542 2029 est
1572 1967 1782 2045 {apud
1829 1971 2167 2030 Christianos

574 2057 722 2112 enim
750 2074 894 2114 unus
922 2067 1003 2115 est
1028 2061 1192 2116 Deus.

648 2145 831 2218 (Vers.
863 2147 942 2220 5.)
988 2171 1007 2194 ι
1037 2148 1188 2208 Licet
1216 2149 1328 2207 sint
1355 2151 1716 2224 quidicantur
1744 2150 1825 2208 dii
1851 2157 1905 2209 et
1932 2149 2164 2222 domini,

574 2235 690 2291 sive
714 2235 773 2290 in
801 2237 962 2304 coelo,
993 2237 1110 2293 sive
1142 2237 1198 2292 in
1230 2246 1392 2294 terra.
1426 2265 1444 2289 ν
1489 2242 1534 2296 Λ
1575 2241 1798 2312 paganis
1827 2240 1973 2296 enim
2004 2249 2056 2296 et
2085 2239 2167 2297 sol

575 2333 630 2380 et
658 2326 788 2382 luna
835 2335 889 2384 et
935 2335 1130 2384 caetera
1167 2329 1345 2384 sidera
1378 2329 1457 2385 dii
1497 2332 1743 2386 cmlcstes
1779 2330 2074 2386 dicuntur:
2107 2330 2165 2385 in

573 2421 718 2471 terra
772 2416 1108 2488 Apollinem,
1163 2417 1562 2490 Esculapium,
1615 2419 1926 2489 Herculem,
1971 2419 2167 2478 Miner-

575 2519 702 2560 vam
733 2503 863 2561 deos
894 2504 1088 2562 dicunt
1111 2513 1164 2562 et
1195 2507 1470 2563 dominos.

651 2591 832 2664 (Vers.
865 2594 945 2668 6.)
1009 2620 1028 2646 ι
1055 2595 1224 2652 Nobis
1275 2605 1458 2652 tamen
1489 2611 1632 2651 unus
1677 2597 1822 2652 Deus
1869 2595 2046 2666 Pater,
2095 2609 2166 2652 ex

579 2696 690 2751 quo
717 2681 923 2751 omnia,
975 2691 1029 2738 et
1076 2699 1176 2739 nos
1207 2683 1265 2739 in
1312 2684 1430 2739 illo.
1463 2707 1483 2731 ι
1535 2683 1735 2740 Omnia
1780 2683 1926 2738 enim
1971 2699 2038 2738 ex
2069 2683 2166 2738 illo

577 2787 804 2845 quisque
834 2782 982 2841 sunt,
1028 2771 1344 2845 ubicunque
1377 2779 1524 2829 sunt.
1577 2771 1714 2829 Cum
1758 2781 1939 2829 autem
1989 2771 2162 2829 dicit:

592 2881 611 2904 ι
638 2860 710 2916 Et
739 2877 839 2918 nos
869 2862 926 2916 in
957 2861 1078 2930 illo,
1109 2886 1128 2909 ι
1169 2862 1434 2919 discrevit
1461 2877 1562 2917 nos
1591 2877 1623 2916 a
1649 2863 1880 2931 czeteris,
1920 2861 2014 2936 qui
2038 2879 2164 2918 cum

575 2963 648 3002 ex
695 2947 795 3004 illo
839 2948 971 3016 sint,
1003 2965 1114 3005 non
1158 2957 1341 3005 tamen
1393 2959 1522 3005 sunt
1568 2951 1624 3004 in
1673 2951 1790 3020 illo,
1823 2951 1954 3007 dum
1986 2951 2168 3009 adhuc

577 3051 693 3090 non
723 3035 972 3092 credunt.
1027 3059 1046 3083 ι
1079 3037 1150 3092 Et
1183 3053 1328 3094 unus
1377 3037 1647 3094 Dominus
1673 3040 1847 3108 Iesus,
1877 3056 1973 3112 per
2005 3057 2164 3113 quem

579 3122 785 3192 omnia,
834 3131 888 3180 et
915 3141 1016 3180 nos
1044 3141 1139 3197 per
1187 3125 1388 3198 ipsum.
1425 3151 1445 3175 ι
1492 3127 1690 3183 Omnia
1719 3129 1867 3183 enim
1899 3145 1967 3184 ex
2009 3129 2167 3184 Patre

579 3208 822 3280 quidem,
855 3209 950 3266 sed
974 3226 1072 3282 per
1099 3211 1303 3268 Filium
1335 3219 1514 3268 creata
1533 3221 1681 3270 sunt.
1707 3213 1809 3269 Sed
1839 3231 1963 3270 cum
1996 3213 2160 3270 dicit:

593 3321 612 3346 ε
641 3299 714 3355 Et
751 3315 852 3356 nos
893 3315 990 3373 per
1043 3299 1242 3374 ipsum,
1273 3328 1290 3351 ι
1332 3303 1656 3360 reformatos
1702 3320 1801 3359 nos
1839 3320 1934 3375 per
1963 3303 2166 3374 ipsum,

574 3404 672 3461 per
701 3405 861 3462 quem
909 3390 1077 3448 creati
1106 3391 1404 3461 fueramus,
1441 3392 1714 3464 signiﬁcat
1740 3392 1798 3448 in
1842 3391 1942 3447 Dei
1985 3393 2169 3464 cogni-

575 3479 760 3548 tione;
797 3481 926 3554 quia
955 3481 1084 3539 facti
1123 3499 1220 3555 per
1248 3483 1429 3558 ipsum
1477 3501 1605 3540 cum
1630 3481 1862 3551 caeteris,
1893 3490 2016 3554 post
2057 3490 2168 3539 stu-

575 3585 762 3640 porem
795 3569 997 3624 mentis
1026 3579 1080 3625 et
1109 3571 1433 3643 ignorantia:
1463 3589 1564 3630 nos
1589 3589 1685 3644 per
1708 3573 1886 3645 ipsum
1932 3571 2170 3642 agnovi-

576 3671 700 3710 mus
721 3655 1044 3726 mysterium
1071 3657 1238 3712 unius
1257 3660 1376 3714 Dei.
1400 3658 1582 3714 Unum
1605 3677 1732 3732 ergo
1757 3663 1930 3715 Deum
1953 3659 2168 3716 Patrem

575 3747 743 3816 dixit,
775 3757 827 3804 et
867 3763 1041 3804 unum
1088 3749 1387 3808 Dominum
1437 3751 1620 3807 Jesum
1669 3752 1873 3807 Filium
1917 3753 2073 3823 ejus;
2107 3759 2170 3808 ut

577 3837 708 3911 quia
733 3836 878 3892 Deus
924 3853 1031 3892 non
1077 3845 1254 3910 potest
1282 3854 1394 3894 non
1425 3853 1541 3894 esse
1577 3839 1866 3908 Dominus,
1915 3839 2170 3896 similiter

576 3933 632 3982 et
680 3926 948 3983 Dominus
996 3926 1336 4000 intelligatur
1371 3943 1486 3982 esse
1531 3934 1584 3982 et
1630 3929 1798 3997 Deus,
1836 3944 2008 3984 unum
2055 3945 2168 3987 esse

573 4016 748 4071 Deum
800 4023 854 4072 et
899 4016 1196 4072 Dominum
1254 4016 1675 4090 demonstraret,
1730 4017 1957 4076 modum
2005 4019 2170 4075 unius

575 4103 837 4176 principii
867 4106 1260 4164 conservando.

657 4192 840 4264 (Vers.
881 4193 966 4264 7.)
1019 4219 1038 4242 α
1065 4194 1171 4250 Sed
1216 4197 1416 4254 nonin
1462 4195 1721 4254 omnibus
1749 4205 1831 4254 est
1859 4197 2105 4254 scientia.
2135 4223 2154 4248 ι

575 4281 638 4338 Id
667 4290 768 4351 est,
801 4299 912 4339 non
942 4299 1131 4340 omnes
1157 4293 1362 4341 norunt
1403 4285 1686 4343 credentes
1715 4287 2038 4360 mysterium
2066 4285 2169 4342 Dei

575 4372 748 4429 unius
773 4389 788 4440 ;
844 4371 966 4429 ideo
997 4371 1222 4446 quidam
1262 4380 1460 4446 putant
1487 4389 1552 4430 ex
1584 4374 1654 4431 iis
1683 4374 1777 4448 qui
1811 4375 2044 4432 credunt
2069 4375 2166 4432 ali-

519 4507 521 4510 .
575 4461 710 4536 quid
739 4461 984 4519 numinis
1014 4461 1072 4517 in
1103 4462 1433 4519 simulacris.

658 4577 678 4602 ι
723 4553 859 4610 Nam
909 4551 1081 4626 aliqui
1131 4551 1313 4609 adhuc
1359 4551 1697 4610 conscientia
1737 4552 1871 4610 idoli
1912 4553 2065 4626 quasi
2095 4552 2166 4609 si-

573 4647 821 4702 mulacro
851 4643 1197 4699 immolatum
1246 4641 1599 4698 manducant.
1633 4667 1652 4690 ι
1719 4645 1797 4698 De
1837 4643 1991 4714 plebe
2021 4643 2166 4700 enim

572 4736 744 4808 aliqui
785 4734 966 4791 adhuc
1002 4749 1129 4790 cum
1173 4731 1524 4788 veneratione
1554 4731 1836 4787 simulacri
1864 4730 2169 4788 manduca—

574 4825 708 4884 bant
735 4827 802 4883 de
833 4825 1172 4894 sacriﬁcatis,
1207 4824 1363 4898 quasi
1395 4823 1580 4896 aliqua
1628 4829 1766 4878 esset
1806 4823 1922 4878 illic
1951 4822 2168 4880 divini-

575 4923 679 4970 tas.
747 4939 766 4962 ι
808 4917 879 4972 Et
933 4915 1266 4974 conscientia
1323 4913 1557 4970 aliorum
1616 4930 1741 4970 cum
1799 4913 1871 4968 sit
1925 4913 2164 4981 inﬁrma,

589 5003 983 5074 toinquinatur.
1020 5029 1041 5055 ι
1097 5005 1405 5066 Maculatur
1443 5003 1802 5076 conscientia,
1852 5003 1900 5060 si
1944 5003 2166 5062 inﬁrma

595 5101 661 5154 tst
689 5091 834 5148 circa
862 5094 1056 5150 Deum.

651 5185 834 5259 (Vers.
853 5183 944 5257 8.)
973 5208 991 5232 ‹
1009 5185 1145 5244 Esca
1163 5193 1344 5246 autem
1369 5203 1472 5246 nos
1497 5207 1610 5250 non
1621 5191 1970 5250 commendat
1989 5191 2154 5252 Deo.»

651 5403 767 5479 (€59)
800 5401 957 5479 Edit.
995 5417 1058 5479 ac
1101 5417 1228 5479 mss.
1275 5403 1570 5479 nonnulli,
1593 5406 1679 5479 _De
1716 5408 1842 5464 cibis
1873 5407 2038 5478 igitur
2073 5409 2167 5479 qui

579 5472 879 5528 simulacris
937 5472 1109 5546 (edit:
1157 5475 1491 5546 R0111.,__qui
1537 5472 1731 5546 idolis)
1793 5472 2158 5537 iuunoltmtur.

580 5546 981 5617 12111111110t01'u1n
1009 5563 1031 5612 ,'
1090 5545 1250 5617 B0111.
1306 5543 1464 5617 edit”
1517 5543 2002 5617 Ιηιηιοὶὶιῑὶῑὶωάηι,
2052 5559 2158 5607 elo.

580 5616 851 5688 I\'os_alios_
883 5633 1010 5674 mss.
1050 5616 1234 5688 plures
1267 5615 1613 5688 potioresque
1643 5621 1810 5674 secuti
1843 5615 2050 5676 sumus.

653 5685 764 5770 (6Q)
798 5686 1018 5770 Sicvet.
1047 5685 1191 5770 edit.
1211 5685 1277 5745 ac
1290 5685 2014 5770 _plu1'i11'1l:p1'0batissimique
2029 5709 2156 5750 mss.

579 5757 746 5815 semel
774 5763 831 5814 et
864 5755 1066 5816 iterum
1100 5777 1112 5816 :
1145 5769 1200 5817 at
1245 5755 1476 5834 utroque
1521 5755 1643 5816 loco
1673 5761 1828 5818 Rom.
1861 5755 1994 5818 edit.
2035 5779 2161 5820 cum

2277 1966 2504 2021 scientia
2538 1965 2676 2036 ejus,
2708 1983 2831 2023 cum
2863 1967 2934 2022 sit
2964 1966 3200 2036 inﬁrma,
3231 1963 3596 2022 mdiﬁcabitur
3615 1960 3683 2017 ad
3710 1974 3829 2014 man-

2278 2053 2586 2110 ducandum
2629 2055 2696 2110 de
2735 2055 3092 2111 simulacris?
3135 2078 3156 2104 ι
3213 2054 3328 2110 Hoc
3369 2053 3493 2108 ideo
3531 2049 3699 2116 dixit,
3729 2045 3832 2120 quia

2277 2142 2470 2197 videns
2513 2143 2635 2214 quis
2681 2142 2902 2198 fratrem
2939 2143 3172 2214 peritum
3214 2141 3272 2196 in
3317 2139 3488 2194 idolio
3539 2137 3830 2201 invitatum,

2278 2231 2678 2286 recumbentem
2711 2231 2868 2288 edere
2895 2248 3082 2287 carnes
3115 2229 3528 2294 sacriﬁciorum,
3561 2233 3720 2295 putat
3740 2223 3833 2280 illis

2279 2335 2390 2375 esse
2419 2319 2628 2391 aliquid
2659 2320 2864 2391 gratiae,
2897 2328 2950 2376 et
2978 2319 3174 2392 incipit
3207 2318 3369 2374 etiam
3402 2316 3516 2388 ipse
3546 2315 3710 2371 edere
3733 2328 3834 2369 αι’-ο

2279 2425 2375 2464 nes
2430 2409 2844 2477 sacriﬁciorum,
2895 2426 3006 2466 non
3056 2410 3153 2464 illa
3198 2403 3556 2471 conscientia,
3611 2419 3716 2476 qua
3761 2401 3835 2457 ille

2277 2498 2486 2570 peritiae
2513 2517 2672 2554 causa
2702 2500 2878 2555 sciens
2915 2497 3056 2554 nihil
3087 2513 3200 2553 esse
3221 2495 3454 2562 idolum,
3484 2492 3584 2549 sed
3614 2509 3718 2565 qua
3741 2505 3833 2546 esse

2277 2596 2429 2660 putat
2468 2587 2583 2644 illic
2630 2606 2874 2656 numen;
2923 2589 3142 2662 quando
3171 2587 3396 2644 fratrem
3445 2585 3684 2658 peritum
3709 2582 3834 2637 videt

2279 2674 2395 2732 illic
2423 2675 2598 2746 edere,
2633 2695 2733 2734 nec
2762 2679 3006 2736 horrere.

2361 2773 2500 2828 140
2533 2769 2712 2840 (Vers.
2751 2769 2863 2840 11.)
2931 2795 2949 2817 ι
2974 2769 3046 2824 Et
3087 2765 3305 2840 peribit,
3353 2764 3449 2840 qui
3492 2763 3740 2822 inﬁrmus
3769 2768 3834 2817 est

2276 2863 2334 2919 in
2373 2872 2467 2920 tua
2511 2864 2739 2920 scientia
2787 2864 2902 2934 ((30)
2956 2863 3139 2930 frater,
3189 2879 3289 2935 pro
3331 2876 3439 2938 quo
3485 2858 3732 2916 Christus
3769 2861 3833 2910 est

2275 2953 2554 3008 mortuus?
2575 2977 2592 3000 ι
2628 2951 2832 3007 Peribit
2853 2952 3124 3020 inﬁrmus,
3153 2950 3199 3007 si
3221 2950 3344 3006 edat
3363 2956 3555 3005 contra
3580 2947 3738 3003 unius
3753 2942 3832 3001 Dei

2276 3042 2440 3098 ﬁdem
2471 3042 2537 3096 de
2566 3041 2885 3098 sacriﬁcatis
2911 3060 2922 3097 :
2965 3041 3110 3114 quod
3141 3039 3365 3113 quidem
3396 3037 3550 3112 quasi
3582 3033 3834 3092 irascentis

2276 3132 2442 3186 verba
2471 3139 2618 3200 sunt,
2665 3138 2718 3186 et
2754 3129 3090 3185 ostendentis
3119 3127 3253 3200 quid
3292 3127 3420 3182 mali
3463 3125 3637 3199 possit
3674 3137 3834 3197 parere

2279 3221 2524 3288 scientia,
2559 3223 2604 3276 si
2651 3238 2760 3276 non
2806 3219 2973 3274 fuerit
3004 3225 3299 3290 temperata
3343 3234 3375 3272 a
3414 3215 3696 3273 charitate.
3735 3236 3754 3260 ε
3782 3211 3834 3267 In

2281 3318 2371 3365 tua
2397 3311 2626 3366 scicntia
2655 3329 2669 3378 ;
2701 3335 2719 3357 ι
2758 3309 2814 3365 id
2835 3317 2936 3378 est,
2957 3317 3052 3364 tua
3078 3308 3273 3379 peritia
3303 3307 3456 3363 illum
3487 3304 3687 3361 occidit
3714 3300 3834 3371 (61);

2278 3399 2496 3474 quando
2525 3415 2556 3454 a
2586 3408 2638 3454 te
2669 3398 2785 3453 ﬁeri
2818 3398 2987 3464 videt,
3017 3397 3162 3470 quod
3191 3397 3287 3452 ille
3307 3396 3465 3451 aliter
3489 3392 3760 3464 intelligit.
3780 3389 3838 3444 Et

2278 3495 2340 3544 tu
2368 3488 2476 3544 eris
2501 3489 2714 3544 occasio
2739 3487 2930 3542 mortis
2959 3486 3134 3554 fratri,
3167 3501 3328 3558 quem
3359 3484 3611 3543 Christus
3639 3489 3700 3536 ut
3720 3477 3839 3534 redi-

2279 3585 2469 3645 meret,
2501 3577 2747 3647 cruciﬁgi
2778 3593 2832 3632 se
2868 3575 3138 3648 permisit.
3171 3577 3254 3630 Ac
3298 3590 3394 3646 per
3423 3572 3529 3629 hoc
3569 3565 3840 3643 aliquando

2278 3666 2346 3722 ab
2375 3667 2602 3722 scientia
2646 3664 3108 3721 dissimulandum
3147 3662 3304 3718 docet
3348 3660 3635 3718 charitatis
3661 3672 3834 3723 causa;

2280 3752 2407 3828 quia
2436 3754 2553 3809 sine
2595 3753 2762 3808 dubio
2797 3755 2918 3824 plus
2950 3759 3027 3807 est
3061 3752 3206 3807 salus
3235 3751 3440 3818 fratris,
3473 3765 3638 3823 quam
3665 3746 3833 3804 cibus:

2278 3841 2408 3914 quia
2455 3841 2583 3898 licet
2633 3841 2874 3912 quidem,
2917 3841 3008 3896 sed
3053 3857 3164 3896 non
3195 3840 3436 3912 expedit.
3485 3839 3606 3897 Hoc
3642 3837 3838 3896 eritco-

2280 3929 2551 4000 gnovisse,
2583 3927 2725 3984 sicut
2755 3935 2968 3999 oportet
2997 3927 3156 3984 scire.

2351 4020 2532 4092 (Vers.
2568 4019 2680 4090 12.)
2727 4042 2746 4066 ι
2775 4019 2865 4075 Sic
2911 4025 3090 4086 autem
3138 4024 3422 4092 peccantes
3465 4015 3525 4073 in
3563 4016 3769 4082 fratres,
3794 4020 3842 4070 et

2281 4108 2646 4181 percutientes
2707 4107 3098 4162 conscientiam
3154 4107 3374 4162 illorum
3434 4106 3728 4172 inﬁrmam,
3792 4101 3840 4156 in

2277 4196 2497 4254 Christo
2518 4196 2768 4270 peccatis.
2796 4221 2814 4245 ι
2843 4194 3072 4263 Quando
3093 4195 3239 4250 enim
3255 4193 3538 4250 charitatis
3553 4210 3664 4250 non
3676 4187 3840 4250 eamull

2279 4294 2429 4354 sunt,
2457 4303 2562 4359 qua
2591 4285 2842 4342 Christus
2864 4301 2963 4339 nos
2993 4283 3265 4352 liberavit,
3293 4289 3521 4356 peccant
3540 4283 3600 4338 in
3620 4280 3838 4344 Christo,

2277 4392 2390 4432 non
2423 4376 2482 4430 in
2513 4375 2792 4431 Christum
2819 4391 2832 4440 ;
2866 4373 2996 4446 quia
3025 4373 3081 4428 in
3112 4371 3392 4430 Christum
3423 4387 3646 4444 peccare
3668 4382 3841 4441 negaro

2275 4473 2357 4522 est
2399 4465 2710 4522 Christum:
2747 4465 2804 4521 in
2846 4463 3064 4520 Christo
3092 4471 3296 4533 autem,
3345 4462 3403 4518 in
3441 4461 3558 4520 haec
3587 4478 3704 4535 quae
3729 4467 3840 4516 sunt

2278 4554 2502 4614 Christi.
2533 4555 2685 4610 Sicut
2715 4561 2768 4609 et
2797 4552 2908 4620 hic,
2940 4553 3033 4625 qui
3075 4552 3176 4609 sub
3217 4553 3331 4623 lege
3359 4560 3458 4619 est,
3491 4552 3550 4606 in
3581 4552 3696 4623 lege
3721 4548 3840 4606 dici-

2275 4652 2366 4701 tur
2388 4661 2606 4716 peccare
2629 4661 2641 4708 ;
2679 4643 2754 4698 ita
2773 4649 2825 4698 et
2845 4642 2886 4696 ii
2915 4640 3010 4714 qui
3027 4640 3132 4697 sub
3153 4641 3370 4699 Christo
3389 4647 3540 4710 sunt,
3559 4640 3622 4698 in
3643 4639 3840 4700 Christo

2275 4750 2497 4808 peccare
2525 4733 2808 4789 dicuntur.

2349 4825 2528 4896 (Vere.
2584 4824 2696 4894 13.)
2759 4846 2778 4868 σ
2817 4821 3042 4892 Propter
3079 4820 3224 4895 quod
3269 4821 3316 4879 si
3361 4837 3484 4878 esca
3529 4819 3842 4878 scandalizat

2272 4918 2495 4976 fratrem
2527 4934 2728 4983 meum,
2780 4933 2891 4972 non
2926 4917 3081 4972 edam
3113 4933 3332 4974 carnem
3362 4919 3420 4973 in
3465 4925 3744 4982 aeternum,
3783 4927 3841 4968 ne

2273 5010 2496 5066 fratrem
2528 5007 2904 5064 scandalizem.
2939 5033 2958 5057 ι
2999 5008 3062 5063 In
3103 5015 3317 5064 tantum
3345 5005 3601 5064 charitati
3639 5005 3842 5062 studen-

2275 5099 2404 5156 dum
2457 5098 2635 5164 docet,
2689 5107 2750 5154 ut
2801 5097 2954 5154 licita
2995 5113 3094 5168 pro
3141 5096 3353 5152 illicitis
3409 5095 3727 5160 habeantur,
3781 5105 3840 5146 ne

2275 5189 2458 5247 obsint
2485 5189 2661 5246 fratri.
2681 5189 2957 5258 Quantum
2977 5187 3125 5243 enim
3149 5186 3278 5242 mali
3305 5194 3385 5244 est
3414 5203 3512 5260 per
3529 5185 3723 5244 illicita
3741 5195 3841 5240 non

2273 5423 2402 5465 mss.
2433 5402 2779 5478 quibusdam,
2811 5401 2867 5458 in
2893 5408 2984 5458 tua
3011 5401 3365 5478 co:zsce'entiq._
3439 5475 3450 5478 _
3621 5473 3631 5478 Δ
3709 5467 3721 5478 .

2347 5465 2461 5547 (Ol)
2497 5480 2649 5532 Rern.
2695 5465 2825 5530 edit.
2859 5483 2921 5547 et,
2953 5469 3516 5547 mss._nonn_ulli,__tuo
3547 5473 3669 5547 actu
3701 5465 3842 5547 illum

2273 5539 2578 5604 occidis”...
2649 5545 2957 5599 coimienlia
3021 5545 3308 5612 aliquando
3373 5539 3844 5612 dissimulandum,’

2273 5618 2644 5690 l'cliquzomlit.
2679 5634 2740 5672 ac
2772 5634 2904 5690 mss.
2934 5604 3170 5690 invicem
3207 5619 3536 5690 congruunt,
3569 5611 3676 5668 nisi
3707 5604 3837 5686 quod

2273 5685 2478 5748 alicubi
2518 5689 2714 5762 legitur
2744 5688 2952 5757 occidis,
2983 5685 3117 5744 alibi
3150 5701 3284 5742 vero
3312 5685 3520 5744 Occidit.
