3976 6384
169 361 265 417 2M

1243 366 1601 424 COMMENT.
1647 372 1717 427 IN
1754 372 1969 430 EPIST.
2014 377 2035 433 Ι
2072 378 2168 432 AI)
2196 378 2350 435 (ΞΟΠ.

3335 392 3438 449 242

168 486 499 589 delinquere,
528 496 580 543 et
599 503 693 559 per
707 504 768 544 ea
790 505 909 562 quae
931 506 1183 547 concessa
1210 494 1623 549 suntol‘i‘eiulere
1648 514 1660 561 ;
1688 504 1751 551 ut
1779 503 1829 562 Α
1857 503 2144 571 accipiendi
2187 514 2363 561 tamen
2412 510 2665 577 operamli
2699 512 2793 578 ait,
2835 522 2895 569 ut
2930 515 3210 573 honestius
3239 519 3438 589 loque-

170 575 255 628 lex
272 583 518 630 servetur
550 576 605 631 in
630 577 858 645 illicitis,
878 587 931 635 et
960 578 1018 633 in
1049 578 1216 634 licitis
1245 596 1353 635 non
1382 582 1742 654 custodiatur,

167 659 295 716 dum
328 662 727 721 inconsiderate
756 665 991 720 eduntur
1012 666 1039 721 i‘
1076 665 1190 721 Lex
1218 668 1360 722 enim
1393 668 1472 724 sic
1502 672 1746 740 permisit

166 766 283 823 quae
307 755 596 822 concessit,
615 764 676 811 ut
699 754 891 810 modus
911 761 1091 810 tamen
1114 756 1206 824 sit,
1228 773 1388 829 quem
1413 761 1741 817 custodiant.

164 838 404 897 Uxorem
450 851 596 899 certe
636 843 761 899 licet
788 841 1024 911 habere;
1056 844 1150 900 sed
1181 845 1227 900 si
1262 846 1529 903 fornicata
1557 848 1743 919 fuerit,

159 925 471 998 abiicienda
524 941 637 989 est:
684 932 763 988 ita
803 940 858 989 et
903 948 1125 990 carnem
1173 934 1304 995 licet
1348 936 1525 1007 edere,
1554 937 1650 996 sed
1696 939 1743 995 si

159 1013 331 1073 idolis
358 1017 538 1076 oblata
563 1020 750 1090 fuerit,
779 1021 1083 1093 respuenda
1110 1030 1209 1080 est.

774 1178 1000 1239 CAPUT
1038 1176 1137 1238 IX.

229 1299 412 1371 (Vers.
447 1303 527 1376 1.)
578 1304 737 1362 ιΝοη
770 1316 891 1363 sum
921 1306 1241 1379 apostolus?
1261 1321 1372 1363 non
1402 1320 1523 1363 sum
1557 1307 1694 1365 liber
1715 1309 1743 1366 ‘2

156 1398 338 1445 nonne
357 1391 541 1447 Iesum
564 1394 861 1451 Dominum
881 1403 1132 1452 nostrum
1153 1394 1272 1452 vidi
1294 1396 1321 1452 ‘I
1343 1419 1362 1445 ι
1396 1395 1530 1453 Cum
1550 1412 1741 1468 negare

155 1478 396 1549 videtur,
453 1483 777 1552 confirmat;
811 1482 982 1542 iratus
1026 1486 1172 1541 enim
1204 1486 1468 1557 loquitur.
1500 1487 1744 1556 Aposto-

155 1567 268 1623 lum
326 1569 474 1627 enim
526 1587 584 1630 se
630 1574 844 1645 probat,
890 1575 1020 1647 quia
1065 1574 1266 1630 missus
1308 1581 1389 1629 est
1436 1573 1503 1629 ad
1538 1580 1740 1643 gentes,

154 1656 368 1715 dicente
418 1662 656 1718 Domino
699 1664 769 1720 ad
815 1678 976 1720 eum:
1014 1685 1035 1711 ι
1076 1664 1193 1735 Ego
1216 1662 1284 1718 ad
1313 1670 1497 1734 gentes
1528 1664 1740 1719 mittam

152 1754 203 1805 te
221 1750 365 1820 (Act.
389 1762 532 1818 χχιι,
550 1752 665 1824 21).
699 1776 719 1802 ι
757 1752 1017 1809 Liberum
1034 1760 1216 1809 autem
1246 1769 1304 1809 se
1330 1752 1591 1819 ostendit,
1617 1754 1744 1825 quia

1855 596 2023 645 retur.
2056 594 2125 647 Et
2156 601 2217 648 ut
2247 594 2353 651 hoc
2392 596 2591 663 ﬁrmet,
2623 602 2873 670 exempla
2921 602 3165 673 subjicit,
3202 606 3389 660 dicens
3416 623 3431 663 :

1928 681 2108 752 (Vers.
2128 684 2179 751 7,
2201 684 2282 756 8.)
2314 707 2331 730 ι
2351 686 2483 753 Quis
2502 688 2703 743 militat
2721 690 3010 761 stipendiis
3026 694 3138 747 suis
3154 711 3387 766 unquam
3408 699 3435 752 ‘i

1856 767 1989 835 Quis
2036 772 2243 842 plantat
2280 775 2518 844 vineam,
2569 784 2623 833 et
2670 778 2735 833 de
2784 780 2965 835 fructu
2993 781 3108 851 ejus
3144 799 3251 836 non
3281 783 3434 839 edit?

1854 856 1989 925 Quis
2040 863 2212 932 pascit
2259 880 2471 937 gregem
2526 868 2733 935 ovium,
2766 877 2818 924 et
2846 868 2911 924 de
2947 870 3083 925 lacte
3112 887 3295 925 earum
3327 888 3435 927 non

1855 949 2124 1021 percipit?
2142 954 2423 1027 Numquid
2442 956 2741 1012 secundum
2762 956 3037 1014 hominem
3067 960 3183 1016 haec
3204 961 3433 1032 loquor?

1858 1042 1990 1097 141
2026 1062 2044 1085 ι
2100 1040 2162 1096 Id
2199 1051 2298 1111 est,
2332 1045 2600 1117 numquid
2641 1045 2934 1101 humanam
2982 1048 3308 1103 sententiam
3340 1065 3433 1103 se-

1853 1149 1991 1206 quor
2012 1134 2040 1190 ‘i
2077 1158 2093 1181 ι
2123 1137 2401 1210 Numquid
2433 1149 2486 1196 et
2517 1142 2597 1196 lex
2626 1142 2813 1197 eadem
2866 1159 2976 1198 non
3011 1143 3193 1199 dicit?
3215 1169 3232 1191 ι
3278 1143 3433 1199 Cou-

1853 1223 2074 1279 cordare
2124 1224 2313 1282 docuit
2357 1228 2669 1299 supradicta
2721 1230 3034 1286 testimonia
3089 1230 3432 1286 documentis

1853 1309 2078 1380 divinis,
2133 1322 2194 1370 ut
2238 1316 2485 1371 ostendat
2534 1334 2645 1372 non
2692 1318 2809 1375 sine
2855 1336 3017 1375 causa
3066 1321 3256 1391 utique
3287 1319 3433 1375 nolle

1852 1416 1909 1457 se
1945 1402 2013 1457 ab
2057 1402 2168 1458 illis
2210 1412 2463 1476 sumptus
2492 1407 2757 1477 accipere,
2808 1409 3027 1480 quando
3056 1418 3137 1465 tot
3166 1410 3433 1481 exemplis

1852 1489 2091 1545 ostendit
2112 1501 2164 1547 et
2193 1492 2438 1549 dandum
2474 1502 2527 1549 et
2556 1496 2933 1567 accipiendum
2966 1514 3098 1553 esse.

1925 1579 2103 1649 (Vers.
2125 1580 2205 1649 9.)
2252 1604 2271 1628 ‹
2299 1582 2362 1637 In
2392 1583 2507 1654 lege
2535 1584 2680 1638 enim
2716 1588 2884 1654 (Deut.
2919 1603 3055 1656 xxv,
3087 1586 3142 1659 4)
3166 1590 3428 1660 scriptum

1851 1672 1962 1721 est:
2003 1667 2122 1722 Non
2160 1669 2419 1739 alligabis
2474 1686 2535 1726 os
2571 1672 2730 1727 bovis
2777 1675 3105 1732 triturantis.
3151 1677 3431 1749 Numquid

1852 1752 1918 1811 de
1946 1754 2121 1810 bobus
2146 1772 2277 1812 cura
2304 1765 2386 1813 est
2416 1760 2529 1814 Deo
2551 1760 2579 1815 ‘i
2598 1784 2617 1806 ι
2660 1762 2883 1816 Interim
2916 1765 3100 1833 paucis
3132 1765 3235 1821 hoc
3255 1766 3429 1821 absol-

151 1840 361 1895 nullius
418 1842 629 1915 aliquid
685 1844 1025 1914 concupivit,
1084 1859 1257 1915 neque
1313 1843 1370 1899 in
1430 1842 1742 1897 adulatione
1774 1870 1819 1930 Β
1851 1855 2074 1909 vamus;
2106 1842 2161 1898 in
2192 1842 2329 1901 Iona
2347 1847 2492 1902 enim
2526 1848 2788 1919 propheta
2816 1850 3080 1922 scriptum
3112 1861 3225 1907 est:
3264 1877 3282 1899 ι
3310 1854 3430 1908 Non

148 1928 356 1985 docuit.
390 1930 574 1985 Jesum
604 1939 783 1987 autem
813 1932 1109 1987 Dominum
1138 1939 1381 1987 nostrum
1414 1931 1575 1999 vidit,
1608 1930 1741 1988 dum

147 2024 328 2073 oraret
362 2018 421 2073 in
469 2020 678 2092 templo
730 2020 1124 2092 Hierosolymis
1156 2020 1297 2091 (Act.
1330 2035 1469 2087 xm,
1505 2020 1590 2089 17,
1624 2019 1737 2092 18).

158 2126 178 2155 ι
206 2108 407 2165 Nonne
433 2124 573 2181 opus
624 2126 807 2167 meum
840 2125 938 2167 vos
975 2112 1103 2169 estis
1139 2112 1198 2166 in
1238 2112 1520 2167 Domino?
1550 2135 1569 2160 ι
1610 2110 1739 2168 Ideo

149 2208 282 2269 opus
299 2203 431 2253 sunt
463 2198 593 2271 quia
619 2198 734 2270 ipse
757 2200 879 2253 illos
895 2200 1164 2270 plantavit
1186 2199 1243 2253 in
1259 2200 1515 2267 Domino,
1531 2213 1737 2257 annum

148 2294 201 2342 et
227 2302 327 2342 sex
361 2301 575 2342 menses
605 2287 987 2358 evangelizans
1025 2286 1106 2343 eis
1143 2286 1370 2342 verbum
1400 2286 1520 2344 Dei.

217 2376 405 2448 (Vers.
436 2376 518 2448 2.)
554 2398 575 2423 ι
604 2376 722 2432 Etsi
752 2376 875 2432 aliis
904 2391 1015 2432 non
1037 2390 1158 2433 sum
1188 2377 1484 2449 apostolus,
1508 2391 1739 2434 verum-

146 2472 329 2525 tamen
389 2465 548 2523 vobis
593 2482 753 2534 sum;
795 2487 815 2515 ι
886 2468 1014 2539 quia
1058 2482 1091 2522 a
1126 2466 1328 2523 Iudaeis
1366 2466 1733 2535 credentibus,

147 2563 200 2613 et
251 2555 621 2614 nihilominus
668 2558 841 2629 legem
890 2559 1257 2627 servantibus,
1305 2561 1582 2630 apostolus
1618 2574 1733 2613 esse

148 2646 465 2717 negabatur.
488 2647 604 2703 Jam
622 2648 771 2703 enim
792 2647 1113 2704 circumcidi
1135 2664 1245 2703 non
1266 2648 1462 2703 debere
1483 2649 1728 2715 docebat,

149 2750 323 2806 neque
352 2735 648 2790 Sabbatum
679 2734 981 2803 custodiri;
1014 2736 1224 2792 caeteris
1256 2744 1439 2790 autem
1475 2736 1733 2807 apostolis

148 2831 369 2895 propter
416 2823 735 2880 scandalum
780 2824 847 2879 ab
877 2824 981 2881 hac
1008 2839 1067 2880 re
1113 2823 1611 2892 dissimulantibus,
1644 2824 1734 2880 hic

152 2912 311 2968 aliter
360 2910 652 2969 videbatur
709 2912 942 2980 docere;
1004 2909 1127 2967 ideo
1191 2914 1469 2983 apostolus
1523 2913 1591 2968 ab
1648 2911 1734 2968 his

147 2999 483 3073 negabatur;
535 3000 622 3057 his
665 3000 813 3058 enim
858 3006 973 3058 erat
1003 3001 1301 3073 apostolus,
1334 3002 1428 3073 qui
1479 3001 1733 3057 viderant

149 3088 205 3145 in
234 3105 299 3145 eo
329 3089 555 3146 virtutis
587 3090 823 3161 insignia
845 3090 984 3163 (62).
1019 3091 1195 3147 «Nam
1216 3089 1557 3161 signaculum
1593 3104 1732 3162 apo-

147 3180 375 3236 stolatus
407 3180 513 3236 mei
542 3194 642 3237 vos
666 3182 798 3236 estis
827 3180 884 3235 in
908 3179 1143 3236 Domino
1171 3199 1227 3248 ;-
1274 3178 1379 3236 hoc
1406 3182 1553 3236 enim
1584 3195 1731 3252 pras-

147 3266 384 3339 dicante,
420 3271 671 3327 conversi
703 3276 832 3326 sunt
858 3270 925 3326 ab
948 3269 1111 3325 idolis
1139 3268 1207 3325 ad
1239 3269 1403 3325 fidem
1424 3271 1523 3326 Dei
1545 3271 1726 3326 unius.

216 3357 399 3430 (Vers.
425 3356 523 3432 3.)
564 3383 583 3406 ι
611 3359 729 3415 Mea
776 3358 1019 3414 defensio
1054 3357 1199 3428 apud
1226 3374 1338 3425 eos,
1378 3360 1472 3429 qui
1528 3375 1612 3413 me
1638 3360 1734 3413 in-

146 3453 441 3518 terrogant,
493 3446 609 3503 haec
656 3456 755 3502 est.
787 3468 806 3493 ι
849 3447 1007 3501 Nunc
1047 3445 1246 3514 incipit
1293 3460 1448 3515 agere
1491 3461 1731 3513 causam,

145 3548 307 3607 quem
362 3534 613 3606 superius
652 3532 919 3605 praemisit
973 3531 1198 3586 dicens:
1265 3554 1284 3578 ι
1340 3533 1537 3587 Omnia
1593 3531 1732 3588 mihi

146 3621 334 3691 licent,
383 3622 477 3677 sed
529 3638 625 3693 ego
656 3621 757 3676 sub
795 3619 1004 3675 nullius
1041 3619 1253 3691 redigar
1283 3628 1563 3691 potestate.
1595 3622 1733 3678 Esca

145 3711 332 3767 ventri
363 3718 417 3765 et
447 3716 639 3765 venter
668 3708 805 3764 escis
836 3709 893 3779 (Ι
923 3708 1045 3764 Cor.
1087 3723 1166 3775 vr,
1192 3708 1277 3775 12,
1305 3709 1413 3777 13).
1434 3733 1451 3755 ι
1490 3708 1578 3763 Sic
1605 3724 1729 3778 ergo

142 3798 343 3872 incipit
382 3815 600 3856 causam
642 3797 804 3864 hanc,
852 3802 913 3851 ut
940 3794 1086 3851 dicat
1118 3816 1137 3841 ι
1171 3794 1289 3850 Mea
1317 3795 1561 3851 defensio
1586 3796 1731 3867 apud

143 3903 251 3957 eos,
284 3887 379 3961 qui
413 3904 499 3943 me
526 3888 880 3957 interrogant,
914 3884 1031 3941 haec
1058 3893 1157 3942 est.
1188 3907 1207 3932 ν
1252 3885 1320 3939 Et
1349 3901 1467 3957 quae
1493 3886 1564 3941 sit
1592 3886 1731 3941 sub-

140 3974 279 4048 jicit,
313 3976 506 4032 dicens
530 3995 541 4032 :

216 4063 396 4137 (Vers.
428 4064 483 4134 lt,
514 4065 594 4137 δ.)
628 4087 646 4111 ι
668 4064 946 4138 Numquid
966 4081 1078 4121 non
1110 4063 1371 4121 habemus
1408 4071 1729 4136 potestatem

149 4154 514 4211 manducandi
553 4160 609 4208 et
648 4154 955 4209 bibendi‘h
1002 4154 1115 4210 Hoc
1145 4164 1225 4210 cst
1273 4154 1419 4227 quod
1470 4153 1723 4209 dixerat:

160 4265 180 4292 ι
206 4245 401 4302 Omnia
436 4245 571 4301 mihi
603 4246 792 4303 licent.
829 4246 1106 4319 Numquid
1137 4263 1245 4301 non
1280 4246 1541 4301 habemus
1568 4254 1729 4317 pote-

150 4339 335 4391 statem
398 4335 683 4390 mulierem
734 4334 1206 4403 circumducendi,
1258 4336 1397 4391 sicut
1452 4343 1505 4390 et
1546 4334 1727 4389 caeteri

149 4425 372 4495 apostoli
417 4432 471 4479 et
512 4424 705 4477 fratres
748 4423 993 4491 Domini,
1023 4432 1073 4478 et
1104 4424 1361 4495 Cephas?
1393 4449 1410 4470 ι
1466 4423 1590 4478 Ideo
1623 4421 1728 4477 ad-

153 4508 312 4569 didit:
360 4535 378 4559 ο
410 4514 479 4567 Et
509 4513 715 4583 Cephas
743 4531 793 4577 ;ι
844 4511 970 4583 quia
1006 4527 1133 4567 cum
1172 4512 1382 4582 primus
1416 4519 1556 4566 esset
1584 4513 1727 4567 inter

152 4603 434 4673 apostolos,
483 4618 592 4657 non
640 4600 910 4655 refutabat
949 4607 1201 4671 sumptus
1255 4601 1486 4656 oblatos.
1519 4583 1801 4673 CephasD

154 4689 256 4762 ipse
282 4701 358 4747 est
391 4692 580 4747 Simon
611 4691 820 4746 Petrus.
854 4690 1107 4745 Mulieres
1136 4690 1281 4744 enim
1315 4690 1583 4745 desiderio
1611 4691 1722 4745 do-

154 4781 328 4837 ctrinae
376 4782 698 4849 Dominicae,
731 4788 785 4836 et
810 4780 1021 4851 cupidae
1051 4780 1319 4834 virtutum
1359 4779 1722 4851 sequebantur

154 4873 431 4941 apostolos,
483 4871 857 4927 ministrantes
888 4870 967 4925 eis
1016 4878 1070 4925 et
1098 4877 1349 4942 sumptus
1397 4877 1449 4924 et
1478 4870 1717 4939 servitia,

154 4960 281 5016 sicut
310 4971 360 5017 et
396 4962 729 5017 Salvatorem
776 4969 903 5017 sunt
932 4968 1130 5017 secutae
1161 4960 1533 5015 ministrantes
1559 4959 1609 5015 ei
1653 4959 1720 5017 de

156 5046 494 5107 facultatibus
523 5052 654 5106 suis.

220 5140 394 5208 (Vers.
426 5140 505 5210 6.)
549 5162 566 5186 ι
599 5141 709 5194 Aut
748 5139 897 5195 solus
925 5154 1021 5209 ego
1052 5144 1105 5193 et
1132 5137 1407 5193 Barnabas
1454 5154 1563 5194 non
1612 5138 1721 5195 ha-

156 5223 327 5283 bemus
376 5237 694 5299 potestatem
744 5228 859 5283 haec
904 5227 1248 5298 Operaudi?-
1296 5227 1408 5282 IIoc
1460 5235 1561 5294 est,
1613 5227 1719 5281 ha-

156 5308 326 5373 bemus
381 5327 701 5391 potestatcm
768 5316 1049 5390 cperandi,
1118 5314 1213 5371 sed
1279 5314 1555 5370 nolumus.
1614 5314 1719 5370 Pro

222 5570 328 5642 (62)
366 5572 494 5627 Mss.
552 5571 740 5639 Corb.,
785 5572 851 5627 ab
905 5572 1145 5627 omnibus
1199 5568 1554 5642 negabatur...
1625 5572 1717 5638 qui

160 5638 387 5714 viderunt
412 5645 468 5697 in
486 5660 542 5698 eo
567 5638 777 5714 virtutis
806 5644 976 5714 signa.

223 5711 329 5785 (63)
355 5714 514 5772 Rom.
532 5713 664 5770 edit.
688 5715 803 5771 sola
818 5732 829 5770 :
856 5711 1022 5783 Quasi
1040 5713 1185 5771 dicat
1200 5730 1306 5769 non
1320 5728 1586 5772 magnum.
1606 5717 1709 5768 etc.

1850 1944 2064 2001 parcam
2112 1932 2345 2000 civitati,
2380 1934 2438 1989 in
2471 1951 2577 2007 qua
2612 1935 2862 1993 habitant
2892 1940 3175 2013 plusquam
3209 1950 3430 1998 centum

1850 2017 2047 2089 viginti
2078 2021 2252 2076 millia
2285 2023 2570 2079 hominum
2600 2036 2654 2081 et
2684 2043 2878 2097 pecora
2918 2030 3090 2083 multa
3130 2030 3319 2099 (J0me,
3349 2047 3427 2095 tv,

1851 2104 1963 2176 11).
1989 2129 2009 2153 ι
2048 2106 2118 2161 Et
2161 2108 2647 2181 Psalmographus:
2699 2135 2718 2158 ι
2754 2114 3014 2171 Homines
3060 2122 3113 2169 et
3158 2115 3428 2186 jumenta,

1847 2190 2054 2281 inquit,
2085 2197 2323 2253 salvabis
2366 2201 2538 2270 (Psal.
2582 2217 2759 2271 xxxv,
2802 2202 2880 2274 7).
2910 2226 2930 2251 ι
2982 2202 3269 2271 Quomodo
3306 2225 3433 2281 ergo

1844 2280 1991 2340 Deus
2038 2302 2149 2343 non
2193 2293 2348 2343 curat
2394 2287 2460 2343 de
2508 2287 2685 2346 bobus
2713 2296 2768 2346 et
2796 2291 3137 2362 pecoribus?
3165 2294 3269 2351 Sed
3321 2280 3432 2354 nan

1845 2383 1999 2432 curat
2026 2375 2093 2433 de
2141 2376 2316 2435 bobus
2347 2387 2399 2436 et
2429 2380 2719 2451 pecoribus
2756 2390 2977 2455 propter
3005 2383 3121 2443 haec
3148 2386 3286 2459 ipsa,
3335 2387 3431 2443 sed

1844 2475 2062 2541 propter
2121 2484 2241 2537 nos,
2293 2487 2526 2543 quorum
2584 2489 2746 2528 causa
2788 2480 2917 2529 sunt
2968 2473 3145 2542 facta;
3194 2474 3318 2532 ideo
3357 2475 3426 2532 de

1844 2554 2002 2611 nobis
2032 2566 2206 2627 curat,
2245 2574 2355 2613 non
2385 2557 2452 2614 de
2486 2560 2617 2615 illis.

1916 2643 2096 2713 (Vers.
2155 2644 2268 2716 10.)
2314 2668 2333 2691 ι
2371 2646 2485 2703 Aut
2542 2646 2745 2719 potius,
2801 2647 3001 2721 inquit,
3059 2659 3278 2724 pmpter
3330 2668 3429 2708 nos

1843 2726 2013 2786 dicit:
2048 2739 2268 2803 propter
2298 2749 2397 2787 nos
2417 2734 2563 2788 enim
2597 2735 2862 2805 scriptum
2892 2743 2991 2791 est.
3011 2761 3030 2785 ι
3064 2737 3166 2792 Per
3196 2739 3427 2809 figuram

1842 2818 1987 2875 enim
2023 2817 2207 2876 omnia
2239 2819 2388 2876 dicta
2415 2821 2483 2875 ad
2510 2836 2609 2875 nos
2638 2826 2946 2879 transeunt.
2990 2847 3009 2870 ι
3037 2823 3305 2892 Quoniam
3332 2829 3427 2901 qui

1841 2907 1899 2963 in
1928 2925 2022 2980 spe
2051 2915 2167 2964 arat
2195 2916 2250 2964 et
2280 2910 2519 2977 triturat,
2556 2908 2716 2966 debet
2745 2912 2859 2983 spei
2887 2929 2997 2968 suae
3025 2912 3267 2971 fructum
3307 2930 3425 2988 per-

1840 2998 2039 3070 cipere.
2076 3024 2095 3048 ι
2138 2999 2343 3056 Verum
2400 3005 2501 3069 est,
2542 3002 2672 3073 quia
2712 2999 2815 3058 bac
2872 3018 2964 3074 spe
3015 3001 3317 3075 laboratur,
3364 3014 3429 3065 ut

1839 3084 2051 3143 fructus
2090 3087 2357 3159 capiatur.

1912 3176 2094 3248 (Vers.
2116 3177 2232 3245 11.)
2266 3200 2284 3224 ι
2305 3176 2361 3232 Si
2392 3192 2493 3232 nos
2523 3176 2681 3234 vobis
2710 3177 2985 3250 spiritalia
3011 3178 3424 3256 seminavimus,

1840 3279 2096 3336 magnum
2144 3269 2243 3331 est,
2297 3264 2341 3319 si
2394 3278 2496 3321 nos
2538 3271 2719 3321 vestra
2760 3269 3001 3324 carnalia
3046 3275 3359 3329 metamus?
3394 3300 3413 3323 ι

1838 3354 1957 3409 Non
2005 3353 2142 3410 dicit
2180 3368 2435 3426 mpgnum
2464 3354 2603 3426 (63),
2648 3368 2823 3425 neque
2863 3371 2960 3427 per
2988 3371 3123 3423 esse,
3173 3359 3218 3415 si
3248 3377 3426 3418 evan-

1840 3442 2130 3513 gelizantes
2169 3457 2396 3513 regnum
2451 3443 2571 3509 Dei,
2610 3450 2663 3497 et
2708 3444 2917 3499 cmlesti
2947 3443 3072 3500 cibo
3122 3447 3420 3505 Ecclesiam

1838 3529 2166 3601 saginantes,
2197 3531 2461 3586 alimenta
2489 3525 2734 3603 corporis
2761 3541 3040 3590 sumerent
3065 3550 3078 3603 ;
3104 3544 3187 3606 ut,
3210 3536 3421 3596 traden-

1837 3624 1918 3674 tcs
1946 3627 2165 3688 aeterna,
2201 3627 2669 3692 consequerentur
2705 3621 3046 3693 temporalia.

1910 3706 2091 3778 (Vers.
2148 3707 2264 3779 12.)
2310 3730 2330 3755 ε
2374 3707 2429 3763 Si
2484 3707 2579 3764 alii
2629 3715 2895 3780 potestate
2930 3716 3113 3767 vestra
3166 3719 3418 3783 utuntur,

1837 3808 2017 3852 nonne
2050 3796 2221 3868 magis
2247 3812 2348 3853 nos
2368 3796 2396 3853 ἵν
2418 3820 2437 3845 ι
2479 3795 2536 3853 Si
2565 3796 2713 3853 enim
2745 3797 2786 3853 ii
2816 3798 2909 3871 qui
2940 3814 3036 3871 per
3062 3800 3420 3873 Evangelium

1836 3896 2014 3959 patres
2045 3888 2215 3943 vestri
2238 3903 2348 3943 non
2368 3894 2517 3956 sunt,
2540 3903 2641 3945 nec
2660 3887 2908 3944 eumdem
2933 3889 3188 3946 affectum
3221 3892 3422 3948 habent

1835 3988 1960 4047 erga
2011 3992 2128 4043 vos,
2185 3974 2497 4032 facultatem
2556 3974 2762 4032 habent
2820 3976 3149 4049 accipiendi,
3217 3988 3421 4052 quanto

1836 4063 2005 4135 magis
2042 4061 2187 4119 nos?
2231 4062 2303 4119 Et
2370 4062 2714 4131 subauditur,
2766 4064 2934 4120 vestri
2972 4066 3240 4138 apostoli;
3293 4068 3422 4142 quia

1836 4159 1889 4206 et
1926 4152 2200 4207 Barnabas
2230 4153 2507 4223 apostolus
2536 4161 2669 4208 erat.

1916 4262 1936 4286 ι
1979 4239 2084 4296 Sed
2134 4255 2245 4296 non
2275 4257 2465 4296 sumus
2493 4240 2578 4295 usi
2606 4240 2707 4296 hac
2745 4249 3043 4313 potestate;
3075 4244 3262 4301 omnia
3289 4260 3421 4301 vero

1834 4331 2149 4400 toleramus,
2181 4348 2249 4388 ne
2278 4331 2425 4405 quod
2456 4330 2915 4404 impedimentum
2944 4335 3136 4392 demus
3162 4338 3421 4409 Evange-

1833 4419 1910 4476 lio
1962 4419 2188 4477 Christi.
2227 4446 2245 4471 ι
2313 4420 2421 4477 Diu
2476 4422 2808 4478 occultatum
2858 4422 3100 4494 prodidit
3151 4442 3415 4494 sensum;

1832 4510 2071 4567 ostendit
2099 4512 2247 4567 enim
2304 4521 2555 4584 sumptus
2613 4511 2736 4567 ideo
2782 4528 2839 4567 se
2868 4514 3035 4581 nolle,
3064 4529 3188 4571 cum
3228 4516 3418 4572 liceret

1832 4601 2099 4672 accipere,
2129 4617 2196 4656 ne
2226 4602 2387 4671 vigor
2422 4601 2749 4671 evangelicae
2779 4602 3123 4657 auctoritatis
3151 4610 3415 4673 torpesce-

1833 4698 1932 4745 ret.
1952 4689 2393 4762 Pseudoapostoli
2417 4690 2563 4746 enim
2591 4689 2942 4761 peccantibus
2968 4688 3410 4757 blandiebantur,

1830 4780 2077 4836 volentes
2120 4779 2398 4849 accipere;
2437 4778 2515 4833 ita
2551 4784 2613 4833 ut
2654 4793 2765 4832 non
2806 4776 2913 4832 sibi
2947 4774 3268 4833 viderentur
3296 4793 3414 4849 pec-

1829 4884 1951 4930 care
2008 4868 2121 4924 illis
2166 4865 2436 4937 subjecti:
2497 4865 2591 4920 sed
2630 4865 2890 4936 quoniam
2934 4863 3053 4920 haec
3089 4881 3176 4921 res
3223 4875 3415 4923 contra

1829 4957 2193 5029 evangelicam
2236 4959 2351 5009 erat
2394 4951 2743 5021 disciplinam
2796 4951 2936 5022 (64),
2988 4950 3080 5008 hic
3134 4968 3245 5009 non
3293 4958 3414 5011 vult

1829 5047 2104 5117 accipere;
2150 5051 2211 5099 ut
2259 5041 2425 5097 libere
2464 5046 2673 5111 arguat,
2710 5055 2777 5095 ne
2825 5040 2883 5096 in
2910 5040 3132 5097 illorum
3181 5058 3413 5100 numero

1829 5135 2160 5192 inveniatur.
2185 5130 2254 5187 Ut
2273 5130 2419 5185 enim
2449 5129 2648 5200 regula:
2678 5126 3004 5187 Christianae
3027 5128 3119 5203 jus
3147 5140 3410 5201 maneret,

1837 5226 1987 5281 licita
2031 5224 2224 5278 illicita
2251 5220 2420 5289 fecit;
2453 5221 2583 5294 quia
2609 5220 2695 5275 illi
2737 5236 2833 5292 per
2863 5221 3143 5280 licentiam
3173 5220 3409 5277 offende.

1831 5311 1983 5369 bant.

1900 5564 2015 5637 (64)
2061 5565 2188 5620 Mss.
2231 5560 2509 5633 nonnulli,
2554 5560 2668 5617 illis
2695 5555 3033 5630 δατεῖσθαι...
3079 5552 3405 5632 ιίοίεαίεοίί,

1824 5654 1941 5710 qua
1969 5638 2253 5695 licentiam.
