3976 6366
599 373 706 438 243

1604 368 1702 425 AD
1738 367 1972 426 ΟΡΕΒΑ
2006 367 2063 426 S.
2104 367 2185 426 AN

2295 367 2436 427 ,ΟΞΠ
2464 367 2844 433 APPENDIX.
3759 371 3848 430 244

671 498 850 572 (Vers.
887 494 1002 568 13.)
1045 515 1066 542 ι
1093 491 1329 550 Nescitis
1369 489 1628 566 quoniam
1675 493 1768 564 qui
1826 494 1883 548 in
1926 493 2178 550 sacrariis
2207 495 2257 552 Α
2287 495 2431 550 enim
2462 499 2740 568 potestatis
2765 516 2874 554 suae
2897 513 3007 554 non
3036 502 3118 554 est
3148 494 3290 569 (68),
3317 491 3452 552 facit
3481 493 3688 552 invitus
3713 498 3841 569 quod

595 593 920 664 operantur,
963 582 1033 640 de
1090 581 1330 638 sacrario
1368 581 1602 647 vivunt;
1634 587 1690 635 et
1729 581 1824 653 qui
1853 581 2048 637 altario
2095 583 2183 638 de-

596 677 868 741 serviunt,
899 672 965 729 de
1021 671 1226 728 altario
1269 667 1714 742 participantur?
1758 692 1777 715 ι
1823 670 1882 724 In
1933 671 2184 727 sacrariis

597 765 769 839 legem
791 760 1078 835 gentilium
1095 757 1388 831 signiﬁcat:
1407 759 1462 813 in
1476 757 1672 814 altario
1685 773 1835 825 vero,
1848 757 2182 814 Judznorum.

597 853 691 912 Sic
725 867 872 908 enim
920 849 1165 906 decrevit
1207 847 1476 904 Dominus
1524 862 1619 919 per
1662 845 1885 916 Moysen
1913 853 1976 902 ut
2022 846 2088 902 de
2119 847 2186 903 iis

598 959 721 1018 qua:
777 939 960 996 oblata
1023 944 1196 1005 erant,
1262 943 1470 1008 partem
1542 941 1818 990 sumerent
1882 934 2186 993 sacerdotes

600 1031 784 1105 (Deut.
817 1044 979 1096 xvm,
1007 1025 1088 1099 3).

673 1143 859 1218 (Vers.
913 1141 1026 1210 14.)
1086 1164 1108 1189 ι
1161 1142 1244 1198 Ita
1287 1147 1342 1196 et
1388 1139 1659 1196 Dominus
1704 1139 1860 1195 Iesus
1909 1139 2188 1196 ordinavit

601 1247 716 1299 eos,
745 1231 839 1304 qui
870 1229 1230 1302 Evangelium
1260 1227 1612 1296 annuntiant,
1661 1227 1728 1284 de
1765 1228 2065 1299 Evangelio
2093 1229 2186 1284 vi-

597 1337 748 1378 vere.
781 1345 801 1370 ι
836 1319 956 1376 Νοη
991 1335 1118 1392 ergo
1163 1319 1308 1375 Deus
1357 1333 1452 1389 per
1481 1319 1706 1389 Moysen
1763 1317 2049 1388 gentilium
2081 1319 2188 1374 for-

599 1427 748 1467 mam
791 1417 1012 1467 secutus
1057 1417 1170 1464 est:
1223 1406 1316 1463 sed
1346 1407 1462 1479 ipsa
1503 1406 1770 1462 naturalis
1800 1406 1938 1462 ratio
1967 1407 2070 1462 hoc
2097 1406 2190 1462 ha-

599 1498 714 1567 bet,
764 1506 827 1554 ut
867 1497 991 1571 quis
1034 1495 1162 1552 inde
1209 1493 1380 1562 vivat,
1434 1493 1528 1550 ubi
1589 1493 1818 1550 laborat.
1861 1494 2012 1549 lianc
2063 1510 2189 1564 ergo

603 1587 873 1643 rationem
905 1584 1010 1658 ipsi
1033 1591 1243 1640 natura:
1271 1591 1327 1639 et
1354 1581 1755 1638 conversationi
1787 1581 2040 1638 humanae
2071 1583 2187 1654 (65)

600 1673 863 1730 decrevit.
912 1674 1038 1728 Haec
1083 1679 1266 1727 tamen
1315 1669 1384 1726 ad
1428 1669 1712 1725 cumulum
1757 1667 1938 1726 adhuc
1963 1669 2190 1742 addens,

602 1770 793 1834 gravat
821 1775 1072 1824 causam;
1110 1765 1172 1814 ut
1201 1774 1310 1813 non
1353 1759 1472 1812 leve
1518 1756 1683 1812 faciat
1713 1771 1887 1830 neque
1916 1757 2190 1829 odiosum,

597 1849 743 1922 quod
775 1847 944 1904 tantis
986 1845 1320 1902 testimoniis
1356 1844 1738 1902 commendat:
1785 1851 1839 1900 et
1867 1852 2047 1902 tamen
2079 1863 2192 1904 non
2220 1860 2267 1920 Β

594 1935 706 1992 sibi
755 1935 1018 2008 proﬁcere
1064 1935 1208 2002 vult,
1247 1949 1316 1989 ne
1350 1932 1657 1989 libertatem
1686 1931 1949 2005 arguendi
1994 1933 2190 1990 humi-

595 2023 716 2082 liet.

671 2136 854 2210 (Vers.
891 2136 1007 2208 15.)
1031 2159 1052 2184 ε
1072 2137 1190 2209 Ego
1209 2143 1393 2192 autem
1424 2137 1580 2193 nullo
1610 2136 1808 2194 horum
1839 2155 1972 2195 usus
1986 2155 2130 2196 sum.
2153 2165 2174 2189 ι

597 2226 894 2299 Postquam
927 2225 1118 2282 multis
1147 2225 1326 2282 modis
1352 2224 1592 2282 ostendit
1617 2223 1780 2282 licere
1805 2226 2066 2298 accipere,
2081 2226 2189 2283 sibi

597 2325 786 2375 tamen
834 2333 948 2375 non
991 2334 1130 2391 opus
1173 2333 1324 2384 esse;
1360 2317 1514 2373 obest
1541 2317 1688 2372 enim
1727 2316 1971 2390 accipere
1995 2334 2026 2372 a
2056 2333 2189 2389 pec-

599 2404 876 2475 cantibus,
904 2405 1048 2464 sicut
1086 2422 1248 2479 supra
1275 2404 1594 2462 memoravi.
1626 2429 1646 2452 ι
1686 2405 1806 2460 Non
1836 2412 2016 2459 autem
2047 2405 2187 2460 scri-

598 2497 686 2570 psi
738 2495 874 2564 lmc,
920 2505 984 2553 ut
1011 2497 1089 2552 ita
1118 2496 1212 2552 ﬁat
1243 2497 1298 2552 in
1341 2511 1466 2552 me:
1499 2495 1706 2550 bonum
1736 2501 1817 2549 est
1849 2493 1996 2549 enim
2048 2493 2188 2550 mihi

598 2584 774 2655 magis
803 2585 964 2640 mori.
997 2583 1169 2640 Nemo
1199 2583 1427 2656 gloriam
1460 2598 1635 2638 meam
1671 2581 1960 2636 evacuabit
1983 2583 2122 2654 (66).
2155 2608 2174 2632 ι

597 2673 843 2732 Gloriam
886 2689 1040 2730 suam
1095 2673 1232 2731 dicit
1273 2673 1329 2729 in
1377 2689 1462 2742 eo,
1513 2672 1558 2728 si
1593 2671 1880 2742 Evangelii
1927 2673 2188 2730 severitas

597 2769 850 2820 maneat:
885 2771 940 2819 et
968 2761 1108 2818 mori
1144 2761 1314 2834 magis
1335 2761 1520 2832 elegit,
1560 2777 1724 2834 quam
1755 2761 2038 2832 Evangelii
2061 2760 2188 2832 jura

595 2853 826 2920 violare,
859 2851 1038 2908 sciens
1065 2849 1174 2907 hoc
1207 2851 1312 2907 sibi
1347 2851 1518 2922 magis
1547 2850 1808 2922 proﬁcere
1836 2850 1903 2905 ad
1945 2850 2184 2907 futuram

597 2939 854 2996 salutem.
903 2939 1163 2994 Debitum
1207 2939 1357 2992 enim
1388 2939 1714 3009 obsequium
1743 2939 1938 2993 abnuit
1983 2939 2052 2994 ab
2099 2939 2186 2994 his

597 3027 706 3082 sibi
750 3023 1038 3096 impendi;
1079 3039 1150 3080 ne
1182 3039 1279 3096 per
1321 3023 1431 3081 hoc
1474 3025 1748 3096 accipiant
1787 3024 2048 3082 ﬁduciam
2095 3026 2183 3085 de-

600 3111 918 3186 linquendi.

673 3228 860 3302 (Vers.
895 3228 1010 3302 16.)
1059 3251 1080 3277 ι
1105 3229 1242 3287 Nam
1272 3229 1319 3286 si
1353 3230 1744 3302 evangelizem.
1771 3247 1883 3288 non
1922 3241 2005 3289 est
2047 3232 2184 3289 mihi
2217 3230 2260 3291 C

597 3318 854 3393 gloriatio
887 3317 1043 3391 (67);
1095 3317 1386 3376 necessitas
1431 3319 1580 3376 enim
1639 3318 1778 3376 mihi
1833 3320 2122 3378 incumbit.
2154 3347 2173 3371 ι

595 3407 750 3466 Sicut
787 3407 926 3465 dicit
974 3407 1286 3467 Dominus:
1348 3433 1368 3457 ι
1412 3409 1551 3467 Cum
1598 3409 1843 3467 feceritis
1898 3427 2016 3484 quae
2063 3411 2186 3468 dico

595 3495 775 3566 vobis,
819 3495 1027 3554 dicite:
1074 3497 1227 3554 Servi
1270 3496 1498 3565 inutiles
1532 3515 1758 3556 sumus:
1807 3499 1953 3573 quod
1983 3499 2187 3556 debui-

592 3599 719 3641 mus
745 3583 946 3649 facere,
965 3584 1197 3642 fecimus
1214 3587 1364 3658 (Luc.
1387 3603 1528 3654 xvn,
1562 3587 1699 3658 10).»
1727 3611 1746 3634 ι
1767 3587 1864 3644 Va:
1891 3587 2038 3644 enim
2059 3587 2184 3656 erit,

593 3669 800 3742 inquit,
845 3669 1008 3738 mihi,
1055 3671 1102 3726 si
1144 3687 1256 3728 non
1306 3674 1675 3745 praedicavero
1730 3675 2113 3748 Evangelium.
2153 3699 2173 3722 ι

594 3757 798 3816 Missus
821 3758 971 3814 enirn
1017 3774 1208 3817 servus
1236 3776 1268 3817 a
1296 3759 1525 3818 domino
1554 3762 1706 3830 facit,
1739 3763 1903 3818 etiam
1953 3765 2183 3832 invitus,

593 3844 744 3919 quod
763 3843 870 3900 sibi
892 3855 1224 3920 praeceptum
1251 3858 1332 3906 est
1357 3867 1370 3905 :
1401 3850 1446 3906 si
1475 3850 1794 3924 quominus,
1817 3849 2186 3922 adstringatur

595 3933 774 4006 plagis
820 3950 1038 3993 necesse
1073 3945 1174 3995 est.
1224 3939 1474 4014 Denique
1501 3941 1716 4013 Moyses
1747 3939 1958 3996 invitus
1991 3939 2186 3996 missus

594 4030 679 4078 est
706 4023 774 4079 ad
803 4023 1137 4084 Pharaonem
1172 4028 1375 4101 (Exod.
1411 4048 1490 4100 IV,
1527 4031 1652 4104 l3);
1684 4038 1740 4087 et
1770 4030 1934 4087 Jonas
1968 4038 2188 4088 coactus

593 4117 678 4166 est
704 4110 999 4184 praedicare
1026 4116 1295 4174 Ninivitis
1327 4119 1499 4192 (Jome
1523 4137 1564 4188 1,
1593 4119 1674 4192 3).

679 4229 822 4287 142
849 4229 1030 4300 (Vers.
1069 4233 1134 4286 17
1164 4233 1184 4302 )
1224 4255 1244 4279 ι
1272 4232 1406 4287 Nam
1437 4233 1483 4288 si
1517 4233 1710 4290 volens
1753 4233 1862 4291 hoc
1898 4251 2016 4307 ago,
2049 4252 2186 4292 mer-

591 4320 782 4380 cedem
828 4319 1022 4376 habeo.
1053 4343 1074 4368 ι
1114 4319 1464 4376 Manifestum
1509 4329 1590 4377 est
1636 4322 1766 4394 quia
1793 4337 1958 4378 nemo
1989 4324 2188 4396 accipit

591 4407 1094 4466 remunerationem
1150 4406 1269 4479 ejus
1324 4408 1422 4476 rei,
1475 4424 1638 4481 quam
1695 4409 1904 4466 invitus
1951 4411 2079 4484 agit.
2129 4411 2186 4468 Si

591 4497 740 4554 enim
788 4495 1156 4565 voluntarius,
1201 4494 1401 4568 dignus
1438 4497 1685 4554 mercede
1713 4505 1832 4567 est;
1879 4499 2009 4572 quia
2044 4515 2186 4556 con-

2292 582 2397 638 sibi
2430 596 2754 659 praeceptum
2779 597 2878 644 est.

2367 671 2548 740 (Vers.
2601 676 2711 746 18.)
2770 700 2788 722 ε
2833 677 2962 744 Quae
3018 692 3146 749 ergo
3197 674 3304 732 erit
3357 691 3478 732 mea
3521 675 3762 731 merces?
3794 676 3850 732 Ut.

2295 760 2656 832 Evangelium
2689 765 3044 832 annuntians,
3067 765 3184 820 sine
3209 772 3429 835 sumptu
3451 762 3676 819 efﬁciam
3695 764 3848 819 Evan-

2297 848 2496 920 gelium
2514 869 2528 917 ;
2549 859 2610 906 ut
2637 868 2745 906 non
2773 852 2966 907 abutar
2995 860 3258 924 potestate
3290 869 3408 910 mea
3429 851 3484 907 in
3505 851 3838 931 Evangelia»

2296 938 2557 1010 Repressa
2599 943 2890 998 verborum
2929 942 3192 1014 jactantia
3236 943 3519 1016 gloriatur,
3550 950 3605 998 et
3632 943 3744 997 vult
3769 943 3848 996 in-

2295 1027 2471 1099 telligi
2520 1039 2722 1103 quanta
2758 1029 2957 1102 dignus
3006 1031 3258 1088 mercede
3297 1034 3388 1100 sit,
3443 1031 3572 1104 quia
3613 1038 3848 1104 potestate

2298 1132 2398 1172 sua
2433 1133 2544 1172 non
2590 1118 2766 1174 utitur
2807 1120 2864 1174 in
2895 1119 3216 1192 Evangelia,
3246 1120 3379 1175 dum
3419 1119 3626 1192 respuit
3664 1119 3847 1174 oblatos

2298 1213 2568 1277 sumptus,
2615 1224 2682 1263 ne
2728 1207 2840 1262 vim
2885 1209 3289 1280 prazdicationis
3328 1208 3604 1264 humiliet.
3640 1208 3748 1263 Hoc
3782 1216 3846 1265 est

2298 1293 2483 1363 licere,
2529 1297 2623 1350 sed
2658 1312 2768 1351 non
2799 1297 3054 1368 expedire
3103 1305 3320 1370 propter
3357 1297 3587 1353 salutem
3622 1295 3844 1363 fratrum,

2297 1389 2362 1438 ut
2389 1385 2754 1455 corrigantur.
2779 1386 2975 1441 Forma
3003 1402 3130 1458 ergo
3160 1387 3282 1442 vult
3307 1402 3423 1442 esse
3453 1384 3680 1451 ceteris,
3694 1391 3751 1440 ut
3771 1383 3846 1438 ubi

2299 1471 2493 1528 vident
2527 1491 2638 1529 non
2665 1473 2943 1546 expedire,
2983 1475 3146 1531 etiam
3179 1475 3354 1531 licitis
3393 1491 3504 1530 non
3534 1479 3784 1528 utantur:
3809 1471 3846 1528 si

2299 1563 2700 1635 quominus,de
2719 1563 2872 1620 licito
2901 1564 3035 1621 ﬁent
3064 1565 3140 1620 rei
3177 1565 3292 1636 (69)
3319 1583 3332 1622 :
3362 1564 3510 1639 quod
3530 1565 3612 1620 sic
3629 1569 3844 1630 sumunt,

2297 1659 2362 1707 ut
2390 1652 2457 1708 ad
2486 1652 2876 1710 detrimentum
2909 1654 3180 1726 proﬁciat.

2371 1741 2552 1813 (Vers.
2599 1743 2711 1814 19.)
2765 1767 2783 1788 α
2819 1744 2953 1799 Nam
2999 1759 3124 1799 cum
3165 1743 3304 1800 liber
3343 1743 3446 1798 sim
3481 1759 3551 1798 ex
3599 1741 3844 1810 omnibus,

2297 1829 2529 1886 onnium
2574 1847 2659 1886 me
2703 1847 2922 1886 servum
2978 1830 3104 1898 feci,
3136 1839 3197 1886 ut
3228 1833 3409 1902 plures
3456 1829 3835 1886 lucrifaciam.-

2298 1918 2461 1973 Liber
2489 1935 2560 1974 ex
2589 1920 2848 1975 omnibus
2875 1929 2977 1987 est,
3007 1937 3134 1976 cum
3161 1919 3300 1976 nulli
3331 1920 3387 1975 in
3417 1918 3725 1976 adulatione
3748 1927 3844 1973 tra-

2296 2005 2439 2062 didit
2455 2008 2836 2078 Evangelium,
2851 2025 2951 2065 nec
2965 2007 3286 2080 cujusquam
3304 2017 3497 2078 praeter
3509 2007 3732 2064 salutem
3749 2005 3840 2076 (70)

2296 2095 2504 2168 aliquid
2531 2096 2868 2168 concupivit,
2909 2111 3085 2167 neque
3116 2095 3182 2151 ad
3213 2095 3440 2150 delicias
3491 2093 3757 2151 habendas
3789 2091 3842 2148 ab

2295 2185 2484 2257 aliquo
2529 2193 2782 2258 sumptus
2829 2185 3086 2258 largiores
3115 2185 3363 2241 mercede
3392 2185 3704 2256 hypocrisis
3729 2197 3844 2240 acce-

2295 2272 2396 2345 pit.
2425 2273 2651 2332 Servum
2684 2281 2863 2330 autem
2885 2273 2965 2331 sic
2993 2290 3049 2329 se
3079 2273 3326 2328 omnium
3349 2273 3558 2328 factum
3573 2271 3842 2340 dicit,dum

2294 2377 2352 2416 se
2393 2378 2489 2433 per
2541 2361 2910 2419 humilitatem
2938 2361 3174 2418 similem
3212 2361 3459 2417 omnium
3503 2371 3684 2418 mente
3709 2361 3843 2416 imbe-

2296 2449 2506 2506 cillium
2554 2450 2846 2516 exhibuit;
2893 2459 2956 2510 ut
2999 2467 3091 2508 eos
3139 2466 3232 2522 per
3262 2449 3584 2522 patientiam
3635 2448 3842 2505 ﬁrmaret
3939 2465 3941 2520 ί

2295 2538 2363 2594 ad
2388 2539 2616 2595 salutem
2648 2540 2912 2608 futuram,
2942 2541 3242 2597 confovens
3270 2539 3484 2595 animos
3531 2538 3744 2594 illorum
3769 2537 3842 2611 qui

2295 2637 2391 2685 aut
2419 2631 2738 2702 peccabant,
2767 2641 2862 2690 aut
2893 2649 2978 2688 res
3005 2631 3224 2688 divinas
3243 2630 3452 2687 tardius
3475 2629 3840 2703 sequebantur;

2295 2725 2357 2774 ut
2383 2735 2490 2774 non
2519 2736 2706 2792 aspere
2736 2721 2940 2778 ferrent
2973 2719 3296 2794 reprehendi
3326 2735 3402 2776 se.

2368 2807 2550 2878 (Vers.
2593 2808 2708 2882 20.)
2759 2832 2779 2856 ι
2825 2811 2896 2866 Et
2955 2811 3130 2865 factus
3186 2825 3307 2864 sum
3363 2807 3570 2864 Judzeis
3618 2816 3840 2880 tanquam

2293 2892 2533 2962 Iudaeus,
2586 2903 2648 2952 ut
2693 2897 2908 2954 Judaaos
2953 2898 3346 2954 lucrifacerem.
3391 2921 3410 2945 ›
3453 2897 3683 2953 Videtur
3715 2894 3840 2967 quasi

2293 2980 2580 3037 simulasse
2607 2984 2749 3053 (71),
2771 2993 2833 3040 ut
2853 2984 3110 3041 omnibus
3129 2983 3283 3040 ﬁeret
3307 2983 3514 3051 omnia,
3538 2981 3680 3056 quod
3697 2983 3843 3038 solent

2293 3067 2601 3125 adulatores
2650 3071 2857 3139 facere;
2904 3073 3000 3129 sed
3047 3089 3157 3128 non
3185 3073 3263 3130 ita
3289 3081 3406 3129 est:
3439 3071 3529 3127 vir
3559 3072 3698 3128 enim
3727 3069 3840 3127 divi-

2293 3175 2398 3215 nus
2427 3167 2481 3215 et
2518 3161 2766 3218 medicus
2803 3164 3090 3234 spiritalis,
3121 3165 3297 3222 sciens
3337 3163 3588 3220 omnium
3613 3179 3781 3220 causas
3801 3168 3842 3216 et

2295 3247 2549 3313 vulnera,
2581 3265 2777 3320 magna
2799 3251 3071 3307 industria
3103 3253 3361 3308 confovet
3386 3251 3510 3308 illos
3537 3259 3598 3308 et
3620 3250 3842 3322 compati-

2295 3340 2414 3390 tur:
2447 3351 2572 3392 cum
2603 3337 2861 3394 omnibus
2889 3339 3036 3394 enim
3085 3339 3404 3397 hominibus
3432 3341 3677 3413 quaedam
3706 3337 3841 3395 habe-

2297 3438 2418 3478 mus
2463 3429 2796 3482 communia.
2848 3429 3044 3483 Factus
3083 3437 3164 3483 est
3205 3445 3332 3501 ergo
3377 3429 3586 3486 Judzeis
3621 3437 3842 3500 tanquam

2295 3510 2542 3579 Iudaeus;
2591 3515 2719 3586 quia
2761 3526 2982 3588 propter
3023 3515 3339 3572 scandalum
3382 3517 3608 3574 illorum
3638 3515 3843 3573 circum-

2295 3599 2434 3656 cidit
2460 3601 2808 3658 Timotheum
2833 3605 2975 3674 (Act.
3007 3621 3127 3672 xw,
3154 3605 3232 3675 3),
3265 3614 3318 3660 et
3347 3606 3668 3677 puriﬁcatus
3691 3618 3842 3660 ascen-

2295 3687 2376 3743 dit
2403 3689 2460 3743 in
2491 3693 2780 3762 templum,
2811 3707 2878 3746 ne
2901 3694 3242 3748 occasionem
3289 3709 3383 3765 per
3413 3710 3540 3749 eum
3573 3695 3842 3766 acciperent

2293 3778 2706 3851 blasphemandi
2757 3784 2897 3855 (Act.
2927 3802 3045 3854 xxi,
3077 3786 3192 3856 26).
3235 3787 3366 3844 Rem
3397 3803 3527 3858 ergo
3559 3787 3702 3855 fecit,
3744 3799 3842 3858 qua

2289 3865 2403 3939 jam
2425 3886 2631 3926 cessare
2650 3872 2894 3941 deberet,
2923 3873 3015 3931 sed
3043 3875 3341 3931 secundum
3375 3876 3546 3947 legem
3577 3876 3714 3932 fecit.
3730 3875 3839 3930 Nam

2296 3966 2350 4013 et
2373 3959 2646 4016 consensit
2677 3960 2788 4016 illis
2821 3964 2990 4033 legem
3034 3979 3150 4018 esse
3188 3980 3216 4019 a
3248 3965 3362 4020 Deo
3398 3971 3451 4019 et
3481 3965 3775 4038 prophetas,
3800 3966 3842 4014 et

2296 4045 2363 4102 de
2399 4047 2512 4103 illis
2541 4049 2779 4107 ostendit
2799 4051 3078 4108 Christum
3107 4052 3256 4108 hunc
3283 4069 3418 4120 esse,
3449 4053 3548 4126 qui
3577 4051 3842 4126 promissus

2295 4144 2412 4193 est:
2446 4146 2507 4192 ut
2538 4154 2788 4196 assensus
2815 4140 2932 4212 ejus
2959 4141 3184 4199 haberet
3209 4143 3482 4199 eﬂ'ectum.

2369 4224 2550 4295 (Vers.
2583 4225 2696 4298 21.)
2741 4251 2760 4274 ι
2790 4228 2861 4284 lis
2882 4229 2973 4300 qui
3005 4230 3107 4285 sub
3138 4231 3254 4302 lege
3272 4237 3422 4298 sunt,
3449 4231 3606 4303 quasi
3634 4229 3730 4286 sub
3746 4229 3841 4299 lege

2294 4331 2465 4372 essem
2496 4316 2641 4387 (cum
2673 4317 2786 4388 ipse
2819 4335 2927 4374 non
2956 4320 3059 4374 sim
3106 4319 3208 4375 sub
3239 4321 3399 4392 lege),
3432 4328 3494 4376 ut
3525 4337 3616 4377 eos
3643 4320 3729 4394 qui
3757 4315 3840 4374 sub

2296 4405 2411 4477 lege
2440 4414 2586 4474 sunt,
2618 4407 3010 4465 lucrifacerem.
3033 4435 3052 4458 ι
3084 4409 3126 4465 Ii
3158 4411 3249 4482 qui
3271 4410 3374 4466 sub
3397 4412 3508 4482 lege
3538 4419 3664 4466 sunt
3691 4409 3841 4466 Sama-

2295 4493 2458 4552 ritani
2489 4505 2818 4563 noscuntur;
2841 4499 3010 4570 legem
3026 4497 3170 4554 enim
3195 4499 3366 4556 solam
3396 4500 3691 4572 accipiunt,
3712 4495 3760 4552 id
3775 4499 3840 4549 est

589 4587 761 4644 sentit
794 4585 1056 4644 domino:
1106 4594 1162 4642 et
1209 4584 1355 4659 quod
1394 4585 1678 4642 voluntate
1728 4587 1811 4656 ﬁt,
1855 4588 2053 4644 melius
2097 4589 2178 4646 ﬁt.
2208 4582 2258 4642 D
2289 4585 3838 4662 quinquelibrosMoysi.SuntautemexoriginePersarum

603 4698 626 4724 ι
649 4674 708 4732 Si
746 4684 931 4733 autem
963 4675 1196 4742 invitus,
1227 4673 1564 4747 dispensatio
1604 4675 1742 4730 mihi
1772 4675 1980 4732 credita
2009 4684 2108 4733 est.
2145 4703 2165 4728 ι

587 4764 701 4822 Nec
728 4765 833 4824 hoc
877 4765 1174 4824 obscurum
1217 4771 1318 4832 est,
1351 4763 1482 4837 quia
1523 4763 1617 4837 qui
1647 4763 1942 4822 indevotus
1968 4766 2179 4839 aliquid

591 4848 748 4922 facit,
796 4870 910 4912 non
967 4857 1252 4914 voluntate
1306 4853 1462 4920 facit,
1511 4852 1606 4911 sed
1650 4854 1990 4912 necessitate.
2040 4853 2178 4922 Quia

670 5067 798 5143 (65),
820 5068 954 5143 Cod.
978 5069 1164 5138 Corh.,
1191 5073 1309 5143 ipsa
1323 5081 1522 5131 natura
1547 5081 1595 5129 et
1611 5075 1934 5130 conversatio
1949 5075 2179 5134 humana

594 5139 840 5212 decrevit.
888 5140 962 5195 Et
1007 5149 1128 5212 post
1172 5139 1342 5212 pauca
1385 5145 1530 5200 idem
1563 5162 1660 5202 ms.
1697 5163 1824 5203 cum
1853 5147 1980 5202 aliis
2026 5162 2178 5203 non-

592 5210 788 5284 nullis,
819 5226 983 5284 ueque
1011 5210 1256 5284 Otiosum,
1277 5215 1418 5284 quod
1445 5217 1628 5282 tantis,
1657 5226 1762 5274 etc.

669 5282 793 5364 (66)
816 5283 899 5340 Ita
927 5296 1056 5361 mss.
1088 5281 1378 5364 plures'ac
1418 5281 1660 5364 melioris
1689 5295 1864 5364 notae:
1897 5288 1993 5344 alii
2023 5305 2176 5364 vero,

591 5361 649 5410 et
681 5353 844 5434 edit.,
891 5353 1060 5425 magis
1103 5353 1264 5418 mori,
1305 5368 1464 5425 quam
1490 5361 1550 5412 ut
1594 5357 1820 5428 glom'am
1846 5377 2013 5418 meam
2059 5353 2180 5434 quis

596 5433 962 5579 Vet.
1007 5494 1142 5556 edit.
1182 5509 1310 5554 cum
1369 5497 1558 5572 paucis
1590 5513 1742 5572 mss.,
1789 5519 1896 5560 non
1936 5507 2010 5561 est
2047 5505 2178 5561 mihi

594 5573 798 5710 wgf?)
832 5639 1034 5698 Omnes
1078 5639 1213 5698 edit.
1265 5640 1556 5697 voluntatis
1587 5657 1694 5696 sua:
1719 5653 1951 5712 nonest;
1987 5654 2180 5704 contra

593 5721 730 5771 vero
758 5725 889 5798 mss.
907 5727 1074 5791 prope
1093 5712 1162 5774 ad
1180 5727 1376 5804 unum,
1405 5713 1678 5790 potestatis
1695 5730 1824 5784 sum,
1845 5722 1952 5776 etc.
1975 5717 2178 5782 lterum

2287 4679 2338 4728 et
2367 4675 2742 4746 Assyriorum,
2769 4694 2906 4750 quos
2937 4694 3033 4732 rex
3060 4677 3434 4749 Assyriorum,
3468 4680 3694 4736 sublatis
3728 4673 3838 4730 ﬁliis

2287 4765 2449 4822 Israel
2469 4766 2524 4823 in
2548 4769 2944 4839 captivitatem,
2962 4768 3224 4840 posuitad
3245 4769 3534 4826 incolenda
3554 4770 3669 4826 loca
3686 4767 3840 4822 Sama-

2287 4854 2382 4910 riaa
2395 4855 2503 4929 (IV
2515 4859 2639 4927 Reg.
2671 4873 2811 4926 xvu,
2825 4857 2905 4928 6);
2938 4857 3061 4913 ideo
3077 4865 3130 4914 et
3150 4858 3334 4930 ignem
3357 4859 3548 4918 colunt
3568 4872 3714 4914 more
3737 4854 3839 4910 Per-

2287 5082 2467 5130 autem
2506 5074 2601 5130 ubi
2647 5091 2772 5131 cum
2827 5082 2936 5131 vet.
2982 5076 3114 5132 edit.
3146 5092 3210 5132 ac
3246 5093 3375 5134 mss.
3409 5077 3584 5131 multo
3613 5070 3839 5146 pluribus

2289 5146 2628 5202 restituimus
2677 5147 2888 5219 e/ﬁciam
2933 5149 3314 5218 Evangelium;
3368 5149 3521 5204 Rom.
3556 5147 3686 5219 edit.
3732 5156 3838 5196 cum

2287 5226 2522 5290 unoiaut
2549 5219 2848 5290 alterorms.
2883 5227 3136 5282 mutarat,
3157 5236 3351 5289 ponam
3387 5218 3747 5290 Evangelium.

2385 5289 2476 5361 69)
2508 5288 2766 5361 Nonnulli
2799 5305 2950 5356 mss.,
2981 5288 3166 5346 delicto
3202 5291 3337 5361 ﬁunt
3365 5291 3462 5346 rei.

2385 5289 2453 5344 69
2508 5289 2766 5346 Nonnulli
2799 5305 2950 5356 mss.,
2981 5291 3164 5346 delicto
3202 5291 3337 5361 ﬁunt
3365 5291 3462 5346 rei.

2289 5289 2476 5487 @370;
2507 5362 2633 5418 Mss.
2663 5359 2893 5434 aliquot,
2923 5377 3084 5434 neque
3111 5362 3422 5434 cujusquam
3462 5367 3683 5434 propter
3703 5356 3842 5413 saltt-

2285 5575 2340 5630 vi

2339 5449 2478 5630 3i!)
2521 5504 2645 5562 Vet.
2689 5504 2820 5562 edit.
2863 5520 2926 5562 ac
2968 5523 3096 5562 mss.
3139 5505 3284 5562 haud
3307 5505 3502 5578 pauci:
3539 5505 3658 5558 Non
3701 5497 3841 5580 quasi

2339 5578 2340 5583 “
2377 5582 2492 5629 etur
2519 5577 2830 5630 simulasse:
2874 5579 3070 5630 melius
3095 5587 3278 5630 tamen
3306 5579 3464 5630 Rom.
3491 5575 3626 5630 edit.
3656 5573 3841 5630 aliique

2377 5573 2492 5629 etu’r
2519 5577 2830 5644 simulasse;
2874 5579 3070 5633 melius
3095 5587 3278 5637 tamen
3305 5573 3464 5637 Rom.
3491 5575 3626 5636 edit.
3656 5573 3844 5645 aliique

2287 5645 2408 5702 cod.
2441 5655 2761 5720 expungunt
2788 5649 3151 5724 negationem.
