3976 6380
209 386 312 446 245

1284 398 1642 458 COMMENT.
1683 402 1755 459 IN
1789 404 2005 461 EPIST.
2047 407 2070 463 Ῑ
2107 407 2202 463 AD
2240 408 2396 465 COB.

3357 422 3467 481 246

206 528 407 570 sarum.
430 512 529 613 H_is
555 529 683 613 ergo
701 517 1015 613 apostolus,
1036 516 1168 613 dum
1186 536 1315 613 Anon
1344 523 1574 613 negabat
1604 526 1774 597 legem
1806 528 1857 588 Α
1883 529 2076 600 Magna
2121 548 2213 603 spe
2258 547 2473 613 currere
2530 550 2588 590 se
2637 536 2939 607 proﬁtetur,
2988 550 3193 599 certum
3242 544 3463 605 habens

207 616 320 659 esse
373 618 406 659 a
460 605 593 673 Deo,
650 605 813 663 ﬁebat
866 607 1016 679 quasi
1054 607 1156 665 sub
1186 609 1331 681 lege:
1364 612 1457 667 sed
1486 629 1554 668 ex
1579 630 1641 670 ea
1668 616 1781 672 illis

208 688 330 746 miti
387 692 557 749 verbo
587 694 704 764 (72)
744 693 1026 753 Christum
1064 696 1481 769 intelligendum
1512 702 1777 771 tradebat,

205 777 349 835 sicut
385 787 439 836 et
486 781 822 839 Samaritana
866 784 980 852 illa,
1016 801 1136 857 quin
1165 785 1308 842 dixit
1337 788 1404 844 ad
1433 791 1729 848 Dominum
1762 808 1775 847 :

217 890 238 914 ι
267 867 394 926 Scio
438 872 569 943 quia
610 872 829 929 Messias
862 874 1014 931 venit
1062 876 1243 947 (Joan.
1288 895 1369 947 ιν,
1395 878 1487 951 25)
1514 898 1529 948 ;
1559 906 1579 929 ι
1620 881 1780 939 docta

204 971 303 1028 per
327 958 519 1029 legem.

293 1072 314 1097 ι
332 1050 405 1107 lis
433 1051 527 1123 qui
556 1051 671 1108 sine
697 1054 814 1124 lege
841 1056 1146 1129 sunt,quasi
1171 1057 1288 1114 sine
1317 1058 1431 1131 lege
1450 1060 1775 1130 essem(cum

202 1136 324 1194 sine
352 1138 466 1210 lege
491 1156 601 1196 non
631 1157 803 1197 essem
834 1143 955 1211 Dei,
988 1144 1081 1201 sed
1109 1145 1164 1200 in
1197 1146 1312 1217 lege
1340 1163 1509 1203 essem
1544 1147 1773 1218 Christi)

201 1233 265 1283 ut
292 1242 384 1283 eos
414 1228 510 1301 qui
548 1229 666 1285 sine
687 1231 798 1302 lege
818 1241 965 1300 sunt,
993 1233 1389 1290 lucrifacerem.
1414 1260 1433 1284 ι
1479 1236 1593 1293 Hoc
1619 1237 1774 1305 dicit,

202 1315 350 1387 quia,
379 1331 503 1373 cum
536 1316 592 1372 in
615 1318 728 1390 lege
756 1319 960 1377 Christi
981 1320 1148 1389 est,in
1178 1323 1292 1395 lege
1318 1323 1414 1379 Dei
1448 1333 1546 1392 est,
1571 1324 1776 1382 Christi

200 1411 304 1473 est,
345 1404 488 1462 sicut
541 1406 716 1464 dixit:
792 1433 810 1457 ι
841 1408 1039 1466 Omnia
1082 1427 1200 1468 mea
1247 1420 1341 1469 tua
1388 1421 1537 1482 sunt,
1577 1422 1630 1470 et
1683 1423 1778 1471 tua

201 1510 322 1551 mea
352 1496 834 1569 (Joan.xvu,10).-
876 1531 947 1543 —
988 1501 1096 1558 nUt
1121 1517 1213 1558 eos
1240 1502 1334 1574 qui
1372 1503 1775 1574 sinelegesunt,

199 1582 600 1643 lucrifacerem.
625 1611 644 1633 ι
685 1589 826 1644 Dum
856 1589 1000 1645 enim
1031 1590 1255 1646 assentit
1285 1589 1417 1659 illis,
1442 1591 1500 1648 id
1528 1599 1609 1647 est
1638 1607 1777 1663 gen-

198 1670 574 1745 tilibus,juxta
605 1675 888 1748 physicam
922 1676 1188 1735 rationein
1230 1678 1495 1735 mundum
1526 1678 1726 1736 factum
1745 1694 1779 1734 a

199 1759 335 1831 Deo,
378 1770 433 1819 et
458 1780 578 1836 quae
610 1764 667 1821 in
696 1781 761 1821 eo
795 1775 946 1834 sunt,
988 1774 1044 1823 et
1072 1769 1308 1824 animam
1336 1785 1450 1825 esse
1486 1768 1779 1825 immorta-

1891 617 2022 689 quid
2063 619 2135 674 sit
2171 620 2519 691 promissum.
2567 644 2586 668 ι
2610 622 2700 679 Sic
2723 639 2924 695 pugno,
2957 643 3068 683 non
3099 633 3252 702 quasi
3282 651 3462 693 aerem

1890 705 2121 764 cadens.
2157 735 2176 758 ι
2220 710 2336 768 Hoc
2369 718 2470 779 est,
2501 727 2612 767 non
2645 712 2827 770 verbis
2857 716 3046 788 magis,
3085 718 3180 775 sed
3205 720 3273 776 de
3300 723 3463 782 rebus

1888 796 2178 853 contendo.

1971 909 1992 933 ι
2024 886 2130 943 Sed
2157 887 2360 960 castigo
2379 906 2576 963 corpus
2605 899 2867 961 meum,et
2899 894 3149 951 servituti
3169 897 3449 970 subjicio..

1889 973 2163 1048 Castigare
2214 993 2413 1050 corpus
2455 988 2537 1036 est
2553 978 2780 1052 jejuniis
2808 981 2946 1038 illud
2977 999 3171 1055 angere
3204 986 3321 1057 (74)
3361 1004 3374 1042 :
3408 995 3465 1044 et

1892 1063 1986 1119 illa
2014 1065 2064 1119 ei
2094 1065 2245 1131 dare,
2267 1082 2388 1138 quae
2413 1066 2482 1122 ad
2509 1067 2679 1124 vitam
2708 1070 3129 1142 proﬁciant,non
3152 1073 3220 1127 ad
3242 1075 3459 1133 luxum.

1888 1150 2153 1209 Servituti
2197 1169 2327 1209 vero
2376 1154 2703 1226 subjicitur;
2747 1158 2877 1213 dum
2909 1176 3016 1215 non
3048 1177 3198 1216 suam
3228 1162 3461 1232 perﬁcit,

1887 1239 1979 1296 sed
1998 1240 2226 1312 spiritus
2257 1242 2623 1299 voluntatem.
2674 1269 2693 1291 ι
2732 1246 2809 1301 Ne
2844 1245 2984 1302 forte
3011 1247 3134 1303 aliis
3163 1249 3462 1318 praedicans

1887 1328 2000 1400 ipse
2038 1331 2301 1402 reprobus
2342 1332 2612 1388 inveniar.
2636 1358 2655 1380 -
2716 1334 2841 1392 Ideo
2880 1350 2935 1390 se
2967 1337 3236 1393 refrenare
3264 1354 3461 1410 corpus

1887 1433 2044 1473 suum
2094 1419 2354 1488 ostendit,
2385 1430 2448 1477 ut
2475 1423 2935 1492 remuneratione,
2967 1441 3127 1497 quam
3159 1427 3282 1482 aliis
3313 1443 3462 1498 pras—

1887 1504 2053 1573 dicat,
2084 1507 2247 1564 etiam
2277 1508 2389 1581 ipse
2413 1508 2609 1580 dignus
2634 1508 2929 1579 habeatur;
2978 1529 3045 1567 ne
3081 1514 3204 1569 aliis
3232 1516 3460 1583 curatis,

1888 1592 2002 1664 ipse
2038 1603 2340 1651 remaneret
2366 1597 2426 1652 in
2473 1598 2723 1654 vulnere.
2772 1599 2964 1655 Italam
2994 1616 3120 1671 ergo
3149 1618 3296 1672 spem
3328 1618 3459 1673 prae-

1887 1681 2179 1739 dicationis
2216 1700 2327 1740 sua:
2365 1685 2615 1753 aﬁirmat,
2660 1688 2877 1759 quando
2909 1691 3073 1761 gestis
3100 1691 3156 1746 id
3184 1708 3239 1747 se
3269 1708 3463 1763 prose-

1887 1771 2003 1843 qui,
2026 1770 2174 1844 quod
2198 1770 2376 1839 docet,
2402 1773 2665 1839 ostendit;
2692 1775 2822 1846 quia
2844 1776 2938 1847 qui
2967 1778 3125 1833 aliter
3152 1779 3263 1849 agit
3294 1795 3457 1850 quam

198 1846 333 1916 lem,
362 1858 417 1906 et
444 1850 511 1906 ab
542 1850 661 1922 ipso
693 1868 793 1908 nos
817 1852 1083 1924 originem
1114 1853 1313 1910 habere
1344 1853 1447 1927 [ita
1499 1854 1646 1911 enim
1676 1856 1777 1913 Ac-
1808 1873 1856 1934 Β
1887 1859 2164 1930 praedicat,
2196 1868 2474 1932 suspectos
2503 1861 2632 1917 facit
2660 1846 2964 1933 audientes,
2998 1873 3060 1920 ut
3080 1865 3147 1921 de
3178 1846 3460 1937 promissis

194 1938 345 1996 tibus
380 1944 753 2013 apostolorum
795 1942 873 1997 ait
917 1944 1057 2014 (Act.
1114 1960 1255 2013 xvu,
1296 1943 1427 2015 28):
1487 1967 1508 1992 ι
1533 1945 1605 2001 Et
1631 1945 1773 2002 sicut

190 2027 419 2101 quidam
470 2046 539 2086 ex
586 2030 743 2087 vobis
776 2031 1070 2089 dixerunt:
1115 2032 1292 2105 Ipsius
1334 2030 1481 2088 enim
1523 2040 1578 2089 et
1604 2049 1773 2105 genus

192 2131 390 2173 sumus
420 2116 499 2191 -];
531 2119 612 2175 sic
640 2119 802 2176 ﬁebat
829 2121 982 2192 quasi
1007 2120 1125 2177 sine
1155 2122 1289 2195 lege,
1303 2138 1398 2194 per
1425 2121 1569 2194 quod
1589 2121 1772 2179 subin-

191 2206 519 2265 troducebat
561 2208 674 2265 illis
719 2209 998 2267 Christum
1041 2210 1221 2283 ipsum
1262 2225 1399 2280 esse,
1439 2226 1601 2284 quem
1629 2212 1774 2268 Deus

192 2294 264 2351 ad
306 2294 671 2368 judicandum
721 2297 985 2355 mundum
1017 2298 1311 2372 praeelegit,
1340 2306 1397 2358 et
1426 2300 1607 2373 ipsum
1634 2315 1770 2371 esse,

191 2398 291 2456 per
320 2400 482 2457 quem
513 2386 700 2442 omnia
717 2386 866 2444 fecit.

261 2471 451 2546 (Vers.
508 2474 626 2547 22.)
695 2499 716 2524 ι
767 2476 965 2533 Factus
988 2492 1110 2534 sum
1140 2475 1379 2535 inﬁrmis
1408 2477 1680 2547 inﬁrmus,
1709 2483 1775 2535 ut

192 2560 445 2619 inﬁrmos
481 2562 873 2622 lucrifacerem.
924 2590 945 2615 ι
1004 2566 1262 2623 Infirmus
1307 2567 1483 2623 factus
1508 2576 1610 2635 est,
1640 2566 1772 2623 dum

192 2659 416 2724 propter
465 2652 658 2709 fratres
703 2653 951 2711 inﬁrmos
997 2671 1030 2711 a
1067 2655 1235 2712 licitis
1263 2654 1534 2723 abstinet;
1564 2671 1633 2711 ne
1662 2656 1775 2712 illis

191 2740 510 2797 scandalum
540 2750 777 2813 generet,
825 2742 1129 2800 «Omnibus
1157 2743 1335 2801 factus
1362 2759 1483 2800 sum
1504 2743 1775 2808 omnia,ut

191 2845 384 2887 omnes
410 2831 589 2887 salvos
620 2833 872 2889 facerem.
905 2857 925 2882 ι
962 2833 1077 2889 Hoc
1108 2832 1215 2888 fuit
1234 2831 1340 2886 viri
1370 2830 1771 2905 prudentis(73)

194 2927 249 2975 et
278 2918 567 2991 spiritalis,
599 2928 662 2976 ut
687 2920 946 2978 omnibus
981 2918 1167 2976 omnia
1212 2919 1407 2987 factus,
1436 2919 1773 2991 propositum

191 3015 382 3065 tamen
417 3015 557 3072 143
586 3009 867 3081 religionis
898 3025 1009 3067 non
1023 3007 1308 3066 excederet
1332 3026 1347 3076 ;
1372 3009 1501 3081 quia
1534 3007 1628 3064 ubi
1656 3021 1775 3063 ces-

192 3104 286 3171 sit,
318 3104 389 3161 ad
441 3105 548 3164 hoc
604 3107 787 3175 cessit,
826 3114 890 3163 ut
934 3104 1254 3179 proﬁceret;
1301 3119 1403 3161 nec
1445 3102 1596 3160 aliud
1620 3102 1771 3172 fecit,

194 3208 360 3266 quam
395 3195 483 3251 lex
506 3194 803 3252 mandavit.

265 3283 448 3355 (Vers.
481 3284 598 3357 23.)
642 3311 660 3333 ι
690 3285 889 3342 Omnia
914 3293 1096 3343 autem
1117 3284 1260 3343 facio
1284 3291 1505 3357 propter
1526 3284 1770 3354 Evange-

193 3370 353 3442 lium,
394 3382 456 3430 ut
502 3376 772 3449 particeps
800 3376 918 3448 ejus
944 3376 1092 3431 ﬁam.
1122 3399 1141 3423 ι
1186 3376 1301 3431 Hoc
1325 3381 1426 3441 est,
1472 3372 1658 3427 omnia
1684 3387 1771 3425 su-

190 3464 440 3534 pradicta
490 3466 653 3533 facio,
697 3473 760 3522 ut
811 3465 1113 3520 voluntatis
1140 3462 1462 3534 evangelicae
1505 3459 1774 3532 particeps

190 3549 420 3620 eﬁiciar,
459 3568 620 3626 quam
652 3553 818 3608 habet
844 3551 990 3608 circa
1009 3551 1237 3605 salutem
1262 3548 1576 3603 humanam.

264 3641 450 3712 (Vers.
472 3640 590 3711 24.)
628 3664 649 3688 ι
675 3638 907 3695 Nescitis
934 3636 1191 3711 quoniam
1222 3635 1318 3709 qui
1344 3635 1404 3691 in
1431 3631 1609 3690 stadio
1639 3650 1775 3690 cur-

188 3737 346 3796 runt,
387 3745 576 3784 omnes
630 3727 850 3800 quidem
901 3735 1147 3794 currunt,
1197 3741 1340 3781 unus
1366 3732 1546 3781 autem
1575 3724 1774 3796 accipit

188 3819 433 3891 palmam
458 3818 487 3875 ?
515 3841 533 3866 ι
596 3818 753 3875 Nunc
791 3816 939 3873 aliud
966 3816 1088 3872 vult
1117 3830 1388 3888 exponere
1421 3832 1434 3870 :
1466 3814 1649 3887 itaque
1670 3815 1773 3871 hoc

187 3906 445 3977 exemplo
468 3904 707 3961 ostendit
735 3911 937 3977 quanta
964 3904 1037 3959 sit
1066 3905 1277 3959 utilitas
1308 3904 1441 3976 legis
1474 3910 1689 3969 nostrae,
1713 3902 1771 3958 in

190 4009 298 4067 qua
356 4009 467 4049 non
516 3993 637 4057 uni,
695 3992 788 4049 sed
834 3991 1091 4048 omnibus
1137 3991 1404 4063 promissa
1444 3998 1525 4045 est
1558 3990 1760 4061 palma.

201 4103 224 4129 ι
252 4081 343 4138 Sic
385 4080 609 4148 currite,
656 4089 718 4135 ut
762 4077 1264 4151 comprehendatis.
1303 4102 1324 4127 ι
1377 4077 1621 4134 Sollicite
1650 4076 1771 4132 vult

190 4170 338 4228 curri
368 4169 435 4225 ad
466 4168 904 4241 promissionem,
937 4168 1064 4240 quia
1090 4182 1282 4239 magna
1304 4173 1405 4222 est.

264 4258 447 4331 (Vers.
488 4256 617 4327 25.)
659 4279 678 4302 σ
717 4256 909 4313 Omnis
941 4264 1122 4312 autem
1153 4254 1331 4327 qui-in
1363 4270 1531 4326 agone
1550 4263 1768 4312 conten-

194 4346 276 4405 dit
292 4345 361 4402 ab
397 4343 655 4400 omnibus
683 4358 740 4399 se
767 4342 1009 4398 abstinet
1039 4360 1054 4410 ;
1086 4365 1106 4391 ι
1148 4341 1217 4397 ab
1257 4340 1344 4398 his
1368 4342 1623 4398 omnibus
1649 4358 1767 4413 quae

194 4433 418 4493 vitanda
467 4431 653 4488 eadem
700 4430 868 4486 tradit
896 4430 1207 4502 disciplina,
1238 4446 1363 4502 cum
1392 4430 1568 4485 sciant
1597 4445 1768 4484 unum

196 4520 587 4587 coronandum;
622 4525 825 4592 quanto
852 4519 1023 4589 magis
1053 4517 1211 4573 nobis
1249 4492 1649 4573 (diservandum
1666 4524 1767 4585 est,

197 4612 320 4685 quia
347 4609 605 4667 omnibus
645 4606 911 4679 promissa
939 4614 1021 4662 est
1043 4605 1190 4661 salus
1228 4605 1241 4661 l
1288 4628 1309 4652 ι
1337 4605 1409 4659 Et
1438 4605 1520 4660 illi
1549 4604 1769 4677 quidem

198 4712 256 4760 ut
280 4700 692 4774 corruptibilem
725 4712 977 4754 coronam
1008 4696 1280 4768 accipiant
1306 4716 1319 4754 :
1354 4712 1453 4751 nos
1481 4706 1660 4751 autem
1691 4699 1772 4752 in-

198 4797 528 4863 corruptam.
568 4814 587 4837 ι
620 4788 690 4843 Et
713 4786 770 4842 in
809 4785 915 4842 hoc
944 4784 1181 4839 multum
1231 4783 1415 4855 dispar
1442 4781 1646 4838 donum
1666 4789 1767 4850 est,

199 4897 258 4938 ac
283 4898 378 4954 per
393 4881 501 4937 hoc
530 4878 908 4950 diligentiores
928 4891 1026 4932 nos
1056 4890 1169 4931 esse
1188 4874 1408 4942 debere,
1439 4874 1640 4947 quibus
1659 4888 1769 4928 non

200 4972 423 5028 terrenis
449 4978 503 5027 et
531 4966 989 5026 marcescentibus
1020 4964 1267 5031 ﬂoribus,
1294 4961 1387 5018 sed
1415 4961 1630 5018 aeternis
1646 4976 1769 5016 con-

200 5070 333 5118 serta
370 5060 598 5133 gemmis
642 5058 701 5113 in
750 5055 976 5113 modum
1025 5053 1221 5127 regalis
1264 5051 1588 5110 diadematis
1612 5051 1769 5124 spiri-

202 5150 319 5205 talis
339 5164 539 5204 corona
568 5153 834 5203 servatur.

269 5249 447 5318 (Vers.
479 5247 597 5318 26.)
642 5268 662 5293 -
685 5244 776 5303 Sic
805 5257 987 5310 curro,
1017 5256 1129 5297 non
1153 5240 1310 5313 quasi
1334 5240 1394 5296 in
1419 5239 1709 5296 incertum.
1736 5261 1755 5287 ι

273 5503 384 5574 (72)
432 5503 522 5574 Sic
565 5499 697 5556 edit.
729 5495 977 5574 Amerb.,
1005 5496 1247 5574 Eras_._ac
1277 5492 1433 5574 Rom.
1467 5507 1592 5574 cum
1620 5497 1771 5572 parte

208 5562 326 5629 mss.
365 5562 382 5630 Ξ
414 5573 544 5631 Gill.
569 5587 699 5628 vero
727 5577 780 5627 et
812 5569 907 5626 alii
934 5562 1090 5636 mss.,
1120 5564 1231 5621 illis
1253 5562 1389 5619 mitti
1416 5562 1570 5619 verba
1601 5562 1765 5636 ;qui-

207 5642 321 5699 dam
346 5645 494 5710 cod.,
523 5643 759 5702 Verbum.

275 5715 388 5791 (73)
420 5705 550 5776 M38.
582 5711 860 5783 nonnulli,
888 5711 997 5773 Hoc
1022 5708 1131 5785 fuit
1158 5724 1275 5765 vere
1300 5705 1557 5783 prudens.

1798 4566 1847 4624 D

1884 1945 2157 2004 dubitent.
2214 1948 2325 2004 Suo
2378 1948 2561 2021 itaque
2600 1953 2852 2023 exemplo
2890 1969 3001 2008 non
3049 1955 3222 2028 magis
3278 1954 3460 2011 verbis

1881 2049 2045 2108 quam
2081 2033 2339 2108 operibus
2366 2035 2732 2092 exercendum
2765 2038 3035 2095 hortatur.

2507 2178 2733 2237 CAPUT
2761 2178 2834 2235 X.

1954 2313 2134 2386 (Vers.
2186 2314 2237 2383 1,
2281 2313 2361 2387 2.)
2398 2338 2418 2364 ι
2446 2315 2584 2373 Nolo
2612 2315 2759 2371 enim
2788 2331 2888 2371 vos
2923 2314 3192 2388 ignorare,
3229 2316 3448 2389 fratres,

1883 2402 2011 2475 quia
2039 2411 2216 2475 patres
2243 2405 2414 2460 nostri
2438 2421 2628 2461 omnes
2654 2404 2755 2461 sub
2776 2404 2919 2460 nube
2938 2405 3180 2475 fuerunt,
3198 2418 3251 2465 et
3270 2425 3460 2465 omnes

1884 2504 2049 2559 mare,
2082 2493 2437 2562 transierunt,
2469 2500 2523 2548 et
2551 2508 2741 2548 omnes
2763 2493 2817 2547 in
2846 2493 3029 2565 Moyse
3051 2492 3305 2566 baptizati
3332 2503 3461 2552 sunt

1881 2575 1942 2632 in
1988 2577 2133 2635 nube
2160 2588 2216 2635 et
2240 2580 2301 2635 in
2330 2579 2467 2634 mari
2503 2580 2706 2651 (Exod.
2734 2596 2857 2648 xm,
2899 2580 3000 2648 2i;
3031 2598 3149 2649 xiv,
3182 2582 3271 2646 22;
3296 2584 3457 2640 Num.

1884 2680 1962 2732 IX,
2002 2665 2112 2736 21).
2153 2688 2174 2713 ι
2215 2666 2529 2723 Iudaeorum
2564 2668 2838 2738 exemplo,
2883 2667 2977 2739 qui
3005 2668 3335 2740 negligentia
3360 2685 3461 2725 sua

1883 2751 2248 2822 offenderunt,
2298 2755 2564 2811 sollicitos
2600 2771 2699 2811 nos
2747 2756 2868 2809 vult
2916 2771 3066 2821 esse;
3097 2756 3326 2827 ideoque
3354 2757 3459 2813 sub

1883 2841 2029 2897 nube
2066 2840 2204 2897 dicit
2256 2841 2381 2896 illos
2410 2840 2598 2910 fuisse,
2629 2840 2757 2913 quia
2776 2842 2960 2897 omnia
2988 2858 3106 2913 quae
3138 2852 3284 2914 gesta
3306 2852 3459 2913 sunt,

1870 2930 1943 2986 sin
1972 2931 2145 3003 ﬁgura
2176 2931 2349 2988 nostri
2382 2932 2525 2988 facta
2552 2940 2682 2987 sunt
2712 2932 2827 3002 (75)
2854 2949 2867 2997 ;
2900 2938 2961 2985 ut
2994 2932 3241 2987 veritatis
3260 2940 3460 2989 nostra:

1883 3018 1969 3074 illi
1998 3018 2294 3074 habuerint
2321 3018 2636 3090 imaginem.
2668 3017 2915 3075 Contecti
2945 3018 3093 3073 enim
3122 3019 3267 3074 nube
3305 3028 3359 3075 et
3387 3020 3457 3075 ab

1882 3109 2210 3166 adversariis
2236 3110 2351 3165 suis
2379 3109 2484 3165 tuti
2516 3109 2766 3180 praestiti,
2812 3108 2943 3163 dum
2973 3124 3004 3163 a
3035 3116 3209 3164 morte
3238 3109 3455 3167 liberati

1802 3215 1847 3277 ο
1881 3205 2028 3267 sunt,
2058 3196 2315 3270 baptizati
2346 3196 2625 3252 dicuntur.
2658 3198 2774 3253 Illis
2793 3198 2961 3266 enim,
2994 3197 3050 3253 id
3073 3206 3151 3253 est
3181 3199 3458 3271 ngyptiis

1880 3287 1941 3343 in
1987 3286 2124 3342 mari
2180 3286 2431 3353 mortuis,
2470 3285 2602 3341 dum
2658 3285 2739 3353 hi,
2794 3285 2930 3341 duce
2984 3287 3191 3380 Moyse,
3225 3288 3460 3343 feliciter

1880 3382 2186 3440 transeunt,
2228 3374 2400 3445 erepti
2435 3382 2615 3429 sunta
2652 3380 2856 3429 morte:
2890 3373 3035 3444 quod
3070 3373 3286 3444 praestat
3312 3374 3457 3444 bap—

1885 3462 2126 3519 tismum.
2174 3462 2295 3520 Non
2340 3462 2487 3518 enim
2534 3461 2647 3518 illis
2701 3461 2971 3532 praeterita
3021 3461 3161 3515 mala
3188 3462 3458 3531 imputata

1883 3557 2031 3618 sunt,
2076 3549 2169 3606 sed
2190 3566 2285 3621 per
2316 3564 2461 3605 mare
2481 3556 2535 3604 et
2558 3566 2653 3620 per
2680 3549 2878 3603 nubem
2912 3548 3206 3620 puriﬁcati,
3240 3564 3457 3619 praepa-

1884 3639 1986 3695 rati
2033 3646 2162 3694 sunt
2207 3638 2274 3695 ad
2314 3636 2684 3711 accipiendam
2717 3638 2908 3709 legem,
2940 3644 2993 3692 et
3021 3635 3252 3693 formam
3281 3635 3457 3696 futuri

1882 3728 2202 3785 sacramenti
2240 3728 2431 3784 nostri.

1954 3819 2137 3890 (Vers.
2165 3817 2219 3885 3,
2247 3816 2328 3889 4.)
2374 3840 2394 3866 ι
2420 3817 2492 3873 Ει
2518 3832 2708 3876 omnes
2734 3816 2975 3874 eamdem
3022 3832 3195 3875 escam
3227 3818 3457 3890 spirita-

1882 3906 1989 3963 lem
2032 3905 2283 3972 ederunt,
2328 3914 2381 3961 et
2437 3921 2625 3963 omnes
2652 3906 2902 3962 eumdem
2934 3915 3122 3978 potum
3151 3906 3455 3977 spiritalem

1880 3993 2172 4061 biberunt;
2222 3992 2483 4049 bibebant
2522 3994 2669 4049 enim
2717 3993 2784 4049 de
2812 4002 3069 4066 sequente
3098 4010 3190 4049 eos
3218 3993 3455 4065 spiritali

1880 4090 2065 4156 petra:
2112 4090 2263 4153 petra
2283 4089 2463 4137 autem
2492 4090 2606 4137 erat
2635 4081 2905 4139 Christus.
2938 4106 2956 4131 ι
2996 4084 3196 4138 Manna
3236 4082 3445 4154 (Exod.

1879 4186 2000 4239 xvr,
2029 4171 2177 4241 l5)et
2195 4186 2391 4242 aquam
2414 4187 2532 4243 quas
2550 4169 2715 4226 ﬂuxit
2733 4170 2799 4225 de
2822 4180 2971 4242 petra
3002 4172 3352 4241 (Emdxvn,
3369 4169 3453 4241 6),

1878 4259 2016 4316 dicit
2042 4258 2343 4331 spiritalia;
2378 4259 2507 4331 quia
2545 4274 2658 4314 non
2708 4258 2900 4314 mundi
2940 4260 3054 4331 lege
3086 4269 3272 4330 parata
3300 4265 3452 4326 sunt,

1879 4349 1973 4404 sed
2026 4348 2124 4404 Dei
2169 4349 2372 4405 virtute
2398 4349 2515 4403 sine
2544 4349 2936 4405 elementorum
2966 4350 3345 4405 commistione
3383 4345 3453 4404 ad

1878 4446 2092 4510 tempus
2136 4445 2335 4505 creata,
2386 4437 2641 4494 habentia
2687 4438 2745 4493 in
2774 4454 2829 4493 se
2858 4437 3084 4510 ﬁguram
3115 4436 3287 4492 futuri
3321 4452 3454 4508 my-

1878 4525 2053 4593 sterii,
2081 4524 2227 4598 quod
2259 4541 2408 4582 nunc
2436 4541 2536 4580 nos
2568 4526 2837 4581 sumimus
2881 4526 2939 4580 in
2970 4525 3454 4581 commemoratio-

1878 4630 2003 4671 nem
2053 4612 2257 4670 Christi
2312 4613 2555 4670 Domini.
2590 4613 2718 4670 Ideo
2746 4622 2801 4669 et
2829 4613 2984 4684 panis
3012 4613 3326 4681 angelorum
3354 4611 3451 4666 di-

1878 4711 2000 4760 ctus
2026 4711 2126 4770 est,
2160 4702 2290 4775 quia
2309 4702 2517 4758 virtute
2541 4718 2648 4774 qua
2673 4701 2848 4772 angeli
2877 4700 3200 4765 subsistunt,
3240 4708 3451 4756 creatus

1879 4798 1959 4846 est
1991 4807 2003 4844 :
2036 4790 2140 4847 hoc
2167 4789 2501 4862 signiﬁcans,
2534 4788 2663 4860 quia
2698 4789 2765 4843 de
2819 4788 2969 4843 cmlis
3012 4792 3274 4840 venturus
3312 4793 3449 4856 erat,

1879 4879 1973 4952 qui
2028 4877 2346 4950 spiritaliter
2389 4885 2649 4949 pasceret.
2706 4875 2854 4930 Unde
2896 4882 2949 4929 et
2979 4888 3174 4927 manna
3210 4873 3451 4944 primum

1876 4966 2166 5026 Dominico
2192 4966 2281 5022 die
2310 4965 2461 5021 venit
2504 4964 2570 5018 de
2594 4962 2731 5019 ccelo
2758 4961 2825 5017 ad
2872 4961 3209 5017 saturitatem
3240 4963 3449 5034 populi;

1878 5072 2107 5128 sequens
2164 5063 2344 5110 tamen
2409 5057 2557 5122 petra
2613 5048 2761 5106 dicta
2812 5056 2912 5117 est,
2955 5064 3074 5121 quae
3122 5050 3452 5123 intelligitur

1879 5144 2147 5202 Christus.
2173 5141 2275 5198 Ubi
2303 5142 2449 5196 enim
2488 5138 2774 5195 deﬁciebat
2801 5139 3101 5196 humanum
3141 5140 3220 5196 eis
3246 5140 3451 5197 suﬁ'ra-

1879 5234 2051 5307 gium,
2107 5231 2291 5290 aderat
2337 5229 2620 5300 Christus;
2676 5228 2800 5287 ideo
2859 5228 3203 5305 sequebatur,
3246 5238 3310 5286 ut
3354 5230 3450 5289 ubi

1953 5485 2068 5556 (74)
2096 5483 2219 5541 Vet.
2253 5482 2383 5556 edit.
2416 5498 2477 5537 ac
2500 5479 2681 5556 plures
2711 5496 2863 5556 mss.,
2876 5478 3096 5556 ieiuniis
3123 5474 3259 5531 illud
3276 5491 3444 5547 agere:

1880 5549 2075 5615 melius
2116 5562 2294 5610 tamen
2346 5549 2770 5610 Romfeditcum
2815 5549 2940 5621 aliis
2983 5564 3206 5605 mss.....
3239 5564 3447 5621 angere.

1952 5628 2070 5703 (75)
2103 5628 2202 5685 Ms.
2235 5625 2424 5691 Corb.,
2449 5639 2580 5685 cura
2606 5620 2776 5678 nostri
2796 5617 2941 5694 facta
2964 5625 3104 5681 sunt.
