3976 6384
517 382 622 440 147
1503 379 1598 434 ΑΙ)
1633 377 1865 433 ΟΡΕΠΛ
1903 376 1956 431 S.
2003 373 2333 433 AMBROSII
2372 374 2749 430 APPENDIX.
3697 381 3807 438 248

515 510 822 576 defecisset,
865 508 961 564 ille
1005 505 1344 564 subveniret.
1387 505 1500 564 Nec
1544 507 1691 563 enim
1721 514 1873 579 petra
1901 520 2092 577 aquam
2122 505 2175 567 Α
2213 509 2264 563 in
2321 510 2387 561 in.
2412 525 2494 559 'lttl
2545 506 2695 560 Judzu
2743 511 3147 574 concesserunt,
3187 507 3552 578 anticipantes
3591 509 3802 581 illum;

513 599 687 667 dedit,
719 597 812 656 sed
850 595 1122 657 Christus.

591 689 772 762 (Vers.
832 686 916 758 ὕ.)
986 709 1004 735 ι
1054 687 1159 742 Sed
1204 699 1314 742 non
1360 687 1415 743 in
1449 687 1700 759 pluribus
1745 701 1931 742 eorum
1964 685 2102 743 bene

520 779 691 837 sensit
736 779 898 834 Deus.
931 800 950 823 ι
987 774 1111 831 Ideo
1132 775 1236 831 hoc
1273 775 1437 842 dixit,
1473 776 1601 846 quia
1631 783 1909 846 acceptum
1940 778 2099 832 bene-

519 867 705 924 ﬁcium
737 881 846 921 non
875 863 1289 919 intellexerunt.
1341 885 1361 911 ε
1390 864 1652 919 Prostrati
1698 864 1843 920 enim
1886 873 2014 920 sunt
2042 865 2101 921 in

520 953 736 1010 deserto
770 953 950 1020 (Num.
983 965 1144 1018 xxvr,
1175 950 1288 1021 65).
1321 973 1338 999 ι
1382 951 1616 1021 Dignum
1647 960 1751 1020 est,
1780 961 1839 1008 ut
1867 953 1960 1024 qui
1991 969 2099 1010 ma-

517 1057 624 1114 gna
669 1049 1011 1107 consecutus,
1043 1039 1102 1094 in
1135 1039 1318 1110 parvis
1355 1039 1608 1095 difﬁdens
1641 1051 1743 1109 est,
1773 1057 1885 1097 non
1923 1045 2100 1100 solum

523 1130 644 1188 haec
693 1145 803 1186 non
855 1128 1208 1200 adipiscatur,
1237 1143 1428 1184 verum
1459 1128 1623 1184 etiam
1657 1130 1872 1186 amittat
1903 1141 1955 1188 et
1984 1132 2097 1190 illa.

520 1221 790 1289 Quoniam
823 1236 946 1291 ergo
986 1219 1235 1290 superius
1279 1219 1529 1276 hortatus
1559 1221 1639 1275 est
1669 1221 1736 1275 ad
1769 1222 2013 1290 meliora,
2045 1239 2102 1280 se

519 1311 684 1368 etiam
703 1309 838 1365 dicit
862 1307 917 1364 id
947 1308 1243 1375 elaborare,
1282 1315 1344 1363 ut
1363 1308 1430 1363 ad
1461 1310 1875 1380 promissionem
1906 1311 2102 1382 dignus

523 1405 811 1466 occurrat;
844 1415 994 1454 nunc
1021 1405 1084 1454 ut
1113 1397 1258 1453 istud
1291 1400 1526 1470 exempli
1573 1407 1781 1456 terrore
1823 1401 2103 1458 constrin-

524 1505 615 1570 gat
667 1513 730 1553 ac
774 1495 1014 1562 suadeat,
1054 1492 1269 1551 Judzeos
1298 1501 1431 1551 tunc
1459 1496 1626 1552 simili
1659 1497 1821 1553 modo
1849 1495 1982 1554 dicit
2007 1497 2101 1555 do-

523 1599 657 1642 num
692 1585 790 1642 Dei
833 1591 887 1640 et
929 1583 1155 1655 gratiam
1187 1583 1428 1650 sortitos,
1462 1585 1604 1640 sicut
1631 1593 1684 1640 et
1715 1599 1851 1640 nos:
1895 1594 1947 1642 et
1975 1585 2104 1658 quia

527 1679 674 1737 144
703 1673 1053 1743 indiiigentes
1081 1681 1135 1729 et
1163 1671 1476 1728 dubitantes
1503 1672 1571 1728 de
1617 1673 1714 1730 Dei
1741 1675 2102 1746 promissione

517 1771 743 1830 fuerunt
799 1769 937 1841 (77),
992 1773 1293 1840 prostratos
1339 1784 1454 1826 esse
1495 1769 1552 1824 in
1608 1768 1846 1839 deserto;
1879 1777 1943 1828 ut
1979 1771 2102 1831 ideo

2211 594 2341 670 quia
2371 595 2588 651 tradens
2619 593 3326 660 Christum,exterminatus
3355 603 3435 652 est
3461 595 3530 653 de
3567 611 3808 657 numero

2210 687 2582 759 Apostolorum
2613 701 2644 740 a
2665 683 2854 755 judice
2873 685 3010 742 Deo.
3051 685 3152 741 Per
3177 682 3294 742 hmo
3321 689 3573 760 exempla
3593 687 3662 744 ad
3683 702 3808 746 cor-

2214 775 2500 832 rectiorem
2530 789 2634 829 nos
2660 773 2827 827 vitam
2859 781 3154 844 provocat;
3191 782 3254 831 ut
3292 775 3520 833 monitis
3557 777 3680 848 ejus
3707 789 3806 836 aut

2215 862 2585 937 precanum,“
2615 862 2930 918 obedientes
2953 863 3237 932 fuerimus,
3268 869 3364 920 aut
3389 863 3802 938 propensiorem

2213 969 2429 1027 poenam
2460 968 2766 1009 mereamur
2795 951 3192 1009 inobedientes.
3231 954 3351 1009 Non
3385 963 3469 1010 est
3493 957 3643 1012 enim
3671 968 3806 1014 sm-

2213 1043 2437 1116 biguum
2470 1043 2596 1100 illos
2619 1047 2903 1116 peccantes
2931 1044 3058 1115 plus
3091 1043 3461 1115 subjiciendos
3479 1049 3801 1118 tormentis,

2215 1135 2414 1208 quibus
2461 1134 2806 1206 peccantium
2849 1148 3024 1206 poena)
3068 1131 3139 1191 ad
3179 1133 3291 1192 hoc
3335 1135 3520 1193 relatae
3547 1143 3700 1206 sunt,
3731 1129 3802 1194 ne

2213 1229 2516 1297 peccarent.

2288 1313 2468 1384 (Vere.
2495 1312 2609 1386 ll.)
2655 1335 2674 1361 ι
2701 1311 2830 1368 Haec
2855 1320 3038 1370 autem
3069 1311 3256 1370 omnia
3279 1311 3338 1370 in
3368 1313 3544 1386 ﬁgura
3568 1315 3803 1373 contin-

2213 1403 2410 1476 gebant
2437 1400 2586 1470 illis;
2617 1400 2820 1474 scripta
2848 1411 2976 1460 sunt
3003 1417 3134 1458 vero
3163 1401 3231 1458 ad
3267 1403 3665 1476 correptionem
3703 1417 3802 1460 no-

2213 1498 2401 1558 stram,
2433 1491 2491 1546 in
2519 1505 2656 1564 quos
2686 1489 2822 1544 ﬁnes
2843 1491 3166 1547 saeculorum
3191 1491 3548 1548 devenerunt.
3573 1515 3593 1540 ι
3635 1493 3803 1549 Fines

2211 1581 2538 1639 saeculorum
2597 1595 2697 1636 nos
2743 1595 2964 1646 sumus;
3019 1579 3148 1652 quia
3191 1589 3324 1638 tunc
3355 1581 3472 1639 haec
3503 1581 3628 1638 ideo
3655 1582 3801 1637 facta

2211 1674 2515 1727 noscuntur
2569 1669 2716 1724 circa
2757 1668 3183 1725 retributionem
3237 1669 3483 1742 ijlorum,
3526 1678 3588 1728 ut
3635 1668 3800 1727 nobis

2212 1765 2392 1816 essent
2419 1759 2695 1830 exemplo,
2729 1755 2824 1830 qui
2855 1765 3132 1829 postremo
3152 1759 3353 1814 saeculo
3379 1759 3550 1816 futuri
3579 1769 3799 1816 eramus

517 1861 867 1934 semetipsum
924 1858 1161 1931 aiiligere
1204 1874 1260 1914 se
1309 1858 1635 1927 ostenderet,
1690 1873 1758 1916 ne
1786 1863 1842 1917 in
1873 1859 2094 1920 illorum
2130 1853 2177 1919 B
2205 1849 2266 1910 1η
2294 1849 2398 1905 ﬁde
2427 1844 2651 1904 (Πιτίεῑί-
2683 1846 2788 1901 Pro
2817 1845 3056 1902 υίηίῖαίθ
3082 1846 3229 1902 enim
3257 1855 3443 1903 "03"“
3471 1855 3620 1920 εθετε
3643 1848 3794 1914 θωπί»

520 1966 752 2008 numero
798 1949 1174 2004 inveniretur:
1219 1946 1450 2020 proinde
1486 1948 1876 2008 elaborandum
1922 1957 1984 2030 ut
2011 1953 2098 2010 sui

519 2039 824 2096 imitatores
846 2038 1188 2094 exsisterent.

597 2127 778 2198 (Vers.
809 2127 865 2195 6,
891 2127 982 2198 7.)
1040 2151 1058 2174 ι
1083 2126 1210 2183 Haec
1247 2134 1428 2182 autem
1469 2127 1526 2183 in
1554 2127 1725 2200 figura
1754 2131 1924 2186 nostri
1954 2130 2098 2188 facta

517 2223 670 2282 sunt,
718 2223 780 2270 ut
825 2230 935 2269 non
973 2213 1148 2270 simus
1173 2213 1540 2271 desiderantes
1573 2218 1735 2282 mala,
1763 2218 1903 2276 sicut
1931 2226 1984 2276 et
2012 2219 2096 2276 illi

515 2301 1008 2360 desideraverunt.»
1055 2305 1105 2359 Is
1133 2318 1322 2358 sensus
1355 2309 1408 2358 et
1437 2304 1576 2360 ratio
1603 2313 1704 2374 est,
1743 2321 1902 2380 quam
1933 2323 2096 2380 supra

515 2392 840 2449 memoravi.
887 2417 906 2440 ι
935 2392 1117 2463 Neque
1143 2391 1452 2447 simulacris
1481 2393 1797 2464 servientes,
1815 2397 1956 2454 sicut
1977 2396 2095 2468 qui-

515 2480 643 2538 dam
683 2480 924 2538 illorum.
957 2501 976 2529 ι
1020 2481 1175 2536 Nunc
1221 2479 1320 2535 hos
1349 2482 1540 2552 tangit,
1573 2483 1665 2554 qui
1712 2483 1768 2538 in
1818 2480 1988 2540 idolio
2014 2499 2093 2541 re-

511 2568 832 2628 cumbentes
889 2567 1152 2640 putabant
1216 2584 1325 2623 non
1384 2585 1499 2625 esse
1563 2581 1863 2642 peccatum.
1943 2572 2094 2629 Sicut

511 2659 776 2730 scriptum
832 2665 912 2714 est
975 2655 1172 2725 (Exod.
1227 2671 1410 2724 xxxn,
1461 2657 1563 2729 6):
1637 2659 1835 2715 -Sedit
1863 2662 2094 2732 populus

511 2745 839 2804 manducare
869 2755 922 2802 et
951 2745 1158 2814 bibere,
1190 2755 1244 2802 et
1276 2755 1632 2804 surrexerunt
1661 2747 1849 2805 ludere
1871 2767 1884 2818 ;
1907 2769 1926 2798 ι
1968 2756 2093 2808 ante

516 2833 725 2892 idolum
771 2835 998 2908 utique;
1053 2842 1117 2891 ut
1165 2851 1276 2891 non
1323 2852 1380 2891 se
1430 2837 1713 2892 crederent
1762 2838 2094 2896 immunesa

515 2923 770 2992 crimine,
802 2924 895 2996 qui
938 2924 996 2979 in
1027 2921 1196 2980 idolio
1226 2924 1607 2995 epulabantur.
1639 2926 1777 2982 Nam
1818 2929 2004 3000 Moyse
2034 2930 2092 2984 in

512 3020 701 3068 monte
752 3012 930 3084 posito
959 3011 1102 3084 apud
1148 3014 1342 3081 Deum,
1390 3013 1684 3071 simulacro
1723 3016 1885 3071 vituli
1927 3014 2090 3085 facto,

520 3109 646 3177 post
675 3100 1010 3158 oblationem
1041 3101 1398 3159 dedicationis
1419 3118 1598 3160 causa:
1643 3127 1662 3152 α
1690 3105 1839 3162 Sedit
1864 3108 2094 3179 populus

2209 1945 2272 1998 ut
2299 1939 2345 1996 si
2375 1947 2581 1993 terrore
2611 1935 2810 1991 horum
2842 1935 2900 1991 in
2929 1936 3027 1991 Dei
3055 1935 3254 1992 timore
3275 1937 3660 2004 manserimus,
3684 1937 3796 2008 glo-

2206 2027 2346 2084 riam
2380 2025 2493 2082 illis
2523 2024 2844 2097 promissam
2875 2023 3244 2095 accipiamus:
3273 2025 3320 2081 si
3351 2025 3671 2098 quominus,
3697 2039 3796 2097 ge-

2208 2114 2511 2170 minabitur
2535 2113 2694 2169 nobis
2725 2127 2885 2184 poena
2913 2111 3136 2168 illorum
3167 2127 3184 2179 ;
3220 2113 3352 2185 quia
3391 2112 3569 2186 major
3595 2114 3796 2171 notitia

2207 2203 2341 2274 legis
2369 2203 2494 2274 plus
2519 2200 2654 2258 facit
2681 2215 2856 2257 reum.

2279 2291 2462 2364 (Ver.
2505 2289 2620 2362 12.)
2656 2313 2676 2338 ι
2705 2289 2998 2362 PrOpterea
3029 2295 3084 2346 et
3111 2290 3206 2364 qui
3233 2305 3290 2348 se
3319 2297 3476 2364 putat
3502 2297 3672 2362 stare,
3699 2293 3796 2350 vt-

2205 2380 2330 2438 deat
2375 2396 2442 2436 ne
2489 2378 2663 2436 cadat.
2695 2402 2714 2426 ι
2777 2379 2892 2435 Hoc
2921 2379 2990 2434 ad
3029 2395 3122 2437 eos
3154 2379 3422 2453 loquitur,
3464 2382 3558 2453 qui
3593 2397 3796 2454 presu-

2205 2477 2414 2528 mentes
2431 2465 2498 2524 de
2529 2467 2782 2536 scientia,
2813 2482 2922 2542 qua
2949 2469 3161 2526 licitum
3193 2477 3276 2525 est
3295 2468 3482 2526 omnia
3508 2471 3688 2540 edere,
3711 2472 3794 2528 in-

2204 2559 2380 2616 ﬁrmis
2417 2559 2680 2614 fratribus
2711 2555 2968 2614 seandalo
2997 2565 3188 2614 erant:
3221 2564 3278 2613 et
3309 2565 3562 2630 putantes
3581 2559 3794 2630 aliquid

2203 2663 2261 2705 se
2299 2648 2561 2720 proiicere
2593 2644 2843 2704 doctrina
2859 2645 3464 2727 pseudoapostolorum,
3495 2646 3792 2704 deteriora-

2204 2743 2425 2802 Verant;
2484 2741 2540 2791 et
2579 2732 2901 2806 judicabant
2950 2735 3298 2806 Apostolum,
3325 2750 3452 2792 cum
3475 2735 3582 2808 ipsi
3609 2746 3793 2794 essent

2203 2826 2302 2883 rei.
2357 2825 2676 2898 Superbiam
2723 2840 2850 2897 ergo
2879 2831 3144 2896 amputat,
3175 2838 3245 2880 ne
3273 2839 3370 2896 per
3403 2824 3546 2883 hanc
3571 2832 3789 2882 tenten-

2201 2920 2312 2987 tur,
2339 2917 2482 2973 sicut
2511 2917 2686 2972 Judaei
2716 2915 2912 2973 tentati
2943 2924 3092 2984 sunt,
3134 2923 3189 2972 et
3219 2915 3520 2988 perierunt.

2281 3007 2464 3079 (Vera.
2500 3007 2614 3078 l3.)
2657 3027 2678 3054 ι
2705 3007 2957 3063 Tentatio
2983 3019 3080 3061 vos
3109 3019 3222 3061 non
3255 3005 3648 3079 apprehendat,
3679 3006 3787 3064 nisi

2203 3095 2464 3154 humana.
2496 3121 2515 3146 ι
2549 3098 2630 3152 Ac
2660 3111 2752 3168 per
2780 3097 2886 3154 hoc
2915 3097 3263 3154 detrahentes
3289 3097 3576 3169 Apostolo,
3599 3099 3786 3156 Domi-

509 3191 840 3251 manducare
869 3199 923 3249 et
951 3191 1156 3262 bibere,
1189 3202 1242 3250 et
1271 3201 1633 3250 surrexerunt
1671 3193 1876 3250 ludere.
1907 3221 1925 3244 ι
1970 3197 2088 3254 Haec

2209 3201 2332 3240 num
2364 3193 2574 3241 tentare
2597 3185 2888 3251 videntur;
2931 3186 3060 3258 quia
3087 3193 3142 3241 et
3169 3193 3300 3244 tunc
3332 3202 3456 3244 cum
3487 3187 3668 3259 Moysi
3696 3187 3787 3245 de-

506 3281 734 3340 luxuria
763 3289 864 3353 est,
895 3283 1024 3358 quia
1052 3293 1266 3354 semper
1293 3281 1635 3350 oblectati,in
1674 3283 1772 3339 Dei
1807 3283 1969 3340 rebus
1998 3285 2093 3340 in-
2135 3272 2165 3275 ⁷
2199 3272 2497 3341 traherent,
2539 3279 2594 3328 εἳ
2640 3272 2958 3329 “hilarem
2997 3272 3064 3329 de
3106 3289 3193 3342 θο,
3242 3275 3416 3331 Deum
3441 3280 3680 3332 ῐθηῐιιειθ
3704 3275 3787 3332 ἀί-

507 3369 697 3430 iideles
735 3372 948 3428 inventi
1003 3375 1152 3428 sunt.
1206 3369 1441 3443 Ideoque
1488 3371 1712 3426 instruit
1763 3367 1903 3444 (78),
1933 3387 2000 3428 ne
2034 3374 2090 3429 in

499 3456 642 3520 hanc
690 3461 1054 3518 difﬁdentiam
1095 3474 1191 3533 per
1225 3473 1511 3517 assensum
1561 3459 1795 3517 luxuria)
1834 3461 1891 3517 in
1921 3461 2091 3518 idolio

499 3551 832 3608 incidamus.

575 3639 758 3708 (Vers.
784 3636 901 3706 8.),
925 3660 942 3682 ε
969 3635 1155 3705 Neque
1185 3635 1544 3704 fornicamur,
1579 3638 1722 3696 sicut
1751 3639 1974 3712 quidam
2011 3641 2092 3696 il—

499 3725 687 3779 lorum
734 3721 990 3777 fornicati
1036 3727 1182 3786 sunt,
1219 3730 1271 3776 et
1299 3725 1615 3779 ceciderunt
1641 3741 1750 3780 una
1780 3727 1868 3781 die
1893 3727 2091 3798 viginti

501 3807 614 3869 tria
641 3808 816 3864 millia
835 3809 1122 3864 hominum
1159 3808 1343 3878 (Num.
1378 3823 1513 3878 xxv,
1544 3812 1624 3880 9).
1647 3836 1665 3859 ι
1711 3813 1825 3869 Hoc
1857 3815 1967 3870 illis
1997 3833 2091 3872 re-

499 3898 775 3956 tributum
812 3907 912 3967 est,
947 3896 1167 3971 quando
1189 3913 1312 3954 cum
1335 3899 1646 3955 Madianitis
1684 3902 2006 3960 mulieribus
2033 3922 2088 3960 sc

500 3987 1009 4054 commacularunt;
1045 3988 1126 4044 ira
1177 3991 1320 4044 enim
1355 3991 1451 4047 Dei
1481 3990 1696 4048 exstitit
1731 3992 2086 4064 contraillos,

502 4090 624 4149 quae
645 4075 995 4131 aemulatione
1023 4077 1259 4133 Phinees
1301 4080 1599 4136 sacerdotis
1628 4081 1878 4139 habentis
1909 4082 2085 4139 zelum

497 4163 619 4231 Dei,
657 4163 836 4233 sopita
856 4171 956 4232 est,
987 4179 1056 4219 ne
1075 4165 1259 4235 plures
1291 4167 1651 4225 morerentur.

576 4253 759 4324 (Vere.
783 4251 866 4321 9.)
913 4276 930 4298 -
957 4251 1140 4321 Neque
1169 4260 1440 4309 tentemus
1472 4256 1771 4326 Christum,
1800 4260 1944 4316 sicut
1969 4260 2086 4333 qui-

497 4341 624 4398 dam
658 4357 843 4396 eorum
867 4347 1298 4408 tentaverunt,et
1327 4355 1358 4397 a
1377 4345 1720 4416 serpentibus
1751 4350 2070 4420 perierunt.-

498 4430 858 4488 Detrahentes
903 4429 969 4486 de
1017 4431 1129 4486 Deo
1187 4430 1464 4488 Christum
1516 4439 1750 4492 tentasse
1786 4437 2080 4510 dicuntur;

493 4522 623 4594 quia
653 4519 906 4578 Christus
937 4528 1073 4588 erat,
1105 4521 1198 4591 qui
1235 4521 1298 4576 ad
1331 4521 1554 4594 Moysen
1599 4525 1939 4597 loquebatur.
1967 4529 2084 4588 De-

2201 3369 2421 3418 ountur.
2459 3362 2634 3418 Omne
2674 3361 2821 3416 enim
2869 3361 3015 3434 quod
3057 3362 3345 3434 probatum
3388 3380 3502 3420 non
3528 3364 3784 3436 habetur,

2199 3458 2479 3518 tentatur;
2510 3450 2632 3506 ideo
2668 3459 2730 3506 ut
2755 3449 2872 3506 haec
2902 3451 3132 3506 tentatio
3160 3453 3785 3522 convellatur,admonet

2200 3557 2322 3596 cum
2353 3548 2576 3596 terrore.
2609 3540 2678 3595 Ut
2703 3548 2882 3596 autem
2916 3538 3157 3595 humana
3186 3541 3416 3597 tentatio
3441 3541 3566 3598 illos
3593 3557 3783 3614 appre-

2201 3631 2422 3700 hendat,
2474 3632 2727 3689 hortatur
2758 3649 2772 3689 :
2824 3632 3065 3688 humana
3109 3633 3256 3688 enim
3285 3632 3515 3690 tentstio
3552 3639 3636 3690 est
3660 3645 3782 3706 pro-

2199 3729 2318 3792 pter
2363 3737 2513 3793 spem
2543 3722 2642 3778 Dei
2687 3720 2934 3778 diilidere
2962 3722 3030 3778 de
3061 3721 3308 3792 homine,
3335 3723 3465 3796 quia
3491 3738 3636 3779 vana
3657 3739 3783 3795 spes

2200 3808 2258 3863 in
2289 3807 2549 3870 homine;
2601 3817 2664 3866 ut
2709 3810 2765 3866 in
2804 3810 3125 3868 necessitate
3152 3818 3248 3868 aut
3275 3825 3526 3884 pressura
3551 3827 3663 3868 non
3689 3810 3779 3868 de-

2197 3903 2374 3968 speret
2398 3897 2466 3953 de
2494 3900 2628 3966 Deo,
2659 3898 2964 3954 humanum
2997 3900 3270 3956 auxilium
3309 3899 3662 3973 requirendo,
3701 3901 3781 3957 si-

2196 3992 2290 4042 cut
2327 3993 2380 4041 et
2425 3985 2598 4041 Judaei
2634 3988 2728 4060 qui
2781 3987 3096 4044 dubitantes
3123 3987 3191 4044 de
3218 3990 3352 4057 Deo,
3383 3985 3658 4045 idolorum
3685 3988 3779 4046 ad-

2197 4075 2462 4130 minicula
2507 4075 2825 4133 exorabant.
2870 4077 2986 4135 Hoc
3029 4085 3110 4134 est
3138 4077 3442 4134 humanum
3467 4077 3775 4146 auxilium;

2196 4163 2325 4237 quia
2357 4161 2434 4217 dii
2457 4179 2788 4234 paganorum
2815 4173 2963 4223 terra
2989 4176 3138 4237 sunt,
3167 4176 3221 4225 et
3247 4169 3522 4226 culturam
3551 4167 3778 4226 illorum

2196 4251 2472 4308 humanus
2497 4265 2648 4308 error
2674 4253 2908 4313 invenit.
2938 4248 3168 4330 PrOpter
3183 4257 3465 4318 Christum
3493 4275 3619 4332 ergo
3640 4261 3776 4333 pati,

2196 4342 2435 4398 humana
2491 4341 2722 4400 tentatio
2772 4354 2875 4416 est,
2931 4347 3242 4422 perquam
3295 4348 3584 4422 proﬁcitur
3628 4350 3779 4424 apud

2192 4431 2386 4490 Deum.
2636 4483 2671 4516 ρ

2277 4546 2296 4570 ι
2324 4525 2530 4583 Fidelis
2556 4533 2738 4584 autem
2773 4527 2940 4597 Deus,
2981 4529 3076 4602 qui
3104 4543 3217 4589 non
3245 4531 3486 4604 patietur
3511 4543 3612 4588 vos
3656 4537 3776 4588 ten-

487 4610 657 4684 nique
712 4625 780 4664 ne
837 4625 936 4666 nos
983 4610 1042 4665 in
1086 4609 1271 4666 eadem
1318 4625 1478 4668 causa
1521 4613 1890 4688 inveniamur,
1923 4635 2085 4676 com-
2113 4609 2163 4634 ”
2189 4617 2297 4672 tari
2327 4632 2489 4692 supra
2518 4637 2680 4694 quam
2709 4623 2972 4694 potestis;
3004 4621 3098 4678 sed
3125 4623 3290 4680 faciet
3317 4639 3442 4682 cum
3472 4624 3776 4684 tentatione

488 4714 678 4764 monet
706 4723 774 4764 ne
803 4706 1024 4764 diabolo
1055 4705 1356 4776 tradamur,
1389 4706 1545 4781 cujus
1573 4721 1848 4784 serpentes
1873 4712 2076 4772 habent

490 4787 742 4865 ﬁguram.

563 4882 742 4951 (Vers.
796 4883 911 4958 10.)
975 4907 994 4934 ι
1021 4887 1208 4960 Neque
1238 4889 1735 4959 murmuraveritis,
1779 4889 1921 4948 sicut
1956 4893 2071 4966 qui-

502 4965 614 5030 Iam
646 4985 713 5024 ex
735 4971 866 5042 ipsis
893 4985 1374 5034 murmurarerunt
1411 4979 1595 5050 (Num.
1627 4997 1747 5048 xw,
1777 4965 2056 5048 231,1)»

489 5057 831 5116 Murmurare
888 5073 968 5120 est
1010 5068 1143 5122 falso
1186 5070 1253 5124 ad
1304 5069 1540 5128 invicem
1590 5071 1656 5127 de
1685 5073 1990 5144 praepositis
2019 5083 2072 5131 et

487 5150 796 5208 rectoribus
826 5153 1266 5224 queri,quantum
1297 5160 1362 5213 ad
1385 5171 1618 5217 mentem
1660 5165 1764 5219 loci
1797 5166 2066 5236 pertinet;

485 5243 617 5316 quia
643 5243 780 5298 solet
816 5259 1061 5298 murmur
1083 5246 1198 5298 ﬁeri
1231 5249 1447 5318 etjusta
1476 5269 1543 5308 ex
1571 5273 1749 5312 causa.
1795 5281 1812 5301 ι
1843 5257 1911 5312 Et
1949 5272 2068 5328 per-

485 5333 670 5390 ierunt
716 5333 784 5388 ab
833 5333 1256 5388 exterminatore
1307 5338 1466 5406 (Ibid.
1519 5358 1596 5408 nr,
1647 5345 1726 5414 2).
1760 5370 1778 5394 ›
1824 5346 1937 5400 IIoc
1965 5353 2066 5412 est,

558 5491 672 5567 (76)
714 5494 863 5550 Idem
906 5493 1028 5550 cod.
1063 5493 1221 5562 Cob.,
1258 5511 1360 5548 non
1398 5497 1664 5567 despiciat,
1705 5520 1884 5558 rerum.
1912 5509 2068 5564 etiam

484 5563 691 5648 studeat
723 5567 1048 5633 loborare,nt
1076 5567 1147 5621 ad.
1167 5563 1564 5648 [ii'oiiii.ssi021ein
1585 5563 1770 5642 dignus
1801 5585 2062 5648 occurrat,

485 5632 722 5707 ubi_non
744 5653 912 5704 pauca
936 5632 1449 5707 praeterniittuntur.

561 5704 678 5775 (77)
705 5704 970 5762 Nonnulli
1000 5725 1152 5776 mss.,
1178 5711 1240 5765 de
1268 5709 1364 5764 Dei
1373 5711 1676 5781 provisione
1703 5715 1938 5783 fuerunt.

2189 4708 2353 4764 etiam
2387 4721 2753 4784 proventum;
2804 4719 2866 4769 ut
2893 4713 3115 4786 possitis
3143 4715 3398 4772 tolerare.
3425 4739 3446 4765 ι
3483 4717 3612 4774 Ideo
3640 4717 3777 4774 tide-

2190 4793 2296 4852 iem
2354 4798 2490 4857 dicit
2536 4801 2732 4868 Deum,
2799 4823 2820 4850 ε
2862 4802 2957 4875 qui
3007 4819 3118 4861 non
3165 4806 3404 4878 patietur
3444 4821 3544 4864 vos
3567 4808 3774 4864 tentari

2189 4895 2352 4956 supra
2398 4903 2562 4960 quam
2602 4890 2866 4961 potestis:
2910 4913 2930 4940 ι
2973 4893 3102 4964 quia
3142 4892 3401 4950 daturum
3431 4909 3488 4950 se
3514 4895 3774 4967 promisit

2193 4979 2332 5036 145
2374 4977 2520 5032 Deus
2571 4975 2929 5050 diligentibus
2964 4997 3020 5037 se
3067 4997 3232 5054 regna
3287 4983 3560 5040 omiestia:
3609 4991 3667 5040 et
3705 4992 3773 5040 ut

2188 5068 2281 5126 det
2323 5085 2538 5128 necesse
2591 5081 2706 5142 est;
2768 5077 2895 5148 quia
2943 5076 3122 5134 ﬁdelis
3175 5087 3274 5136 est.
3325 5079 3614 5151 Propterea
3638 5092 3771 5152 ergo

2187 5159 2462 5215 tribulatis
2505 5179 2601 5233 pro
2655 5179 2709 5218 se
2757 5165 2950 5233 aderit,
3000 5183 3098 5222 nec
3126 5167 3364 5238 patietur
3394 5175 3604 5224 tantum
3631 5169 3769 5226 irro-

2189 5249 2324 5319 gari,
2369 5250 2516 5321 quod
2547 5253 2766 5309 tolerari
2799 5269 2909 5309 non
2939 5257 3148 5326 possint
3177 5272 3190 5310 :
3231 5255 3327 5312 sed
3365 5257 3550 5326 faciet,
3580 5266 3644 5314 ut
3673 5267 3770 5315 aut

2187 5338 2295 5394 cito
2342 5349 2512 5396 cesset
2552 5343 2803 5408 tentatio,
2853 5351 2948 5398 aut
2975 5345 3019 5400 si
3051 5345 3267 5418 prolixa
3291 5345 3481 5416 fuerit,
3509 5345 3601 5404 det
3631 5349 3766 5406 tole-

2257 5503 2374 5580 (78)
2418 5503 2772 5580 Cod.___Corh.
2798 5508 2968 5578 solus,
2997 5509 3214 5580 ideoque
3239 5509 3500 5577 destruit;
3533 5515 3590 5567 at
3615 5511 3769 5569 idem

2181 5574 2303 5629 cod.
2358 5591 2482 5630 cum
2522 5574 2646 5633 aliis
2681 5574 3032 5650 quibusdam,
3088 5574 3320 5640 luxuria
3364 5574 3505 5639 idoli
3538 5584 3771 5640 incidu-

2181 5661 2314 5698 mus.
