3976 6378
230 339 333 400 249

1315 350 1672 419 ροιιιιΕΝΤ.
1714 363 1785 419 IN
1824 362 2036 420 EPIST.
2079 365 2102 420 ι
2140 366 2235 420 AD
2274 362 2428 422 con.

3383 361 3488 422 250

233 470 385 565 randi
420 471 677 536 virtutem
713 481 992 557 :alioquin
1011 498 1121 541 non
1151 485 1321 555 dabit,
1345 488 1487 559 quod
1516 491 1797 559 pl‘ﬂlllisil;
1831 494 1879 551 Α
1915 493 2076 545 unius
2122 493 2214 546 Dei
2266 492 2426 546 fidem
2473 497 2865 565 corrumperet,
2913 491 3137 549 Satanas
3180 491 3483 548 adinvenit.

234 561 358 641 quia
382 570 651 638 vincetur,
674 573 766 644 qui
787 574 1188 644 patitur.Homo
1208 584 1287 631 est
1316 578 1463 632 enim
1495 579 1801 635 infirmitati

231 657 525 728 subjectus,
564 668 618 714 et
646 676 754 715 non
783 660 885 715 erit
915 663 1007 733 qui
1055 663 1284 733 accipiat
1335 664 1449 735 (79)
1489 684 1499 720 :
1533 665 1627 722 sed
1676 667 1802 739 quia

234 744 413 801 ﬁdelis
440 756 521 802 est
549 750 712 816 Deus,
744 749 835 820 qui
870 750 1142 821 promisit,
1174 753 1436 809 subvenit
1475 764 1536 810 ut
1582 755 1803 827 impleat

232 832 379 905 quod
423 836 691 907 promisit.
745 838 988 910 Denique
1040 839 1311 897 breviatos
1351 844 1471 898 vult
1516 860 1629 898 esse
1687 844 1803 900 dies

233 921 520 985 Dominus.
552 934 611 981 ut
639 926 917 982 salventur
963 928 1142 996 electi,
1184 937 1237 984 et
1290 931 1499 1001 possint
1546 932 1803 1003 consequi

234 1026 462 1084 regnum
492 1013 587 1069 Dei
622 1014 639 1084 (
670 1014 854 1070 Matth.
890 1029 1047 1082 xxrv,
1083 1016 1196 1089 22).
1232 1016 1516 1085 Quomodo
1562 1026 1742 1075 tamen
1772 1036 1803 1074 a

232 1100 350 1155 Deo
375 1100 680 1172 adiuvatur,
714 1101 758 1155 si
784 1108 993 1156 tantum
1020 1105 1367 1174 permittatur
1394 1108 1613 1175 tentari,
1640 1123 1806 1180 quan-

232 1194 351 1241 tum
386 1194 559 1258 potest
586 1187 745 1258 (80)?
776 1189 1084 1260 Adjuvatur
1134 1193 1312 1264 plane,
1352 1193 1484 1250 dum
1528 1210 1638 1250 non
1684 1196 1807 1267 plus

232 1274 568 1345 permittitur
594 1278 644 1331 ei
682 1276 910 1350 imponi,
934 1296 1093 1352 quam
1125 1282 1296 1337 scitur
1324 1282 1463 1339 ferre
1520 1299 1707 1354 posse;
1746 1289 1808 1338 ut

233 1374 427 1436 quarto
458 1364 547 1421 die
593 1366 703 1438 pati
749 1383 861 1423 non
904 1369 1270 1439 permittatur,
1320 1372 1414 1445 qui
1458 1371 1629 1428 scitur
1663 1372 1805 1428 ultra

232 1469 344 1509 non
372 1471 688 1527 possequam
719 1456 904 1512 triduo
933 1459 1179 1515 tolerare.

307 1544 485 1613 (Vers.
523 1542 635 1615 14.)
681 1568 700 1592 α
746 1543 1104 1617 Quapropter,
1155 1546 1482 1617 charissimi,
1526 1548 1696 1619 fugite
1740 1547 1808 1606 ab

231 1628 505 1686 idolorum
536 1632 768 1689 cultura.
798 1655 820 1682 ι
865 1634 1124 1691 Hortatur
1151 1637 1315 1692 etiam
1344 1654 1509 1705 nunc,
1547 1646 1607 1692 ut
1634 1638 1809 1692 absti-

231 1727 399 1775 neant
425 1737 482 1777 se
508 1721 578 1777 ab
608 1722 759 1778 omni
786 1724 1042 1779 societate
1092 1724 1435 1790 idololatriae,
1468 1733 1529 1781 ut
1573 1741 1684 1781 non
1728 1742 1810 1781 so-

1912 579 2063 635 Unde
2091 586 2143 634 et
2172 580 2403 635 Joannes
2432 577 2707 651 apostolus
2733 580 2790 635 In
2819 577 3045 651 epistola
3072 595 3168 635 sua
3195 579 3329 637 dicit
3354 598 3365 638 :
3389 581 3477 637 Ad

1911 666 2016 723 hoc
2044 670 2195 724 venit
2224 669 2397 724 Filius
2443 666 2564 737 Dei,
2607 675 2670 723 ut
2707 666 2945 724 solveret
2983 682 3147 739 opera
3185 664 3390 723 diaboli
3434 660 3493 741 (Ι

1910 757 2065 813 Ιοαη.
2108 775 2188 817 ιιι,
2222 760 2301 827 8).

1985 862 2164 933 (Vers.
2192 862 2309 936 21.)
2355 887 2373 910 ‹
2400 862 2519 919 Non
2550 861 2774 936 potestis
2803 860 3029 919 calicem
3052 858 3276 917 Domini
3305 857 3490 919 bibere

1908 956 1965 1021 et
1996 951 2217 1007 calicem
2247 951 2681 1019 daemoniorum;
2713 968 2824 1007 non
2855 948 3083 1025 potestis
3141 965 3341 1005 mensas
3372 948 3492 1005 Do-

1912 1036 2051 1093 mini
2080 1040 2482 1094 communicare
2510 1047 2563 1095 et
2594 1055 2790 1095 mensze
2819 1038 3237 1096 daemoniorum.
3272 1060 3291 1083 -
3340 1034 3493 1092 Sicut

1914 1132 1968 1182 et
1996 1128 2260 1182 Dominus
2287 1127 2363 1183 ait
2396 1147 2407 1184 :
2447 1152 2465 1175 ι
2488 1126 2607 1183 Non
2628 1128 2850 1201 potestis
2869 1128 2983 1183 Deo
3008 1127 3219 1184 servire
3241 1130 3295 1180 et
3325 1124 3493 1182 mam-

1914 1227 2091 1269 mona;
2122 1216 2332 1285 (Matth.
2357 1233 2436 1283 vr,
2468 1214 2558 1286 24)
2580 1234 2595 1285 ;
2616 1241 2634 1264 ρ
2671 1216 2799 1290 quia
2826 1215 2920 1289 qui
2950 1213 3175 1272 calicem
3198 1210 3492 1269 daemonio-

1914 1315 2036 1356 rum
2078 1301 2237 1371 bibit,
2279 1302 2436 1360 calici
2483 1302 2705 1359 Domini
2751 1302 2980 1361 insultat
3017 1321 3029 1359 :
3062 1309 3263 1357 etcum
3294 1312 3493 1356 mensas

1915 1387 2308 1447 daemoniorum
2354 1390 2743 1460 communicat,
2791 1406 2989 1445 mensae
3034 1386 3276 1455 Domini,
3312 1385 3368 1442 id
3412 1393 3495 1441 est

1914 1477 2090 1547 altari,
2117 1478 2401 1550 obstrepit,
2432 1487 2484 1533 et
2512 1476 2731 1535 Domini
2754 1494 2948 1549 corpus
2971 1474 3259 1548 crucifigit.
3284 1474 3493 1529 Idcirco

1917 1567 2062 1622 enim
2093 1566 2343 1622 Christus
2370 1565 2666 1622 crucifixus
2711 1573 2811 1635 est,
2859 1571 2920 1620 ut
2963 1565 3288 1621 dissolveret
3334 1576 3496 1633 opera

1917 1651 2123 1710 diaboli
2152 1653 2290 1725 (83).
2322 1653 2429 1721 Qui
2454 1669 2580 1726 ergo
2624 1653 2754 1709 facit
2789 1669 2952 1728 opera
2991 1650 3222 1719 diaboli,
3267 1649 3488 1707 Christo

1918 1750 2200 1816 repugnat.

231 1807 1813 1924 1‘inszieiiffnifli‘f.fdi?!l“‘ﬁi’."fi-?iil‘?f
1837 1838 1884 1898 B
1990 1851 2170 1922 (vers.
2193 1851 2310 1924 εξ.)
2358 1875 2380 1902 ι
2406 1856 2518 1911 Au:
2545 1853 2866 1911 mmulamnr
2916 1852 3211 1911 Dominum
3256 1851 3439 1908 Iesum
3465 1847 3495 1909 τ

230 1905 490 1951 nascatur
522 1898 582 1952 in
613 1900 785 1953 Deum
815 1899 1067 1953 tentatio.
1101 1900 1273 1955 Nemo
1304 1901 1450 1956 enim
1479 1902 1726 1957 assiduus
1755 1899 1813 1955 in

228 1984 407 2040 idolio
439 1984 579 2039 nihil
604 1992 782 2056 sperat
819 1984 885 2040 de
914 2001 977 2039 eo
1024 1986 1139 2056 (81)
1164 2003 1179 2053 ;
1230 1986 1360 2043 hinc
1404 1989 1549 2043 enim
1600 2003 1813 2060 sperare

226 2074 489 2131 dubitare
510 2076 584 2131 de
614 2078 724 2130 Deo
744 2082 847 2139 est,
878 2075 1018 2130 sicut
1060 2084 1112 2129 et
1159 2076 1282 2130 Saul
1338 2077 1529 2132 relicto
1558 2080 1687 2145 Deo,
1717 2078 1813 2150 qui

229 2163 282 2219 ei
334 2164 510 2218 fuerat
552 2163 742 2217 delicti
784 2178 945 2217 causa
997 2164 1187 2229 iratus,
1231 2163 1298 2218 ad
1343 2164 1705 2219 idololatriam
1757 2180 1813 2221 se

230 2252 493 2318 contulit,
523 2250 731 2323 aliquid
760 2266 980 2322 sperans
999 2249 1064 2306 de
1084 2266 1144 2305 ea
1167 2252 1224 2320 (Ι
1249 2254 1370 2321 Reg.
1403 2267 1604 2321 xxvm,
1639 2254 1809 2324 7-20).

232 2339 336 2396 Cui
385 2338 602 2411 quidem
657 2340 705 2393 ei
737 2339 793 2393 in
824 2340 1073 2410 praesenti
1106 2339 1306 2407 obfuit,
1354 2346 1407 2394 et
1459 2339 1518 2395 in
1564 2341 1812 2396 futurum

233 2427 535 2498 gehennam
559 2427 809 2481 ultricem
849 2425 1109 2497 providit.

309 2515 490 2586 (Vers.
526 2512 638 2584 15.)
683 2536 701 2559 ι
731 2514 893 2579 Quasi
928 2512 1242 2584 prudentes,
1265 2528 1386 2579 vos,
1405 2510 1645 2583 judicate
1668 2513 1813 2586 quod

232 2602 380 2659 dico.
410 2624 427 2649 ι
472 2602 740 2672 Exempla
769 2601 1019 2672 subjicit,
1050 2609 1110 2656 ut
1142 2601 1359 2657 facilius
1401 2603 1655 2665 suadeat;
1688 2604 1815 2674 quia

232 2693 325 2749 cui
356 2691 519 2747 verba
564 2692 695 2746 satis
736 2708 851 2748 non
898 2691 1132 2758 faciunt,
1167 2692 1344 2746 solent
1390 2693 1638 2763 exempla
1680 2708 1815 2747 sua-

231 2780 382 2836 dere.

308 2872 492 2940 (Vers.
526 2870 613 2936 16,
646 2870 759 2942 17.)
802 2891 822 2916 ι
850 2870 1010 2926 Calix
1041 2869 1440 2925 benedictionis
1469 2886 1627 2941 quem
1648 2870 1812 2926 bene-

231 2959 493 3026 dicimus,
509 2974 689 3013 nonne
711 2958 1135 3014 communicatio
1165 2957 1445 3029 sanguinis
1466 2960 1682 3014 Domini
1705 2959 1815 3015 est?

232 3047 398 3103 Panis
428 3063 586 3119 quem
619 3047 938 3118 frangimus,
963 3062 1146 3101 nonno
1168 3048 1595 3103 communicatio
1624 3062 1814 3119 corpo-

230 3136 313 3192 ris
360 3137 579 3192 Domini
628 3137 764 3192 est?
803 3136 942 3202 Quia
989 3152 1132 3191 unus
1174 3136 1351 3208 panis,
1402 3151 1572 3192 unum
1619 3153 1814 3207 corpus

231 3226 397 3282 multi
431 3240 618 3281 sumus
642 3245 655 3293 ;
679 3241 868 3281 omnes
904 3227 1049 3280 enim
1080 3226 1147 3281 de
1176 3241 1283 3280 une
1330 3241 1467 3298 pane
1508 3233 1564 3282 et
1609 3225 1676 3281 de
1704 3241 1813 3280 uno

231 3317 402 3372 calice
424 3316 830 3388 participamus.
864 3338 882 3361 ι
926 3314 1194 3381 Quoniam
1226 3331 1397 3369 unum
1430 3331 1640 3381 sumus,
1675 3315 1814 3368 alter

231 3406 459 3461 alterius
494 3407 753 3472 membra,
785 3420 957 3459 unum
994 3420 1093 3458 nos
1138 3402 1339 3457 sentire
1387 3402 1581 3457 debere
1630 3402 1807 3467 dicit;

232 3502 296 3548 ut
326 3494 458 3549 ﬁdes
485 3510 594 3548 una
617 3509 787 3547 unum
823 3492 1015 3544 habeat
1049 3506 1265 3543 sensum
1297 3497 1349 3544 et
1374 3506 1528 3560 Opus.

307 3583 485 3654 (Vers.
520 3582 631 3649 I8.)
677 3605 695 3626 -
722 3578 937 3643 Videte,
971 3578 1154 3643 Israel,
1188 3577 1485 3631 secundum
1507 3591 1755 3632 carnem:
1778 3600 1799 3625 ι

230 3671 341 3727 hoc
367 3678 465 3735 est,
496 3668 707 3734 discite,
736 3667 985 3720 homines
1020 3664 1267 3719 videntes
1318 3666 1511 3728 Deum,
1544 3662 1813 3736 quemad-

229 3757 462 3814 modum
518 3772 572 3809 se
625 3754 826 3809 habent
886 3751 1159 3816 carnalia,
1235 3750 1290 3805 id
1347 3758 1426 3805 est
1483 3749 1808 3805 idololatria.

247 3869 269 3893 ι
296 3847 487 3901 Nonne
516 3843 610 3913 qui
643 3841 811 3896 edunt
840 3840 1062 3906 hostias,
1085 3838 1374 3910 participes
1405 3847 1532 3894 sunt
1561 3838 1797 3894 altaris‘b

230 3935 389 3992 Sicut
415 3932 561 3987 enim
592 3946 690 3985 nos
719 3929 785 3983 de
809 3943 918 3982 uno
946 3941 1083 3998 pane
1111 3934 1165 3981 et
1209 3926 1275 3980 de
1321 3941 1432 3981 uno
1472 3927 1639 3982 calice
1679 3941 1812 3997 per-

230 4023 520 4094 cipientes,
569 4018 858 4091 participes
905 4022 958 4070 et
999 4024 1276 4071 consortes
1321 4032 1513 4070 sumus
1569 4015 1810 4086 corporis

231 4109 455 4169 Domini
486 4124 498 4163 :
535 4106 610 4162 ita
645 4112 699 4161 et
742 4105 835 4177 qui
863 4103 1033 4158 edunt
1084 4101 1311 4171 hostias,
1344 4103 1634 4175 participes
1684 4108 1811 4157 sunt

232 4198 420 4254 altaris
448 4195 667 4251 erroris.
728 4210 731 4213 λ

305 4287 488 4359 (Vers.
525 4285 611 4351 19,
641 4282 758 4353 20.)
800 4304 819 4328 ι
850 4280 997 4348 Quid
1024 4296 1152 4353 ergo
1181 4278 1325 4346 dico,
1359 4278 1489 4351 quia
1516 4279 1811 4335 simulacro

234 4374 577 4433 immolatum
607 4369 814 4443 aliquid
851 4376 931 4423 est
954 4368 980 4423 ‘l
1007 4368 1127 4422 Non
1159 4368 1285 4438 quia
1330 4367 1683 4422 simulacrum
1731 4374 1813 4422 est

232 4460 478 4537 aliquid;
506 4459 601 4515 sed
630 4475 748 4532 qum
777 4456 1106 4522 sacrificant,
1135 4455 1421 4509 daemoniis
1452 4454 1757 4509 immolant.
1778 4477 1797 4500 ι

234 4551 598 4610 Simulacrum
630 4563 755 4602 vere
786 4545 927 4600 nihil
957 4552 1074 4609 est;
1125 4543 1252 4614 quia
1282 4543 1459 4613 imago
1488 4543 1708 4597 videtur
1736 4542 1811 4598 rei
1840 4537 1888 4594 D

234 4650 462 4697 mortuae
494 4656 506 4694 :
538 4637 631 4693 sed
652 4635 755 4692 sub
800 4632 1038 4705 tegmine
1094 4630 1515 4687 simulacrorum
1560 4628 1811 4686 diabolus

233 4732 503 4876 ωιὲιὲἓιο
530 4832 631 4873 vos
655 4812 947 4888 participes
968 4810 1086 4867 ﬁeri
1116 4809 1577 4867 daemoniorum.»
1621 4810 1810 4866 Osten-

235 4908 314 4965 dit
340 4907 459 4964 illis
474 4906 579 4961 hoc
597 4919 712 4961 esse
738 4909 970 4968 tantum,
995 4898 1141 4971 quod
1160 4899 1380 4955 videtur
1394 4898 1453 4954 in
1483 4897 1653 4954 idolio
1667 4899 1805 4971 (82):

195 5038 200 5043 ν
237 4997 325 5054 sed
353 5012 469 5052 esse
506 4994 782 5051 occultum
831 4988 1141 5061 iniquitatis
1187 4986 1532 5059 mysterium,
1564 4986 1709 5059 quod
1749 4993 1812 5042 ut

305 5164 422 5235 (79)
454 5164 610 5235 Rom.
637 5158 770 5235 edit.
802 5156 935 5223 sola,
966 5154 1059 5223 qui
1082 5152 1313 5235 eripiat.
1388 5229 1398 5235 _
1477 5224 1488 5235 ε

306 5229 456 5307 (80)-
482 5234 607 5292 Mss.
664 5232 893 5307 aliquot,
923 5229 1245 5307 permittitur
1298 5229 1810 5307 tentariaquauftum

239 5295 417 5362 scilur'
427 5304 567 5376 ferre
591 5295 777 5373 posse?
823 5301 893 5376 A_t
920 5295 1071 5376 locus
1100 5296 1307 5366 integer
1320 5310 1365 5376 _a
1396 5295 1640 5376 vocibus,
1675 5300 1808 5376 Quo-

238 5379 382 5432 modo
414 5366 782 5445 t'amen'usque
810 5368 877 5424 ad
908 5370 1259 5438 Quapropter,
1288 5366 1604 5432 charissimi,
1635 5367 1809 5421 ornit-

241 5448 371 5504 titur
399 5447 457 5502 in
490 5462 591 5501 ms.
625 5442 786 5500 Co'rb.

308 5520 423 5590 (81)
464 5517 613 5573 Edit.
648 5516 827 5580 Rom,
858 5512 915 5566 in
964 5510 1126 5565 idolio
1178 5508 1388 5590 aliquid
1433 5515 1602 5590 speret
1640 5510 1805 5590 deum,

241 5580 344 5647 vet.
381 5580 561 5646 autem
595 5602 655 5642 ac
685 5602 809 5643 mss.
843 5600 905 5640 eo
935 5590 1149 5639 tantum
1180 5580 1507 5653 discrepant,
1526 5580 1807 5653 quedillae

243 5658 439 5714 habent
470 5658 633 5712 etiam
664 5662 859 5724 speret:
889 5662 941 5709 et
972 5653 1188 5708 illorum
1235 5651 1487 5708 nonnulli
1536 5651 1635 5723 pro
1663 5652 1724 5708 de
1752 5669 1809 5708 eo

1917 1938 2197 2012 Numquid
2225 1941 2476 1998 fortiores
2502 1942 2598 1999 illo
2626 1942 2857 1999 sumus?
2888 1966 2907 1991 ι
2950 1942 3060 2000 Vix
3086 1942 3149 1997 ﬁt
3178 1948 3238 1997 ut
3267 1939 3495 1997 humilis

1919 2026 2122 2083 zeletnr
2146 2035 2414 2098 potentem
2440 2047 2455 2096 ;
2526 2029 2629 2085 scit
2660 2029 2807 2085 enim
2828 2044 2938 2085 non
2957 2028 3062 2087 sibi
3092 2035 3414 2098 competere,
3436 2026 3494 2081 in

1920 2130 2027 2189 quo
2057 2114 2139 2171 illi
2174 2124 2349 2189 potest
2380 2115 2617 2173 invideri
2650 2134 2663 2172 :
2699 2116 2794 2173 sed
2825 2126 2921 2174 aut
2949 2117 3145 2191 aequali
3186 2114 3488 2183 invidetur,

1920 2211 2017 2260 aut
2072 2220 2234 2278 prope
2264 2204 2480 2278 aequali.
2532 2205 2659 2261 Ideo
2696 2206 2991 2279 Apostolus
3034 2221 3145 2262 non
3173 2220 3325 2277 posse
3354 2203 3498 2259 dixit

1921 2292 2169 2351 homines
2195 2294 2447 2351 asinulari
2481 2295 2776 2351 Dominum
2821 2295 3028 2365 Jesum,
3060 2302 3344 2367 propterea
3370 2294 3498 2367 quis
3558 2308 3569 2317 '

1921 2380 2077 2435 illum
2102 2381 2285 2437 sciunt
2309 2383 2605 2439 Dominum
2631 2400 2643 2439 :
2676 2384 2722 2440 si
2749 2384 3063 2456 quominus,
3086 2399 3195 2439 non
3222 2382 3498 2439 videbitur

1920 2469 1998 2525 eis
2025 2468 2222 2542 dignus
2250 2487 2363 2528 esse
2393 2472 2576 2528 vocari
2622 2472 2908 2540 Dominus,
2939 2489 3098 2546 quem
3143 2472 3387 2530 zelantur
3428 2487 3494 2528 ne

1919 2558 2186 2614 Dominus
2213 2559 2302 2615 sit.
2333 2561 2461 2616 Zelo
2484 2560 2631 2616 enim
2659 2562 2885 2617 Satanas
2903 2560 3267 2618 idololatrian:
3286 2559 3498 2615 invenit

1921 2654 1983 2702 ut
2011 2647 2280 2716 homines,
2312 2650 2559 2720 negando
2602 2652 2772 2706 Deum
2822 2652 3138 2718 Dominum,
3170 2649 3331 2706 idolis
3373 2664 3497 2704 ser-

1922 2734 2074 2791 viant
2102 2736 2254 2807 quasi
2284 2736 2392 2792 diis
2417 2744 2471 2793 et
2495 2738 2753 2794 dominis.
2785 2760 2804 2784 ι
2826 2738 3022 2793 Omnia
3042 2737 3181 2793 mihi
3213 2734 3496 2803 licent,sed

1921 2838 2031 2877 non
2077 2823 2261 2879 omnia
2288 2823 2608 2894 expediunt.
2640 2848 2658 2870 ι
2704 2826 2904 2880 Omnta
2930 2823 3067 2880 dicit
3097 2825 3257 2880 licere
3293 2839 3498 2880 secun—

1921 2909 2052 2967 dum
2082 2910 2250 2982 legem
2300 2918 2539 2977 naturae;
2572 2911 2758 2969 omnia
2799 2914 2949 2969 enim
2990 2913 3196 2969 munda
3239 2920 3387 2969 sunt.
3419 2914 3497 2970 De

1922 2998 2060 3053 escis
2085 2999 2231 3053 enim
2260 2999 2540 3070 agebatur,
2572 3008 2626 3055 et
2652 3017 2813 3057 carne
2835 3000 3000 3056 idolis
3028 3001 3329 3057 immolata.
3360 3001 3496 3069 Nam

1922 3102 2041 3159 quae
2071 3087 2343 3158 prohibita
2372 3095 2426 3144 et
2455 3087 2744 3146 interdicta
2770 3098 2919 3157 sunt,
2941 3087 3215 3162 quomodo
3243 3087 3353 3144 dici
3379 3104 3496 3158 pos-

1848 3193 1891 3253 C
1922 3183 2049 3230 sunt
2079 3174 2261 3242 licere,
2294 3191 2417 3231 cum
2445 3174 2537 3232 hic
2565 3176 2727 3233 etiam
2750 3177 2887 3250 ipsa,
2918 3193 3038 3251 qua
3067 3191 3319 3233 concessa
3341 3182 3490 3246 sunt,

1922 3270 2191 3342 signiﬁcet
2225 3277 2362 3335 146
2393 3272 2688 3346 aliquando
2714 3289 2824 3332 non
2852 3273 3151 3345 eXpedire?
3178 3273 3322 3333 sicut
3362 3271 3498 3330 dicit

1922 3368 2200 3437 apostolus
2231 3367 2348 3438 (84)
2380 3368 2571 3425 Petrus
2601 3387 2613 3423 :
2659 3391 2679 3415 ι
2707 3370 2761 3425 Si
2793 3369 2911 3425 haec
2936 3377 3019 3425 est
3045 3385 3208 3425 causa
3236 3367 3344 3424 viri
3367 3383 3498 3425 cum

1922 3469 2115 3521 uxore,
2147 3470 2255 3510 non
2283 3456 2507 3529 expedit
2533 3455 2737 3512 nubere
2765 3458 2976 3526 (Matth.
3009 3472 3129 3524 nx,
3165 3455 3279 3526 10).
3321 3477 3342 3502 ι

1994 3561 2174 3631 (Vers.
2207 3561 2321 3633 23.)
2367 3586 2386 3608 ι
2412 3562 2608 3617 Omnia
2647 3561 2784 3617 mihi
2832 3563 3017 3630 licent,
3051 3562 3144 3619 sed
3173 3579 3284 3619 non
3312 3560 3499 3619 omnis

1921 3648 2212 3705 aedificant.
2245 3676 2263 3697 ι
2305 3649 2451 3705 Idem
2478 3667 2667 3706 sensus
2695 3658 2795 3718 est,
2826 3653 2955 3723 quia
2992 3651 3120 3707 licet
3146 3654 3332 3707 omnia
3376 3650 3497 3706 ede-

1922 3753 1981 3793 re
2008 3756 2019 3794 :
2052 3740 2143 3794 sed
2175 3739 2321 3811 quod
2352 3740 2513 3795 idolis
2542 3741 2878 3808 immolatur,
2909 3756 3018 3796 non
3050 3740 3323 3806 aedificat;
3368 3738 3498 3812 quia

1922 3828 2237 3883 scandalum
2271 3829 2402 3884 facit
2429 3828 2606 3895 fratri,
2627 3828 2769 3886 sicut
2789 3844 2956 3900 supra
2983 3828 3192 3884 dictum
3220 3835 3332 3884 est:
3352 3828 3497 3883 ideo-

1921 3932 2026 3988 que
2045 3931 2076 3971 s
2104 3916 2271 3972 licitis
2308 3916 2600 3987 aliquando
2646 3915 3055 3988 temperandum
3084 3923 3186 3983 est,
3213 3923 3276 3970 ut
3304 3915 3494 3987 prosit.

1921 4003 2064 4058 Hinc
2099 4010 2179 4058 est
2208 4004 2351 4059 unde
2379 4011 2629 4075 sumptus
2656 4004 2724 4059 ab
2753 4004 2841 4073 iis,
2870 4020 2998 4061 cum
3037 4002 3088 4058 ei
3134 4001 3341 4071 liceret,
3389 4016 3499 4057 no-

1922 4091 2028 4147 luit
2054 4091 2315 4163 accipere,
2346 4092 2522 4149 sciens
2550 4108 2659 4148 non
2683 4092 2961 4164 expedire.

1995 4198 2174 4268 (Vers.
2209 4198 2322 4270 24.)
2358 4199 2473 4270 (85)
2520 4222 2539 4245 ι
2566 4197 2738 4254 Nemo
2767 4198 2913 4272 quod
2960 4214 3118 4256 suum
3154 4188 3235 4256 est
3265 4206 3494 4274 quaerat,

1921 4284 2014 4342 sed
2043 4285 2187 4358 quod
2216 4286 2461 4342 alterius.
2485 4310 2503 4333 ι
2540 4287 2743 4342 Verum
2770 4295 2851 4343 est
2880 4288 3026 4360 quod
3046 4287 3178 4344 dum
3207 4288 3498 4362 unusquis-

1922 4398 2026 4456 que
2062 4382 2119 4437 in
2151 4381 2320 4438 idolio
2350 4381 2640 4451 recumbit,
2689 4383 2961 4439 voluntati
2992 4401 3101 4440 suae
3131 4385 3415 4453 satisfacit,
3443 4389 3499 4439 et
3577 4444 3582 4449 ,

1922 4471 2075 4526 fratri
2106 4470 2440 4527 conscientia
2491 4468 2712 4526 inﬁrmo
2763 4470 3079 4527 scandalum
3132 4474 3306 4545 ponit.
3360 4472 3499 4539 Qua-

1919 4569 2138 4632 propter
2168 4557 2538 4614 festinandum
2570 4564 2649 4612 est
2678 4572 2776 4630 pro
2822 4557 3088 4615 charitate
3138 4556 3359 4613 Domini
3402 4574 3499 4612 no-

1919 4647 2017 4702 stri
2046 4648 2169 4701 Jesu
2191 4646 2392 4702 Christi
2419 4664 2432 4712 ;
2458 4653 2517 4699 ut
2548 4653 2601 4700 et
2627 4644 2795 4715 magis
2815 4661 2934 4715 quae
2962 4650 3093 4698 sunt
3120 4644 3283 4699 saluti
3315 4644 3497 4714 proxi-

1918 4735 1995 4789 mi
2026 4733 2325 4790 necessaria
2353 4733 2757 4805 prohibeamus,
2793 4746 2954 4802 quam
2972 4736 3171 4784 nostrae
3200 4730 3495 4801 voluntati,

1919 4823 2061 4879 sicut
2109 4822 2254 4877 idem
2300 4820 2615 4893 Apostolus,
2671 4833 2767 4873 vas
2812 4815 3117 4886 electionis,
3147 4825 3202 4876 et
3254 4818 3499 4876 medicus

1918 4909 2201 4982 spiritalis,
2233 4908 2311 4963 ait
2348 4925 2360 4964 :
2406 4930 2425 4954 ι
2451 4906 2569 4961 Non
2600 4918 2846 4977 quaerens
2876 4902 3022 4975 quod
3050 4903 3192 4960 mihi
3234 4904 3370 4966 utile
3396 4913 3496 4977 est,

1917 4998 2011 5054 sed
2031 4998 2176 5071 quod
2202 4995 2390 5052 multis
2422 4993 2616 5065 (infra,
2647 5007 2788 5048 vers.
2822 4991 2937 5064 33).
2967 5016 2987 5042 ι

1918 5168 2104 5240 legunt
2133 5166 2408 5240 deDeo.“
2547 5235 2561 5240 _
2780 5234 2796 5240 _
2858 5232 2904 5240 __
2978 5222 2987 5227 ,

2014 5240 2106 5308 82)
2139 5240 2293 5294 Rom.
2324 5235 2455 5292 edit.
2483 5235 2619 5303 sola,
2656 5234 2797 5306 quod
2816 5232 3023 5291 videtur
3038 5234 3099 5292 in
3122 5235 3286 5308 ἰάοιο.

2014 5242 2106 5308 82)
2139 5242 2293 5294 Rom.
2324 5242 2455 5292 edit.
2483 5242 2619 5303 sola,
2656 5242 2797 5306 quod
2816 5242 3023 5291 videtur
3038 5242 3099 5292 in
3122 5242 3286 5292 εάοιο.

1990 5242 2105 5380 (83)
2136 5308 2397 5367 Nonnulli
2438 5323 2591 5375 mss,
2634 5307 2922 5378 cruciﬁxus
2966 5313 3059 5375 est,
3098 5308 3227 5379 quia
3255 5305 3497 5365 dissolvit

1917 5380 2320 5455 operqdiabolt.
2368 5449 2406 5455 __
2527 5449 2573 5455 __
2709 5448 2743 5455 __
2860 5454 2863 5455 ν
3036 5453 3043 5455 Α
3087 5447 3123 5455 ,,
3190 5380 3195 5393 1

1934 5447 1962 5459 ³
2138 5452 2293 5528 Item.
2323 5449 2478 5517 edit.,
2517 5448 2868 5528 Sicutdicunt
2895 5447 3140 5528 apostoli.
3289 5517 3301 5528 θ

1985 5517 2105 5648 385)
2140 5523 2240 5577 llic
2268 5529 2450 5577 textus
2476 5520 2707 5593 apostoli
2738 5529 2900 5590 atque
2929 5517 3083 5598 illius
3112 5517 3409 5598 expositio,
3440 5527 3493 5574 et

2027 5636 2037 5648 .
2076 5592 2237 5648 Corb.
2267 5594 2595 5648 restituitur.
2626 5606 2751 5648 cum
2798 5588 2942 5644 absit
2986 5604 3044 5643 in
3091 5589 3238 5648 aliis.
3268 5589 3413 5645 sicut
3447 5595 3493 5643 et

1917 5587 2037 5648 cod.
2076 5587 2237 5649 Corb.
2267 5587 2595 5660 restituitur,
2626 5606 2751 5649 cum
2798 5587 2942 5644 absit
2986 5587 3044 5643 in
3091 5587 3238 5656 aliis,
3268 5589 3413 5645 sicut
3447 5595 3501 5643 et

1918 5663 1975 5719 in
2003 5663 2218 5722 cunctis
2247 5663 2381 5720 edit.
