3976 6398
470 435 572 495 251

1477 423 1571 478 AD
1613 423 1846 480 OPERA
1884 423 1938 477 S.
1982 419 2312 478 AMBROSII
2351 415 2733 476 APPENDIX.

3668 411 3772 471 252

543 559 724 635 (Vers.
751 555 842 625 25,
874 556 992 627 26.)
1037 555 1232 612 «Omne
1262 554 1407 628 quod
1429 554 1484 609 in
1514 553 1742 610 macello
1758 553 1909 608 venit
1939 551 2048 607 edi-
2085 555 2134 611 Α
2173 549 2445 614 lebretur;
2497 548 2552 602 in
2603 536 2831 635 gloriam
2879 515 3027 635 enim
3056 541 3154 635 Dei
3185 542 3391 635 aliquid
3429 541 3518 635 ﬁt,
3554 557 3692 635 cum
3716 543 3771 598 in

466 655 544 718 te,
586 646 730 705 nihil
789 646 1184 716 interrogantes
1219 643 1334 713 (86)
1368 650 1588 714 propter
1634 640 2056 707 conscientiam;

468 734 692 798 Domini
726 740 807 789 est
835 732 978 787 enim
1011 741 1154 787 terra
1205 737 1257 785 et
1304 729 1587 801 plenitudo
1617 729 1752 799 ejus.
1785 751 1804 775 ι
1852 729 1918 783 Ut
1947 743 2058 782 om-

473 827 570 886 nia
596 823 803 881 munda
831 820 1157 888 ostenderet,
1179 819 1432 891 exemplo
1459 817 1649 890 psalmi
1675 817 1924 888 vigesimi
1956 824 2058 871 ter-

472 915 542 972 tii
572 914 679 970 hoc
711 910 1017 975 roboravit;
1049 908 1178 981 quia
1210 923 1319 962 non
1358 915 1533 978 potest
1562 905 1910 961 immundum
1942 920 2058 959 esse

481 1003 629 1078 quod
657 999 878 1058 Domini
903 1005 999 1053 est.
1033 998 1104 1052 Et
1133 995 1388 1068 quoniam
1421 995 1670 1066 superius
1699 994 1766 1050 de
1795 993 1931 1049 escis
1959 993 2055 1047 ait:

481 1090 702 1149 «Omnia
738 1089 921 1154 licent,
945 1084 1162 1140 rstatim
1194 1083 1515 1140 subsecutus
1550 1091 1665 1138 est:
1689 1083 1882 1138 «Omne
1915 1080 2060 1152 quod

477 1179 535 1236 in
580 1176 805 1234 macello
837 1173 1007 1240 venit,
1034 1171 1200 1239 edite,
1233 1171 1372 1227 nihil
1412 1171 1809 1240 interrogantes
1841 1177 2062 1241 propter

473 1262 884 1324 conscientiam.
919 1285 938 1309 ι
981 1259 1095 1315 Hoc
1123 1265 1302 1314 autem
1350 1258 1473 1314 ideo
1516 1257 1771 1328 subjecit,
1803 1265 1864 1312 ut
1895 1257 2062 1312 libera

479 1353 554 1411 sit
583 1349 950 1415 conscientia;
983 1349 1111 1404 licet
1137 1347 1280 1403 enim
1315 1346 1526 1419 aliquid
1559 1347 1832 1418 pollutum
1865 1345 1935 1400 sit
1966 1360 2061 1416 per

481 1438 867 1503 accidentiam,
899 1435 954 1492 id
985 1443 1066 1491 est
1111 1434 1442 1490 oblationem
1483 1433 1649 1499 idoli;
1686 1449 1808 1489 cum
1845 1432 1949 1487 hoc
1976 1441 2050 1487 ta-

482 1544 610 1587 men
638 1526 812 1583 nescit
842 1525 935 1598 qui
965 1524 1116 1592 emit,
1150 1523 1364 1578 nullum
1397 1523 1604 1594 patitur
1632 1521 1971 1593 scrupulum,
2004 1525 2056 1576 et

475 1615 618 1690 apud
652 1616 826 1670 Deum
866 1611 1132 1668 immunis
1158 1619 1258 1668 est.

545 1705 726 1776 (Vers.
759 1703 886 1771 27.)
928 1725 946 1749 ι
975 1701 1028 1757 Si
1063 1699 1186 1773 quis
1218 1705 1376 1756 vocat
1406 1715 1505 1754 vos
1531 1714 1601 1754 ex
1629 1696 1948 1753 inﬁdelibus
1978 1693 2047 1750 ad

473 1809 708 1862 coenam,
739 1799 792 1846 et
821 1790 930 1854 itis,
963 1805 1124 1845 omne
1161 1787 1306 1861 quod
1335 1787 1642 1860 appositum
1682 1785 1840 1840 vobis
1870 1784 2055 1851 fuerit,

473 1881 638 1949 edite,
672 1879 812 1936 nihil
843 1879 1230 1951 disquirentes.
1253 1899 1273 1925 ι
1316 1876 1430 1931 Hoc
1444 1883 1544 1941 est,
1570 1873 1893 1944 simpliciter
1914 1886 2063 1927 man-
2095 1903 2140 1962 Β

476 1969 673 2026 ducate
701 1967 848 2040 quod
879 1967 1195 2039 apponitur,
1230 1980 1341 2018 non
1367 1964 1772 2033 interrogantes
1802 1960 1945 2016 unde
1973 1960 2066 2016 sit.

548 2055 730 2128 (Vere.
761 2054 853 2120 28,
883 2055 1000 2124 29.)
1046 2077 1065 2101 ι
1093 2052 1296 2108 Sivero
1325 2050 1525 2122 aliquis
1554 2049 1756 2106 dixerit
1789 2067 1800 2104 :
1835 2050 1949 2106 Hoc
1969 2049 2070 2103 im-

477 2141 822 2202 mnlatitium
849 2148 951 2209 est,
981 2139 1152 2196 nolite
1183 2138 1506 2195 manducare
1535 2145 1752 2210 proqter
1783 2136 1938 2192 illum
1971 2135 2068 2209 qui

480 2230 774 2298 indicavit,
796 2235 850 2286 et
880 2236 1098 2301 propter
1125 2227 1535 2285 conscientiam.
1551 2224 1952 2283 Conscientiam
1975 2239 2066 2279 au-

479 2327 594 2376 tem
619 2319 764 2387 dico,
798 2334 908 2374 non
939 2326 1110 2386 tuam,
1131 2317 1223 2374 sed
1252 2316 1494 2373 alterius.
1518 2340 1537 2364 ι
1572 2316 1684 2371 Hoc
1712 2314 1966 2386 perfectis
1990 2313 2068 2368 lo-

485 2409 696 2482 quitur,
729 2408 822 2480 qui
852 2414 1080 2480 possunt
1099 2413 1508 2462 contemnentes
1538 2402 2067 2475 idololatriam,quia

485 2497 630 2553 nihil
659 2504 740 2552 est
762 2495 1087 2552 manducare
1103 2495 1169 2550 de
1196 2493 1629 2562 sacriﬁcio,certi
1648 2493 1780 2565 quia
1796 2491 1940 2565 quod
1963 2489 2065 2547 sub

485 2583 587 2641 Dei
618 2583 888 2641 Creatoris
919 2584 1139 2638 nomine
1167 2582 1370 2648 editur,
1401 2598 1509 2637 non
1553 2589 1730 2653 potest
1773 2581 2015 2651 polluere
2050 2597 2063 2634 :

485 2671 578 2726 sed
607 2672 734 2744 quia
760 2672 921 2736 alius,
946 2671 1039 2743 qui
1071 2670 1233 2725 idolis
1259 2669 1797 2740 servit,gloriabitur,
1821 2674 1876 2721 te
1905 2665 2065 2720 eden-

483 2767 538 2816 te
569 2761 635 2815 de
665 2760 1002 2826 sacriﬁcatis,
1047 2759 1200 2832 quasi
1247 2758 1521 2814 venereris
1561 2757 1735 2822 idola;
1788 2754 1910 2810 ideo
1956 2770 2066 2809 non

483 2849 643 2906 debet
668 2849 776 2905 edi.
819 2849 980 2921 Apud
1023 2848 1412 2905 conscientiam
1459 2847 1607 2902 enim
1655 2846 1747 2901 ille
1796 2844 2068 2900 laetabitur

490 2957 666 3010 suam,
697 2941 827 3013 quia
871 2940 1024 2996 videt
1067 2947 1120 2996 te
1168 2939 1402 2996 libenter
1445 2946 1696 3012 appetere
1725 2937 1870 3010 quod
1902 2935 2065 2992 idolis

477 3029 818 3086 immolatum
851 3037 950 3085 est.

565 3141 587 3166 ε
633 3117 836 3191 thuid
884 3118 1027 3174 enim
1091 3118 1315 3175 libertas
1361 3133 1482 3174 mea
1521 3115 1802 3188 judicatur
1850 3113 1918 3169 ab
1961 3112 2069 3169 alia

479 3205 883 3266 conscientia?-
921 3207 1034 3263 Hoc
1061 3206 1217 3274 dicit,
1250 3205 1378 3278 quia
1399 3221 1523 3262 cum
1552 3204 1620 3259 ab
1660 3202 1792 3258 idoli
1821 3201 2066 3258 devotio-

2168 636 2379 692 actibus
2407 643 2461 689 et
2483 631 2895 689 conversatione
2938 628 3239 686 Christiani
3289 631 3435 686 Deus
3484 629 3772 702 laudatur,

2169 726 2257 780 vel
2285 740 2407 780 cum
2438 722 2678 777 ﬁliorum
2711 720 3013 792 procreatio
3041 734 3072 773 a
3103 720 3214 774 Deo
3243 725 3522 790 speratur.

2245 812 2564 884 (Vers.32.)
2631 833 2651 858 ι
2707 809 2834 864 Sine
2881 807 3178 864 offensione
3224 815 3396 863 estote
3440 806 3660 864 Iudaeis
3720 816 3773 865 et

2171 902 2392 968 Graecis,
2425 909 2477 956 et
2506 898 2763 956 Ecclesia:
2802 897 2921 954 Dei.
2949 922 2967 944 ι
3025 897 3114 952 Sic
3156 896 3581 969 temperandam
3631 913 3774 954 con-

2171 990 2539 1045 versationem
2573 994 2812 1043 nostram
2844 985 3021 1054 docet,
3051 992 3112 1039 ut
3140 985 3328 1040 nullus
3358 988 3416 1041 in
3451 1001 3520 1040 ea
3548 985 3772 1042 scanda-

2172 1078 2287 1134 lum
2317 1077 2572 1148 patiatur.
2602 1074 2841 1130 Oﬁ‘ensio
2869 1089 2995 1143 ergo
3047 1071 3248 1128 Judans
3287 1072 3370 1141 ﬁt,
3418 1089 3558 1130 cum
3607 1072 3769 1142 idola,

2171 1185 2291 1240 quae
2322 1167 2406 1222 illi
2435 1165 2843 1232 abominantur,
2875 1163 3272 1232 Christianum,
3303 1163 3398 1236 qui
3431 1178 3495 1218 se
3526 1161 3672 1218 dicit
3702 1164 3770 1218 le-

2173 1272 2291 1326 gem
2347 1264 2400 1310 et
2446 1254 2741 1326 prophetas
2781 1252 3048 1323 accipere,
3096 1251 3289 1306 vident
3336 1267 3451 1306 non
3525 1249 3769 1307 horrere.

2173 1343 2376 1399 Graecis
2407 1358 2556 1410 vero,
2591 1341 2646 1397 id
2675 1350 2756 1396 est
2790 1347 2929 1402 147
2961 1338 3274 1411 gentilibus,
3325 1337 3446 1394 haec
3480 1346 3568 1392 est
3607 1338 3773 1393 oﬂ'en-

2172 1438 2275 1505 sio,
2307 1438 2352 1493 si
2387 1437 2441 1492 in
2473 1454 2537 1492 eo
2569 1438 2625 1491 in
2657 1453 2764 1510 quo
2809 1445 2957 1503 sunt,
2990 1451 3101 1490 non
3150 1434 3328 1488 solum
3378 1450 3498 1488 non
3546 1449 3774 1505 arguan-

2172 1536 2282 1595 tur,
2313 1527 2405 1582 sed
2451 1534 2504 1582 et
2551 1526 2914 1598 promptiores
2963 1523 3114 1590 ﬁant,
3168 1522 3299 1578 dum
3352 1539 3466 1578 non
3523 1523 3773 1576 vitantur

2171 1623 2300 1670 vota
2330 1615 2601 1671 idolorum
2633 1611 3147 1670 illorum.Ecclesia:
3169 1617 3348 1666 autem
3375 1610 3482 1666 Dei
3511 1609 3577 1666 ﬁt
3608 1610 3772 1666 oﬂ'en-

2173 1705 2440 1773 diculum,
2465 1705 2682 1779 quando
2721 1704 2980 1777 quosdam
3013 1719 3081 1758 ex
3113 1717 3340 1758 numero
3364 1716 3469 1757 suo
3503 1699 3663 1757 videt
3681 1699 3768 1770 iis,

2171 1809 2291 1866 quae
2322 1793 2544 1849 inimica
2575 1801 2701 1849 sunt
2731 1795 2862 1860 Deo,
2889 1792 3183 1848 adhaerere.

2255 1883 2436 1954 (Vers.
2466 1883 2581 1953 33.)
2626 1907 2644 1929 ι
2675 1883 2827 1939 Sicut
2856 1898 2954 1954 ego
2985 1881 3243 1937 omnibus
3288 1896 3385 1952 per
3434 1879 3638 1935 omnia
3666 1879 3770 1950 pla-

2176 1986 2294 2038 ceo,
2324 1986 2435 2026 non
2481 1987 2727 2043 quaerens
2777 1971 2921 2044 quod
2973 1969 3110 2025 mihi
3158 1969 3294 2024 utile
3345 1977 3447 2036 est,
3483 1967 3587 2025 sed
3631 1965 3770 2039 quod

2179 2059 2388 2126 multis,
2420 2067 2483 2114 ut
2508 2059 2646 2114 salvi
2681 2058 2834 2114 ﬁant.
2857 2083 2875 2106 ι
2917 2057 3186 2114 Omnibus
3215 2073 3310 2128 per
3335 2058 3533 2113 omnia
3566 2059 3767 2129 placere

2177 2155 2259 2203 est
2313 2147 2431 2202 sine
2477 2147 2734 2204 seandalo
2790 2148 3112 2219 cujusquam
3163 2162 3320 2217 agere
3357 2147 3424 2202 ad
3453 2149 3767 2218 profectum

2177 2237 2436 2296 utilitatis
2467 2238 2710 2306 illorum,
2741 2244 2804 2294 ut
2831 2245 2884 2293 et
2915 2235 3026 2293 illis
3053 2242 3106 2292 et
3130 2235 3261 2293 huic
3287 2236 3360 2292 sit
3386 2237 3558 2294 utile.

2779 2377 3006 2436 CAPUT
3053 2380 3150 2436 Xl.

2255 2493 2436 2566 (Vers.
2472 2494 2550 2565 1.)
2612 2517 2632 2542 ι
2669 2491 2975 2550 Imitatores
3023 2493 3128 2548 mei
3169 2500 3361 2561 estote,
3391 2492 3543 2550 sicut
3573 2501 3629 2551 et
3675 2510 3762 2565 ego

2177 2583 2403 2641 Christi.
2439 2609 2457 2632 ι
2493 2585 2802 2640 Humanum
2835 2594 2913 2640 est
2961 2583 3107 2657 quod
3149 2583 3304 2651 dicit,
3353 2591 3414 2638 ut
3465 2585 3762 2640 imitatores

2177 2675 2296 2745 ejus
2321 2675 2514 2742 simus,
2548 2674 2676 2747 quia
2705 2678 2815 2731 Deo
2846 2675 3006 2730 nobis
3057 2675 3312 2746 magister
3361 2674 3622 2732 indultus
3666 2683 3756 2732 est.

2177 2761 2234 2817 Si
2263 2762 2407 2817 enim
2440 2762 2531 2817 hic
2559 2763 2654 2818 Dei
2684 2763 2927 2818 imitator
2955 2772 3053 2828 est,
3088 2779 3254 2834 quare
3289 2779 3399 2818 non
3448 2780 3554 2820 nos
3586 2763 3750 2819 homi-

2179 2849 2306 2904 nis?
2336 2849 2473 2917 Quia
2501 2849 2644 2905 sicut
2671 2851 2816 2906 Deus
2865 2850 3021 2905 Pater
3071 2850 3218 2905 misit
3266 2850 3553 2907 Christum
3606 2851 3759 2922 magi-

2177 2945 2349 2992 strum
2381 2945 2434 2991 et
2464 2945 2738 2993 auctorem
2771 2937 2931 3005 vitae;
2966 2939 3041 2993 ita
3070 2945 3124 2992 et
3152 2936 3402 2995 Christus
3435 2938 3590 2994 misit
3635 2953 3752 3008 apo-

2177 3025 2345 3080 stolos
2379 3025 2537 3080 nobis
2568 3027 2938 3096 magistros,ut
2958 3042 3142 3082 eorum
3167 3025 3474 3082 imitatores
3503 3041 3751 3107 essemus;

2177 3113 2309 3185 quia
2337 3113 2454 3183 ejus
2482 3129 2596 3168 esse
2623 3129 2733 3168 non
2767 3130 3074 3185 possumus.
3105 3115 3185 3170 Ita
3213 3114 3358 3170 enim
3386 3114 3471 3170 ait
3498 3114 3757 3170 Dominus

2176 3201 2244 3258 ad
2274 3202 2487 3256 Patrem
2522 3220 2534 3258 :
2588 3225 2608 3248 ι
2637 3202 2789 3258 Sicut
2819 3218 2904 3257 me
2934 3201 3133 3257 misisti
3165 3203 3222 3256 in
3273 3202 3422 3260 hunc
3475 3202 3754 3269 mundum,

482 3312 553 3353 ne
578 3296 914 3353 conscientia
941 3295 1013 3352 sit
1049 3295 1242 3362 libera,
1273 3294 1404 3365 quid
1433 3309 1569 3364 Opus
1615 3300 1695 3348 est
1747 3298 1806 3346 ut
1847 3298 2069 3363 putetur
2100 3262 2144 3324 Ο
2175 3291 2252 3346 ita
2277 3297 2329 3345 et
2361 3306 2459 3361 ego
2489 3289 2612 3344 misi
2653 3305 2743 3344 eos
2785 3290 2842 3344 in
2891 3288 3038 3345 hunc
3087 3290 3352 3346 mundum
3404 3292 3593 3361 (Joan.
3624 3305 3754 3355 xvii,

479 3385 608 3459 quia
634 3383 1003 3443 venerationis
1030 3399 1191 3440 causa
1220 3382 1344 3438 edat
1372 3381 1536 3438 idolis
1558 3378 1886 3436 immolata?
1915 3376 2064 3433 Judi-

476 3483 634 3532 catur
660 3477 808 3532 enim
840 3491 949 3531 non
981 3472 1183 3528 distare
1213 3472 1281 3526 ab
1310 3487 1373 3527 eo
1403 3471 1494 3543 qui
1529 3469 1848 3535 colitidola,
1880 3482 2066 3540 quan-

477 3561 550 3621 do
574 3582 686 3621 non
717 3566 904 3620 horret
939 3562 1084 3634 quod
1115 3562 1358 3618 oblatum
1390 3569 1471 3616 est
1503 3560 1816 3616 simulacro.

551 3654 732 3726 (Vers.
764 3653 881 3724 30.)
920 3677 938 3699 ι
967 3651 1025 3707 Si
1057 3666 1184 3722 ergo
1215 3649 1398 3721 gratia}
1429 3649 1697 3721 particeps
1741 3663 1883 3715 sum,
1927 3643 2060 3718 quid

470 3740 824 3811 blasphemor
867 3755 964 3810 pro
1009 3754 1117 3810 quo
1154 3752 1252 3807 ego
1287 3737 1486 3808 gratias
1514 3753 1612 3807 ago
1645 3736 1666 3790 i
1703 3759 1722 3782 ι
1778 3735 1842 3788 ld
1886 3741 1988 3798 est,
2019 3733 2066 3789 si

479 3844 578 3899 ego
608 3828 792 3898 gratiae
822 3828 920 3884 Dei
971 3816 1358 3891 communico;
1393 3824 1522 3895 quia
1550 3824 1608 3877 in
1646 3821 1818 3893 ipsius
1845 3820 2066 3878 nomine

471 3915 574 3972 edo
599 3934 611 3972 :
637 3915 767 3988 quid
789 3933 923 3988 opus
952 3923 1033 3972 est
1062 3914 1316 3970 arbitrari
1349 3913 1454 3970 hoc
1501 3912 1761 3984 aliquem,
1796 3910 1926 3983 quia
1969 3926 2066 3981 ego

484 4003 636 4059 idolo
678 4003 913 4059 devotus
968 4020 1111 4072 sum,
1148 4002 1280 4059 dum
1322 4017 1433 4057 non
1481 4001 1678 4057 horreo
1727 4015 1847 4073 quaa
1886 3998 2067 4055 oblata

481 4097 612 4147 sunt
642 4092 811 4159 idolo,
831 4091 934 4148 hoc
961 4092 1427 4163 est,blasphemor?
1441 4092 1512 4146 Et
1538 4107 1622 4146 me
1648 4107 1774 4163 ergo
1805 4088 2068 4161 blasphe-

483 4191 616 4248 mat,
645 4188 700 4236 et
731 4181 824 4237 ille
847 4180 902 4236 in
924 4180 1094 4235 idolio
1115 4197 1214 4235 suo
1240 4179 1437 4251 gaudet
1460 4199 1473 4248 ;
1506 4180 1636 4236 dum
1659 4196 1742 4235 me
1774 4188 1928 4251 putat
1950 4197 2068 4250 par-

482 4269 724 4340 ticipem,
760 4267 922 4324 habet
969 4268 1307 4324 occasionem
1360 4268 1717 4339 permanendi
1762 4269 1817 4322 in
1863 4284 2064 4336 errore,

476 4366 532 4417 et
566 4357 827 4414 fratribus
869 4358 1071 4412 malum
1121 4355 1280 4411 datur
1325 4358 1660 4428 exemplum.
1693 4357 1826 4412 Nam
1859 4357 1905 4412 si
1934 4373 2066 4430 prae-

475 4459 692 4522 ceptum
739 4455 819 4503 est
871 4447 929 4502 in
983 4449 1096 4520 lege
1138 4455 1196 4502 ut
1245 4447 1355 4504 luci
1384 4456 1439 4503 et
1465 4463 1571 4503 arae
1607 4454 1658 4502 et
1688 4446 1837 4502 tituli
1868 4454 1922 4502 et
1950 4447 2066 4518 ipsa

473 4539 622 4596 idola
651 4537 1104 4608 confringantur;
1138 4535 1266 4593 vide
1299 4538 1346 4592 si
1377 4553 1487 4592 non
1527 4544 1807 4608 peccatum
1838 4544 1917 4592 est
1945 4553 2057 4593 non

2178 3379 2292 3450 18).
2322 3403 2342 3426 ι
2373 3379 2444 3433 Et
2473 3376 2602 3450 quia
2630 3376 2782 3449 digni
2816 3377 3117 3433 imitatores
3145 3378 3261 3448 ejus
3288 3387 3471 3448 erant,
3503 3378 3750 3450 subjecit:

2188 3489 2208 3513 ι
2235 3467 2308 3522 Et
2333 3482 2430 3537 pro
2459 3466 2538 3521 eis
2566 3466 2919 3522 sanctiﬁcabo
2939 3482 3022 3521 me
3049 3466 3227 3536 ipsum
3262 3468 3420 3538 (Ibid.
3459 3469 3572 3538 19).
3606 3492 3624 3514 ι

2248 3558 2427 3630 (Vers.
2459 3557 2538 3630 2.)
2584 3581 2603 3604 ι
2634 3557 2818 3613 Laudo
2863 3564 3045 3612 autem
3075 3572 3193 3624 vos,
3226 3557 3442 3626 fratres,
3481 3557 3625 3632 quod
3651 3571 3753 3613 om-

2175 3646 2267 3702 nia
2287 3661 2405 3700 mea
2427 3647 2686 3701 memoria.
2715 3645 2982 3712 retinetis,
3014 3653 3067 3700 et
3098 3645 3372 3718 quomodo
3402 3648 3614 3719 ubique
3643 3653 3754 3700 tra-

2171 3732 2263 3800 do,
2292 3733 2612 3788 traditiones
2651 3748 2795 3788 meas
2827 3732 3038 3788 tenetis.
3069 3755 3090 3781 »
3135 3735 3427 3806 Postquam
3498 3749 3672 3790 mores
3707 3737 3755 3786 et

2175 3821 2643 3878 conversationem
2719 3821 2940 3876 illorum
2995 3823 3195 3893 arguit,
3252 3839 3398 3879 nunc
3443 3822 3750 3880 traditiones

2175 3911 2297 3966 vult
2323 3909 2610 3980 corrigere.
2637 3909 2764 3966 Ideo
2793 3925 2904 3964 non
2934 3909 3038 3966 hoc
3066 3910 3374 3979 conﬁrmat,
3414 3913 3511 3968 sed
3540 3923 3745 3966 succen'

2175 4010 2256 4059 set
2281 4001 2386 4069 eis;
2419 4002 2545 4073 quia
2575 4018 2697 4058 cum
2721 4009 2861 4058 esset
2890 4003 3168 4072 apostolus
3210 4018 3424 4071 eorum,
3460 4004 3746 4060 immemo—

2174 4109 2260 4150 res
2276 4101 2428 4148 erant
2457 4092 2817 4149 traditionum
2844 4092 2961 4164 ejus
2994 4109 3006 4147 :
3042 4108 3216 4163 neque
3257 4093 3404 4165 quod
3433 4094 3611 4151 adhuc
3641 4104 3745 4147 non

2174 4181 2499 4250 didicerant,
2531 4197 2598 4237 ex
2639 4180 2869 4235 aliarum
2916 4179 3284 4236 Ecclesiarum
3335 4182 3630 4238 traditione
3662 4194 3748 4234 se-

2176 4271 2483 4344 quebantur
2512 4269 2627 4342 (88)
2653 4288 2667 4338 ;
2693 4286 2755 4326 ac
2785 4285 2879 4342 per
2894 4268 2999 4326 hoc
3027 4267 3182 4341 quasi
3215 4271 3435 4327 noviter
3463 4270 3627 4328 tradit
3645 4265 3747 4324 illis

2175 4359 2362 4416 dicens
2395 4378 2406 4416 :

2251 4448 2433 4518 (Vers.
2469 4447 2548 4520 3.)
2588 4473 2606 4496 ι
2645 4449 2787 4506 Volo
2816 4465 2915 4504 vos
2937 4447 3075 4505 scire
3104 4447 3232 4520 quia
3257 4449 3438 4505 omnis
3463 4449 3570 4505 viri
3596 4452 3747 4518 caput

2173 4536 2426 4594 Christus
2483 4545 2583 4594 est.
2617 4563 2636 4588 ι
2674 4539 2759 4594 Ad
2785 4540 3164 4596 auctoritatem
3186 4539 3374 4594 retulit
3399 4558 3414 4608 ;
3447 4539 3574 4612 quia
3593 4537 3745 4592 homo

478 4630 657 4684 solum
690 4628 806 4684 haec
832 4643 944 4682 non
974 4626 1172 4691 facere,
1202 4625 1297 4681 sed
1325 4633 1378 4681 et
1419 4624 1680 4681 interesse
1733 4627 1909 4697 epulis
1939 4627 2054 4681 hu-
2090 4621 2138 4680 D
2174 4647 2206 4686 a
2254 4632 2368 4686 Deo
2417 4630 2660 4704 quidem,
2706 4631 2800 4687 sed
2848 4647 2943 4704 per
2972 4631 3275 4688 Christum.
3321 4654 3340 4680 σ
3373 4631 3550 4704 Caput
3575 4634 3743 4684 autem

469 4717 711 4791 jusmodi
744 4723 1026 4791 propterea
1055 4714 1121 4774 de
1151 4713 1472 4773 sacriﬁcatis
1518 4729 1630 4770 non
1679 4714 1901 4788 expedit
1943 4714 2068 4770 ede-

471 4822 527 4864 re
569 4809 708 4879 (87).

548 4896 727 4966 (Vere.
761 4896 876 4965 3i.)
918 4920 936 4944 ι
967 4898 1094 4954 Sive
1121 4896 1291 4970 igitur
1321 4895 1505 4964 editis,
1537 4894 1653 4950 sive
1705 4891 1916 4962 bibitis,
1946 4895 2063 4952 sive

470 4981 604 5054 quid
637 4981 835 5049 facitis,
866 4986 1049 5041 omnia
1080 4987 1135 5040 in
1158 4986 1388 5057 gloriam
1409 4984 1528 5041 Dei.
1547 5009 1565 5032 ›
1610 4983 1712 5038 Per
1741 4982 1857 5038 haec
1876 4982 2060 5054 subjeo

469 5077 556 5126 cta
577 5069 874 5124 declaravit
914 5071 972 5124 in
1012 5072 1182 5127 idolio
1215 5074 1392 5142 edere,
1415 5073 1610 5146 quavis
1628 5072 1755 5127 licet
1775 5073 2054 5127 conscien-

465 5160 567 5228 tia,
597 5156 887 5213 inimicum
917 5172 1028 5212 esse
1084 5161 1224 5224 Deo;
1273 5161 1341 5215 ad
1389 5160 1742 5233 Opprobrium
1774 5160 1922 5216 enim
1955 5162 2053 5217 Dei

469 5247 636 5305 unius
667 5246 784 5303 haec
815 5244 1034 5301 diabolo
1063 5245 1408 5304 dedicantur.
1439 5249 1572 5304 Nam
1602 5251 1660 5304 in
1693 5251 1922 5322 gloriam
1957 5250 2056 5306 Dei

473 5337 632 5395 edere
661 5346 716 5394 et
747 5336 933 5393 bibere
979 5342 1033 5390 et
1088 5335 1298 5406 aliquid
1346 5337 1541 5406 facere,
1571 5339 1675 5395 hoc
1723 5348 1822 5408 est,
1866 5348 1928 5396 ut
1955 5340 2056 5396 sub

473 5425 823 5484 invocatione
853 5421 1126 5484 Creatoris
1155 5437 1280 5481 cum
1313 5422 1579 5486 modestia
1610 5427 1930 5488 convivium
1957 5445 2058 5488 ce-

539 5605 654 5677 (86)
686 5607 785 5664 Ms.
819 5608 1005 5678 Corb.,
1033 5610 1169 5665 nihil
1197 5608 1558 5665 discernentes.

541 5678 657 5760 (87)
692 5679 839 5760 Ideni
871 5681 992 5760 cod.
1025 5681 1211 5749 Corb.,
1247 5697 1353 5760 non
1392 5682 1564 5760 solum
1604 5681 1708 5737 liceo
1746 5681 1939 5758 facere,
1968 5684 2059 5742 sed

468 5754 521 5822 ct
545 5748 608 5806 de
636 5748 948 5824 Sacriﬁcant:
975 5768 1081 5808 non
1108 5748 1318 5827 expedit
1345 5751 1512 5813 edere.

2171 4719 2421 4776 mulieris
2444 4721 2548 4776 vir.
2583 4746 2602 4769 ι
2645 4721 2783 4787 Quia
2814 4723 3064 4792 quamvis
3107 4731 3160 4776 et
3211 4723 3410 4778 mulier
3457 4738 3553 4794 per
3602 4714 3743 4775 Chri-

2170 4819 2336 4878 stum,
2371 4809 2438 4865 de
2466 4811 2586 4866 viro
2617 4818 2798 4865 tamen
2839 4811 2980 4866 facta
3027 4819 3126 4879 est,
3168 4828 3231 4867 ac
3273 4829 3370 4883 per
3404 4812 3509 4869 hoc
3536 4805 3743 4879 subjici-

2169 4906 2260 4955 tur
2303 4899 2444 4954 viro.
2516 4921 2534 4944 ι
2571 4898 2744 4970 Caput
2797 4906 2975 4954 autem
3025 4899 3230 4956 Christi
3259 4902 3422 4956 Deus.
3457 4926 3476 4949 ι
3518 4899 3738 4968 Dignum

2169 4996 2249 5044 est
2273 4996 2331 5043 ut
2358 4987 2461 5044 ﬁlii
2494 4994 2656 5059 caput
2686 4988 2842 5043 Pater
2870 4987 3101 5054 dicatur,
3135 4990 3289 5061 quasi
3349 4991 3561 5062 genitor
3609 4983 3736 5055 ejus.

2167 5075 2346 5131 Aliter
2393 5083 2575 5131 tamen
2623 5083 2784 5147 caput
2825 5076 2932 5131 viri
2987 5076 3241 5134 Christus
3271 5084 3371 5146 est,
3401 5085 3455 5132 et
3481 5074 3638 5130 aliter
3662 5067 3740 5121 vir

2167 5164 2497 5231 mulieris,et
2527 5164 2686 5220 aliter
2713 5167 2857 5221 Deus
2886 5173 3048 5237 caput
3079 5164 3284 5221 Christi
3326 5172 3426 5220 est.
3469 5166 3611 5219 Deus
3655 5170 3736 5210 au-

2167 5261 2275 5309 tem
2306 5253 2428 5308 ideo
2453 5261 2616 5325 caput
2643 5253 2847 5311 Christi
2879 5261 2978 5321 est,
3029 5253 3156 5326 quia
3183 5251 3250 5307 de
3296 5268 3360 5307 eo
3405 5253 3492 5307 vel
3536 5248 3602 5305 ab
3631 5247 3737 5316 ip80

2167 5345 2382 5415 genitus
2431 5351 2530 5399 est.
2562 5342 2809 5399 Mulieris
2858 5356 2987 5397 vero
3041 5349 3205 5412 caput
3250 5339 3456 5396 idcirco
3503 5337 3589 5392 vir
3643 5338 3735 5396 est.

2167 5433 2295 5508 quia
2324 5448 2393 5488 ex
2419 5431 2536 5505 ejus
2565 5439 2714 5488 costa
2740 5430 2840 5487 Dei
2870 5430 3074 5486 virtute
3102 5429 3334 5487 formata
3376 5438 3458 5487 est
3488 5426 3640 5500 (Gen.
3678 5435 3734 5485 in

2238 5612 2355 5684 (88)
2389 5610 2549 5684 Corb.
2583 5608 2730 5677 cod.,
2773 5610 2861 5666 sed
2905 5610 3144 5667 aliarum
3168 5607 3528 5665 Ecclesiarum
3568 5594 3735 5658 tradi-

2167 5683 2357 5742 tionem
2381 5683 2747 5755 sequebantur.
