3976 6378
241 393 349 452 253

1333 394 1693 455 COMMENT.
1735 398 1806 453 IN
1841 399 2057 456 EPIST.
2097 400 2121 457 Ι
2157 402 2249 456 ΑΙ)
2287 402 2443 458 COR.

3421 408 3525 468 255

241 521 357 592 21).
396 516 647 576 Christus
694 524 873 575 autem
922 517 1043 576 ideo
1087 530 1249 592 caput
1294 522 1399 579 viri
1437 531 1538 592 est,
1582 524 1710 597 quia
1732 542 1827 596 per
1853 532 2173 598 Ascopum,
2226 527 2355 599 quia
2407 527 2642 585 vicarius
2675 530 2900 587 Domini
2935 540 3035 600 est,
3075 543 3293 609 propter
3340 538 3525 595 reatus

241 609 418 681 ipsum
455 625 580 665 cum
613 624 723 663 non
754 618 912 674 esset,
954 616 1166 665 creatus
1204 617 1303 666 est.
1358 612 1475 667 Una
1503 628 1628 685 ergo
1658 613 1828 670 dictio

242 698 513 754 diversam
571 698 736 755 habet
785 698 1244 769 intelligentiam;
1305 701 1434 773 quia
1489 709 1543 759 et
1588 718 1829 774 personas

242 786 552 859 discrepant
580 795 633 842 et
664 786 1002 843 substantiae.

317 877 497 947 (Vers.
528 876 606 946 4.)
653 900 671 922 ι
701 874 893 930 Omnis
925 875 1012 930 vir
1034 891 1194 932 orans
1231 885 1324 933 aut
1366 876 1698 948 prophetans
1723 895 1832 934 ve-

242 961 355 1018 lato
383 963 556 1035 capite
598 962 850 1033 deturpat
895 973 1057 1034 caput
1085 981 1266 1020 suum.
1299 991 1318 1013 ι
1361 965 1526 1021 Orare
1555 966 1689 1022 dicit
1725 966 1832 1021 de-

244 1052 449 1123 precari
483 1070 495 1106 :
527 1051 846 1122 prophetare
882 1060 1062 1107 autem
1108 1052 1402 1110 adventum
1450 1054 1565 1109 fore
1606 1054 1830 1111 Domini

244 1155 380 1197 voce
408 1156 519 1211 sym
532 1140 645 1195 boli
675 1149 797 1211 post
821 1141 1121 1197 orationem
1152 1142 1324 1199 effari.

317 1229 495 1298 (Vers.
531 1228 586 1295 5,
618 1228 672 1295 6,
706 1228 783 1299 7.)
830 1228 1024 1285 Omnis
1070 1240 1251 1287 autem
1302 1231 1500 1286 mulier
1535 1246 1696 1287 orans
1736 1237 1832 1287 aut

241 1320 571 1393 pr0phetans
630 1336 741 1376 non
799 1324 978 1379 velato
1045 1324 1241 1395 capite,
1313 1323 1603 1381 confundit
1668 1330 1832 1395 caput

241 1430 398 1471 suum
424 1434 438 1483 ;
471 1433 641 1472 unum
671 1425 751 1473 est
779 1418 932 1475 enim
961 1430 1123 1491 atque
1151 1421 1413 1493 idipsum,
1465 1431 1526 1478 ut
1572 1420 1831 1477 decalva—

241 1512 352 1561 tur.
398 1506 453 1561 Si
498 1515 677 1563 autem
734 1524 843 1563 non
890 1509 1105 1563 velatur
1153 1511 1369 1577 mulier,
1415 1508 1751 1565 tondeatur:
1786 1508 1833 1564 si

241 1603 421 1650 autem
454 1602 611 1666 turpe
645 1604 725 1651 est
757 1596 976 1651 mulieri
1007 1597 1222 1652 tonderi
1244 1608 1338 1655 aut
1366 1597 1658 1663 decalveri,
1690 1598 1834 1653 velet

238 1692 424 1755 caput.
468 1683 569 1739 Vir
610 1684 900 1740 enimnon
942 1685 1102 1741 debet
1140 1687 1319 1741 velare
1364 1692 1545 1756 caput,
1594 1701 1717 1739 cum
1762 1685 1835 1741 sit

239 1769 422 1842 imago
452 1781 505 1828 et
533 1773 706 1845 gloria
748 1774 866 1828 Dei.
899 1798 917 1820 ι
979 1773 1243 1841 Quamvis
1291 1789 1399 1829 una
1433 1772 1735 1827 substantia
1760 1771 1834 1829 sit

238 1866 297 1913 et
324 1860 413 1914 vir
440 1868 493 1915 et
525 1861 746 1927 mulier,
778 1869 959 1915 tamen
989 1861 1119 1932 quia
1149 1861 1235 1915 vir
1262 1869 1425 1932 caput
1452 1870 1534 1917 est
1565 1860 1829 1927 mulieris,
1856 1902 1902 1960 Β

238 1947 655 2018 anteponendus
684 1948 955 2014 traditur;
999 1958 1060 2003 ut
1090 1965 1184 2020 per
1210 1965 1426 2005 causam
1473 1956 1527 2004 et
1565 1950 1830 2004 rationem

238 2037 421 2107 major
447 2038 537 2105 sit,
583 2055 692 2093 non
735 2055 830 2109 per
871 2039 1253 2095 substantiam.
1284 2040 1518 2095 Inferior
1545 2056 1671 2111 ergo
1701 2055 1832 2094 mu-

239 2124 348 2181 lier
376 2128 498 2182 viro
528 2136 628 2194 est,
662 2130 840 2199 portio
887 2129 1033 2183 enim
1080 2129 1196 2199 ejus
1231 2139 1345 2197 est;
1379 2131 1507 2202 quia
1533 2129 1686 2199 origo
1718 2145 1832 2185 mu-

239 2212 396 2269 lieris
425 2216 512 2291 vir
540 2222 621 2269 est
655 2232 667 2269 :
700 2231 769 2270 ex
798 2231 863 2270 eo
888 2214 1034 2270 enim
1072 2224 1172 2282 est,
1212 2233 1274 2273 ac
1322 2232 1415 2288 per
1459 2216 1565 2271 hoc
1594 2216 1833 2271 obnoxia

238 2300 462 2357 videtur
492 2302 690 2357 mulier
736 2303 877 2368 viro,
926 2312 988 2357 ut
1028 2304 1258 2374 imperio
1306 2302 1423 2374 ejus
1469 2303 1711 2373 subjecta
1735 2304 1827 2360 sit.

238 2390 728 2448 Honoriﬁcentiam
771 2400 823 2448 et
860 2392 1183 2464 dignitatem
1216 2395 1317 2449 viri
1349 2395 1566 2450 obstare
1594 2394 1730 2451 dicit
1762 2410 1830 2451 ne

239 2484 392 2539 velet
436 2493 628 2556 caput;
674 2485 852 2555 imago
896 2484 1041 2540 enim
1103 2486 1198 2541 Dei
1250 2486 1610 2556 incongruum
1660 2494 1740 2540 est
1770 2494 1832 2541 ut

238 2570 449 2627 celetur
477 2589 489 2626 :
534 2571 793 2627 abscondi
826 2571 973 2627 enim
1003 2588 1114 2628 non
1142 2572 1323 2642 debet,
1353 2574 1452 2629 Dei
1481 2573 1627 2628 enim
1660 2570 1831 2643 gloria

240 2661 465 2718 videtur
493 2663 548 2717 in
579 2663 722 2719 viro.

326 2775 346 2797 ι
376 2751 574 2806 Mulier
601 2759 781 2807 autem
826 2753 1000 2823 gloria
1037 2753 1144 2809 viri
1174 2762 1276 2809 est.
1308 2776 1327 2800 ι
1386 2751 1620 2807 Multum
1665 2749 1831 2805 distat

239 2839 388 2895 inter
425 2841 649 2911 gloriam
675 2841 773 2895 Dei
806 2850 858 2897 et
886 2842 1112 2912 gloriam
1144 2842 1246 2896 viri
1272 2859 1286 2907 ;
1320 2840 1406 2894 vir
1424 2839 1573 2894 enim
1604 2837 1669 2891 ad
1701 2837 1829 2891 ima-

241 2926 426 2997 ginem
460 2926 557 2982 Dei
587 2926 763 2982 factus
791 2934 889 2993 est,
923 2943 1033 2981 non
1065 2927 1280 2981 mulier.
1305 2927 1428 2980 Haec
1444 2932 1623 2979 autem
1655 2923 1832 2994 imago

239 3017 343 3073 Dei
377 3016 433 3071 in
465 3017 604 3083 viro,
633 3016 760 3088 quia
800 3032 942 3072 unus
978 3018 1122 3073 Deus
1152 3033 1323 3071 unum
1356 3016 1485 3071 fecit
1514 3013 1828 3091 hominem;

240 3110 308 3158 ut
337 3103 482 3159 sicut
509 3103 578 3159 ab
598 3119 709 3160 uno
735 3106 848 3160 Deo
874 3112 1002 3159 sunt
1032 3105 1237 3171 omnia,
1270 3103 1344 3159 ita
1363 3109 1608 3157 essentet
1637 3102 1704 3155 ab
1722 3115 1832 3155 uno

238 3187 466 3245 homine
505 3206 693 3245 omnes
739 3190 1007 3258 homines,
1059 3197 1120 3245 ut
1160 3192 1323 3246 unius
1363 3190 1463 3245 Dei
1512 3188 1830 3258 invisibilis,

238 3275 407 3332 unius
437 3275 601 3332 homo
635 3276 871 3332 visibilis
902 3278 1194 3348 imaginem
1225 3276 1526 3332 haberetin
1553 3277 1734 3345 terris,
1766 3284 1831 3331 ut

239 3380 387 3420 unus
414 3366 559 3421 Deus
602 3364 661 3420 in
710 3381 819 3421 uno
866 3365 1088 3422 homine
1134 3365 1413 3420 videretur
1452 3364 1829 3419 auctoritatem

238 3453 407 3509 unius
436 3454 696 3527 principii
730 3470 1075 3520 conservare,
1106 3453 1174 3507 ad
1200 3453 1576 3508 confusionem
1600 3450 1828 3517 diaboli,

240 3544 339 3617 qui
368 3542 494 3609 sibi,
520 3544 767 3613 neglecto
786 3557 897 3595 uno
923 3542 1055 3605 Deo,
1078 3539 1384 3593 dominium
1406 3547 1459 3594 et
1480 3539 1827 3593 divinitatem

238 3632 394 3688 volui
432 3645 715 3701 usurpare.
750 3628 908 3695 Quod
954 3626 1219 3699 propheta
1260 3626 1509 3682 Ezechiel
1559 3626 1829 3697 signiﬁcat

240 3718 460 3791 (Ezech.
493 3733 696 3784 xxvm,
728 3715 839 3786 16),
873 3723 928 3771 et
970 3717 1265 3786 Apostolus
1312 3713 1478 3781 idem,
1510 3713 1587 3768 ait
1630 3714 1777 3769 enim
1811 3732 1823 3769 :

254 3829 275 3853 ι
302 3806 385 3860 Ita
414 3812 476 3859 ut
506 3804 561 3859 in
592 3804 796 3875 templo
824 3803 921 3859 Dei
951 3801 1156 3870 sedeat,
1182 3800 1472 3858 ostendens
1500 3817 1556 3856 se
1585 3802 1737 3874 quasi
1757 3801 1830 3859 sit

235 3896 386 3952 Deus
417 3895 506 3964 (II
537 3896 711 3950 Thess.
746 3909 808 3961 η,
838 3892 918 3965 4).
949 3917 968 3940 ι

311 3982 491 4051 (Vers.
523 3981 578 4049 8,
608 3981 661 4049 9,
696 3980 807 4049 10.)
861 4003 880 4026 ι
910 3981 1030 4037 Non
1072 3989 1155 4037 est
1188 3981 1334 4036 enim
1367 3980 1455 4036 vir
1482 3996 1551 4036 ex
1578 3979 1825 4050 muliere,

239 4069 334 4125 sed
366 4068 561 4124 mulier
604 4085 673 4123 ex
701 4068 820 4123 viro
855 4086 867 4123 :
920 4077 974 4125 et
1019 4069 1167 4124 enim
1214 4085 1325 4124 non
1367 4077 1445 4124 est
1488 4078 1697 4125 creatus
1743 4068 1829 4124 vir

246 4166 468 4230 propter
498 4156 805 4225 mulierem,
836 4156 930 4211 sed
960 4157 1157 4211 mulier
1203 4166 1423 4229 prOpter
1452 4159 1655 4213 virum.
1688 4158 1831 4212 Pro-

242 4252 425 4317 pterea
458 4245 618 4300 debet
650 4245 846 4300 mulier
877 4253 1190 4317 potestatem
1225 4244 1421 4299 habere
1470 4260 1631 4316 supra
1667 4252 1829 4315 caput

242 4334 404 4388 etiam
441 4341 660 4405 propter
688 4335 925 4404 angelos.
953 4358 970 4381 ι
1002 4333 1328 4388 Potestatem
1360 4333 1604 4387 velamen
1624 4331 1826 4401 signiﬁ-

242 4424 408 4491 cavit,
466 4424 684 4493 angelos
740 4426 1020 4493 episcopos
1075 4421 1233 4489 dicit,
1296 4422 1438 4477 sicut
1494 4423 1719 4478 docetur
1770 4420 1827 4475 in

243 4512 577 4583 Apocalypsi
622 4511 845 4566 Joannis
877 4512 1064 4581 (Apoc.
1111 4526 1173 4577 ιι,
1225 4510 1250 4563 1
1283 4511 1437 4581 seq.).
1471 4512 1542 4566 Et
1570 4511 1697 4583 quia
1724 4508 1827 4564 uti-

242 4616 344 4674 que
376 4600 629 4656 homines
668 4606 815 4671 sunt,
863 4598 1009 4671 quod
1057 4613 1166 4653 non
1213 4599 1548 4670 corriperent
1595 4599 1827 4670 plebem,
1858 4595 1906 4654 D
1938 4620 2112 4677 neque
2164 4606 2405 4662 Ecclesia
2454 4607 2573 4675 Dei,
2634 4631 2653 4655 ι

246 4696 384 4753 148
425 4699 728 4762 arguuntur
758 4708 770 4745 :
804 4698 856 4744 et
885 4688 1031 4762 quod
1074 4695 1281 4743 rectum
1330 4696 1410 4743 est
1450 4690 1507 4743 in
1539 4689 1668 4755 illis,
1703 4689 1829 4743 lau-

243 4785 423 4843 datur.
454 4786 652 4843 Mulier
675 4801 800 4856 ergo
832 4784 923 4855 (33
940 4791 1133 4856 quiest.
1162 4785 1218 4852 5,
1240 4802 1358 4856 cap.
1381 4785 1599 4855 Mulier)
1625 4783 1829 4840 idcirco

243 4873 403 4933 debet
427 4876 607 4931 velare
635 4881 816 4947 caput,
849 4874 975 4947 quia
1004 4891 1113 4929 non
1143 4883 1223 4929 est
1266 4875 1441 4945 imago
1488 4874 1607 4940 Dei,
1652 4874 1745 4928 sed
1768 4881 1829 4929 ut

244 4964 560 5022 ostendatur
587 4963 867 5035 subjecta;
900 4972 952 5019 et
981 4963 1109 5035 quia
1139 4962 1512 5034 praevaricatio
1542 4978 1637 5033 per
1676 4963 1826 5019 illam

242 5052 498 5112 inchoata
534 5063 634 5121 est,
666 5052 770 5108 hoc
798 5053 1013 5122 signum
1035 5050 1197 5106 debet
1225 5050 1454 5118 habere;
1479 5060 1539 5106 ut
1559 5051 1618 5105 in
1638 5051 1823 5106 Eccle-

244 5141 325 5199 sia
375 5152 595 5216 propter
650 5141 1008 5198 reverentiam
1066 5139 1424 5211 episcopalem
1476 5155 1587 5194 non
1633 5138 1829 5195 habeat

247 5239 410 5304 caput
437 5231 691 5299 liberum,
740 5230 835 5285 sed
881 5227 1150 5284 velamine
1192 5234 1393 5282 tectum
1428 5245 1439 5282 :
1487 5243 1588 5282 nec
1632 5227 1827 5282 habeat

248 5330 564 5395 potestatem
594 5318 884 5394 loquendi;
916 5318 1044 5389 quia
1076 5318 1360 5387 episcopus
1403 5331 1685 5386 personam
1717 5315 1826 5370 ba-

246 5403 336 5470 het
360 5410 590 5471 Christi.
623 5409 787 5482 Quasi
816 5422 941 5482 ergo
971 5413 1094 5464 ante
1116 5404 1380 5481 judicent,
1424 5403 1504 5460 sic
1531 5413 1655 5461 ante
1702 5404 1827 5477 epi-

247 5574 434 5721 σῡξὲῗε)
461 5574 752 5634 Gratianus
782 5572 841 5632 in
876 5572 1111 5644 decreto,
1154 5578 1372 5647 propter
1412 5576 1679 5646 peccatum
1705 5571 1827 5629 ori-

324 5717 443 5799 (90)
469 5718 572 5783 Ms.
624 5717 813 5785 Corb.,
870 5718 965 5777 Ubi
1006 5719 1142 5775 enim
1181 5716 1431 5776 dissensio
1471 5720 1564 5785 est,
1592 5715 1828 5789 primum

1937 616 2202 687 originem
2236 617 2350 688 (89)
2384 615 2629 687 subjecta
2660 618 2822 675 debet
2850 620 3047 678 videri.

2010 706 2191 777 (Vers.
2226 706 2338 777 11.)
2383 730 2401 753 ι
2431 708 2821 764 Verumtamen
2853 726 3027 782 neque
3062 711 3260 768 mulier
3284 713 3401 770 sine
3428 715 3526 771 vi-

1937 811 2020 863 ro,
2050 810 2225 867 neque
2272 794 2359 851 vir
2400 796 2519 852 sine
2558 798 2787 854 muliere
2834 799 2892 855 in
2939 800 3194 857 Domino.
3228 824 3247 848 ι
3304 802 3429 858 Ideo
3466 804 3525 860 in

1936 884 2175 952 Domine,
2207 884 2336 957 quia
2376 886 2520 941 Deus
2570 903 2639 943 ex
2684 904 2796 943 uno
2832 888 2965 944 fecit
3010 888 3200 945 ambos
3228 896 3283 945 et
3311 906 3522 959 unum;

1937 988 2046 1028 una
2077 972 2225 1028 enim
2251 990 2377 1029 caro
2422 984 2477 1032 et
2515 992 2689 1033 unum
2735 994 2934 1049 corpus
2981 987 3110 1034 sunt
3157 978 3213 1034 in
3262 978 3522 1056 Domino,

1938 1062 2044 1119 hoc
2074 1070 2173 1130 est,
2205 1063 2503 1120 secundum
2533 1066 2852 1134 Dominum,
2890 1067 2987 1139 qui
3015 1069 3238 1123 creavit.
3274 1066 3522 1139 Denique

1938 1152 2032 1223 qui
2057 1168 2167 1207 non
2195 1152 2425 1208 credunt
2454 1155 2737 1210 mulierem
2768 1155 2835 1210 de
2855 1156 2978 1211 viro
2998 1164 3294 1228 sumptam,
3322 1156 3379 1212 hi
3407 1157 3525 1210 sine

1937 1240 2195 1308 Domino,
2226 1242 2310 1296 vel
2348 1258 2458 1297 non
2488 1243 2790 1299 secundum
2820 1244 3122 1302 Dominum
3156 1244 3387 1303 credunt
3414 1244 3527 1300 bo-

1940 1331 2151 1386 minum
2172 1332 2462 1401 originem.

2012 1419 2192 1489 (Vers.
2227 1418 2341 1489 i2.)
2378 1444 2397 1467 ι
2428 1421 2562 1478 Nam
2615 1423 2759 1480 sicut
2807 1425 3007 1482 mulier
3052 1426 3119 1483 de
3160 1427 3303 1494 viro,
3352 1425 3429 1481 ita
3470 1440 3526 1488 et

1940 1505 2028 1562 vir
2055 1523 2149 1579 per
2176 1509 2480 1565 mulierem.
2511 1535 2531 1559 ι
2575 1511 2691 1569 Hoc
2718 1511 2978 1582 ﬁrmavit,
3009 1515 3157 1589 quod
3183 1514 3363 1579 dixit;
3397 1514 3527 1585 quia

1941 1596 2101 1652 ambo
2129 1614 2300 1653 unum
2339 1606 2469 1654 sunt
2514 1600 2571 1655 in
2610 1610 2824 1671 natura,
2870 1610 3032 1676 atque
3071 1603 3225 1676 origo
3276 1600 3526 1659 mulieris

1940 1685 2029 1741 vir
2055 1693 2155 1749 est,
2184 1687 2327 1743 sicut
2375 1687 2572 1759 legitur
2618 1690 2677 1745 in
2723 1692 2920 1748 Genesi
2966 1692 3172 1748 factum
3213 1708 3246 1748 a
3292 1690 3527 1748 Domino

1941 1776 2193 1833 Creatore
2226 1778 2379 1847 (Gen.
2419 1794 2479 1844 tr,
2519 1777 2634 1847 22).
2693 1802 2712 1825 ι
2754 1779 2951 1835 Omnia
2994 1788 3172 1837 autem
3216 1797 3285 1835 ex
3333 1782 3464 1835 Deo.
3491 1802 3513 1828 ι

1939 1864 2229 1937 Postquam
2257 1865 2523 1937 gradatim
2560 1867 2816 1938 exposuit
2849 1868 3081 1939 singula,
3109 1877 3171 1925 ut
3200 1867 3385 1924 omnia
3412 1868 3526 1923 Deo

1940 1952 2250 2023 subjiceret,
2282 1970 2451 2009 unum
2480 1970 2702 2009 servans
2726 1954 3079 2025 principium,
3108 1955 3186 2011 ait
3217 1973 3229 2011 :
3274 1978 3294 2001 σ
3325 1953 3525 2010 Omnia

1939 2050 2120 2096 autem
2148 2056 2217 2095 ex
2249 2041 2358 2096 Deo
2384 2059 2398 2106 ;
2428 2065 2447 2089 ι
2490 2048 2552 2095 ιιι
2584 2057 2759 2112 neque
2786 2042 2985 2097 mulier
3029 2041 3388 2113 subjectionis
3414 2056 3525 2096 sum

1940 2145 2099 2185 causa
2135 2130 2569 2197 contristaretur,
2614 2145 2791 2202 neque
2824 2129 2915 2185 vir
2942 2132 3099 2203 quasi
3125 2130 3393 2187 exaltatus
3423 2146 3525 2186 su-

1940 2217 2198 2288 perbiret.

2013 2305 2193 2375 (Vers.
2237 2306 2350 2376 13.)
2396 2328 2415 2353 σ
2445 2306 2558 2363 Vos
2611 2306 2712 2379 ipsi
2755 2306 3001 2380 judicate
3033 2325 3045 2364 :
3083 2308 3307 2365 decetne
3333 2309 3525 2364 mulie-

1940 2408 2052 2448 rem
2111 2409 2219 2449 non
2274 2395 2510 2450 velatam
2586 2412 2741 2452 orare
2789 2398 2957 2452 Deum
2982 2397 3011 2453 ?
3040 2421 3059 2444 ι
3102 2398 3243 2454 Hinc
3275 2405 3355 2452 est
3381 2395 3525 2452 unde

1940 2480 2189 2551 superius
2213 2482 2323 2537 illis
2339 2498 2433 2553 per
2455 2482 2687 2539 ironiam
2712 2492 3014 2552 succenset,
3037 2484 3257 2541 dicens:
3294 2507 3313 2531 ι
3340 2484 3523 2541 Laudo

1942 2568 2071 2640 quia
2095 2570 2278 2625 omnia
2308 2587 2425 2627 mea
2458 2572 2720 2627 memoria
2745 2573 2995 2629 retinetis
3014 2591 3025 2629 :
3045 2580 3099 2629 et
3117 2571 3390 2645 quomodo
3406 2571 3524 2630 ubi.

1940 2671 2046 2727 que
2077 2656 2250 2723 trado,
2281 2658 2603 2714 traditiones
2627 2675 2773 2715 meas
2790 2661 2987 2716 tenetis
3006 2662 3216 2732 (supra,
3233 2676 3373 2716 vers.
3392 2658 3473 2730 2).
3490 2682 3510 2707 ι

1941 2740 2076 2799 Cum
2106 2744 2252 2799 enim
2307 2745 2422 2801 haec
2464 2756 2604 2803 esset
2644 2747 2959 2803 traditionis
3009 2747 3169 2815 ratio,
3221 2754 3282 2803 ut
3332 2747 3523 2804 velata

1941 2842 2115 2889 essent
2173 2834 2428 2890 mulieres
2475 2837 2532 2890 in
2582 2836 2831 2904 ecclesia,
2888 2836 2970 2891 illi
3020 2846 3211 2893 contra
3262 2837 3523 2893 rcvelatas

1941 2937 2031 2977 eas
2060 2922 2116 2976 in
2146 2922 2372 2977 ecclesia
2402 2924 2767 2994 patiebantur.
2824 2923 3057 2997 Ideoque
3098 2924 3211 2995 jam
3262 2941 3371 2980 non
3415 2942 3525 2981 au-

1942 3012 2190 3065 ctoritate
2245 3011 2579 3079 traditionis,
2640 3028 2804 3084 quam
2854 3014 3228 3084 neglexerant,
3284 3012 3378 3069 sed
3430 3029 3524 3085 per

1940 3096 2112 3169 ipsam
2132 3107 2378 3154 naturam
2402 3099 2628 3155 suadere
2649 3099 2760 3155 illis
2774 3099 2974 3155 nititur
2994 3100 3277 3157 veritatem
3296 3099 3484 3157 dicens
3504 3119 3517 3158 :

2013 3185 2194 3256 (Vers.
2229 3186 2316 3254 14,
2349 3187 2461 3257 15).
2506 3211 2526 3235 ι
2552 3188 2663 3246 Nec
2701 3188 2818 3259 ipsa
2847 3196 3044 3244 natura
3075 3186 3232 3244 docet
3261 3204 3358 3244 vos
3394 3188 3524 3261 quia

1940 3273 2029 3329 vir
2083 3274 2325 3347 quidem,
2396 3275 2442 3331 si
2501 3292 2711 3332 comam
2753 3276 3027 3342 habuerit,
3085 3277 3387 3348 ignominia
3441 3287 3523 3335 est

1940 3359 2078 3417 illi?
2107 3387 2127 3409 ι
2168 3363 2282 3418 Hoc
2308 3363 2606 3420 secundum
2638 3366 2808 3434 legem
2862 3365 3076 3420 locutus
3116 3371 3228 3429 est;
3271 3363 3523 3435 prohibet

1940 3450 2086 3505 enim
2118 3466 2298 3505 virum
2326 3466 2442 3505 esse
2490 3460 2762 3507 comatum
2806 3452 2994 3521 (Levit.
3036 3467 3155 3518 xxx,
3186 3451 3301 3522 27).
3348 3476 3367 3499 ι
3392 3453 3522 3508 Mu-

1940 3537 2042 3592 lier
2066 3546 2246 3594 autem
2274 3556 2319 3594 sn
2345 3555 2554 3596 comam
2588 3539 2858 3607 habuerit,
2909 3541 3080 3613 gloria
3113 3548 3194 3597 est
3223 3541 3305 3597 illi
3330 3560 3344 3609 ;
3373 3557 3522 3614 quo-

1938 3625 2086 3681 niam
2117 3642 2271 3682 coma
2306 3642 2404 3698 pro
2444 3628 2716 3683 velamine
2745 3628 2870 3685 data
2899 3636 2981 3685 est
3008 3630 3080 3685 ei.
3134 3652 3154 3677 ι
3191 3629 3522 3688 Naturaliter

1939 3712 2045 3771 hoc
2069 3713 2359 3770 honestum
2406 3723 2460 3771 et
2499 3716 2887 3787 propemodum
2920 3715 3200 3773 decretum
3233 3717 3354 3772 vult
3382 3732 3516 3786 esse,

1936 3810 2000 3858 ut
2059 3802 2237 3859 velata
2282 3804 2478 3860 mulier
2522 3804 2838 3874 satisfaciat,
2895 3812 2949 3861 et
2990 3806 3191 3878 gratias
3227 3813 3347 3877 agat
3381 3806 3520 3885 Deo.

1939 3892 2106 3952 Coma
2156 3910 2281 3965 ergo
2313 3894 2578 3951 indicium
2612 3896 2902 3952 velaminis
2925 3905 3027 3965 est,
3084 3904 3147 3953 ut
3204 3905 3413 3955 naturae
3464 3906 3519 3956 et

1938 3983 2194 4038 voluntas
2220 3982 2468 4040 addatur.
2502 3984 2747 4057 Denique
2778 3986 2933 4041 nulla
2981 3984 3179 4041 mulier
3214 3985 3378 4044 etiam
3423 4001 3521 4045 re-

1938 4073 2118 4127 velata
2143 4072 2258 4127 adit
2288 4080 2628 4143 potestatem.

2010 4160 2189 4229 (Vers.
2228 4160 2343 4231 16.)
2391 4188 2409 4209 ι
2432 4162 2487 4218 Si
2533 4163 2655 4234 quis
2674 4170 2855 4220 autem
2892 4164 3113 4221 videtur
3148 4166 3519 4223 contentiosus

1937 4264 2073 4315 esse,
2105 4264 2204 4303 nos
2230 4251 2390 4304 talem
2424 4251 2875 4307 consuetudinem
2910 4271 3016 4308 non
3052 4254 3329 4322 habemus,
3350 4268 3518 4327 aeque

1936 4337 2179 4392 Ecclesia
2208 4337 2325 4393 Dei.
2357 4362 2376 4385 ι
2418 4340 2545 4394 Post
2575 4340 2841 4396 rationem
2874 4342 3166 4411 redditam,
3196 4350 3256 4398 ut
3284 4349 3519 4398 conten-

1937 4425 2105 4480 tiosos
2127 4425 2332 4495 vincat,
2358 4427 2737 4483 auctoritatem
2780 4430 3118 4501 interponit;
3170 4430 3299 4502 quia
3343 4444 3517 4503 neque

1936 4516 2245 4572 Judaismus
2298 4517 2401 4574 hoc
2457 4519 2668 4587 habuit,
2727 4519 2871 4574 unde
2918 4519 3099 4576 dicit:
3146 4520 3372 4591 «Neque
3392 4534 3514 4587 nos,

2718 4613 2780 4662 ut
2826 4622 2999 4678 neque
3054 4607 3288 4678 Moyses,
3340 4618 3517 4678 neque

1938 4693 2186 4749 Salvator
2224 4695 2303 4750 sic
2337 4694 2637 4752 tradiderit.

2010 4783 2190 4854 (Vers.
2225 4785 2337 4855 17.)
2385 4807 2402 4831 ι
2432 4785 2544 4841 Hoc
2584 4791 2764 4839 autem
2810 4782 3085 4855 praecipio,
3132 4797 3242 4837 non
3287 4781 3517 4842 laudans

1937 4871 2083 4944 quod
2111 4873 2298 4928 nonin
2336 4872 2552 4940 melius,
2590 4872 2685 4926 sed
2731 4872 2789 4925 in
2842 4870 3082 4928 deterius
3122 4872 3449 4931 convenitis.
3478 4898 3501 4925 ι

1937 4962 2220 5030 Quomodo
2250 4962 2614 5034 particulatim
2658 4960 3124 5016 conversationem
3172 4960 3392 5019 illorum
3420 4977 3517 5035 per

1936 5052 2331 5123 correptionem
2362 5049 2645 5116 emendat;
2680 5047 2755 5105 ita
2802 5058 2857 5106 et
2896 5048 3221 5106 traditiones
3268 5052 3513 5120 illorum,

1937 5155 2046 5195 non
2078 5139 2303 5195 laudans
2331 5140 2541 5211 utique,
2571 5137 2663 5194 sed
2698 5138 3013 5210 vituperans
3046 5154 3156 5196 eos.

2009 5228 2187 5299 (Vers.
2233 5228 2317 5295 18,
2366 5228 2477 5298 19.)
2522 5250 2541 5274 ι
2570 5227 2812 5283 Primum
2858 5228 3025 5283 enim.
3058 5252 3077 5274 ι
3135 5229 3371 5285 Primum
3414 5225 3516 5285 di-

1935 5316 2128 5383 cendo,
2157 5334 2324 5388 genus
2349 5317 2553 5390 peccati
2588 5316 2845 5385 ostendit,
2864 5316 3007 5372 unde
3048 5316 3154 5372 orti
3199 5322 3328 5371 sunt
3351 5329 3515 5373 erro-

1922 5396 2021 5465 'res
2078 5408 2217 5483 (90),
2272 5424 2407 5486 quos
2461 5406 2846 5482 reprehendit;
2903 5405 2997 5464 ubi
3043 5406 3187 5464 enim
3245 5403 3515 5464 dissensio

1935 5570 2178 5702 digeritur?
2228 5569 2294 5627 Id
2336 5587 2495 5643 genus
2552 5569 2749 5645 peccati
2819 5566 3058 5635 osmtdit,
3116 5564 3253 5623 unde
3315 5570 3516 5634 rectm

1935 5658 1987 5697 ηι
2010 5662 2046 5700 ιι
2096 5659 2146 5699 88
2174 5686 2187 5702 ο

1934 5658 2069 5702 ηιιιιι
2096 5658 2187 5704 εει.
