3976 6370
236 381 339 442 257

1314 381 1675 440 COMMENT.
1715 384 1785 441 IN
1824 386 2038 442 EPIST.
2080 389 2101 442 Ι
2141 390 2236 443 AD
2273 388 2430 447 CUR.

3405 390 3511 459 258

238 498 303 552 de
348 514 480 568 [sane
528 498 628 555 illo
669 500 812 568 edat,
862 506 915 555 et
958 498 1024 555 de
1059 499 1255 567 poculo
1300 499 1471 559 bibat.
1519 503 1625 570 Qui
1674 501 1820 560 enim
1854 508 1899 565 A
1934 507 2172 560 colentes
2218 506 2380 571 idola,
2440 514 2492 560 et
2538 505 2877 566 ducebantur
2922 512 3058 569 duce
3100 514 3379 571 voluntate
3405 516 3510 571 dte-

236 585 532 643 manducat
563 596 615 643 et
644 588 787 643 bibit
817 587 1057 657 indigne,
1082 586 1355 655 judicium
1386 589 1489 645 sibi
1522 591 1625 661 ipsi
1658 609 1819 646 man-

234 672 399 731 ducat
426 685 478 731 et
508 676 672 745 bibit,
700 694 808 733 non
838 676 1151 735 discernens
1178 694 1375 749 corpus
1404 680 1643 739 Domini.
1663 703 1681 726 -
1720 682 1818 735 De-

236 770 366 819 voto
396 765 586 821 animo
616 772 669 823 et
696 783 818 825 cum
850 766 1047 822 timore
1072 766 1438 825 accedendum
1472 767 1539 823 ad
1578 784 1816 823 commu-

234 851 456 910 nionem
486 855 672 922 docet;
713 862 773 913 ut
801 854 939 911 sciat
966 872 1121 911 mens
1150 857 1510 931 reverentiam
1541 872 1595 911 se
1625 856 1818 911 debere

239 939 316 1007 ei,
346 940 415 997 ad
459 941 617 1013 cujus
643 958 840 1014 corpus
887 943 1215 1000 sumendum
1259 943 1469 1002 accedit
1517 946 1656 1015 (97).
1704 945 1819 1002 Hoc

236 1029 383 1084 enim
431 1030 573 1102 apud
612 1048 668 1087 se
709 1031 870 1087 debet
911 1032 1193 1103 judicare;
1233 1034 1361 1107 quia
1406 1035 1675 1091 Dominus
1715 1039 1815 1103 est,

233 1118 394 1190 cujus
423 1121 480 1176 in
529 1121 793 1192 mysterio
836 1124 1155 1195 sanguinem
1198 1132 1369 1196 potat,
1421 1124 1515 1196 qui
1552 1122 1709 1179 testis
1738 1128 1821 1179 est

233 1208 486 1264 beneﬁcii
514 1211 634 1267 Dei.
688 1210 860 1278 Quem
890 1228 991 1268 nos
1020 1213 1068 1268 si
1100 1229 1226 1269 cum
1253 1212 1548 1285 disciplina
1574 1211 1819 1283 accipia-

234 1313 378 1364 mus,
410 1313 521 1353 non
555 1298 763 1355 erimus
791 1299 1005 1371 indigni
1035 1316 1260 1373 corpore
1288 1309 1342 1357 et
1383 1301 1645 1373 sanguine
1680 1304 1818 1362 150

232 1392 487 1459 Domini;
533 1393 733 1465 gratias
770 1393 918 1451 enim
967 1394 1280 1453 videbimur
1310 1396 1428 1469 (98)
1467 1396 1691 1454 reddere
1720 1396 1817 1453 Re-

230 1476 525 1551 demptori.

306 1569 487 1638 (Vers.
510 1569 626 1641 30.)
669 1591 689 1618 ι
722 1571 849 1628 Ideo
870 1572 1032 1630 multi
1053 1573 1111 1630 in
1132 1572 1288 1630 vobis
1310 1571 1543 1630 invalidi
1572 1581 1626 1629 et
1655 1589 1821 1645 aegro-

231 1654 297 1711 ti.
328 1656 400 1711 Et
441 1656 725 1714 dormiunt
772 1661 955 1717 multi.
992 1685 1010 1708 -
1063 1661 1132 1716 Ut
1177 1678 1367 1717 verum
1410 1663 1662 1734 probaret
1694 1662 1822 1736 quia

231 1760 465 1801 examen
510 1747 757 1802 futurum
808 1756 888 1803 est
915 1750 1303 1819 accipientium
1352 1766 1549 1821 corpus
1576 1750 1818 1819 Domini,

223 1831 341 1903 jam
390 1833 482 1891 hic
532 1834 825 1907 imaginem
877 1835 1077 1907 judicii
1118 1838 1359 1893 ostendit
1402 1839 1457 1895 in
1489 1854 1579 1894 eos
1609 1839 1702 1911 qui
1742 1839 1820 1895 in-
1852 1859 1899 1922 Β

228 1922 577 1979 considerate
611 1941 810 1995 corpus
860 1924 1081 1980 Domini
1113 1936 1451 1998 acceperant,
1498 1926 1625 1983 dum
1659 1928 1821 1984 febri-

228 2010 340 2067 bus
368 2019 423 2069 et
471 2012 886 2069 inﬁrmitatibus
928 2013 1384 2086 corripiebantur,
1435 2023 1491 2071 et
1520 2016 1681 2071 multi
1711 2031 1822 2073 mo-

226 2098 557 2168 riebantur;
599 2108 662 2157 ut
691 2101 751 2156 in
781 2100 868 2157 his
904 2104 1085 2159 cmteri
1117 2103 1409 2171 discerent,
1440 2112 1493 2160 et
1524 2119 1822 2176 paucorum

234 2189 495 2259 exemplo
516 2188 694 2244 territi
724 2189 1161 2257 emendarentur,
1180 2206 1291 2249 non
1324 2191 1562 2248 inultum
1592 2192 1825 2247 scientes

229 2294 435 2349 corpus
482 2277 702 2333 Domini
732 2278 1067 2349 negligenter
1112 2281 1387 2352 accipere;
1429 2292 1483 2336 et
1507 2297 1630 2336 eum
1662 2298 1822 2354 quem

231 2364 327 2423 hic
361 2380 520 2437 pmna
556 2364 850 2433 distulerit,
884 2366 1103 2439 gravius
1127 2368 1473 2425 tractandum
1504 2368 1655 2438 fore;
1696 2370 1826 2443 quia

228 2452 561 2524 contempsit
584 2454 916 2525 exemplum.

306 2543 492 2614 (Vers.
523 2541 613 2610 31,
639 2542 756 2611 32.)
819 2566 839 2590 ι
868 2541 1026 2609 Quod
1065 2543 1113 2600 si
1140 2544 1505 2615 nosmetipsos
1551 2545 1822 2601 discerne-

233 2646 441 2699 remus,
495 2646 605 2686 non
652 2631 842 2703 utique
884 2630 1277 2701 judicaremur.
1327 2634 1469 2689 Dum
1514 2631 1825 2703 judicamur

232 2728 441 2788 autem,
489 2734 522 2776 a
574 2718 813 2775 Domino
854 2719 1218 2790 corripimur;
1280 2727 1342 2775 ut
1389 2736 1499 2775 non
1545 2737 1668 2775 cum
1718 2719 1823 2776 hoc

234 2807 446 2865 mundo
476 2806 819 2867 damnemur.
849 2830 868 2858 ι
933 2808 1047 2864 Hoc
1075 2807 1231 2875 dicit,
1263 2806 1392 2879 quia
1419 2807 1465 2863 si
1504 2807 1823 2878 nosmetipsi

234 2913 447 2955 errores
476 2905 693 2953 nostros
733 2896 1151 2967 corrigeremus,
1198 2911 1310 2952 non
1339 2911 1370 2951 a
1397 2896 1634 2953 Domino
1676 2895 1823 2967 judi-

235 3002 509 3044 caremur.
543 2986 615 3042 Et
645 2985 773 3057 quia
801 2983 1152 3055 corripimur,
1178 2992 1361 3040 tamen
1387 2999 1485 3055 pro
1510 2984 1669 3042 nobis
1697 2992 1778 3041 est
1805 3002 1819 3041 :

234 3083 299 3132 ut
330 3074 527 3130 timore
557 3074 676 3145 ipso
706 3073 1075 3129 emendemur.
1107 3073 1169 3129 In
1195 3072 1382 3144 paucis
1400 3072 1548 3130 enim
1577 3074 1824 3132 omnium

235 3169 321 3221 est
379 3160 706 3217 emendatio.
772 3185 791 3209 ι
827 3162 906 3217 Ne
961 3179 1085 3218 cum
1143 3161 1248 3218 hoc
1302 3162 1529 3229 mundo,
1570 3186 1590 3210 ι
1661 3160 1716 3218 id
1747 3167 1827 3215 est

234 3267 364 3309 cum
396 3249 730 3318 inﬁdelibus,
775 3273 795 3297 ι
828 3250 1171 3306 damnemur.
1201 3274 1220 3301 ι
1270 3249 1422 3307 Nihil
1465 3249 1611 3305 enim
1642 3248 1826 3305 differt

236 3337 307 3395 ab
335 3337 566 3407 inﬁdeli,
616 3338 711 3411 qui
756 3338 1156 3395 inconsiderate
1200 3336 1271 3394 ad
1314 3354 1555 3395 mensam
1602 3337 1825 3396 Domini

236 3427 468 3485 accedit.

311 3516 491 3588 (Vers.
523 3515 611 3579 33,
645 3513 762 3585 34.)
803 3536 824 3563 ι
857 3514 1063 3582 Itaque,
1104 3511 1319 3575 fratres.
1362 3528 1488 3569 cum
1519 3512 1825 3569 convenitis

236 3603 307 3660 ad
325 3602 790 3667 manducandum,
815 3600 1053 3655 invicem
1070 3607 1396 3669 exspectate.
1417 3601 1469 3656 Si
1493 3601 1613 3671 quis
1634 3601 1824 3670 esurit,

238 3691 392 3747 domi
424 3690 735 3744 manducet.
768 3712 785 3734 ι
830 3688 915 3743 Ad
947 3689 1179 3742 invicem
1213 3690 1635 3758 exspectandum
1668 3690 1822 3759 dicit,

236 3787 303 3837 ut
332 3779 633 3835 multorum
665 3777 871 3834 oblatio
898 3776 1062 3832 simul
1092 3776 1414 3844 celebretur,
1457 3785 1517 3832 ut
1546 3787 1599 3833 et
1636 3780 1827 3833 omni-

236 3867 346 3924 bus
390 3865 777 3922 ministretur:
834 3871 887 3921 et
923 3865 968 3920 si
1017 3864 1141 3936 quis
1194 3864 1482 3935 impatiens
1530 3873 1631 3934 est,
1675 3865 1826 3921 domi

235 3962 459 4012 terreno
504 3969 641 4024 pane
688 3958 957 4024 pascatur.
1004 3976 1023 3999 ι
1061 3952 1130 4007 Ut
1161 3968 1271 4007 non
1305 3952 1362 4008 in
1387 3952 1658 4024 judicium
1699 3970 1825 4011 con-

237 4041 513 4108 veniatis;
548 4066 567 4091 ι
602 4040 706 4098 hoc
735 4048 835 4109 est,
868 4057 936 4099 ne
966 4041 1291 4113 mysterium
1322 4042 1827 4114 reprehensibiliter

239 4139 294 4189 et
320 4148 444 4189 cum
476 4131 777 4187 offensione
809 4131 998 4202 agatis.

321 4244 342 4270 ι
381 4221 587 4279 Caetera
614 4228 794 4277 autem
827 4238 952 4278 cum
983 4236 1206 4290 venero,
1241 4220 1547 4293 disponam.
1580 4244 1599 4269 ι
1653 4219 1828 4291 Caput

242 4311 395 4384 prius
425 4311 616 4367 salutis
646 4311 836 4367 ordine
870 4310 1136 4380 agendum
1171 4309 1429 4378 ostendit,
1469 4317 1522 4365 et
1553 4310 1825 4382 quomodo

244 4400 301 4456 in
328 4400 629 4456 Ecclesium
663 4399 731 4455 ah
760 4406 990 4470 utroque
1020 4414 1155 4454 sexu
1185 4399 1564 4465 conveniatur,
1600 4398 1827 4468 praemi-

244 4488 313 4545 sit
340 4506 351 4545 :
408 4490 463 4545 in
495 4490 692 4561 quibus
731 4488 889 4544 rebus
920 4488 964 4543 si
995 4504 1147 4543 error
1175 4487 1363 4555 fuerit,
1405 4503 1513 4542 non
1548 4488 1665 4543 leve
1692 4504 1828 4558 pec-

1929 594 2273 659 moniorum;
2322 595 2395 649 ita
2426 601 2479 648 et
2507 598 2746 652 colentes
2780 600 2970 665 Deum,
3022 600 3133 655 sint
3176 602 3348 657 forma
3381 601 3511 674 legis

1927 682 2248 749 Dominicis,
2281 682 2623 740 ambulantes
2652 686 2795 742 sicut
2825 687 3003 759 placet
3030 689 3284 746 Domino.
3317 693 3512 748 Forma

1927 772 2075 828 enim
2101 773 2533 848 uniuscujusque
2578 775 2709 846 legis
2739 775 2796 831 in
2831 774 3167 848 professione
3197 783 3251 833 et
3286 793 3508 833 conver-

1926 866 2136 915 satione
2177 861 2405 918 cultoris
2453 861 2612 918 debet
2642 862 2857 930 videri;
2914 862 3009 918 ille
3048 863 3197 919 enim
3243 864 3417 919 forma
3455 874 3509 920 et

1927 946 2104 1018 imago
2151 949 2284 1021 legis
2314 950 2413 1007 Dei
2442 959 2542 1019 est,
2574 950 2632 1007 in
2660 950 2819 1024 cujus
2864 949 2973 1007 ﬁde
3019 959 3075 1008 et
3099 952 3511 1010 conversatione

1926 1034 2214 1107 Evangelii
2245 1039 2447 1096 veritas
2477 1040 2640 1096 lucet.

2000 1125 2182 1194 (Vers.
2231 1124 2312 1197 3.)
2381 1152 2401 1177 ι
2442 1128 2670 1201 Propter
2712 1129 2859 1201 quod
2905 1137 3098 1188 notum
3146 1128 3307 1187 vobis
3349 1128 3509 1199 facio,

1928 1211 2073 1284 quod
2106 1229 2269 1269 nemo
2298 1213 2356 1269 in
2382 1213 2592 1288 Spiritu
2620 1217 2719 1274 Dei
2750 1218 2998 1290 loquens,
3048 1216 3185 1275 dicit
3221 1216 3513 1277 anathema

1926 1300 2090 1369 Iesu;
2129 1311 2183 1358 et
2215 1320 2376 1361 nemo
2401 1312 2580 1377 potest
2608 1306 2790 1364 dicere
2818 1308 3115 1365 Dominum
3160 1307 3364 1376 Iesum,
3402 1305 3510 1363 nisi

1928 1389 1989 1446 in
2016 1392 2223 1463 Spiritu
2260 1404 2469 1453 sancto.
2500 1420 2521 1447 ι
2564 1396 2833 1465 Quoniam
2863 1399 3131 1455 rationem
3180 1395 3509 1469 spiritalium

1930 1478 2263 1551 ignorantes,
2312 1500 2409 1554 per
2435 1484 2658 1557 singula
2692 1486 3021 1543 charismata
3061 1483 3379 1541 hominibus
3404 1499 3514 1554 po-

1928 1565 2041 1622 tius
2070 1584 2233 1640 quam
2255 1572 2367 1626 Deo
2394 1573 2595 1629 dabant
2620 1574 2867 1645 gloriam,
2891 1591 3000 1631 non
3020 1573 3252 1631 assecuti
3282 1587 3376 1645 per
3396 1569 3513 1641 Spi-

1930 1656 2096 1711 ritum
2127 1666 2374 1716 sanctum
2407 1660 2511 1717 hoc
2541 1661 2747 1717 donum
2780 1652 3102 1717 ministrairi
3125 1662 3276 1732 (99):
3303 1666 3358 1714 et
3385 1656 3516 1730 quia

1930 1748 2025 1818 qui
2056 1748 2349 1804 Dominum
2391 1751 2573 1806 Iesum
2615 1760 2798 1816 vocat,
2844 1767 2955 1807 non
2996 1751 3115 1807 sine
3142 1747 3353 1821 Spiritu
3377 1762 3514 1803 san-
3608 1740 3621 1751 ‘

1928 1841 2017 1890 cto
2047 1834 2151 1892 hoc
2182 1836 2318 1893 dicit
2348 1856 2362 1905 ;
2406 1838 2569 1894 habet
2596 1838 2742 1895 enim
2774 1838 3001 1912 gratiam
3045 1838 3104 1893 in
3133 1851 3199 1894 eo
3243 1836 3361 1908 ipso
3385 1833 3514 1890 ﬁdei

1933 1939 2042 1979 sua)
2088 1933 2311 1997 propter
2352 1926 2579 1998 gloriam
2634 1927 2875 1984 nominis
2919 1925 3160 1991 Christi;
3209 1940 3320 1980 non
3364 1923 3513 1980 enim

1931 2013 2050 2068 sine
2078 2013 2225 2070 dono
2254 2016 2351 2071 Dei
2382 2024 2437 2071 et
2482 2016 2779 2073 Dominum
2829 2015 3011 2073 dicere
3057 2014 3274 2079 Iesum;
3318 2027 3384 2069 ac
3418 2025 3517 2084 per

1933 2100 2035 2157 hos
2063 2103 2304 2158 ostendit
2334 2102 2463 2179 ‘illis
2504 2103 2561 2158 in
2608 2103 2866 2160 omnibus
2911 2101 3013 2159 Dei
3049 2115 3166 2158 esse
3207 2098 3425 2157 laudem
3459 2105 3516 2155 et

1934 2192 2198 2264 gratiam;
2248 2193 2376 2266 quia
2422 2194 2565 2249 sicut
2609 2192 2881 2249 idolorum
2931 2193 3110 2266 imago
3140 2192 3199 2249 in
3248 2189 3517 2248 ministris

1933 2281 2051 2354 ejus
2080 2290 2180 2347 est,
2199 2282 2446 2339 ordinem
2479 2299 2637 2339 suum
2671 2282 2877 2340 habens
2897 2299 2994 2361 per
3020 2281 3267 2355 singulos
3296 2280 3515 2352 gradus,

1932 2377 2110 2426 totum
2154 2378 2336 2427 tamen
2368 2371 2610 2427 hominis
2642 2378 2725 2428 est
2757 2390 2770 2429 :
2815 2372 2890 2429 ita
2918 2380 2972 2427 et
3002 2370 3060 2427 in
3090 2370 3204 2442 lege
3232 2369 3520 2427 Dominica

1933 2459 2130 2531 gradus
2155 2459 2548 2516 charismatum
2578 2468 2707 2517 sunt
2738 2459 2933 2517 ofﬁciis
2960 2457 3237 2526 Ecclesiae,
3266 2473 3376 2513 non
3406 2455 3515 2512 uti-

1932 2563 2038 2620 que
2086 2548 2297 2605 meritis
2340 2548 2599 2606 humanis
2636 2548 2870 2616 indulti;
2923 2547 3017 2604 sed
3062 2554 3125 2603 ut
3165 2545 3409 2602 membra
3446 2543 3517 2601 ad

1932 2634 2347 2691 mdiﬁcationem
2388 2638 2643 2693 Ecclesiae
2691 2637 3041 2710 pertinentia,
3091 2649 3211 2707 qum
3253 2649 3349 2706 per
3376 2647 3433 2688 se
3460 2638 3516 2687 et

1932 2726 1990 2782 in
2021 2742 2075 2782 se
2107 2727 2309 2782 habent
2338 2727 2589 2796 gloriam,
2641 2724 2785 2780 sicut
2829 2732 2910 2780 est
2954 2723 3118 2779 etiam
3161 2722 3220 2776 in
3261 2720 3517 2778 humanis

1933 2815 2145 2872 oﬂiciis.
2194 2815 2407 2872 Scholue
2456 2814 2603 2869 enim
2651 2822 2801 2882 sunt,
2844 2829 2963 2886 quae
2993 2811 3186 2887 positis
3216 2811 3271 2866 in
3301 2827 3357 2867 se
3384 2810 3518 2867 dant

1933 2904 2289 2977 dignitatem;
2337 2912 2400 2959 ut
2427 2901 2535 2959 ioci
2585 2901 2762 2957 honor
2792 2900 3071 2957 hominem
3103 2899 3267 2956 faciat
3305 2900 3518 2972 glorio-

1933 3012 2073 3063 sum,
2105 3011 2215 3051 non
2258 2992 2478 3066 propria
2525 2992 2663 3048 laus.
2711 2992 2807 3047 Ait
2834 3008 2961 3064 ergo
2994 3007 3008 3046 :
3067 3012 3088 3037 ι
3114 2989 3286 3046 Nemo
3314 2989 3372 3044 in
3399 2988 3518 3063 Spi-

1933 3085 2045 3139 ritu
2070 3082 2169 3139 Dei
2198 3083 2446 3155 loquens,
2481 3080 2616 3138 dicit
2644 3079 2933 3136 anathema
2960 3079 3104 3135 Iesu.
3134 3102 3155 3128 -
3216 3078 3341 3136 Vox
3368 3078 3516 3135 enim

1936 3189 2053 3247 quae
2085 3171 2221 3228 dicit
2267 3169 2555 3227 anathema
2583 3169 2729 3236 Iesu,
2775 3168 3017 3225 humano
3050 3174 3130 3224 est
3167 3181 3348 3223 errore
3380 3183 3517 3240 pro-

1936 3263 2044 3318 lata
2073 3262 2188 3332 (i);
2222 3258 2496 3333 quidquid
2524 3259 2671 3315 enim
2702 3258 2903 3315 falsum
2933 3265 3033 3325 est,
3065 3257 3134 3313 ab
3162 3256 3387 3313 homine
3414 3262 3514 3313 est.

1948 3374 1968 3400 ι
2001 3352 2073 3405 Et
2101 3364 2262 3403 nemo
2311 3354 2486 3419 potest
2527 3345 2707 3401 dicere
2737 3346 3034 3401 Dominum
3069 3344 3272 3411 Iesum,
3322 3343 3429 3398 nisi
3457 3343 3517 3400 in

1934 3439 2140 3510 Spiritu
2170 3444 2375 3493 sancto.
2409 3460 2428 3483 ι
2489 3435 2709 3491 Dictum
2746 3432 2893 3488 enim
2937 3431 3141 3503 ipsum,
3174 3446 3283 3504 quo
3312 3429 3517 3503 signiﬁ-

1934 3536 2087 3585 catur
2115 3527 2382 3583 Dominus
2406 3526 2582 3591 Iesus,
2637 3538 2748 3577 non
2778 3522 2845 3578 ab
2873 3520 3187 3577 adulatione
3228 3519 3515 3577 hominum

1934 3619 2076 3673 sicut
2106 3627 2158 3672 et
2190 3616 2332 3671 idola
2356 3614 2435 3669 dii
2467 3619 2754 3680 vocantur,
2784 3611 2875 3667 sed
2907 3610 3145 3683 Spiritus
3173 3611 3346 3667 sancti
3377 3609 3515 3666 veri-

1934 3713 2043 3761 tate
2098 3706 2381 3778 proi‘usum
2434 3710 2541 3769 est;
2606 3698 2875 3772 quidquid
2903 3700 3048 3754 enim
3102 3714 3515 3773 verumaquo-

1934 3809 2147 3865 cunque
2187 3792 2408 3859 dicitur,
2457 3807 2489 3845 a
2525 3795 2711 3845 sancto
2756 3787 2962 3843 dicitur
2997 3785 3226 3858 Spiritu.
3268 3784 3347 3841 Ne
3388 3801 3516 3861 ergo

1935 3882 2219 3938 hominum
2252 3881 2494 3936 favorem
2514 3877 2906 3953 existimarent
2935 3876 2992 3931 in
3040 3875 3226 3947 regula
3253 3873 3515 3932 Christia-

1934 3988 2025 4039 na,
2076 3980 2128 4027 et
2158 3979 2378 4042 propter
2428 3968 2534 4024 hoc
2586 3983 2646 4023 se
2696 3964 2851 4038 argui
2902 3963 3130 4020 minime
3181 3970 3514 4043 paterentur,

1934 4062 2076 4117 sicut
2104 4069 2184 4115 est
2212 4068 2264 4114 et
2294 4059 2351 4114 in
2383 4056 2692 4114 simulacris
2723 4054 2914 4127 (homo
2941 4054 3090 4109 enim
3114 4051 3399 4109 adinvenit
3430 4051 3512 4123 (2)

1934 4159 1996 4206 ut
2022 4152 2165 4205 Deus
2193 4148 2431 4215 dicatur,
2478 4144 2572 4219 qui
2615 4159 2726 4200 non
2768 4151 2884 4210 est;
2934 4158 2998 4200 ac
3034 4157 3129 4215 per
3156 4139 3261 4197 hoc
3286 4138 3515 4212 subjecti

1935 4246 2063 4295 sunt
2091 4237 2362 4293 antistites
2403 4234 2539 4305 illis)
2569 4250 2584 4300 ;
2628 4230 2867 4289 ostendit
2894 4229 3041 4286 enim
3068 4230 3148 4286 eis
3184 4229 3396 4289 nullum
3426 4227 3515 4284 be-

1935 4327 2192 4384 neﬁcium
2221 4341 2335 4383 esse
2366 4324 2667 4380 humanum
2714 4320 2773 4377 in
2800 4336 2886 4389 eo,
2932 4336 3059 4377 cum
3086 4317 3292 4376 dicitur
3316 4315 3517 4373 Domi—

1935 4434 2039 4473 nus
2074 4418 2263 4484 Iesus;
2322 4414 2417 4472 sed
2472 4414 2646 4486 magis
2694 4411 2899 4471 donum
2947 4410 3068 4478 Dei,
3126 4407 3221 4482 qui
3260 4407 3516 4479 dignatus

1935 4514 2017 4563 est
2057 4504 2377 4579 mysterium
2436 4519 2596 4563 suum
2658 4507 2791 4563 161
2850 4497 3171 4557 hominibus
3219 4495 3510 4553 declarare.

244 4584 568 4674 catumest.
629 4577 835 4673 Caetera
887 4583 1067 4632 autem
1113 4592 1231 4671 quae
1280 4575 1347 4630 ad
1404 4567 1902 4674 aediﬁcationemD
1936 4567 2155 4659 ΕΜ]ίῶ
2212 4602 2329 4673 ipsa
2381 4599 2646 4674 Pro“,st
2702 4596 2784 4668 (3)
2842 4593 3216 4652 remissionem
3279 4590 3515 4660 “qui.”

243 4664 500 4722 Ecclesiae
546 4664 842 4737 pertinent,
876 4662 1164 4734 praesentia
1209 4679 1306 4723 sua
1334 4661 1586 4719 ordinare
1618 4678 1675 4718 se
1702 4678 1821 4735 pro-

246 4755 413 4813 misit.

836 4862 1061 4921 CAPUT
1098 4863 1221 4919 XII.

316 4970 499 5046 (Vers.
532 4970 585 5040 1,
614 4969 696 5043 2.)
753 4994 770 5019 ι
806 4973 883 5028 De
930 4969 1270 5041 spiritalibus
1326 4974 1507 5024 autem
1549 4965 1680 5022 nolo
1725 4982 1826 5023 vos

248 5062 512 5134 ignorare,
545 5061 757 5117 fratres.
806 5060 969 5117 Scitis
996 5059 1124 5131 quia
1153 5066 1337 5129 gentes
1366 5056 1549 5124 eratis,
1591 5055 1828 5111 simula-

250 5168 460 5209 crorum
491 5152 665 5206 forma
695 5158 905 5220 euntes,
936 5155 1095 5221 prout
1124 5145 1492 5204 ducebamini.
1524 5170 1543 5192 ι
1588 5144 1827 5217 Spirita-

251 5240 319 5296 lia
352 5242 470 5301 illis
499 5240 820 5307 traditurus,
848 5238 1161 5310 exemplum
1211 5235 1410 5307 prioris
1453 5234 1826 5290 conversatio-

252 5329 333 5387 nis
352 5336 643 5397 memorat;
676 5338 736 5385 ut
763 5328 903 5386 sicut
932 5327 1352 5383 simulacrorum
1381 5323 1605 5379 fuerunt
1629 5323 1827 5393 forma,

343 5512 434 5583 97)
474 5512 571 5567 Ivo
600 5511 785 5577 Carn.,
818 5514 873 5563 ut
899 5506 1068 5583 sciant
1095 5518 1355 5583 omnes..‘._.
1388 5500 1650 5583 accedant.

346 5574 435 5651 98)
478 5584 604 5639 Mss.
637 5574 863 5651 aliquot,
897 5580 1071 5651 gratia
1098 5579 1231 5651 enim
1269 5574 1543 5651 uidebitur.

346 5645 437 5721 99)
480 5654 612 5710 (10d.
648 5645 789 5721 Vni,
823 5645 916 5706 hoc
942 5652 1132 5705 donum
1166 5646 1459 5703 ministrari
1488 5645 1615 5701 Deo.

325 5722 545 5797 (i)'Ms.'
574 5724 760 5789 Corb.,
789 5739 967 5779 errore
990 5722 1235 5795 probata.

1930 4700 2295 4765 peccatorum,
2342 4690 2483 4745 sicut
2511 4692 2798 4759 exaggerat
2825 4682 3027 4740 dicatio
3070 4678 3387 4765 idoiorunn
3408 4679 3512 4735 Do-

1930 4762 2015 4835 cet
2043 4794 2169 4849 ergo
2196 4793 2287 4833 eos
2315 4777 2444 4849 quia
2473 4791 2583 4831 non
2603 4778 2860 4845 praestant
2880 4764 3132 4838 religioni
3160 4762 3511 4834 beneﬁcium,

1933 4866 2195 4935 dicentes,
2242 4890 2260 4913 ι
2289 4865 2585 4921 Dominum
2614 4863 2837 4925 Iesum;
2879 4881 2900 4905 ι
2965 4853 3060 4910 sed
3087 4852 3393 4925 accipiunt;
3445 4869 3515 4910 ne

1933 4972 2084 5014 more
2112 4956 2386 5017 idolorum
2424 4952 2710 5009 hominum
2763 4951 3018 5020 putarent
3058 4944 3286 5017 gratiam
3313 4958 3428 5000 esse
3456 4944 3513 4999 in

1934 5050 2049 5122 lege
2077 5048 2319 5114 Domini,
2369 5046 2501 5101 dum
2530 5049 2761 5099 vocatur
2788 5034 2952 5107 Deus,
3004 5037 3101 5110 qui
3143 5052 3255 5097 non
3283 5042 3383 5092 est.
3416 5037 3513 5091 De-

1934 5139 2100 5210 nique
2154 5152 2271 5192 non-
2311 5132 2679 5205 intelligentes
2719 5129 2818 5187 Dei
2856 5128 3064 5187 donum
3111 5141 3228 5185 esse
3267 5124 3327 5180 in
3371 5123 3508 5191 ﬁde;

1934 5226 2136 5298 singuli
2177 5224 2426 5297 singulos
2472 5223 2577 5280 sibi
2608 5220 2859 5278 homines
2902 5218 3231 5292 delegerant,
3274 5228 3411 5286 quos
3433 5226 3511 5267 se-

1936 5322 2251 5389 querentur,
2311 5313 2553 5372 dicentes
2584 5330 2595 5370 :
2671 5336 2691 5361 ε
2717 5312 2833 5383 Ego
2864 5326 2986 5368 sum
3031 5304 3206 5373 Pauli,
3247 5317 3347 5374 ego
3381 5315 3513 5357 vero

2011 5494 2091 5565 (2)
2128 5493 2258 5550 Gill.
2286 5491 2441 5563 edit.,
2472 5492 2621 5565 homo
2650 5487 2884 5565 enimat!
2903 5486 2961 5565 id
2987 5481 3142 5565 venit:
3242 5549 3253 5561 .

2134 5568 2257 5621 Mss.
2289 5552 2515 5637 aliquot,
2550 5563 2666 5634 ipsa
2692 5556 2944 5629 confessio
2961 5572 2982 5619 ;
3016 5552 3204 5621 Corb.,
3233 5552 3352 5624 ipsa
3372 5564 3513 5631 πᾳ,-

1938 5654 2137 5695 πῑῑεδιο.
