3976 6390
1461 363 1560 422 AD
1595 364 1826 422 OPEBA
1863 364 1918 419 S.
1958 358 2286 422 AMBROSII
2321 361 2698 422 APPENDIX.

448 492 649 566 Apollo
697 489 757 560 (I
780 487 909 547 Cor.
942 504 982 556 ι,
1041 487 1155 560 12).
1192 508 1214 535 ι
1275 486 1592 556 Superbiam
1633 504 1760 559 ergo
1807 489 2027 545 illorum
2055 491 2108 551 Α
2137 487 2192 544 id
2247 495 2348 556 est,
2408 495 2469 544 ut
2523 487 2732 560 Spiritu
2785 493 2974 543 sancto
3019 485 3258 558 repletus
3308 484 3459 543 dicat
3509 485 3722 543 futura‘

449 577 740 636 humiliat:
777 586 839 633 ut
872 577 1151 648 patiantur
1177 593 1252 644 se,
1279 578 1422 633 sicut
1450 577 1590 644 dixi,
1621 578 1793 649 argui.

520 667 704 740 (Vers.
736 665 819 737 4.)
883 689 902 714 ι
947 665 1258 722 Divisiones
1303 683 1434 721 vero
1485 666 1778 737 gratiarum
1821 673 1967 722 sunt.
1998 689 2020 716 ι

445 756 568 815 Νοιι
597 754 705 811 hoc
733 753 994 822 humanis
1040 752 1249 810 meritis
1282 755 1398 810 vult
1437 754 1662 822 ascribi,
1708 753 1800 810 sed
1849 753 2033 826 gratia;

447 843 548 902 Dei
597 842 664 900 ad
702 841 1178 899 honoriﬁcentiam
1225 842 1466 898 nominis
1503 841 1652 913 ejus;
1695 842 1838 898 sicut
1886 841 2034 898 enim

450 937 545 1010 qui
575 933 712 992 dicit
739 931 1034 990 Dominum
1065 930 1271 999 Iesum,
1319 930 1378 986 in
1418 931 1627 1002 Spiritu
1654 939 1844 988 sancto
1872 930 2031 996 dicit,

451 1028 633 1102 qualis
661 1025 746 1080 vis
769 1025 839 1080 sit
863 1041 877 1079 :
911 1023 987 1078 ita
1012 1031 1066 1080 et
1094 1022 1152 1078 in
1185 1024 1304 1079 loco
1330 1022 1542 1080 ordinis
1570 1023 1736 1081 ofﬁcii
1765 1023 2038 1080 ecclesia-

448 1115 574 1174 stici
617 1113 848 1188 positus,
897 1111 1124 1184 gratiam
1173 1110 1359 1180 habet,
1408 1112 1584 1184 qualis
1628 1112 1716 1168 vis
1751 1111 1867 1168 sit:
1923 1126 2035 1166 non

447 1206 638 1278 utique
665 1201 1076 1277 propriam,sed
1107 1200 1318 1257 ordinis
1348 1217 1444 1274 per
1471 1201 1766 1258 efﬁcaciam
1798 1200 2036 1272 Spiritus

449 1293 645 1351 sancti.
706 1290 860 1347 Unde
911 1297 966 1346 et
1018 1289 1157 1346 inter
1215 1289 1376 1346 initia
1417 1289 1598 1346 dicit:
1671 1311 1690 1336 ε
1728 1288 1912 1360 Neque
1940 1286 2036 1360 qui

445 1383 657 1456 plantat
683 1387 766 1436 est
794 1377 1024 1452 aliquid,
1055 1394 1232 1450 neque
1259 1379 1354 1451 qui
1383 1378 1525 1450 rigat
1556 1395 1569 1434 :
1609 1376 1704 1435 sed
1734 1376 1829 1450 qui
1862 1377 2035 1433 incre-

446 1478 694 1526 mentum
716 1467 806 1524 dat
842 1469 988 1523 Deus
1017 1467 1074 1538 (ι
1103 1467 1227 1523 Cor.
1259 1483 1342 1535 ιιι,
1375 1467 1454 1536 7).
1491 1489 1512 1514 ι

522 1556 707 1628 (Vers.
737 1555 793 1623 5,
825 1554 905 1626 6.)
939 1554 1087 1610 Idem
1134 1563 1315 1611 autem
1348 1554 1602 1626 Spiritus.
1643 1554 1715 1610 Et
1739 1551 2038 1610 divisiones

449 1643 884 1702 ministeriorum
915 1650 1064 1699 sunt.
1087 1667 1106 1693 ι
1129 1643 1230 1700 Per
1249 1641 1500 1698 eumdem
1526 1642 1791 1714 Spiritum
1823 1641 2039 1696 diversa

446 1731 594 1790 dona
621 1731 758 1788 dicit
794 1731 1057 1804 praestari.
1119 1753 1141 1779 ι
1168 1731 1318 1788 Idem
1351 1747 1481 1787 vero
1511 1730 1800 1787 Dominus.
1843 1730 1915 1784 Et
1941 1727 2038 1783 di-

2153 601 2172 625 c
2201 579 2312 634 Alii
2343 577 2600 634 discretio
2628 577 2943 650 spirituum.
2967 601 2988 625 ι
3031 577 3146 632 Hoc
3171 576 3332 641 dicit,
3363 586 3425 633 ut
3455 577 3728 648 intelligat

2140 673 2195 722 et
2215 665 2447 738 judicet,
2492 666 2639 736 quod
2668 666 2872 723 dicitur
2906 681 2975 720 an
3023 665 3262 736 Spiritus
3307 665 3482 723 sancti
3530 667 3624 732 sit,
3653 683 3726 724 an

2143 755 2426 812 mundani.
2467 779 2487 803 ι
2516 755 2628 811 Alii
2655 773 2848 828 genera
2877 754 3186 826 linguarum
3217 756 3323 826 (5),
3343 755 3438 812 alii
3463 756 3726 828 interpre-

2141 844 2278 900 tatio
2305 860 2639 900 sermonum.
2658 867 2677 892 ι
2706 844 3056 914 Interpretari
3085 853 3188 912 est,
3214 851 3277 900 ut
3302 843 3448 901 dicta
3477 845 3721 915 illorum,

2143 933 2239 1005 qui
2269 933 2471 1004 linguis
2519 934 2824 1005 loquuntur
2865 931 2954 989 vel
2984 932 3204 1002 litteris,
3251 948 3349 1005 per
3386 931 3594 990 donum
3621 933 3721 992 Dei

2143 1019 2380 1077 ﬁdeliter
2408 1022 2815 1094 interpretetur.

2219 1109 2400 1178 (Vers.
2429 1110 2552 1180 11.)
2610 1134 2630 1159 ι
2667 1109 2864 1166 Omnia
2911 1119 3092 1168 autem
3138 1109 3256 1168 haec
3299 1121 3554 1183 operatur
3580 1127 3723 1169 unus

2145 1207 2306 1272 atque
2327 1200 2472 1256 idem
2494 1200 3007 1271 Spiritus,dividens
3029 1201 3328 1274 unicuique
3349 1211 3508 1274 prout
3527 1203 3668 1256 vult.
3689 1225 3710 1250 ο

2145 1288 2301 1356 Quod
2331 1289 2579 1362 superius
2624 1290 2791 1346 trium
2837 1307 3184 1362 personarum
3233 1291 3388 1359 dicit,
3441 1307 3589 1347 nunc
3629 1306 3724 1358 per

2145 1393 2317 1434 unum
2347 1378 2611 1450 Spiritum
2660 1388 2906 1436 sanctum
2963 1381 3049 1452 agi
3106 1380 3422 1450 proﬁtetur;
3478 1388 3540 1436 ut
3595 1379 3726 1447 quia

2146 1469 2312 1524 unius
2340 1477 2546 1526 naturas
2576 1478 2703 1526 sunt
2731 1481 2785 1527 et
2814 1471 3054 1539 virtutis,
3099 1471 3245 1538 quod
3279 1487 3421 1526 unus
3446 1476 3723 1540 operatur,

2147 1565 2438 1628 operentur
2467 1565 2577 1614 tres
2608 1575 2621 1614 :
2658 1573 2801 1615 unus
2833 1569 3011 1616 tamen
3051 1567 3132 1614 est
3160 1561 3323 1626 Deus,
3369 1573 3525 1626 ciuus
3554 1557 3728 1627 gratia

2146 1642 2418 1700 dividitur
2440 1646 2692 1718 singulis,
2723 1655 2885 1720 prout
2910 1648 3052 1716 vult,
3083 1663 3195 1704 non
3230 1646 3298 1702 ad
3329 1646 3520 1702 merita
3547 1645 3730 1702 homi-

2146 1747 2302 1800 num,
2349 1733 2445 1790 sed
2488 1735 2659 1807 magis
2703 1735 2773 1792 ad
2819 1735 3234 1793 aediﬁcationem
3272 1735 3529 1792 Ecclesiae
3571 1751 3725 1802 suae;

447 1819 692 1877 visiones
721 1820 1098 1894 operationum
1132 1826 1280 1876 sunt.
1313 1843 1334 1870 ι
1373 1819 1559 1892 Iungit
1588 1835 1735 1874 nunc
1753 1817 2033 1874 Christum
2073 1839 2119 1900 Β
2150 1830 2210 1877 ιιι
2245 1823 2431 1878 omnia
2477 1839 2596 1896 quae
2641 1823 2879 1881 mundus
2911 1825 3116 1880 imitari
3169 1825 3308 1892 vult,
3341 1823 3436 1880 sed
3477 1839 3586 1880 non
3625 1822 3732 1878 im-

447 1909 682 1982 Spiritui
724 1918 934 1968 sancto.
997 1933 1018 1958 ι
1047 1909 1196 1966 Idem
1227 1918 1410 1966 autem
1441 1911 1608 1978 Deus,
1656 1910 1752 1981 qui
1782 1916 2038 1980 operatur

447 1999 640 2057 omnia
667 1997 727 2054 in
755 1997 1033 2054 omnibus.
1063 2021 1084 2047 ι
1116 1999 1178 2053 In
1207 2005 1422 2054 tantum
1447 2013 1558 2052 non
1587 1995 1694 2052 hoc
1719 1995 2038 2051 hominibus

447 2084 715 2152 dandum,
748 2084 902 2157 quasi
934 2083 1217 2156 proprium
1265 2083 1358 2151 sit,
1414 2083 1509 2140 sed
1537 2083 1641 2138 soli
1671 2085 1785 2140 Deo
1813 2083 2032 2151 asserit;

446 2180 513 2230 ut
541 2172 703 2228 etiam
736 2171 943 2226 donum
976 2170 1212 2242 Spiritus
1241 2169 1436 2238 sancti,
1473 2177 1527 2226 et
1557 2169 1784 2242 gratiam
1815 2167 2036 2226 Domini

446 2259 576 2317 Iesu
614 2258 782 2316 unius
835 2258 935 2315 Dei
971 2257 1119 2316 dicat
1173 2259 1580 2332 operationem;
1640 2275 1709 2316 ne
1761 2258 1931 2332 gratia
1983 2267 2038 2316 et

447 2345 656 2404 donum
687 2346 931 2403 divisum
975 2346 1048 2403 sit
1076 2354 1298 2420 propter
1335 2363 1591 2419 personas
1624 2345 1800 2403 Patris
1831 2353 1884 2402 et
1908 2348 2036 2404 Filii

447 2442 505 2494 et
534 2435 772 2509 Spiritus
816 2434 993 2492 sancti
1018 2452 1032 2490 :
1081 2434 1178 2492 sed
1209 2433 1514 2492 indiscreta
1544 2435 1771 2492 unitatis
1793 2443 1846 2490 et
1882 2445 2038 2492 natu-

450 2538 526 2580 ra:
557 2523 640 2596 (4)
690 2523 859 2579 trium
894 2539 1066 2580 unum
1097 2539 1234 2596 opus
1274 2523 1631 2595 intelligatur,
1680 2530 1743 2579 ut
1768 2522 1836 2579 ad
1865 2540 2037 2581 unum

452 2629 672 2670 omnem
706 2613 934 2686 gloriam
968 2613 1175 2686 redigat
1221 2623 1276 2671 et
1318 2614 1692 2671 divinitatem.
1756 2639 1775 2663 ι
1803 2615 2039 2671 Divisio-

448 2717 548 2759 nes
573 2709 756 2758 autem
805 2702 1097 2774 gratiarum
1129 2712 1260 2760 sunt
1285 2727 1306 2752 ι
1367 2703 1561 2760 oﬁiciis
1603 2703 1880 2772 Ecclesiae,
1925 2719 2036 2760 non

447 2787 705 2846 humanis
746 2791 957 2847 meritis
1001 2789 1288 2864 deputatas.
1339 2791 1396 2848 Si
1426 2792 1574 2848 enim
1629 2791 1868 2865 Spiritus
1917 2808 2037 2848 san-

447 2883 571 2934 ctus
595 2877 740 2934 idem
771 2878 1041 2934 Dominus
1067 2887 1180 2947 est;
1211 2886 1266 2935 et
1291 2880 1561 2936 Dominus
1587 2879 1732 2936 idem
1763 2882 1908 2936 Deus
1933 2888 2032 2947 est;

443 2971 500 3021 et
528 2973 637 3021 tres
663 2982 808 3022 unus
850 2968 998 3022 Deus
1037 2975 1150 3036 est;
1208 2983 1335 3024 cum
1383 2969 1530 3024 enim
1583 2969 1823 3040 Spiritus
1863 2967 2036 3025 sancti

455 3053 650 3124 gloria,
696 3061 752 3109 et
788 3061 1045 3125 potestas,
1093 3061 1148 3110 et
1191 3063 1386 3111 natura
1416 3055 1516 3113 Dei
1545 3064 1646 3126 est,
1685 3067 1739 3114 et
1768 3056 2037 3114 Dominus

2147 1912 2277 1984 plet,
2309 1913 2437 1985 quia
2463 1914 2698 1970 carnalis
2725 1925 2839 1980 est;
2873 1915 2988 1972 haec
3013 1916 3071 1971 in
3099 1914 3368 1982 Ecclesia,
3389 1930 3511 1986 quas
3528 1912 3732 1968 domus

2144 1999 2242 2055 Dei
2272 2009 2372 2068 est,
2403 1999 2744 2072 singulorum
2793 2002 2990 2058 oﬁiciis
3034 2012 3088 2059 et
3131 2002 3278 2058 dono
3321 2010 3376 2058 et
3415 1999 3732 2072 magisterio

2144 2087 2381 2160 Spiritus
2424 2089 2598 2145 sancti
2653 2090 2868 2146 indulta
2919 2090 2987 2146 ad
3042 2090 3415 2162 probationem
3478 2090 3734 2147 veritatis

2145 2179 2204 2234 in
2240 2179 2329 2248 iis,
2385 2181 2480 2253 qui
2530 2177 2968 2251 contemptibiles
3016 2177 3226 2234 mundo
3279 2186 3430 2246 sunt,
3486 2178 3736 2235 videan-

2143 2275 2256 2325 tur.

2218 2357 2399 2429 (Vers.
2433 2357 2518 2424 12,
2553 2357 2668 2429 I3.)
2709 2379 2730 2406 ι
2759 2356 2912 2415 Sicut
2935 2357 3082 2414 enim
3112 2372 3310 2430 corpus
3336 2373 3508 2413 unum
3541 2365 3644 2425 est,
3673 2363 3732 2413 et

2145 2445 2389 2502 membra
2440 2444 2602 2502 habet
2647 2447 2858 2503 multa:
2914 2447 3100 2503 omnia
3143 2453 3326 2502 autem
3373 2445 3619 2502 membra
3656 2459 3730 2501 ex

2144 2550 2258 2591 uno
2284 2550 2530 2606 corpore,
2580 2551 2705 2592 cum
2735 2537 2848 2594 sint
2895 2539 3086 2603 multa,
3123 2553 3294 2594 unum
3336 2543 3466 2592 sunt
3492 2551 3724 2608 corpus;

2145 2623 2224 2680 ita
2249 2631 2303 2679 et
2337 2623 2606 2681 Christus.
2651 2625 2871 2682 Etenim
2902 2626 2960 2683 in
2999 2643 3109 2683 uno
3137 2625 3347 2698 Spiritu
3391 2641 3492 2681 nos
3537 2639 3730 2680 omnes

2143 2713 2204 2770 in
2234 2728 2404 2768 unum
2435 2730 2632 2786 corpus
2678 2715 2931 2780 baptizati
2970 2733 3182 2784 sumus,
3227 2716 3344 2771 sive
3373 2712 3570 2781 Iudaei,
3608 2713 3727 2768 sive

2145 2807 2340 2874 Graeci,
2375 2806 2514 2864 152
2541 2805 2658 2862 sive
2687 2807 2850 2875 servi,
2879 2806 2995 2862 sive
3024 2804 3183 2860 liberi
3207 2821 3221 2870 ;
3255 2813 3309 2860 et
3337 2818 3526 2858 omnes
3551 2817 3726 2858 unum

2145 2898 2408 2972 Spiritum
2438 2907 2768 2971 potavrmus.
2799 2919 2818 2943 ι
2881 2894 2980 2949 Per
3011 2892 3128 2948 hac
3163 2891 3321 2948 docet
3354 2891 3564 2948 nullius
3608 2904 3723 2960 per-

2146 3006 2333 3047 sonam
2363 2989 2520 3062 quasi
2554 2987 2860 3058 despectam
2899 2981 3378 3050 contemnendam,
3427 2995 3602 3052 neque
3626 2977 3724 3034 aIi-

2144 3078 2302 3151 cujus
2330 3076 2480 3150 quasi
2510 3075 2748 3147 perfecta
2767 3073 2858 3139 sit,
2890 3070 3310 3142 praeferendam:
3344 3085 3445 3126 nec
3473 3067 3721 3139 gloriam,

450 3140 618 3252 iesus‘
635 3140 783 3197 idem
811 3150 892 3252 est
919 3142 977 3198 in
1007 3149 1200 3252 natura
1224 3143 1370 3243 quod
1388 3146 1533 3252 Deus
1553 3155 1821 3252 catullus
1848 3146 2040 3252 utitu
2072 3191 2116 3252 ο
2145 3140 2264 3241 qua;
2318 3140 2422 3221 soli
2477 3140 2588 3249 Deo
2652 3140 2908 3228 debetur,
2965 3159 3280 3216 hominibus
3337 3155 3722 3252 tribuendam;

448 3229 688 3302 Spiritus
731 3239 970 3302 sanctus,
1017 3240 1073 3288 et
1099 3232 1366 3289 Dominus
1394 3233 1568 3302 Iesus,
1617 3241 1670 3289 et
1701 3235 1854 3290 Pater
1891 3237 2036 3290 Deus

446 3324 550 3374 est.
583 3319 656 3376 Et
683 3318 888 3392 singuli
917 3319 1064 3376 enim
1108 3322 1254 3378 Deus
1281 3338 1443 3390 unus,
1475 3329 1530 3377 et
1554 3330 1661 3378 tres
1693 3325 1839 3379 Deus
1868 3337 2031 3379 unus.

442 3406 691 3481 Denique
738 3419 994 3482 operante
1041 3426 1172 3479 uno,
1221 3417 1330 3467 tres
1368 3410 1582 3482 operari
1622 3409 1920 3476 dicuntur;
1972 3416 2036 3464 ut

445 3495 734 3555 Trinitatis
765 3499 1090 3572 mysterium
1132 3499 1191 3556 in
1220 3501 1384 3556 unius
1415 3500 1512 3556 Dei
1542 3506 1736 3556 natura
1765 3509 1818 3554 et
1845 3505 2036 3570 potes-

439 3593 551 3643 tate
581 3586 892 3655 claudatur,
921 3604 1048 3643 cum
1079 3587 1152 3642 sit
1180 3588 1529 3644 immensum.

519 3681 702 3754 (Vers.
729 3681 809 3752 7.)
855 3705 875 3728 ε
908 3682 1215 3754 Unicuique
1241 3691 1423 3739 autem
1463 3683 1626 3739 datur
1670 3683 2035 3739 manifestatio

442 3768 686 3842 Spiritus
711 3767 780 3824 ad
809 3768 1126 3824 utilitatem.
1159 3793 1179 3818 ι
1212 3769 1328 3825 Hoc
1354 3778 1456 3837 est,
1488 3771 1694 3825 donum
1725 3770 1944 3842 accipit,
1973 3779 2036 3828 ut

441 3856 654 3915 divinis
696 3856 1017 3914 retinaculis
1071 3855 1242 3913 vitam
1286 3873 1439 3914 suam
1489 3857 1816 3930 gubernans,
1850 3867 1904 3914 et
1931 3858 2036 3916 sibi

451 3953 510 4002 et
532 3944 656 4001 aliis
684 3945 838 4004 utilis
862 3946 956 4017 sit,
977 3945 1109 4004 dum
1140 3948 1453 4021 exemplum
1482 3945 1642 4004 bona:
1673 3947 2036 4006 conversatio-

451 4031 542 4090 nis
560 4033 821 4092 ostendit.

523 4129 706 4203 (Vers.
736 4131 820 4198 8.)
877 4155 896 4181 ι
927 4132 1156 4192 Cuidam
1211 4136 1359 4194 enim
1409 4135 1574 4194 datur
1625 4152 1721 4208 per
1771 4135 2037 4208 Spiritum

456 4239 636 4283 sermo
667 4225 966 4298 sapientiae.
999 4251 1018 4276 ι
1075 4227 1136 4283 Id
1165 4237 1266 4286 est.
1298 4228 1459 4285 datur
1492 4229 1575 4283 illi
1608 4229 1898 4301 prudentia
1925 4243 2037 4283 non

453 4327 524 4372 ex
547 4313 767 4384 litteris,
797 4314 892 4370 sed
915 4332 1142 4372 corusco
1166 4317 1404 4388 Spiritus
1433 4317 1609 4374 sancti
1640 4317 1796 4390 igne;
1855 4325 1917 4374 ut
1943 4328 2039 4374 cor

451 4403 652 4461 habeat
693 4404 1091 4474 illuminatum,
1140 4415 1196 4463 et
1227 4405 1300 4463 sit
1347 4405 1608 4478 prudens,
1662 4416 1724 4464 ut
1767 4406 2040 4463 discernat

2145 3253 2363 3328 quando
2407 3251 2466 3307 in
2495 3241 2752 3306 omnibus
2782 3264 2924 3304 unus
2951 3256 3113 3318 atque
3151 3247 3295 3302 idem
3326 3247 3468 3301 Deus
3505 3243 3578 3298 sit
3614 3243 3726 3314 glo-

2143 3343 2322 3398 riosus
2347 3360 2359 3398 :
2394 3341 2595 3414 quippe
2623 3355 2749 3396 cum
2769 3353 2959 3394 omnes
2979 3345 3032 3392 et
3051 3352 3220 3419 unum
3243 3333 3512 3406 baptisma
3531 3331 3728 3389 habea-

2145 3447 2286 3497 mus,
2334 3437 2388 3485 et
2425 3444 2596 3484 unum
2642 3435 2804 3498 atque
2841 3424 3090 3481 eumdem
3137 3422 3398 3494 Spiritum
3452 3429 3726 3480 sanctum.

2144 3519 2259 3576 Hoc
2282 3527 2501 3592 propter
2523 3515 2891 3589 supradictam
2931 3528 3176 3577 causam;
3209 3511 3338 3584 quia
3365 3511 3421 3565 in
3447 3510 3728 3583 aliquibus

2145 3608 2538 3680 gloriabantur,
2605 3605 2818 3678 aliquos
2882 3619 3012 3660 vero
3068 3603 3220 3658 velut
3284 3599 3729 3672 contemptibiles

2141 3696 2486 3769 spernebant.

2217 3785 2398 3856 (Vers.
2431 3784 2544 3856 14.)
2588 3807 2608 3831 ι
2635 3784 2769 3840 Nam
2799 3791 2854 3840 et
2881 3799 3078 3857 corpus
3109 3798 3220 3840 non
3247 3789 3328 3840 est
3356 3797 3529 3839 unum
3559 3797 3728 3839 mem-

2143 3873 2326 3942 brum,
2353 3874 2447 3930 sed
2477 3873 2666 3929 multa.
2704 3897 2724 3922 ι
2777 3874 2890 3930 Hoc
2917 3873 3128 3942 dicens,
3170 3872 3410 3929 ostendit
3454 3871 3724 3928 unitatem

2145 3961 2343 4018 habere
2380 3963 2666 4018 varietates
2721 3962 3025 4019 ofﬁciorum
3086 3963 3190 4034 (6),
3246 3969 3300 4018 et
3352 3960 3724 4017 diversitatem

2147 4051 2288 4108 hanc
2316 4069 2426 4108 non
2458 4051 2760 4124 discrepare
2791 4052 2848 4107 in
2895 4053 3104 4108 unitate
3141 4051 3454 4123 potestatis;
3506 4048 3726 4124 quando

2145 4143 2328 4199 unitas
2357 4141 2600 4212 corporis
2628 4157 2737 4197 non
2767 4139 2823 4195 in
2848 4139 3226 4212 singularitate
3244 4138 3512 4206 consistit,
3541 4138 3634 4194 sed
3662 4137 3725 4193 in

2147 4231 2335 4286 multis
2365 4229 2667 4286 membris:
2723 4235 2786 4284 ut
2831 4228 3069 4285 invicem
3113 4227 3220 4284 sibi
3249 4234 3526 4300 prastent,
3576 4225 3726 4299 quod

2147 4319 2366 4376 debent.
2742 4307 2763 4326 ⁵

2221 4409 2400 4482 (Vers.
2434 4407 2548 4480 I5.)
2592 4432 2610 4455 ε
2639 4407 2694 4464 Si
2729 4405 2933 4462 dixerit
2960 4422 3054 4479 pes
3086 4423 3098 4462 :
3158 4405 3298 4473 Quia
3325 4421 3436 4461 non
3465 4419 3582 4460 sum
3613 4419 3724 4460 ma-

444 4513 566 4572 qum
595 4497 822 4556 vitanda
877 4507 1027 4569 sunt,
1083 4515 1274 4574 quaeve
1316 4499 1610 4572 sequenda.
1677 4523 1696 4548 ι
1734 4499 1848 4555 Alii
1905 4515 2035 4555 vero
2065 4531 2112 4590 Β
2149 4514 2274 4566 nus,
2304 4513 2414 4553 non
2447 4513 2564 4554 sum
2595 4495 2663 4552 de
2708 4512 2959 4569 corpore;
3005 4511 3139 4552 num
3180 4503 3461 4568 propterea
3489 4509 3598 4550 non
3643 4499 3728 4549 est

437 4604 620 4646 sermo
649 4587 894 4646 scientiae
932 4587 1236 4646 secundum
1265 4588 1516 4646 eumdem
1545 4587 1800 4661 spiritum
1825 4605 1838 4649 ;
1870 4613 1889 4636 ι
1930 4587 2038 4646 hoc

437 4685 538 4746 est,
571 4684 633 4733 ut
685 4677 884 4735 habeat
929 4677 1214 4735 scientiam
1264 4693 1446 4733 rerum
1493 4675 1829 4732 divinarum.
1861 4701 1881 4726 ι
1921 4675 2036 4732 Alii

439 4767 616 4839 gratia
640 4769 988 4826 curationum
1020 4767 1079 4823 in
1109 4784 1220 4824 uno
1252 4766 1498 4840 Spiritu;
1539 4789 1560 4815 ι
1604 4763 1664 4821 id
1688 4773 1792 4834 est,
1821 4771 1884 4821 ut
1911 4779 2038 4820 me-

437 4852 620 4909 delam
649 4857 854 4914 tribuat
883 4857 1120 4914 inﬁrmis
1152 4858 1240 4913 vel
1272 4857 1452 4930 aegris.

514 4949 697 5021 (Vers.
727 4954 782 5020 9,
817 4954 930 5026 10.)
999 4978 1019 5003 ε
1058 4955 1171 5011 Alii
1217 4954 1352 5011 ﬁdes
1393 4953 1450 5010 in
1494 4952 1685 5011 eodem
1732 4951 1960 5027 Spiritu.
1997 4976 2018 5003 ι

441 5035 559 5093 Hoc
598 5035 752 5104 dicit,
799 5048 863 5094 ut
908 5040 1036 5096 ﬁdei
1075 5043 1393 5114 proﬁtendae
1439 5043 1808 5110 vindicandis,
1849 5059 2034 5116 pressa

440 5123 796 5194 verecundia,
853 5127 1084 5198 accipiat
1141 5129 1476 5188 facultatem.
1549 5158 1570 5182 ι
1619 5133 1733 5189 Alii
1787 5131 2030 5205 operatio

440 5213 739 5272 virtutum.
769 5235 790 5261 ι
831 5212 1158 5269 Potestatem
1187 5215 1304 5272 dari
1348 5219 1620 5290 signiﬁcat
1649 5222 1706 5276 in
1745 5219 2031 5293 ejiciendis

437 5301 750 5373 daemoniis,
783 5309 879 5359 aut
907 5301 1078 5376 signis
1106 5302 1390 5361 faciendis.
1449 5331 1468 5354 ι
1496 5308 1609 5364 Alii
1638 5309 1954 5382 prophetia;
1995 5333 2016 5359 ι

514 5480 596 5555 (4)
628 5481 790 5543 Corb.
835 5479 985 5552 cod.,
1038 5479 1259 5537 unitatis
1303 5487 1522 5549 natura,
1571 5490 1620 5538 et
1661 5485 1820 5541 trium
1866 5500 2031 5541 unum

629 5622 761 5698 Cod.
811 5623 966 5684 Gem.
999 5631 1054 5683 et
1089 5623 1259 5694 Vall.,
1313 5624 1634 5698 linguarum,
1677 5644 1856 5684 eorum
1893 5627 2028 5682 scili-

439 5702 516 5753 cet
566 5697 660 5769 qui
697 5714 796 5769 per
862 5698 1096 5770 Spiritus
1160 5697 1331 5755 sancti
1391 5697 1710 5768 majestatem
1769 5700 2032 5769 accipiunt

2147 4587 2214 4643 de
2243 4603 2466 4659 corpore
2487 4587 2514 4644 ?
2533 4612 2551 4636 ι
2587 4587 2702 4644 Hoc
2729 4595 2829 4655 est,
2859 4602 2968 4642 non
2995 4601 3150 4660 posse
3177 4602 3323 4653 eum,
3346 4585 3438 4658 qui
3471 4584 3726 4640 inﬁrmus

2143 4676 2362 4733 videtur
2391 4678 2532 4734 inter
2560 4679 2773 4746 fratres,
2815 4677 2998 4748 negari
3051 4694 3165 4733 esse
3193 4677 3260 4733 de
3301 4692 3546 4749 corpore,
3594 4676 3727 4749 quia

2142 4782 2252 4822 non
2277 4777 2355 4823 est
2382 4776 2592 4840 potens.
3380 4840 3386 4846 ι

2216 4857 2394 4928 (Vers.
2430 4858 2541 4928 16.)
2598 4880 2616 4903 ι
2644 4855 2700 4912 Si
2739 4855 2944 4912 dixerit
2971 4857 3216 4914 auricula
3248 4875 3260 4912 :
3292 4853 3432 4924 Quia
3459 4871 3571 4912 non
3599 4870 3721 4912 sum

2143 4946 2357 5012 oculus,
2403 4961 2512 5000 non
2560 4960 2680 4999 sum
2712 4941 2778 4998 de
2819 4960 3080 5017 corpore;
3125 4962 3256 5001 num
3302 4951 3584 5022 propterea
3610 4959 3723 5000 non

2139 5043 2220 5092 est
2247 5035 2313 5091 de
2341 5050 2566 5107 corpore
2586 5033 2614 5089 ‘2
2643 5057 2661 5081 ι
2701 5033 2821 5088 Non
2849 5032 3046 5090 debere
3073 5035 3208 5091 dicit
3231 5035 3412 5102 illum,
3439 5033 3532 5106 qui
3558 5032 3724 5105 paulo

2138 5124 2366 5180 inferior
2402 5130 2504 5190 est,
2553 5138 2665 5178 non
2709 5123 3073 5179 necessarium
3111 5123 3291 5195 putari
3333 5121 3568 5196 corpori,
3601 5138 3724 5196 pro.

2136 5222 2319 5287 pterea
2343 5211 2489 5284 quod
2519 5210 2586 5267 de
2615 5211 2807 5283 primis
2840 5227 2960 5289 non
2983 5213 3077 5268 sit.

2211 5303 2390 5376 (Vers.
2425 5302 2536 5373 17.)
2602 5325 2620 5349 ι
2649 5301 2705 5356 Si
2756 5308 2934 5356 totum
2990 5316 3190 5374 corpus
3231 5298 3445 5371 oculus,
3498 5298 3597 5358 ubi
3641 5307 3726 5357 est

2135 5481 2383 5564 gratiam,
2415 5485 2474 5535 ut
2494 5477 2698 5552 possint
2725 5475 3014 5548 intelligere
3049 5474 3382 5534 diversarum
3417 5476 3727 5546 linguarum

2138 5557 2525 5695 θωέὲῗδῗιίηθε
2551 5620 2685 5678 edit.
2717 5635 2780 5678 ac
2805 5636 2932 5695 mss.
2965 5619 3194 5695 aliquot,
3221 5619 3443 5676 ostendit
3472 5618 3730 5675 unitatem

2137 5692 2411 5753 varietatis
2439 5713 2460 5760 ,-
2489 5695 2687 5752 melius
2712 5692 2919 5765 caeteri,
2947 5700 3011 5750 ut
3036 5692 3094 5748 in
3122 5698 3406 5750 contextu.
