3976 6368
251 362 348 426 261
1312 362 1675 428 COMMENT.
1724 365 1796 428 IN
1832 361 2086 427 ESPlST.
2128 369 2151 426 Ι
2189 364 2284 425 AD
2323 370 2478 426 COR.

2901 301 2913 308 ⁹
2933 300 2940 302 “
3010 301 3036 316 ρ

3413 369 3518 427 262

244 491 461 548 auditus
489 489 519 546 7
548 483 604 547 Si
635 494 814 546 totum
853 489 1089 558 auditus,
1129 489 1223 546 ubi
1256 501 1337 548 est
1374 493 1632 550 odoratus
1653 495 1682 551 Τ
1709 520 1727 543 ι
1769 494 1830 550 Id
1858 498 1908 557 Α
1935 494 2053 550 sine
2081 493 2346 565 dignitate
2376 506 2512 559 esse,
2536 487 2848 545 invenimus
2870 489 2926 544 in
2946 487 3023 546 eis
3041 489 3184 563 quod
3209 491 3513 561 laudemus,

245 594 343 655 est,
371 587 418 642 si
449 601 638 642 omnes
664 587 830 642 unius
859 595 1034 642 essent
1050 586 1216 642 ofﬁcii
1246 596 1300 642 et
1329 587 1528 658 operis;
1554 587 1827 660 quomodo

243 675 565 750 impleretur
610 675 818 748 reliqua
862 674 1153 731 necessitas
1193 676 1483 748 corporis;
1531 693 1654 732 cum
1685 694 1828 734 con-

243 771 350 823 stet
407 765 598 822 multis
644 765 837 822 ofIiciis
879 760 1015 838 opus
1046 781 1161 822 esse
1204 764 1272 822 ad
1301 765 1671 837 gubernacula
1697 782 1829 822 cor-

243 853 394 927 poris
423 855 453 911 ?

319 943 500 1014 (Vers.
549 942 662 1014 18.)
716 966 735 990 ι
777 940 934 998 Nunc
963 949 1143 998 autem
1173 944 1319 999 Deus
1348 943 1530 1014 posuit
1561 941 1824 1012 membra,

246 1031 680 1105 unumquodque
716 1031 774 1087 in
799 1048 1054 1103 corpore;
1090 1032 1233 1088 sicut
1261 1032 1457 1088 voluit.
1490 1056 1509 1079 ι
1566 1031 1827 1088 Volunta-

249 1127 359 1175 tem
407 1119 528 1187 Dei,
573 1120 701 1192 quia
748 1119 977 1191 provida
1003 1127 1057 1176 et
1085 1119 1429 1176 rationabilis
1457 1127 1558 1188 est,
1587 1119 1831 1175 membra

244 1205 380 1263 dicit
405 1208 621 1279 corpori
655 1215 862 1279 aptasse
887 1225 900 1273 ;
933 1215 995 1263 ut
1027 1207 1169 1264 nihil
1197 1208 1338 1264 desit
1365 1208 1602 1281 corpori,
1643 1207 1737 1265 sed
1760 1206 1831 1263 sit

246 1296 432 1352 multis
459 1295 719 1352 membris
751 1297 1051 1368 perfectum
1083 1298 1187 1368 (7).

318 1385 501 1455 (Vers.
537 1385 648 1455 19.)
667 1408 685 1431 ε
716 1385 771 1441 Si
804 1394 985 1442 autem
1008 1385 1238 1442 fuissent
1260 1385 1445 1443 omnia
1470 1403 1643 1442 unum
1665 1402 1830 1442 mem-

255 1473 437 1542 brum,
456 1473 549 1529 ubi
581 1476 820 1546 corpus?
849 1501 867 1523 ι
910 1475 1265 1532 Manifestum
1295 1485 1374 1532 est
1403 1477 1531 1550 quia
1567 1475 1614 1531 si
1644 1491 1832 1530 omnes

247 1561 484 1618 fuissent
514 1563 678 1619 unius
729 1563 1032 1636 dignitatis,
1068 1581 1176 1620 non
1227 1564 1538 1621 dicerentur
1567 1564 1830 1630 membra,

243 1667 424 1724 neque
477 1668 677 1724 corpus
728 1669 741 1708 :
789 1652 1018 1724 ideoque
1048 1653 1216 1708 variis
1242 1651 1610 1708 membrorum
1640 1649 1834 1705 ofﬁciis

242 1737 748 1809 conjubernantur;
779 1741 965 1795 omnia
991 1740 1137 1794 enim
1171 1757 1339 1794 unum
1373 1739 1679 1794 membrum
1719 1751 1832 1792 esse

1935 583 2078 640 sicut
2122 591 2176 639 et
2234 582 2292 637 in
2349 579 2610 637 membris
2648 578 2960 646 vilioribus,
3011 581 3158 652 quod
3207 583 3326 652 plus
3355 582 3515 640 nobis

1937 672 2164 744 placeat,
2197 688 2357 746 quam
2381 670 2527 744 quod
2556 670 2613 726 in
2642 668 2852 726 caeteris
2871 669 3200 726 invenimus.
3232 671 3349 738 Quo
3367 673 3513 728 enim

1937 763 2145 820 honore
2197 763 2375 835 dignae
2417 770 2547 818 sunt
2578 776 2789 827 manus,
2823 758 3041 832 quando
3071 757 3215 832 quod
3243 761 3514 830 volumus,

1937 853 2219 915 tenemus!
2265 851 2350 905 vel
2404 850 2588 922 pedes,
2636 865 2761 906 cum
2815 847 3016 921 quibus
3071 864 3180 920 quo
3231 849 3514 918 volumus,

1938 931 2082 998 imus
2115 942 2127 997 l
2171 942 2462 1012 Propterea
2501 946 2555 994 et
2590 955 2689 994 nos
2741 936 2994 993 addimus
3039 936 3118 992 eis
3145 935 3520 993 honorificen-

1940 1029 2092 1097 tiam,
2145 1037 2206 1086 ut
2252 1036 2384 1101 puta
2428 1027 2695 1100 pedibus;
2745 1043 2881 1099 quos
2932 1030 3072 1087 153
3118 1024 3246 1097 quia
3285 1023 3520 1082 humiles

1939 1135 2069 1184 sunt
2108 1133 2162 1182 et
2188 1125 2306 1182 sine
2330 1126 2615 1197 dignitate,
2657 1123 3039 1181 calceamentis
3077 1139 3355 1179 ornamus.
3401 1146 3419 1168 ι
3449 1123 3520 1178 Et

1940 1233 2059 1290 qua:
2094 1216 2385 1273 inhonesta
2409 1223 2540 1272 sunt
2588 1222 2791 1270 nostra.
2851 1212 3304 1269 abundantiorem
3349 1212 3517 1269 hono-

1940 1325 2053 1364 rem
2080 1308 2305 1366 habent.
2339 1334 2358 1358 ι
2403 1309 2752 1364 Manifestum
2782 1307 3011 1379 estquia
3037 1305 3286 1378 pudenda
3313 1312 3516 1373 nostra,

1942 1412 2061 1468 quae
2093 1397 2276 1468 turpia
2303 1396 2582 1464 videntur,
2614 1396 2744 1451 dum
2774 1402 3024 1467 aspectus
3052 1395 3300 1466 publicos
3319 1394 3516 1460 vitant,

1942 1483 2224 1541 honestate
2269 1501 2327 1540 se
2371 1492 2688 1557 contegunt,
2736 1500 2805 1540 ne
2836 1500 2930 1555 per
2956 1482 3364 1538 irreverentiam
3396 1480 3518 1536 hor-

1943 1580 2114 1628 reant.
2159 1573 2339 1628 Simili
2397 1573 2560 1628 modo
2615 1582 2671 1629 et
2719 1572 2938 1645 quidam
2971 1572 3226 1638 fratrum,
3257 1587 3381 1628 cum
3410 1569 3520 1624 sint

1941 1668 2175 1730 egestate
2224 1668 2277 1716 et
2325 1659 2517 1716 habitu
2567 1660 2863 1724 inhonesti.
2895 1676 3006 1715 non
3039 1668 3219 1715 tamen
3251 1665 3378 1714 sunt
3403 1657 3519 1712 sine

1941 1748 2133 1818 gratia,
2165 1764 2261 1820 per
2289 1764 2450 1820 quam
2480 1747 2723 1804 membra
2748 1748 2860 1803 sint
2887 1748 3134 1818 corporis
3161 1746 3332 1802 nostri
3354 1763 3366 1800 :
3386 1759 3514 1800 nam

242 1842 354 1882 non
385 1834 652 1898 Ροῐθτθηί·
693 1825 820 1882 Ideo
863 1833 1043 1881 amem
1072 1827 1246 1882 multa
1273 1833 1419 1894 sum:
1444 1823 1572 1897 quia
1601 1823 1668 1880 ab
1688 1823 1832 1878 ίῐινί·
1867 1840 1914 1900 Β
1938 1833 2115 1890 solent
2157 1833 2427 1890 succincti
2457 1833 2724 1889 vesticula
2753 1833 2966 1899 tetrica,
2997 1832 3146 1888 nudo
3174 1831 3329 1904 pede,
3364 1833 3522 1886 ince—

240 1929 362 1970 cem
391 1914 653 1970 differunt
683 1913 964 1984 dignitate.

319 2011 500 2082 (Vers.
537 2011 653 2082 20.)
696 2036 714 2059 ι
742 2011 900 2067 Nunc
923 2017 1104 2067 autem
1123 2009 1296 2066 multa
1313 2008 1536 2082 quidem
1567 2005 1830 2076 membra,

240 2114 416 2155 unum
456 2109 635 2157 autem
668 2115 883 2171 corpus.
916 2123 936 2147 ι
986 2100 1100 2154 Hoc
1119 2098 1274 2166 dicit,
1305 2097 1435 2170 quia
1464 2098 1638 2152 multa
1666 2111 1832 2152 mem-

242 2186 363 2255 bra,
401 2205 527 2244 cum
574 2187 810 2243 invicem
861 2188 946 2243 sui
1003 2195 1216 2259 egeant,
1274 2202 1384 2242 non
1439 2185 1750 2256 discrepant
1773 2183 1832 2238 in

242 2275 455 2332 unitate
483 2284 710 2340 naturae,
741 2274 992 2348 quamvis
1024 2274 1081 2330 di
1104 2290 1260 2330 versa
1301 2273 1448 2340 sint;
1485 2273 1612 2346 quia
1640 2272 1832 2328 diver-

243 2363 377 2421 sitas
415 2363 530 2420 haec
582 2364 638 2419 in
691 2380 864 2419 unum
916 2363 1216 2430 concurrit,
1263 2370 1325 2418 ut
1352 2363 1594 2434 corporis
1624 2360 1831 2414 utilitas

248 2453 557 2525 expleatur,
589 2453 730 2508 sicut
758 2459 814 2506 et
843 2468 904 2508 ea
942 2451 1141 2524 quibus
1170 2449 1406 2506 mundus
1437 2451 1550 2522 ipse
1597 2456 1828 2518 constat,

245 2559 373 2600 cum
405 2551 535 2598 sunt
557 2541 771 2598 diversa
801 2558 911 2596 non
943 2543 1118 2596 solum
1141 2541 1356 2607 ofﬁciis,
1397 2539 1490 2594 sed
1520 2546 1573 2594 et
1600 2536 1827 2605 naturis;

244 2629 313 2687 ad
371 2630 537 2686 unius
567 2637 745 2685 tamen
791 2628 982 2684 mundi
1014 2627 1309 2700 proficiunt
1339 2628 1746 2699 perfectionem,
1779 2632 1833 2680 et

244 2736 315 2776 ex
346 2717 605 2774 omnibus
631 2717 718 2772 his
748 2717 990 2772 nascitur
1011 2716 1296 2788 temperies
1325 2714 1572 2787 quaedam
1601 2715 1659 2768 in
1689 2713 1830 2768 fruc~

241 2807 414 2874 tibus,
437 2807 529 2880 qui
565 2806 816 2861 humanae
848 2804 1142 2876 proficiunt
1173 2803 1422 2858 utilitati.

320 2904 504 2976 (Vers.
531 2902 647 2972 21.)
694 2927 713 2949 ι
741 2901 861 2956 Non
891 2907 1063 2972 potest
1091 2906 1271 2954 autem
1297 2897 1476 2953 dicere
1500 2897 1692 2952 oculus
1709 2911 1835 2950 ma-

247 2995 382 3050 nui:
417 2993 594 3064 Opera
630 2999 724 3047 tua
750 3007 860 3046 non
889 2990 1126 3062 indigeo.
1158 3013 1176 3035 -
1235 2988 1350 3044 Hoc
1376 2995 1478 3054 est,
1519 3004 1629 3042 non
1659 2993 1835 3058 potest

249 3081 432 3138 dicere
493 3079 674 3152 potior
732 3077 1021 3134 inferiori:
1080 3075 1202 3131 Non
1247 3073 1384 3130 mihi
1428 3090 1563 3144 opus
1600 3089 1676 3138 es;
1707 3071 1834 3144 quia

251 3171 448 3227 oculus
475 3167 697 3241 quidem
727 3165 898 3232 videt,
929 3162 1024 3220 sed
1052 3178 1245 3217 manus
1279 3168 1426 3227 sunt,
1457 3177 1576 3233 quae
1597 3176 1836 3232 operan-

244 3267 359 3316 tur.
404 3260 516 3314 Aut
569 3257 766 3314 iterum
817 3262 980 3326 caput
1013 3253 1278 3325 pedibus:
1336 3275 1354 3299 σ
1385 3252 1506 3307 Non
1535 3251 1665 3306 estis
1694 3249 1833 3306 mihi

250 3346 543 3406 necessarii
569 3363 582 3412 ;
635 3371 654 3394 ι
715 3343 771 3399 id
815 3350 918 3410 est,
948 3340 1122 3411 major
1151 3339 1320 3412 gradu
1350 3345 1403 3393 et
1430 3337 1693 3408 dignitate
1723 3354 1832 3392 non

249 3443 427 3510 potest
448 3435 564 3490 sine
594 3433 692 3488 illo
719 3447 856 3498 esse,
889 3430 983 3500 qui
1013 3428 1241 3482 humilis
1269 3433 1382 3491 est;
1428 3425 1555 3496 quia
1584 3433 1664 3479 est
1690 3423 1835 3495 quod

252 3525 486 3581 humilis
515 3529 712 3595 potest,
740 3517 888 3590 quod
917 3531 1028 3570 non
1058 3522 1233 3585 potest
1268 3511 1538 3578 sublimis,
1571 3511 1698 3582 quia
1725 3511 1834 3566 fer-

257 3632 382 3672 rum
443 3618 640 3684 potest,
686 3605 830 3679 quod
877 3620 986 3658 non
1036 3611 1212 3674 potest
1246 3616 1438 3656 aurum
1466 3617 1478 3655 ;
1511 3615 1573 3656 ac
1609 3616 1704 3672 per
1732 3599 1838 3655 hoc

249 3703 516 3759 honorem
553 3696 717 3769 capiti
749 3694 955 3749 faciunt
986 3690 1171 3763 pedes.

328 3806 510 3878 (Vers.
565 3802 680 3872 22.)
742 3823 761 3846 ι
816 3797 919 3856 Sed
975 3797 1149 3852 multo
1186 3794 1356 3867 magis
1405 3811 1524 3867 quae
1576 3793 1836 3850 videntur

252 3895 500 3954 membra
550 3889 792 3961 corporis
819 3886 1126 3942 infirmiora
1153 3901 1288 3951 esse,
1323 3884 1626 3940 necessaria
1651 3890 1822 3938 sunt.»

250 3983 598 4042 Manifestum
633 3986 732 4034 est.
765 3976 893 4048 quia
915 3973 1166 4047 quamvis
1193 3971 1392 4045 aliquis
1444 3969 1707 4042 dignitate
1735 3986 1838 4026 su-

251 4072 440 4131 blimis
465 4071 568 4135 sit;
628 4067 674 4123 si
727 4065 1005 4136 subjectus
1055 4072 1234 4118 tamen
1264 4060 1519 4127 defuerit,
1550 4059 1645 4132 qui
1673 4059 1839 4114 obse-

253 4161 402 4235 quiis
427 4159 539 4214 suis
571 4156 727 4212 illum
754 4154 915 4209 faciat
950 4151 1266 4223 gloriosum,
1297 4148 1413 4220 ipsa
1431 4145 1669 4217 dignitas
1696 4162 1838 4202 con-

254 4232 583 4322 temptibilis
615 4245 720 4300 erit
746 4261 756 4297 :
789 4241 1029 4296 ofIicium
1057 4239 1201 4294 enim
1232 4244 1332 4304 est,
1364 4251 1458 4306 per
1484 4233 1627 4306 quod
1647 4232 1839 4303 digni-

255 4349 337 4398 tas
380 4343 610 4396 constat.
663 4333 790 4387 Tale
836 4337 920 4386 est
944 4330 988 4383 si
1021 4325 1332 4399 imperatori
1373 4323 1514 4378 desit
1544 4322 1837 4377 exercitus.

257 4427 518 4499 Quamvis
574 4440 700 4494 ergo
730 4435 958 4490 magnus
1003 4417 1074 4472 sit
1133 4417 1448 4486 imperator,
1478 4412 1840 4468 necessarium

256 4525 439 4574 tamen
469 4513 632 4570 habet
656 4507 956 4565 exercitum
985 4522 998 4570 ;
1034 4502 1339 4558 membrum
1369 4509 1448 4556 est
1476 4501 1621 4555 enim
1651 4516 1837 4572 corpo-

257 4605 333 4662 ris
375 4605 456 4675 (8)
519 4601 655 4672 ejus,
707 4604 830 4651 ante
869 4610 925 4649 se
955 4591 1159 4646 habens
1205 4589 1478 4675 tribunos,
1510 4589 1756 4656 comites,
1783 4595 1838 4644 et

258 4669 567 4765 magistros.
620 4687 714 4743 llis
746 4682 1002 4740 omnibus
1045 4669 1333 4735 inferiores
1362 4684 1488 4732 sunt
1520 4676 1741 4745 milites,
1783 4685 1836 4734 et

260 4783 432 4856 magis
462 4775 749 4836 necessarii
793 4783 942 4840 sunt,
977 4771 1121 4828 sicut
1151 4768 1393 4824 membra
1429 4766 1689 4840 corporis,
1719 4785 1838 4840 quae

258 4890 384 4932 cum
415 4869 678 4926 inferiora
716 4863 991 4928 videntur,
1023 4860 1146 4930 plus
1174 4857 1332 4914 utilia
1352 4864 1514 4924 sunt;
1547 4856 1663 4912 sine
1699 4873 1841 4912 ocu-

258 4963 328 5020 lis
367 4961 515 5016 enim
560 4970 750 5012 manus
788 4957 1064 5025 operatur,
1111 4955 1165 5004 et
1194 4963 1288 5019 pes
1315 4945 1602 5002 ambulans
1629 4944 1837 5001 victum

295 5050 532 5110 uaaritat.

295 5069 532 5110 uernat.

261 5069 294 5127 q
335 5159 518 5232 (Vers.
569 5153 710 5225 23.),
748 5171 767 5198 ι
809 5149 880 5205 Et
924 5161 1043 5220 quae
1089 5149 1346 5216 putamus
1369 5142 1698 5214 ignobiliora
1725 5157 1838 5198 esse

262 5253 512 5314 membra
550 5241 907 5319 corporis,his
946 5235 1396 5295 abundantiorem
1432 5235 1692 5292 honorem
1723 5234 1840 5290 cir-

267 5341 608 5401 cumdamus.
641 5361 659 5384 ι
721 5331 932 5389 Similis
957 5335 1037 5384 est
1068 5340 1274 5393 sensus,
1305 5323 1432 5397 quia
1460 5325 1551 5396 qui
1582 5331 1842 5396 putantur

338 5483 420 5558 (7)
454 5479 606 5558 Edit.
634 5492 840 5558 omnes,
868 5488 993 5558 cum
1027 5485 1152 5527 mss.
1185 5463 1841 5558 quibusdarn,{fesit_?31tl-:

272 5543 358 5612 tis‘
389 5543 632 5610 membris
684 5549 998 5620 perfectum;
1026 5558 1187 5620 _ms_s.
1239 5555 1347 5594 non
1396 5543 1547 5620 pauci
1580 5543 1841 5620 omittunt

270 5607 548 5696 Eérr'e'ciuni
565 5641 586 5690 ;
631 5607 833 5693 optime
860 5607 993 5674 vero.
1017 5613 1202 5682 Corb.,
1232 5627 1301 5668 ex
1328 5607 1435 5682 quo
1466 5609 1641 5666 locum
1673 5607 1840 5662 resti-

272 5699 496 5755 tuimus.

1945 1921 2090 1978 dere.
2113 1921 2249 1979 Cum
2267 1937 2393 1992 ergo
2425 1921 2714 1976 videantur
2733 1919 3190 1991 contemptibiles,
3223 1917 3391 1990 magis
3411 1917 3522 1972 ho-

1943 2009 2065 2064 nori
2102 2017 2268 2078 sunt;
2308 2008 2439 2081 quia
2484 2010 2664 2064 solent
2709 2008 2879 2064 vitam
2926 2007 3124 2063 habere
3153 2005 3518 2061 mundiorem.

1943 2096 2101 2164 Quod
2147 2095 2293 2152 enim
2345 2095 2665 2152 hominibus
2717 2094 2938 2152 videtur
2965 2094 3298 2164 despectum,
3327 2093 3462 2150 solet
3488 2107 3522 2148 a

1941 2186 2054 2241 Deo
2085 2185 2377 2257 pulchrum
2399 2182 2658 2256 judicari.

2016 2276 2197 2348 (Vers.
2247 2275 2364 2347 24.)
2422 2300 2442 2324 ι
2489 2276 2620 2343 Qum
2658 2283 2839 2332 autem
2885 2271 3114 2332 honesta
3151 2281 3280 2332 sunt
3315 2279 3517 2342 nostra,

1943 2365 2151 2421 nullius
2175 2372 2353 2437 egent.
2386 2390 2406 2414 ι
2447 2364 2712 2436 Apertum
2751 2371 2833 2421 est
2871 2364 3000 2437 quia
3047 2370 3210 2436 caput
3243 2379 3352 2419 non
3379 2369 3518 2434 eget,

1941 2469 2116 2526 neque
2173 2453 2356 2520 facies,
2402 2469 2578 2526 neque
2616 2470 2830 2521 manus,
2887 2462 2948 2508 ut
3004 2452 3092 2508 his
3145 2450 3376 2507 addatur
3429 2465 3522 2521 per

1941 2542 2086 2616 quod
2128 2543 2487 2597 decorentur:
2547 2542 2623 2597 ita
2667 2551 2722 2598 et
2749 2541 3030 2609 fratribus,
3064 2541 3121 2596 in
3150 2540 3348 2612 quibus
3396 2546 3523 2593 slu-

1941 2631 2092 2686 dium
2123 2632 2353 2702 peritiae,
2385 2638 2439 2686 et
2467 2629 2902 2686 conversationis
2940 2630 3087 2700 viget
3117 2628 3392 2694 honestas,
3423 2625 3521 2680 ni—

1940 2717 2022 2773 hil
2055 2727 2136 2773 est
2181 2718 2326 2790 quod
2372 2734 2404 2772 a
2449 2718 2609 2772 nobis
2658 2717 2922 2780 additur;
2973 2716 3189 2770 debitus
3235 2715 3380 2770 enim
3407 2713 3522 2768 illis

1941 2808 2190 2866 redditur
2237 2809 2432 2864 honor.
2474 2807 2752 2878 DeSpectis
2789 2821 2920 2860 vero
2951 2806 3035 2859 vel
3069 2803 3374 2859 humilibus
3415 2819 3522 2858 ex-

1942 2898 2182 2954 hortatio
2211 2896 2511 2953 necessaria
2539 2903 2640 2963 est,
2673 2911 2768 2966 per
2795 2909 2957 2966 quam
3009 2892 3239 2948 addatur
3281 2892 3394 2946 illis
3424 2889 3522 2945 ali-

1943 2989 2064 3060 quis
2093 2988 2288 3054 honor,
2327 2994 2388 3041 ut
2418 2985 2550 3040 fiant
2576 2985 2775 3040 utiles:
2819 2984 2864 3038 si
2891 2981 3207 3054 quominus,
3253 2981 3368 3052 ipso
3396 2995 3520 3036 con-

1941 3085 2152 3149 temptu
2177 3073 2596 3147 negligentiores
2623 3071 2770 3128 circa
2795 3087 2851 3127 se
2879 3077 3059 3138 erunt,
3089 3068 3149 3124 in
3169 3068 3370 3141 quibus
3397 3083 3523 3123 ma-

1864 3196 1908 3257 C
1944 3171 2023 3244 gis
2047 3170 2444 3243 proficiendum
2475 3176 2574 3225 est.

2015 3259 2197 3330 (Vers.
2231 3258 2349 3330 25.)
2395 3282 2415 3306 ι
2444 3257 2549 3314 Sed
2577 3256 2722 3312 Deus
2750 3255 3076 3326 temperavit
3103 3269 3319 3324 corpus,
3349 3252 3399 3308 ei
3429 3253 3519 3308 cui
3599 3243 3606 3252 ’

1943 3353 2145 3423 deerat,
2172 3352 2626 3410 abundantiorem
2665 3351 2956 3406 tribuendo
2995 3349 3286 3413 honorem;
3320 3357 3380 3402 ut
3409 3364 3518 3404 non

1943 3443 2015 3496 sit
2051 3443 2289 3498 schisma
2319 3443 2398 3513 (9)
2433 3441 2490 3496 in
2520 3455 2763 3511 corpore,
2785 3437 2879 3493 sed
2907 3453 3004 3508 pro
3031 3437 3265 3490 invicem
3287 3435 3521 3492 sollicita

1943 3529 2058 3584 sint
2103 3528 2364 3584 membra.
2399 3553 2417 3576 ι
2459 3527 2548 3582 Sic
2573 3525 2710 3582 dicit
2737 3542 2768 3580 a
2795 3527 2907 3580 Deo
2941 3521 3278 3578 moderatum
3318 3522 3522 3578 huma-

1945 3635 2075 3674 num
2105 3633 2324 3688 corpus,
2352 3623 2413 3670 ut
2443 3615 2628 3670 omnia
2655 3611 2899 3668 membra
2927 3610 3044 3681 ejus
3059 3609 3358 3665 necessaria
3373 3610 3514 3676 sint;

1947 3721 2005 3762 ac
2040 3721 2133 3777 per
2165 3703 2269 3759 hoc
2300 3719 2398 3775 pro
2430 3719 2486 3758 se
2521 3701 2756 3756 invicem
2788 3699 3043 3764 sollicita,
3075 3697 3202 3770 quia
3229 3696 3378 3752 aliud
3402 3697 3521 3755 sine

1945 3793 2115 3848 altero
2158 3807 2271 3848 esse
2325 3808 2434 3846 non
2483 3796 2702 3862 potest:
2753 3795 2808 3843 et
2843 3786 2990 3860 quod
3017 3785 3246 3841 inferius
3279 3792 3518 3857 putatur,

1945 3889 2118 3960 magis
2145 3887 2505 3944 necessarium
2539 3894 2654 3952 est;
2685 3884 2829 3940 sicut
2857 3891 2912 3938 et
2958 3881 3025 3938 de
3053 3881 3316 3937 fratribus
3341 3898 3521 3953 expo-

1945 3977 2111 4034 situm
2148 3984 2248 4044 est,
2281 3977 2369 4031 vel
2398 3976 2761 4047 disputatum,
2792 3970 2923 4044 quia
2964 3970 3150 4026 nullus
3176 3968 3335 4025 debet
3368 3969 3520 4026 velut

1945 4066 2160 4122 inutilis
2188 4064 2416 4137 despici.

2019 4164 2199 4236 (Vers.
2233 4163 2346 4234 26.)
2394 4186 2412 4210 ι
2440 4163 2511 4217 Et
2538 4161 2583 4217 si
2606 4159 2735 4234 quid
2769 4158 2973 4231 patitur
2989 4173 3160 4213 unum
3189 4155 3517 4224 membrum,

1946 4252 2352 4323 compatiuntur
2403 4249 2588 4304 omnia
2646 4248 2907 4302 membra.
2943 4271 2962 4294 ι
3017 4246 3132 4301 Hoc
3168 4244 3233 4300 de
3263 4242 3518 4298 membris

1947 4341 2189 4413 corporis
2215 4339 2396 4395 carnis
2429 4338 2747 4410 ambiguum
2789 4353 2898 4392 non
2927 4342 3044 4401 est;
3078 4334 3205 4407 quia
3231 4333 3275 4388 si
3305 4333 3515 4398 oculus,

1947 4439 2042 4487 aut
2070 4448 2182 4502 pes,
2213 4431 2299 4485 vel
2335 4446 2527 4485 manus
2563 4429 2810 4500 capiatur
2851 4423 3171 4496 aegritudine
3207 4422 3388 4493 aliqua
3422 4421 3518 4474 in-

1865 4542 1914 4600 D
1948 4519 2242 4587 firmitatis,
2285 4528 2458 4576 totum
2488 4535 2686 4590 corpus
2714 4515 3000 4572 condolet:
3036 4513 3112 4567 ita
3153 4519 3206 4566 et
3234 4526 3334 4600 nos
3347 4509 3518 4600 docet

1950 4609 2063 4682 (10)
2095 4607 2385 4666 condolere
2429 4607 2712 4672 fratribus,
2743 4605 2788 4658 si
2818 4600 3024 4674 aliquid
3047 4595 3382 4668 hujusmodi,
3423 4599 3518 4648 aut

1945 4695 2282 4752 necessitatis
2328 4695 2628 4751 emerserit.
2689 4715 2708 4738 ι
2763 4690 2887 4746 Sive
2952 4685 3288 4757 gloriﬁcatur
3343 4695 3515 4736 unum

1947 4785 2274 4852 membrum,
2307 4783 2679 4854 congaudeant
2707 4777 2892 4833 omnia
2923 4773 3184 4828 membra.
3220 4795 3238 4816 ι
3279 4768 3518 4822 Manife-

1947 4883 2090 4932 stum
2113 4886 2194 4932 est
2222 4873 2350 4946 quia
2380 4873 2560 4926 laetum
2590 4875 2670 4922 est
2700 4872 2858 4935 caput
2891 4863 3005 4917 sive
3034 4868 3224 4916 caetera
3255 4857 3516 4926 membra,

1945 4964 1992 5020 si
2040 4963 2201 5036 pedes
2242 4961 2448 5018 fuerint
2484 4955 2720 5013 accurati
2758 4954 2842 5008 vel
2875 4952 3013 5006 sani.
3047 4949 3135 5005 Sic
3179 4948 3438 5004 debemus
3463 4955 3518 5002 et

1947 5033 2058 5108 nos
2072 5053 2274 5106 alacres
2301 5047 2438 5113 fieri,
2470 5045 2516 5100 si
2546 5045 2768 5098 fratrem
2803 5041 3038 5112 aliquem
3063 5038 3360 5094 viderimus
3389 5033 3519 5091 cul-

1945 5149 2119 5197 torem
2171 5137 2290 5203 Dei,
2343 5143 2397 5190 et
2433 5139 2651 5189 auctum
2699 5129 2980 5185 honestate
3024 5143 3258 5183 morum.
3290 5124 3394 5180 hoc
3415 5129 3515 5192 est,

1946 5244 2137 5285 sanum
2159 5241 2273 5280 esse
2297 5222 2546 5279 consilio.

2020 5317 2200 5389 (Vers.
2237 5313 2353 5385 27.)
2398 5335 2418 5360 ς
2446 5311 2559 5369 Vos
2597 5317 2779 5367 autem
2821 5307 2952 5364 estis
2978 5320 3173 5376 corpus
3199 5297 3426 5366 Christi,
3461 5301 3520 5352 et

2047 5459 2102 5530 8)
2136 5459 2290 5514 Rom.
2317 5457 2450 5530 edit.
2462 5499 2476 5524 ,
2510 5455 2680 5525 Caput
2707 5459 2777 5530 est
2805 5451 2940 5505 enim
2969 5445 3223 5530 corporis,
3253 5451 3359 5500 etc.

2046 5525 2102 5599 9)
2135 5531 2232 5584 Ms.
2260 5529 2444 5591 Corb.,
2477 5536 2534 5580 ut
2568 5544 2670 5579 non
2700 5525 2767 5577 sit
2791 5525 3072 5599 separatio.

2053 5584 2137 5672 19)
2169 5599 2300 5657 Cod.
2337 5584 2504 5666 Vell,
2535 5599 2608 5652 ita
2631 5603 2677 5650 et
2712 5610 2804 5648 nos
2831 5584 2985 5654 (tecet,
3016 5584 3162 5644 haud
3188 5586 3348 5642 male.
