3976 6394
496 385 603 452 268

1511 375 1610 437 ΑΙ)
1647 378 1884 438 OPERA
1921 377 1976 434 S.
2020 375 2349 436 AMBROSII
2389 376 2763 435 APPENDIX.
3677 377 3775 436 26.1

496 515 737 579 membra
775 511 842 570 de
893 511 1162 572 membro.
1194 536 1216 563 ι
1257 511 1507 570 Ostendit
1535 521 1717 585 aperte
1749 521 1986 568 nostram
2017 527 2074 566 se
2106 515 2150 572 Λ
2186 521 2359 584 potest
2389 512 2585 568 habere
2617 513 2899 581 \irtnte'n,
2941 512 3028 568 cui
3061 511 3149 567 dat
3182 515 3324 567 Dens
3355 511 3630 567 daemonia
3669 513 3779 584 ej?-

497 619 716 666 causam
777 617 874 676 per
930 603 1301 658 membrorum
1333 601 1632 658 carnalium
1664 603 1930 658 rationem
1963 611 2082 658 tra-

495 703 706 760 ctasse;
746 690 877 765 quia
917 706 1027 747 non
1065 705 1256 746 omnes
1280 705 1568 762 possumus
1592 690 1802 758 cadent,
1834 691 1925 746 sed
1956 690 2081 745 sin-

495 780 611 856 guli
632 796 732 855 pro
760 779 1021 856 qualitate
1049 777 1178 836 ﬁdei
1214 785 1271 836 et
1293 777 1523 854 gratiam
1553 777 1817 835 habemus
1845 793 2080 835 conces-

495 888 608 930 sam
620 915 633 928 .

569 959 752 1034 (Vere.
787 958 903 1032 28.)
945 983 964 1008 ι
987 958 1058 1016 Et
1081 955 1341 1032 quosdam
1371 955 1554 1034 posuit
1588 957 1734 1013 Deus
1761 955 1819 1012 in
1835 954 2081 1012 Ecclesia

497 1048 738 1126 primum
791 1047 1012 1122 quidem
1052 1049 1345 1120 apostolos.
1387 1072 1406 1098 ι
1457 1048 1632 1120 Caput
1663 1046 1846 1119 itaque
1877 1046 1935 1102 in
1964 1047 2082 1102 Ec-

494 1139 660 1198 clesia
705 1137 984 1211 apostolos
1021 1137 1224 1210 posuit,
1267 1136 1361 1212 qui
1391 1136 1552 1208 legati
1589 1135 1795 1193 Christi
1827 1142 1976 1203 sunt,
2009 1133 2080 1188 si-

500 1235 595 1286 cut
621 1224 758 1282 dicit
788 1223 930 1282 idem
962 1224 1260 1298 Apostolus
1289 1241 1302 1280 :
1339 1245 1362 1271 ι
1391 1223 1497 1280 Pro
1531 1238 1641 1296 quo
1670 1221 1940 1292 legatione
1961 1220 2082 1276 fun-

501 1314 682 1388 gimur
727 1314 815 1386 (ΙΙ
862 1313 986 1370 Cor.
1039 1329 1097 1380 v,
1143 1311 1260 1384 20).
1309 1334 1330 1361 ι
1389 1311 1483 1368 Isti
1531 1318 1660 1366 sunt
1687 1308 1948 1380 episcopi,
1979 1307 2084 1363 ﬁr-

499 1411 682 1460 mante
739 1401 885 1458 istud
933 1401 1095 1458 Petro
1134 1399 1400 1472 apostolo,
1445 1406 1500 1454 et
1540 1397 1753 1454 dicente
1782 1399 1925 1453 inter
1968 1413 2083 1452 cae—

499 1498 613 1547 tera
658 1490 727 1546 de
769 1488 941 1545 Juda:
990 1512 1010 1537 ι
1037 1489 1109 1546 Et
1139 1487 1508 1566 episcopatum
1537 1485 1656 1559 ejus
1685 1487 1916 1560 accipiat
1944 1486 2083 1542 alter

501 1577 642 1652 (Act.
667 1595 706 1646 ι,
740 1577 854 1649 20).
888 1601 908 1626 ι

585 1692 606 1718 ι
634 1667 885 1725 Secundo
921 1665 1233 1740 prophetas.
1267 1690 1288 1718 ι
1330 1665 1628 1740 Prophetas
1654 1663 1861 1738 duplici
1894 1681 2082 1738 genere

499 1762 894 1834 intelligamus,
925 1768 978 1817 et
1009 1761 1194 1819 futura
1229 1759 1492 1828 dicentes,
1544 1768 1598 1817 et
1642 1757 1950 1830 Scripturas
1985 1774 2083 1814 re-

2192 617 2330 657 cerc.
2383 628 2400 648 «
2428 604 2566 658 Num
2599 619 2786 658 omnes
2816 603 3040 673 gratiam
3092 601 3293 655 habent
3323 603 3671 658 curationum
3699 601 3722 658 Τ
3749 627 3766 649 ι

2193 688 2477 756 Quomodo
2508 698 2683 763 potest
2712 691 2829 746 ﬂeri
2859 698 2918 746 ut
2947 707 3136 746 onmes
3180 689 3413 745 habeant
3456 689 3600 746 dona
3631 707 3778 748 cura-

2192 778 2404 836 tionum
2432 781 2462 836 ?
2517 805 2535 827 ι
2579 781 2858 853 Numquid
2909 797 3098 836 onmes
3137 781 3338 850 linguis
3372 781 3722 854 loquuntur?
3751 806 3766 828 ι

2191 870 2310 926 Non
2357 869 2568 941 utique,
2617 869 2724 924 nisi
2774 869 2867 943 qui
2919 870 3125 942 accepit
3183 871 3387 928 donum
3444 871 3500 928 in
3552 871 3655 928 hac
3704 887 3776 926 re.

2204 979 2226 1006 ‹
2262 957 2538 1032 Numquid
2569 974 2758 1014 omnes
2779 958 3205 1032 interpretantur
3237 959 3350 1031 ut)
3384 958 3447 1014 7-
3491 959 3589 1014 Ille
3609 967 3781 1032 potest

2193 1063 2467 1104 sermones
2523 1049 2887 1121 interpretari,
2929 1048 3018 1105 cui
3076 1049 3167 1105 dat
3203 1050 3366 1105 Deus.
3430 1049 3491 1105 In
3537 1047 3778 1121 supradi-

2192 1144 2341 1195 ctum
2363 1153 2580 1193 sensum
2611 1137 2729 1196 hazc
2759 1136 3064 1194 inserenda.
3101 1137 3433 1210 Explanavit
3472 1137 3781 1206 enim,red—

2194 1225 2308 1282 dita
2363 1227 2598 1292 ratione,
2643 1242 2834 1282 omnes
2875 1225 3075 1282 habere
3119 1225 3360 1282 diversas
3401 1224 3624 1296 gratias,
3685 1239 3780 1282 nec

2194 1321 2368 1370 totum
2396 1315 2560 1371 alicui
2591 1313 2840 1380 concedi,
2870 1315 3121 1388 exemplo
3149 1312 3538 1370 membrorum.
3573 1315 3772 1370 Exen.-

2195 1401 2286 1472 plo
2323 1401 2469 1456 enim
2507 1401 2750 1473 corporis
2779 1401 2958 1457 carnis
2979 1401 3223 1474 spiritale
3252 1417 3447 1473 corpus
3493 1402 3776 1474 insinuat)

2195 1506 2258 1548 ac
2305 1507 2399 1562 per
2427 1490 2532 1548 hoc
2562 1492 2619 1548 in
2649 1492 2909 1548 omnibus
2951 1494 3122 1548 Deum
3154 1491 3610 1561 benedicendum,
3643 1499 3697 1548 et
3726 1493 3779 1548 in

2196 1579 2366 1652 ipsius
2404 1580 2624 1636 nomine
2683 1581 3048 1654 gloriandum,
3089 1581 3245 1653 cujus
3287 1582 3458 1653 gratia
3497 1589 3597 1637 est.
3633 1582 3781 1639 Ilanc

2195 1669 2460 1724 rationem
2479 1670 2642 1726 etiam
2675 1671 2730 1726 in
2762 1672 2922 1728 rebus
2953 1672 3196 1744 physicis
3228 1671 3558 1740 invenimus;
3584 1688 3778 1729 aurum

2194 1759 2340 1815 enim
2364 1776 2488 1816 cum
2516 1760 2714 1816 melius
2742 1770 2965 1834 argento
2993 1761 3095 1830 sit,
3125 1763 3246 1834 plus
3283 1769 3462 1818 tamen
3493 1761 3552 1818 in
3582 1779 3685 1818 usu
3700 1779 3781 1818 ar-

499 1855 784 1921 velantes;
832 1852 1089 1926 quamvis
1129 1851 1242 1908 sint
1285 1858 1339 1908 et
1363 1849 1593 1924 apostoli
1625 1847 1924 1920 prophetae,
1955 1847 2083 1920 quia
2121 1867 2166 1929 Β
2197 1854 2417 1920 gentem
2448 1857 2564 1916 est;
2599 1856 2652 1904 et
2679 1866 2802 1906 cum
2835 1867 2907 1906 aes
2929 1851 3290 1906 necessarium
3320 1851 3412 1920 sit,
3455 1851 3578 1924 plus
3601 1857 3777 1905 tamen

495 1942 709 2017 primus
755 1943 951 2015 gradus
979 1942 1164 1999 omnia
1206 1941 1454 2014 subjecta
1481 1940 1664 1996 habet.
1697 1938 1942 2010 Denique
1972 1955 2086 2010 pes-

496 2031 676 2087 simus
729 2030 964 2106 Caiphas
1008 2038 1232 2108 propter
1267 2028 1413 2102 quod
1457 2027 1710 2102 princeps
1747 2025 2086 2082 sacerdotum

507 2127 627 2178 erat
659 2161 675 2186 ,
727 2115 1078 2190 prophetavlt
1133 2116 1314 2186 (Joan.
1362 2131 1446 2183 χι,
1493 2114 1608 2188 51),
1651 2111 1860 2170 ordinis
1897 2113 2086 2186 utique

500 2223 690 2276 causa,
720 2223 832 2263 non
867 2205 1075 2280 proprii
1105 2203 1308 2261 meriti.
1346 2203 1548 2260 Tamen
1589 2202 1894 2276 specialiter
1931 2210 2087 2259 erant

499 2297 784 2372 prophetae
809 2302 864 2352 et
891 2294 1294 2367 Scripturarum
1325 2291 1664 2365 interpretes,
1697 2299 1749 2348 et
1777 2291 1960 2348 futura
1989 2291 2086 2347 di-

503 2395 690 2445 centes
729 2382 869 2442 sicut
897 2390 1013 2440 erat
1043 2381 1279 2456 Agabus,
1311 2382 1402 2456 qui
1433 2381 1602 2438 exitia
1620 2389 1674 2438 et
1701 2381 1925 2439 vincula
1953 2381 2085 2438 huic

497 2475 764 2548 Apostolo
792 2472 1140 2547 prophetarit
1163 2472 1347 2528 futura
1375 2471 1769 2544 Hierosolymis
1815 2470 2081 2542 (Actxxr,

500 2564 619 2636 il),
663 2570 718 2620 et
749 2563 948 2620 famem
1003 2561 1220 2629 cecinit,
1267 2576 1386 2634 qua:
1428 2560 1572 2616 facta
1598 2567 1678 2618 est
1707 2559 1810 2616 sub
1851 2558 2082 2617 Claudio

505 2652 648 2726 (Act.
679 2667 759 2721 xr,
791 2651 906 2723 28).
939 2650 1068 2708 Ideo
1113 2666 1418 2724 quanquam
1455 2649 1526 2706 sit
1557 2650 1754 2706 melior
1777 2650 2076 2726 apostolus,

497 2739 795 2814 aliquando
821 2746 1002 2796 tamen
1025 2747 1145 2811 eget
1177 2737 1474 2811 prophetis.
1504 2738 1575 2794 Et
1602 2738 1731 2811 quia
1754 2737 1822 2796 ab
1840 2753 1951 2794 uno
1969 2740 2080 2796 Deo

497 2831 658 2888 Patre
695 2836 823 2888 sunt
859 2827 1065 2898 omnia,
1103 2827 1349 2901 singulos
1393 2827 1674 2902 episcopos
1703 2827 1934 2902 singulis
1965 2829 2083 2887 Ec-

497 2918 681 2978 clesiis
708 2933 934 2990 praeesse
957 2917 1217 2974 decrevit.

587 3030 610 3056 ι
648 3007 836 3065 Tertio
887 3005 1158 3063 doctores.
1197 3028 1219 3056 ι
1267 3005 1398 3063 Illos
1443 3004 1581 3063 dicit
1626 3005 1875 3064 doctores
1902 3003 2079 3079 quiin

502 3094 734 3154 ecclesia
775 3093 973 3151 litteris
1003 3101 1058 3152 et
1101 3093 1430 3153 lectionibus
1459 3095 1760 3151 retinendis
1787 3095 1906 3168 (11)
1936 3110 2082 3165 pue-

501 3200 596 3242 ros
647 3181 965 3240 imbuebant
1020 3197 1173 3239 more
1247 3183 1584 3258 Synagogas;
1648 3182 1778 3258 quia
1852 3181 2078 3238 traditio

498 3271 726 3330 illorum
799 3269 870 3330 ad
943 3285 1046 3331 nos
1105 3271 1401 3330 transitum
1481 3270 1630 3328 fecit.
1697 3269 1904 3337 Quarto
1963 3270 2084 3326 loco

495 3363 575 3421 ait
602 3377 616 3420 :
1067 3373 1084 3388 ·

575 3486 596 3513 ι
629 3461 840 3522 Deinde
866 3462 1126 3532 virtutes,
1143 3458 1344 3518 deinde
1369 3458 1599 3533 gratiam
1627 3457 1974 3515 curationum
2001 3475 2016 3527 ;
2048 3482 2068 3507 ι

493 3560 675 3629 potest
701 3553 852 3612 enim
880 3552 1104 3626 aliquiis
1151 3567 1264 3607 non
1293 3565 1409 3606 esse
1447 3549 1752 3621 episcopus.
1795 3555 1849 3604 et
1885 3547 2080 3604 habere

490 3641 552 3700 in
597 3659 654 3699 se
699 3641 908 3697 donum
956 3637 1184 3694 virtutis
1225 3635 1543 3692 sanitatum.
1610 3660 1630 3684 ε
1657 3635 2078 3706 Opitulationes,

489 3729 956 3804 gubernationes;
1002 3750 1023 3774 ι
1072 3731 1137 3779 ut
1191 3723 1250 3779 in
1280 3724 1442 3778 rebus
1469 3723 1676 3779 divinis
1703 3723 1896 3794 vigilet
1925 3724 2081 3778 intel-

489 3817 674 3874 lectu:
705 3816 784 3873 ita
810 3823 1018 3884 tamen,
1048 3819 1112 3870 ut
1147 3811 1208 3868 in
1235 3810 1532 3885 aliquibus,
1563 3827 1684 3883 quae
1718 3810 1944 3882 implere
1972 3827 2081 3864 non

493 3905 839 3974 conceditur,
887 3902 958 3961 ab
1011 3901 1122 3960 alio
1173 3907 1356 3958 sumat
1407 3899 1554 3973 quod
1584 3915 1694 3955 non
1734 3898 1923 3963 habet;
1956 3897 2084 3970 quia

489 4001 673 4052 totum
692 3994 792 4050 uni
819 3991 1046 4050 concedi
1078 4006 1190 4048 non
1210 3997 1412 4064 potest.
1427 3989 1566 4047 Sunt
1593 3996 1647 4046 et
1675 3987 2082 4064 gubernatores,

495 4083 593 4158 qui
643 4089 785 4148 154
828 4080 1169 4156 spiritalibus
1209 4080 1529 4138 retinaculis
1557 4079 1876 4136 hominibus
1905 4077 2085 4134 docu—

493 4187 684 4238 mento
736 4187 884 4238 sunt.
955 4203 978 4227 ε
1031 4179 1244 4236 Genera
1296 4178 1645 4249 linguarum;
1703 4200 1723 4224 ι
1782 4182 1844 4230 ut
1877 4174 2082 4230 donum

491 4271 566 4328 sit
617 4271 717 4328 Dei
775 4269 976 4326 multas
1032 4269 1221 4340 lingua
1270 4267 1432 4323 scire.
1509 4289 1530 4312 ι
1576 4265 2083 4336 Interpretationem

491 4373 850 4426 sermonum;
909 4356 1028 4431 (12)
1081 4363 1146 4413 ut
1191 4355 1298 4411 hoc
1341 4353 1506 4410 alicui
1551 4355 1722 4426 gratia
1763 4352 1862 4410 Dei
1891 4355 2082 4424 imper-

489 4449 614 4518 tiat,
673 4455 738 4506 ut
785 4445 1100 4521 linguarum
1147 4441 1685 4518 interpretandarum
1719 4440 1917 4498 habeat
1943 4441 2084 4514 peri-

487 4537 645 4596 tiam.

563 4629 746 4704 (Vers.
786 4628 905 4704 29.)
948 4651 969 4679 ι
995 4625 1278 4702 Numquid
1303 4640 1494 4684 omnes
1522 4619 1804 4698 apostoli?
1828 4645 1848 4670 ι
1875 4619 2080 4679 Verum

487 4720 722 4794 est,quia
750 4718 808 4776 in
837 4720 1084 4777 Ecclesia
1113 4735 1256 4776 unus
1283 4723 1364 4774 est
1391 4716 1695 4788 episcopus.
1757 4737 1776 4758 ι
1803 4709 2080 4782 Numquid

489 4826 680 4866 omnes
727 4811 844 4885 (t3)
894 4810 1172 4885 prophetae
1201 4809 1232 4868 τ
1275 4831 1296 4858 ι
1343 4808 1466 4867 Non
1504 4812 1586 4863 est
1622 4803 1939 4876 ambiguum
1971 4817 2080 4858 non

490 4897 748 4954 omnibus
797 4900 1023 4956 concedi
1089 4898 1456 4974 prophetiam.
1503 4920 1524 4945 ε
1563 4893 1845 4968 Numquid
1893 4907 2082 4948 omnes

491 4985 785 5042 doctores?
811 5010 832 5036 ι
871 4987 972 5046 Ille
999 4987 1196 5047 doctor
1223 4999 1328 5060 est,
1357 4990 1450 5048 cui
1479 4986 1618 5044 alios
1647 4984 1866 5042 erudire
1893 4997 2081 5040 conce-

492 5071 665 5130 ditur.

563 5161 748 5236 (Vers.
802 5161 918 5233 30.)
983 5185 1004 5211 ι
1049 5163 1331 5238 Numquid
1371 5181 1561 5223 omnes
1606 5160 1890 5220 virtutes?
1918 5183 1937 5209 ρ
1980 5159 2084 5217 llic

507 5347 512 5354 υ
559 5322 680 5463 ΣΗ)
711 5323 872 5380 Rom.
901 5320 1062 5390 edit.,
1093 5327 1142 5376 et
1170 5321 1545 5378 traditionibus
1570 5322 1874 5378 retinendis.
1915 5327 1920 5334 '

511 5462 516 5463 γ
589 5394 654 5448 12
738 5393 1114 5463 Interpretatio
1157 5409 1453 5448 ser-manum
1511 5393 1568 5448 in
1616 5409 1742 5447 mss.
1801 5407 1920 5446 nom

589 5391 678 5466 12)
738 5393 1114 5466 Interpretatio
1157 5409 1464 5466 sermonum
1511 5393 1568 5466 in
1616 5409 1742 5466 mss.
1801 5391 2081 5466 nonnullis

487 5461 902 5534 desiderantur;
946 5473 1001 5521 et
1037 5480 1223 5520 revera
1255 5463 1419 5518 etiam
1453 5464 1508 5534 in
1530 5463 1730 5534 Graecis
1755 5481 1816 5518 ac
1843 5461 2083 5534 Syriacis

490 5533 798 5591 Bibliorum
839 5533 1248 5608 exeirtplaribus
1309 5549 1420 5589 non
1467 5533 1767 5608 habentur.
1823 5533 2080 5608 Sequr-nti

491 5612 676 5663 autem
705 5621 868 5677 versu
894 5604 1052 5666 Rom.
1090 5608 1226 5663 edit.
1262 5605 1526 5677 reposuit,
1555 5611 1616 5658 ut
1661 5621 1956 5677 sermonum.
1988 5604 2084 5677 in-

488 5676 968 5748 ιε’Ῥνεειαηἁονιιηι,
1008 5678 1104 5735 ubi
1136 5679 1260 5736 alia
1305 5673 1361 5736 ἐι
1389 5692 1525 5736 mss.
1537 5716 1556 5747 ,
1578 5679 1638 5732 ut
1659 5675 1960 5747 linguarum
1992 5673 2084 5725 in-

484 5747 970 5823 krpretandarum,
1019 5758 1127 5810 etc.

2198 1937 2342 1990 ferro
2389 1953 2524 2008 opus
2577 1945 2684 2005 est;
2718 1938 2858 1993 nihil
2885 1939 3030 1994 enim
3059 1955 3194 2012 pene
3220 1939 3338 1994 sine
3364 1939 3508 1995 ferro
3537 1938 3624 2010 ﬁt,
3657 1951 3776 1995 cum

2197 2024 2268 2079 sit
2299 2024 2547 2081 inferius.
2572 2027 2643 2082 Et
2663 2035 2782 2098 post
2812 2026 2959 2084 hrcc:

2270 2114 2449 2186 (γει-8.
2485 2115 2599 2185 31.)
2663 2139 2682 2162 ο
2712 2115 3074 2170 Λίιηυίωηὶηἰ
3105 2116 3434 2172 charismata
3464 2117 3717 2174 meliora.
3748 2141 3770 2168 ›

2196 2203 2310 2259 Iloc
2365 2219 2493 2258 mox
2535 2202 2592 2258 in
2627 2202 2887 2274 subjectis
2929 2203 3183 2259 absolvit.
3237 2227 3256 2250 ι
3285 2206 3357 2260 Εῑ
3390 2204 3572 2260 adhuc
3607 2205 3781 2279 magis

2195 2293 2638 2348 excellentiorem
2667 2293 2814 2348 viam
2858 2291 3014 2348 vobis
3041 2292 3376 2350 demonstro.
3419 2318 3438 2341 ι
3497 2292 3778 2354 Gradatim

2195 2383 2318 2439 illos
2369 2383 2438 2439 ad
2479 2383 2701 2440 utiliora
2747 2382 3022 2454 provehit,
3081 2383 3372 2440 ostendens
3404 2383 3516 2440 illis
3547 2387 3777 2458 gratiam

2192 2472 2486 2545 supradicti
2517 2471 2697 2529 omnis
2717 2471 2868 2539 doni,
2899 2472 3045 2545 quod
3067 2473 3123 2528 in
3147 2471 3467 2528 hominibus
3497 2473 3776 2544 videntur,

2191 2563 2306 2620 sive
2337 2561 2618 2636 loquendi,
2668 2569 2762 2618 aut
2813 2561 3064 2631 curandi,
3105 2569 3199 2618 aut
3245 2561 3628 2636 prophetandi,
3665 2581 3776 2621 non

2190 2651 2258 2708 ad
2287 2653 2546 2708 meritum
2576 2649 2816 2706 hominis
2841 2651 3134 2724 pertinere,
3179 2649 3270 2706 sed
3310 2649 3380 2708 ad
3411 2651 3776 2708 honorificeno

2189 2741 2323 2799 tiam
2362 2741 2481 2799 Dei.
2533 2740 2768 2815 Ideoque
2814 2756 2962 2797 nunc
3010 2739 3156 2795 viam
3187 2756 3242 2796 se
3270 2739 3406 2795 dicit
3447 2739 3558 2797 illis
3584 2749 3780 2798 osten-

2189 2831 2316 2888 dere
2360 2830 2682 2902 planiorem,
2742 2845 2845 2902 qua
2878 2828 2988 2884 itur
3015 2827 3083 2884 ad
3111 2829 3331 2896 cmlum,
3363 2844 3482 2901 quae
3506 2829 3774 2888 meritum

2189 2922 2419 2979 collocat
2449 2919 2592 2993 apud
2623 2922 2819 2976 Deum.
2849 2919 2983 2975 Nam
3006 2917 3134 2990 quia
3165 2917 3474 2990 supradicta
3499 2933 3608 2973 non
3635 2933 3775 2972 sem-

2188 3026 2285 3084 per
2333 3009 2400 3065 ad
2456 3009 2712 3064 meritum
2755 3007 3052 3082 pertinent,
3081 3005 3218 3065 dicit
3245 3007 3520 3063 Salvator:
3561 3030 3580 3053 ε
3611 3007 3772 3064 Multi

2188 3097 2327 3154 mihi
2359 3097 2544 3153 dicent
2573 3097 2633 3153 in
2662 3097 2756 3152 illa
2784 3096 2894 3152 die.
2937 3121 2957 3145 ι
2997 3095 3054 3152 id
3083 3105 3164 3152 est
3187 3093 3384 3168 judicii
3411 3111 3424 3149 :
3468 3119 3488 3142 ι
3516 3095 3771 3164 Domine,

2143 3232 2151 3251 .
2187 3188 2444 3252 Domine,
2473 3203 2655 3242 nonne
2685 3186 2742 3240 in
2771 3185 2994 3242 nomine
3018 3194 3113 3243 tuo
3145 3184 3606 3258 prophetavimus,
3635 3192 3690 3240 et
3713 3185 3772 3241 in

2191 3276 2414 3332 nomine
2461 3282 2556 3332 tuo
2605 3274 2858 3330 demonia
2915 3275 3194 3347 eiecimus,
3235 3284 3288 3332 et
3317 3273 3546 3330 virtutes
3574 3272 3774 3329 multas

2191 3365 2422 3424 fecimus
2463 3366 2672 3436 (Matth.
2706 3382 2807 3433 vn,
2838 3365 2965 3434 ηρ
2987 3389 3004 3412 ι
3047 3365 3117 3419 Et
3145 3364 3274 3436 quia
3301 3379 3411 3419 non
3440 3363 3543 3420 hoc
3567 3361 3634 3417 ad
3664 3379 3776 3417 me-

2192 3457 2355 3512 ritum
2389 3454 2645 3528 pertinet,
2677 3453 2771 3510 sed
2799 3453 2978 3510 oﬂicia
3003 3461 3132 3508 sunt
3159 3452 3433 3522 Ecclesiae,
3465 3451 3531 3507 ad
3567 3450 3778 3507 confu—

2191 3545 2398 3602 sionem
2431 3543 2740 3616 gentilium,
2769 3550 2822 3599 et
2850 3543 2948 3598 Dei
2978 3541 3451 3598 honoriﬁcentiam
3476 3547 3775 3616 protestan-

2191 3634 2338 3701 dam,
2365 3633 2500 3689 dicit
2528 3633 2606 3688 eis
2634 3632 2903 3688 Dominus
2928 3648 2940 3686 :
2990 3655 3010 3680 ι
3036 3630 3288 3688 Becedite
3309 3646 3340 3685 a
3368 3645 3472 3696 me;
3505 3644 3616 3683 non
3637 3627 3775 3683 novi

2193 3738 2309 3790 vos,
2353 3721 2585 3794 operarii
2634 3721 2944 3792 iniquitatis
2981 3721 3143 3791 (Ibid.
3193 3719 3308 3792 27).
3341 3743 3360 3767 ι
3407 3717 3593 3774 Securi
3621 3717 3771 3773 enim

2192 3811 2320 3884 quia
2339 3810 2438 3866 Dei
2461 3811 2518 3864 in
2535 3809 2646 3864 illis
2678 3811 2922 3882 operatio
2951 3808 3630 3882 cernebatur,negligentes
3649 3825 3776 3880 erga

2193 3917 2248 3956 se
2291 3901 2556 3968 fuerunt;
2598 3915 2723 3956 nam
2767 3909 2820 3956 et
2867 3899 3213 3972 septuaginta
3242 3897 3458 3954 duobus
3487 3897 3777 3970 discipulis

2193 3990 2552 4064 gaudentibus
2577 3990 2710 4070 quia
2739 3990 3009 4046 daemonia
3039 3991 3150 4046 illis
3178 3988 3396 4046 subdita
3431 3989 3670 4057 fuerant,
3691 3989 3778 4045 di-

2191 4083 2267 4140 cit
2295 4084 2580 4139 Salvator:
2626 4105 2645 4130 ι
2679 4083 2860 4139 Nolite
2890 4083 2948 4138 in
2975 4081 3079 4138 hoc
3119 4081 3369 4154 gaudere,
3401 4079 3544 4154 quod
3574 4080 3776 4136 daemo-

2193 4172 2284 4228 nia
2324 4171 2483 4227 vobis
2519 4170 2760 4243 subjecta
2803 4177 2967 4238 sunt;
2999 4169 3092 4226 sed
3121 4170 3180 4224 in
3219 4169 3323 4226 hoc
3351 4169 3593 4240 gaudete,
3626 4169 3777 4242 quod

2195 4263 2418 4320 nomina
2442 4272 2621 4319 vestra
2666 4263 2869 4336 scripta
2895 4270 3022 4318 sunt
3052 4262 3109 4317 in
3140 4263 3278 4318 coelo
3308 4262 3457 4334 (Luc.
3496 4277 3558 4329 x,
3597 4261 3713 4332 20).
3742 4286 3762 4310 ι

2191 4353 2389 4422 Quare,
2438 4352 2543 4408 nisi
2593 4353 2723 4424 quia
2772 4350 2985 4406 nomini
3033 4350 3131 4406 Dei
3185 4349 3428 4422 subjecta
3474 4357 3622 4418 sunt,
3663 4365 3776 4406 non

2192 4442 2433 4500 hominis
2474 4441 2668 4497 merito
2689 4441 2718 4497 ?
2764 4441 2834 4497 Et
2866 4455 3031 4514 quare
3060 4455 3208 4495 nunc
3237 4455 3349 4495 non
3380 4439 3455 4494 ita
3483 4437 3564 4506 ﬁt,
3597 4445 3660 4494 ut
3689 4438 3777 4494 ha-

2191 4536 2355 4592 beant
2391 4533 2642 4590 homines
2688 4533 2914 4606 gratiam
2943 4531 3088 4588 Dei?
3117 4532 3263 4586 Inter
3289 4530 3446 4586 initia
3477 4531 3594 4586 ﬁeri
3618 4547 3776 4604 opor-

2188 4625 2317 4692 tuit,
2365 4630 2426 4680 ut
2468 4623 2827 4679 fundamenta
2868 4621 2994 4678 ﬁdei
3061 4621 3372 4692 acciperent
3421 4619 3770 4676 ﬁrmitatem:

2190 4733 2338 4774 nunc
2385 4723 2566 4773 autem
2598 4732 2708 4772 non
2748 4731 2884 4788 opus
2923 4720 3004 4770 est
3044 4731 3057 4779 ;
3093 4711 3220 4788 quia
3251 4711 3482 4784 populus
3511 4711 3770 4784 populum

2189 4807 2412 4864 adducit
2437 4805 2507 4862 ad
2538 4804 2723 4874 fidem,
2755 4820 2881 4861 cum
2923 4801 3184 4859 videntur
3211 4817 3399 4858 eorum
3419 4800 3562 4858 bona
3588 4817 3770 4874 opera,

2189 4915 2244 4966 et
2271 4907 2587 4981 praedicatio
2615 4905 2871 4978 simplex.

2781 5029 3007 5087 CAPUT
3036 5029 3184 5088 XIII.

2263 5149 2445 5225 (Vers.
2497 5145 2578 5222 1.)
2645 5171 2667 5197 ι
2713 5148 2772 5206 Si
2805 5149 3008 5222 linguis
3036 5147 3327 5204 hominum
3359 5147 3555 5220 loquar
3581 5151 3640 5204 et
3665 5161 3774 5204 an-

2223 5310 2380 5437 t(l3)
2413 5311 2538 5367 Mss.
2572 5309 2802 5384 aliquot,
2833 5326 2969 5366 unus
2994 5316 3070 5367 est
3096 5310 3359 5368 Christus.
3401 5309 3542 5366 Num
3575 5324 3772 5378 manu,

2249 5400 2294 5437 c.

2191 5399 2294 5439 ΘΙΟ.

2267 5455 2382 5526 (1’s)
2432 5453 2565 5512 Cod.
2615 5453 2802 5522 Corb.,
2847 5453 3270 5526 interpreteutm'.
3323 5453 3426 5510 Nec
3475 5451 3775 5526 hoeiambi-

2189 5523 2371 5599 guunt,
2403 5527 2531 5599 quia
2567 5527 2671 5579 nisi
2710 5525 2792 5578 cui
2824 5523 3078 5580 Dentibus
3107 5528 3328 5599 grati/1m
3369 5542 3516 5599 suae}
3552 5523 3774 5599 deJcrit,

2191 5595 2532 5667 interpretari
2578 5612 2906 5666 nequaquam
2948 5595 3166 5669 poterit.
3208 5595 3565 5654 IEmulmuiui
3601 5601 3772 5653 autem

2192 5670 2538 5733 charismata,
2567 5674 2676 5724 etc.
