  <div class='ocr_page' id='page_1' title='image "/cluster/home/n/w/nwhite01/storage/ocr_20150623/17/umn.31951002477311b/140.png"; bbox 0 0 3976 6380; ppageno 0'>
   <div class='ocr_carea' id='block_1_1' title="bbox 103 338 213 403">
    <p class='ocr_par' dir='ltr' id='par_1_1' title="bbox 103 338 213 403">
     <span class='ocr_line' id='line_1_1' title="bbox 103 338 213 403; baseline -0.036 0"><span class='ocrx_word' id='word_1_1' title='bbox 103 338 213 403; x_wconf 71' lang='grc'><strong>265</strong></span> 
     </span>
    </p>
   </div>
   <div class='ocr_carea' id='block_1_2' title="bbox 1113 345 2326 443">
    <p class='ocr_par' dir='ltr' id='par_1_2' title="bbox 1113 345 2326 443">
     <span class='ocr_line' id='line_1_2' title="bbox 1113 345 2326 443; baseline 0.008 -41"><span class='ocrx_word' id='word_1_2' title='bbox 1113 432 1125 443; x_wconf 33' lang='grc'><strong>⁸</strong></span> <span class='ocrx_word' id='word_1_3' title='bbox 1177 345 1539 404; x_wconf 81' lang='lat' dir='ltr'><strong>COMMENT.</strong></span> <span class='ocrx_word' id='word_1_4' title='bbox 1580 347 1652 405; x_wconf 85' lang='lat' dir='ltr'><strong>IN</strong></span> <span class='ocrx_word' id='word_1_5' title='bbox 1689 349 1905 406; x_wconf 87' lang='lat' dir='ltr'><strong>EPIST.</strong></span> <span class='ocrx_word' id='word_1_6' title='bbox 1958 352 1979 407; x_wconf 89' lang='lat' dir='ltr'>I</span> <span class='ocrx_word' id='word_1_7' title='bbox 2021 352 2117 409; x_wconf 81' lang='lat' dir='ltr'><strong>AD</strong></span> <span class='ocrx_word' id='word_1_8' title='bbox 2168 353 2326 412; x_wconf 83' lang='lat' dir='ltr'><strong>COR.</strong></span> 
     </span>
    </p>
   </div>
   <div class='ocr_carea' id='block_1_3' title="bbox 3317 365 3422 423">
    <p class='ocr_par' dir='ltr' id='par_1_3' title="bbox 3317 365 3422 423">
     <span class='ocr_line' id='line_1_3' title="bbox 3317 365 3422 423; baseline 0.01 -1"><span class='ocrx_word' id='word_1_9' title='bbox 3317 365 3422 423; x_wconf 75' lang='lat'><strong>266</strong></span> 
     </span>
    </p>
   </div>
   <div class='ocr_carea' id='block_1_4' title="bbox 105 466 3421 551">
    <p class='ocr_par' dir='ltr' id='par_1_4' title="bbox 105 466 3421 551">
     <span class='ocr_line' id='line_1_4' title="bbox 105 466 3421 551; baseline 0.008 -32"><span class='ocrx_word' id='word_1_10' title='bbox 105 466 379 537; x_wconf 87' lang='lat' dir='ltr'><strong>gelorum,</strong></span> <span class='ocrx_word' id='word_1_11' title='bbox 411 467 732 524; x_wconf 86' lang='lat' dir='ltr'><strong>cbaritatem</strong></span> <span class='ocrx_word' id='word_1_12' title='bbox 762 477 942 537; x_wconf 87' lang='lat' dir='ltr'><strong>autem</strong></span> <span class='ocrx_word' id='word_1_13' title='bbox 975 486 1086 526; x_wconf 90' lang='lat' dir='ltr'><strong>non</strong></span> <span class='ocrx_word' id='word_1_14' title='bbox 1116 471 1364 540; x_wconf 83' lang='lat' dir='ltr'><strong>habeam,</strong></span> <span class='ocrx_word' id='word_1_15' title='bbox 1396 491 1569 530; x_wconf 88' lang='lat' dir='ltr'><strong>unum</strong></span> <span class='ocrx_word' id='word_1_16' title='bbox 1594 491 1714 530; x_wconf 91' lang='lat' dir='ltr'><strong>sum</strong></span> <span class='ocrx_word' id='word_1_17' title='bbox 1744 479 1792 537; x_wconf 83' lang='grc' dir='ltr'>Α</span> <span class='ocrx_word' id='word_1_18' title='bbox 1822 474 1941 547; x_wconf 84' lang='lat' dir='ltr'><strong>ejus</strong></span> <span class='ocrx_word' id='word_1_19' title='bbox 1986 476 2053 531; x_wconf 90' lang='lat' dir='ltr'><strong>ad</strong></span> <span class='ocrx_word' id='word_1_20' title='bbox 2106 477 2343 534; x_wconf 87' lang='lat' dir='ltr'><strong>nihilum</strong></span> <span class='ocrx_word' id='word_1_21' title='bbox 2385 480 2753 539; x_wconf 82' lang='lat' dir='ltr'><strong>deduxerunt.</strong></span> <span class='ocrx_word' id='word_1_22' title='bbox 2793 487 2926 542; x_wconf 91' lang='lat' dir='ltr'><strong>Nam</strong></span> <span class='ocrx_word' id='word_1_23' title='bbox 2977 496 3031 543; x_wconf 90' lang='lat' dir='ltr'><strong>et</strong></span> <span class='ocrx_word' id='word_1_24' title='bbox 3049 490 3421 551; x_wconf 88' lang='lat' dir='ltr'><strong>Tertullianus</strong></span> 
     </span>
    </p>
   </div>
   <div class='ocr_carea' id='block_1_5' title="bbox 106 551 1703 630">
    <p class='ocr_par' dir='ltr' id='par_1_5' title="bbox 106 551 1703 630">
     <span class='ocr_line' id='line_1_5' title="bbox 106 551 1703 630; baseline 0.008 -26"><span class='ocrx_word' id='word_1_25' title='bbox 106 551 260 606; x_wconf 68' lang='lat' dir='ltr'><strong>velut</strong></span> <span class='ocrx_word' id='word_1_26' title='bbox 282 564 644 611; x_wconf 68' lang='lat' dir='ltr'><strong>aet-amentum</strong></span> <span class='ocrx_word' id='word_1_27' title='bbox 662 572 942 625; x_wconf 78' lang='lat' dir='ltr'><strong>resonans,</strong></span> <span class='ocrx_word' id='word_1_28' title='bbox 964 568 1059 614; x_wconf 91' lang='lat' dir='ltr'><strong>aut</strong></span> <span class='ocrx_word' id='word_1_29' title='bbox 1074 556 1392 630; x_wconf 80' lang='lat' dir='ltr'><strong>cymbalum</strong></span> <span class='ocrx_word' id='word_1_30' title='bbox 1414 559 1703 617; x_wconf 56' lang='lat' dir='ltr'><strong>tinuiens»</strong></span> 
     </span>
    </p>
   </div>
   <div class='ocr_carea' id='block_1_6' title="bbox 104 639 1716 724">
    <p class='ocr_par' dir='ltr' id='par_1_6' title="bbox 104 639 1716 724">
     <span class='ocr_line' id='line_1_6' title="bbox 104 639 1716 724; baseline 0.006 -28"><span class='ocrx_word' id='word_1_31' title='bbox 104 639 302 711; x_wconf 81' lang='lat' dir='ltr'><strong>Magna</strong></span> <span class='ocrx_word' id='word_1_32' title='bbox 322 643 741 718; x_wconf 88' lang='lat' dir='ltr'><strong>utiquevidetur</strong></span> <span class='ocrx_word' id='word_1_33' title='bbox 757 647 928 719; x_wconf 86' lang='lat' dir='ltr'><strong>gratia</strong></span> <span class='ocrx_word' id='word_1_34' title='bbox 941 648 1179 705; x_wconf 86' lang='lat' dir='ltr'><strong>diversis</strong></span> <span class='ocrx_word' id='word_1_35' title='bbox 1196 648 1347 724; x_wconf 87' lang='lat' dir='ltr'><strong>loqui</strong></span> <span class='ocrx_word' id='word_1_36' title='bbox 1361 650 1716 723; x_wconf 82' lang='lat' dir='ltr'><strong>linguiszplus</strong></span> 
     </span>
    </p>
   </div>
   <div class='ocr_carea' id='block_1_7' title="bbox 105 733 1713 814">
    <p class='ocr_par' dir='ltr' id='par_1_7' title="bbox 105 733 1713 814">
     <span class='ocr_line' id='line_1_7' title="bbox 105 733 1713 814; baseline 0.007 -28"><span class='ocrx_word' id='word_1_37' title='bbox 105 739 295 789; x_wconf 91' lang='lat' dir='ltr'><strong>autem</strong></span> <span class='ocrx_word' id='word_1_38' title='bbox 331 733 543 810; x_wconf 90' lang='lat' dir='ltr'><strong>aliquid</strong></span> <span class='ocrx_word' id='word_1_39' title='bbox 564 746 665 804; x_wconf 89' lang='lat' dir='ltr'><strong>est,</strong></span> <span class='ocrx_word' id='word_1_40' title='bbox 687 737 908 795; x_wconf 84' lang='lat' dir='ltr'><strong>etiamsi</strong></span> <span class='ocrx_word' id='word_1_41' title='bbox 935 739 1255 811; x_wconf 82' lang='lat' dir='ltr'><strong>angelorum</strong></span> <span class='ocrx_word' id='word_1_42' title='bbox 1277 741 1449 813; x_wconf 94' lang='lat' dir='ltr'><strong>possit</strong></span> <span class='ocrx_word' id='word_1_43' title='bbox 1470 742 1594 814; x_wconf 87' lang='lat' dir='ltr'><strong>quis</strong></span> <span class='ocrx_word' id='word_1_44' title='bbox 1610 742 1713 798; x_wconf 84' lang='lat' dir='ltr'><strong>lin-</strong></span> 
     </span>
    </p>
   </div>
   <div class='ocr_carea' id='block_1_8' title="bbox 109 824 1711 904">
    <p class='ocr_par' dir='ltr' id='par_1_8' title="bbox 109 824 1711 904">
     <span class='ocr_line' id='line_1_8' title="bbox 109 824 1711 904; baseline 0.009 -29"><span class='ocrx_word' id='word_1_45' title='bbox 109 836 273 893; x_wconf 87' lang='lat' dir='ltr'><strong>guam</strong></span> <span class='ocrx_word' id='word_1_46' title='bbox 307 824 471 895; x_wconf 89' lang='lat' dir='ltr'><strong>scire,</strong></span> <span class='ocrx_word' id='word_1_47' title='bbox 497 826 554 883; x_wconf 88' lang='lat' dir='ltr'><strong>id</strong></span> <span class='ocrx_word' id='word_1_48' title='bbox 584 835 683 898; x_wconf 89' lang='lat' dir='ltr'><strong>est,</strong></span> <span class='ocrx_word' id='word_1_49' title='bbox 707 828 753 884; x_wconf 89' lang='lat' dir='ltr'><strong>si</strong></span> <span class='ocrx_word' id='word_1_50' title='bbox 781 828 1104 901; x_wconf 74' lang='lat' dir='ltr'><strong>spiritaliter</strong></span> <span class='ocrx_word' id='word_1_51' title='bbox 1121 828 1403 904; x_wconf 89' lang='lat' dir='ltr'><strong>cognitum</strong></span> <span class='ocrx_word' id='word_1_52' title='bbox 1423 832 1596 903; x_wconf 90' lang='lat' dir='ltr'><strong>possit</strong></span> <span class='ocrx_word' id='word_1_53' title='bbox 1615 833 1711 889; x_wconf 91' lang='lat' dir='ltr'><strong>ha-</strong></span> 
     </span>
    </p>
   </div>
   <div class='ocr_carea' id='block_1_9' title="bbox 105 909 1713 987">
    <p class='ocr_par' dir='ltr' id='par_1_9' title="bbox 105 909 1713 987">
     <span class='ocr_line' id='line_1_9' title="bbox 105 909 1713 987; baseline 0.008 -22"><span class='ocrx_word' id='word_1_54' title='bbox 105 909 233 966; x_wconf 91' lang='lat' dir='ltr'><strong>bere</strong></span> <span class='ocrx_word' id='word_1_55' title='bbox 258 915 573 987; x_wconf 90' lang='lat' dir='ltr'><strong>angelicum</strong></span> <span class='ocrx_word' id='word_1_56' title='bbox 602 925 836 974; x_wconf 91' lang='lat' dir='ltr'><strong>motum.</strong></span> <span class='ocrx_word' id='word_1_57' title='bbox 862 917 1066 975; x_wconf 87' lang='lat' dir='ltr'><strong>Verum</strong></span> <span class='ocrx_word' id='word_1_58' title='bbox 1089 917 1194 977; x_wconf 90' lang='lat' dir='ltr'><strong>hoc</strong></span> <span class='ocrx_word' id='word_1_59' title='bbox 1223 919 1292 976; x_wconf 91' lang='lat' dir='ltr'><strong>ad</strong></span> <span class='ocrx_word' id='word_1_60' title='bbox 1314 921 1572 978; x_wconf 91' lang='lat' dir='ltr'><strong>meritum</strong></span> <span class='ocrx_word' id='word_1_61' title='bbox 1598 938 1713 978; x_wconf 88' lang='lat' dir='ltr'><strong>nou</strong></span> 
     </span>
    </p>
   </div>
   <div class='ocr_carea' id='block_1_10' title="bbox 102 999 1712 1082">
    <p class='ocr_par' dir='ltr' id='par_1_10' title="bbox 102 999 1712 1082">
     <span class='ocr_line' id='line_1_10' title="bbox 102 999 1712 1082; baseline 0.009 -29"><span class='ocrx_word' id='word_1_62' title='bbox 102 999 333 1070; x_wconf 83' lang='lat' dir='ltr'><strong>ascribi,</strong></span> <span class='ocrx_word' id='word_1_63' title='bbox 360 1002 454 1059; x_wconf 90' lang='lat' dir='ltr'><strong>sed</strong></span> <span class='ocrx_word' id='word_1_64' title='bbox 476 1002 543 1060; x_wconf 87' lang='lat' dir='ltr'><strong>ad</strong></span> <span class='ocrx_word' id='word_1_65' title='bbox 564 1005 661 1061; x_wconf 88' lang='lat' dir='ltr'><strong>Dei</strong></span> <span class='ocrx_word' id='word_1_66' title='bbox 685 1006 937 1079; x_wconf 79' lang='lat' dir='ltr'><strong>gloriam,</strong></span> <span class='ocrx_word' id='word_1_67' title='bbox 962 1007 1225 1082; x_wconf 84' lang='lat' dir='ltr'><strong>subjectis</strong></span> <span class='ocrx_word' id='word_1_68' title='bbox 1240 1010 1505 1080; x_wconf 80' lang='lat' dir='ltr'><strong>ostendit,</strong></span> <span class='ocrx_word' id='word_1_69' title='bbox 1522 1009 1712 1069; x_wconf 88' lang='lat' dir='ltr'><strong>dicens</strong></span> 
     </span>
    </p>
   </div>
   <div class='ocr_carea' id='block_1_11' title="bbox 103 1084 1710 1169">
    <p class='ocr_par' dir='ltr' id='par_1_11' title="bbox 103 1084 1710 1169">
     <span class='ocr_line' id='line_1_11' title="bbox 103 1084 1710 1169; baseline 0.009 -30"><span class='ocrx_word' id='word_1_70' title='bbox 103 1084 181 1141; x_wconf 89' lang='lat' dir='ltr'><strong>sic</strong></span> <span class='ocrx_word' id='word_1_71' title='bbox 211 1102 335 1144; x_wconf 90' lang='lat' dir='ltr'><strong>esse</strong></span> <span class='ocrx_word' id='word_1_72' title='bbox 362 1098 423 1146; x_wconf 90' lang='lat' dir='ltr'><strong>ut</strong></span> <span class='ocrx_word' id='word_1_73' title='bbox 445 1100 833 1149; x_wconf 69' lang='lat' dir='ltr'><strong>caeramentum</strong></span> <span class='ocrx_word' id='word_1_74' title='bbox 849 1110 1131 1162; x_wconf 85' lang='lat' dir='ltr'><strong>resonans,</strong></span> <span class='ocrx_word' id='word_1_75' title='bbox 1149 1103 1245 1151; x_wconf 91' lang='lat' dir='ltr'><strong>aut</strong></span> <span class='ocrx_word' id='word_1_76' title='bbox 1265 1096 1583 1169; x_wconf 86' lang='lat' dir='ltr'><strong>cymbalum</strong></span> <span class='ocrx_word' id='word_1_77' title='bbox 1605 1095 1710 1153; x_wconf 90' lang='lat' dir='ltr'><strong>tin-</strong></span> 
     </span>
    </p>
   </div>
   <div class='ocr_carea' id='block_1_12' title="bbox 102 1174 1709 1258">
    <p class='ocr_par' dir='ltr' id='par_1_12' title="bbox 102 1174 1709 1258">
     <span class='ocr_line' id='line_1_12' title="bbox 102 1174 1709 1258; baseline 0.008 -30"><span class='ocrx_word' id='word_1_78' title='bbox 102 1174 283 1233; x_wconf 89' lang='lat' dir='ltr'><strong>niens.</strong></span> <span class='ocrx_word' id='word_1_79' title='bbox 335 1203 354 1226; x_wconf 74' lang='grc' dir='ltr'>ι</span> <span class='ocrx_word' id='word_1_80' title='bbox 385 1178 525 1247; x_wconf 89' lang='lat' dir='ltr'><strong>Quia</strong></span> <span class='ocrx_word' id='word_1_81' title='bbox 553 1181 696 1239; x_wconf 89' lang='lat' dir='ltr'><strong>sicut</strong></span> <span class='ocrx_word' id='word_1_82' title='bbox 724 1191 1082 1241; x_wconf 77' lang='lat' dir='ltr'><strong>:eramentum</strong></span> <span class='ocrx_word' id='word_1_83' title='bbox 1116 1185 1360 1258; x_wconf 89' lang='lat' dir='ltr'><strong>impulsu</strong></span> <span class='ocrx_word' id='word_1_84' title='bbox 1378 1185 1606 1241; x_wconf 89' lang='lat' dir='ltr'><strong>alterius</strong></span> <span class='ocrx_word' id='word_1_85' title='bbox 1628 1174 1709 1241; x_wconf 82' lang='lat' dir='ltr'><strong>re-</strong></span> 
     </span>
    </p>
   </div>
   <div class='ocr_carea' id='block_1_13' title="bbox 104 1270 1707 1348">
    <p class='ocr_par' dir='ltr' id='par_1_13' title="bbox 104 1270 1707 1348">
     <span class='ocr_line' id='line_1_13' title="bbox 104 1270 1707 1348; baseline 0.006 -26"><span class='ocrx_word' id='word_1_86' title='bbox 104 1275 289 1336; x_wconf 88' lang='lat' dir='ltr'><strong>sonat,</strong></span> <span class='ocrx_word' id='word_1_87' title='bbox 321 1277 379 1325; x_wconf 92' lang='lat' dir='ltr'><strong>et</strong></span> <span class='ocrx_word' id='word_1_88' title='bbox 407 1270 726 1343; x_wconf 87' lang='lat' dir='ltr'><strong>cymbalum</strong></span> <span class='ocrx_word' id='word_1_89' title='bbox 757 1271 957 1341; x_wconf 87' lang='lat' dir='ltr'><strong>tinnit;</strong></span> <span class='ocrx_word' id='word_1_90' title='bbox 990 1273 1070 1329; x_wconf 90' lang='lat' dir='ltr'><strong>ita</strong></span> <span class='ocrx_word' id='word_1_91' title='bbox 1097 1281 1150 1330; x_wconf 94' lang='lat' dir='ltr'><strong>et</strong></span> <span class='ocrx_word' id='word_1_92' title='bbox 1170 1273 1263 1331; x_wconf 92' lang='lat' dir='ltr'><strong>hic</strong></span> <span class='ocrx_word' id='word_1_93' title='bbox 1283 1273 1378 1348; x_wconf 90' lang='lat' dir='ltr'><strong>qui</strong></span> <span class='ocrx_word' id='word_1_94' title='bbox 1402 1273 1605 1347; x_wconf 90' lang='lat' dir='ltr'><strong>linguis</strong></span> <span class='ocrx_word' id='word_1_95' title='bbox 1632 1276 1707 1331; x_wconf 91' lang='lat' dir='ltr'><strong>lo-</strong></span> 
     </span>
    </p>
   </div>
   <div class='ocr_carea' id='block_1_14' title="bbox 102 1355 1710 1434">
    <p class='ocr_par' dir='ltr' id='par_1_14' title="bbox 102 1355 1710 1434">
     <span class='ocr_line' id='line_1_14' title="bbox 102 1355 1710 1434; baseline 0.006 -23"><span class='ocrx_word' id='word_1_96' title='bbox 102 1355 316 1429; x_wconf 86' lang='lat' dir='ltr'><strong>quitur,</strong></span> <span class='ocrx_word' id='word_1_97' title='bbox 353 1357 591 1431; x_wconf 78' lang='lat' dir='ltr'><strong>Spiritus</strong></span> <span class='ocrx_word' id='word_1_98' title='bbox 616 1361 792 1418; x_wconf 83' lang='lat' dir='ltr'><strong>sancti</strong></span> <span class='ocrx_word' id='word_1_99' title='bbox 821 1361 1074 1419; x_wconf 76' lang='lat' dir='ltr'><strong>effectum</strong></span> <span class='ocrx_word' id='word_1_100' title='bbox 1106 1361 1271 1419; x_wconf 86' lang='lat' dir='ltr'><strong>habet</strong></span> <span class='ocrx_word' id='word_1_101' title='bbox 1307 1370 1362 1420; x_wconf 92' lang='lat' dir='ltr'><strong>et</strong></span> <span class='ocrx_word' id='word_1_102' title='bbox 1390 1370 1624 1434; x_wconf 89' lang='lat' dir='ltr'><strong>motum,</strong></span> <span class='ocrx_word' id='word_1_103' title='bbox 1648 1372 1710 1421; x_wconf 90' lang='lat' dir='ltr'><strong>ut</strong></span> 
     </span>
    </p>
   </div>
   <div class='ocr_carea' id='block_1_15' title="bbox 102 1445 1704 1521">
    <p class='ocr_par' dir='ltr' id='par_1_15' title="bbox 102 1445 1704 1521">
     <span class='ocr_line' id='line_1_15' title="bbox 102 1445 1704 1521; baseline 0.006 -21"><span class='ocrx_word' id='word_1_104' title='bbox 102 1445 256 1518; x_wconf 88' lang='lat' dir='ltr'><strong>loqui</strong></span> <span class='ocrx_word' id='word_1_105' title='bbox 289 1446 464 1519; x_wconf 88' lang='lat' dir='ltr'><strong>possit</strong></span> <span class='ocrx_word' id='word_1_106' title='bbox 495 1447 638 1521; x_wconf 84' lang='lat'><strong>(15),</strong></span> <span class='ocrx_word' id='word_1_107' title='bbox 671 1448 816 1508; x_wconf 87' lang='lat' dir='ltr'><strong>sicut</strong></span> <span class='ocrx_word' id='word_1_108' title='bbox 843 1460 895 1507; x_wconf 87' lang='lat' dir='ltr'><strong>et</strong></span> <span class='ocrx_word' id='word_1_109' title='bbox 923 1451 1033 1507; x_wconf 90' lang='lat' dir='ltr'><strong>alio</strong></span> <span class='ocrx_word' id='word_1_110' title='bbox 1077 1452 1199 1508; x_wconf 93' lang='lat' dir='ltr'><strong>loco</strong></span> <span class='ocrx_word' id='word_1_111' title='bbox 1236 1449 1373 1509; x_wconf 89' lang='lat' dir='ltr'><strong>dicit</strong></span> <span class='ocrx_word' id='word_1_112' title='bbox 1415 1451 1665 1509; x_wconf 85' lang='lat' dir='ltr'><strong>Salvator</strong></span> <span class='ocrx_word' id='word_1_113' title='bbox 1693 1469 1704 1509; x_wconf 93' lang='lat'><strong>:</strong></span> 
     </span>
    </p>
   </div>
   <div class='ocr_carea' id='block_1_16' title="bbox 114 1534 1708 1614">
    <p class='ocr_par' dir='ltr' id='par_1_16' title="bbox 114 1534 1708 1614">
     <span class='ocr_line' id='line_1_16' title="bbox 114 1534 1708 1614; baseline 0.005 -24"><span class='ocrx_word' id='word_1_114' title='bbox 114 1534 260 1591; x_wconf 69' lang='lat' dir='ltr'><strong>uNon</strong></span> <span class='ocrx_word' id='word_1_115' title='bbox 274 1535 431 1592; x_wconf 89' lang='lat' dir='ltr'><strong>enim</strong></span> <span class='ocrx_word' id='word_1_116' title='bbox 448 1554 548 1593; x_wconf 92' lang='lat' dir='ltr'><strong>vos</strong></span> <span class='ocrx_word' id='word_1_117' title='bbox 562 1537 817 1613; x_wconf 90' lang='lat' dir='ltr'><strong>estis,qui</strong></span> <span class='ocrx_word' id='word_1_118' title='bbox 834 1539 1149 1613; x_wconf 81' lang='lat' dir='ltr'><strong>loquimini;</strong></span> <span class='ocrx_word' id='word_1_119' title='bbox 1172 1541 1262 1598; x_wconf 92' lang='lat' dir='ltr'><strong>sed</strong></span> <span class='ocrx_word' id='word_1_120' title='bbox 1277 1540 1514 1614; x_wconf 90' lang='lat' dir='ltr'><strong>Spiritus</strong></span> <span class='ocrx_word' id='word_1_121' title='bbox 1532 1542 1708 1598; x_wconf 86' lang='lat' dir='ltr'><strong>Patris</strong></span> 
     </span>
    </p>
   </div>
   <div class='ocr_carea' id='block_1_17' title="bbox 102 1624 1709 1702">
    <p class='ocr_par' dir='ltr' id='par_1_17' title="bbox 102 1624 1709 1702">
     <span class='ocr_line' id='line_1_17' title="bbox 102 1624 1709 1702; baseline 0.004 -22"><span class='ocrx_word' id='word_1_122' title='bbox 102 1624 299 1694; x_wconf 88' lang='lat' dir='ltr'><strong>vestri,</strong></span> <span class='ocrx_word' id='word_1_123' title='bbox 326 1624 424 1698; x_wconf 91' lang='lat' dir='ltr'><strong>qui</strong></span> <span class='ocrx_word' id='word_1_124' title='bbox 456 1625 705 1699; x_wconf 88' lang='lat' dir='ltr'><strong>loquitur</strong></span> <span class='ocrx_word' id='word_1_125' title='bbox 734 1627 791 1682; x_wconf 92' lang='lat' dir='ltr'><strong>in</strong></span> <span class='ocrx_word' id='word_1_126' title='bbox 819 1626 977 1684; x_wconf 85' lang='lat' dir='ltr'><strong>vobis</strong></span> <span class='ocrx_word' id='word_1_127' title='bbox 997 1630 1210 1702; x_wconf 84' lang='lat' dir='ltr'><strong>(Matth.</strong></span> <span class='ocrx_word' id='word_1_128' title='bbox 1228 1646 1286 1700; x_wconf 71' lang='grc' dir='ltr'>Χ,</span> <span class='ocrx_word' id='word_1_129' title='bbox 1309 1630 1424 1701; x_wconf 85' lang='lat'><strong>20).</strong></span> <span class='ocrx_word' id='word_1_130' title='bbox 1446 1655 1463 1677; x_wconf 77' lang='grc' dir='ltr'><strong><em>ι</em></strong></span> <span class='ocrx_word' id='word_1_131' title='bbox 1497 1632 1631 1687; x_wconf 90' lang='lat' dir='ltr'><strong>Nam</strong></span> <span class='ocrx_word' id='word_1_132' title='bbox 1654 1638 1709 1687; x_wconf 91' lang='lat' dir='ltr'><strong>et</strong></span> 
     </span>
    </p>
   </div>
   <div class='ocr_carea' id='block_1_18' title="bbox 101 1713 1707 1791">
    <p class='ocr_par' dir='ltr' id='par_1_18' title="bbox 101 1713 1707 1791">
     <span class='ocr_line' id='line_1_18' title="bbox 101 1713 1707 1791; baseline 0.004 -21"><span class='ocrx_word' id='word_1_133' title='bbox 101 1713 257 1771; x_wconf 88' lang='lat' dir='ltr'><strong>asina</strong></span> <span class='ocrx_word' id='word_1_134' title='bbox 280 1716 469 1772; x_wconf 87' lang='lat' dir='ltr'><strong>locuta</strong></span> <span class='ocrx_word' id='word_1_135' title='bbox 489 1725 571 1772; x_wconf 91' lang='lat' dir='ltr'><strong>est</strong></span> <span class='ocrx_word' id='word_1_136' title='bbox 592 1716 835 1773; x_wconf 89' lang='lat' dir='ltr'><strong>humana</strong></span> <span class='ocrx_word' id='word_1_137' title='bbox 851 1717 1040 1791; x_wconf 84' lang='lat' dir='ltr'><strong>lingua</strong></span> <span class='ocrx_word' id='word_1_138' title='bbox 1049 1720 1117 1776; x_wconf 90' lang='lat' dir='ltr'><strong>ad</strong></span> <span class='ocrx_word' id='word_1_139' title='bbox 1134 1719 1354 1775; x_wconf 90' lang='lat' dir='ltr'><strong>Balaam</strong></span> <span class='ocrx_word' id='word_1_140' title='bbox 1370 1719 1550 1776; x_wconf 83' lang='lat' dir='ltr'><strong>filium</strong></span> <span class='ocrx_word' id='word_1_141' title='bbox 1567 1720 1707 1777; x_wconf 91' lang='lat' dir='ltr'><strong>Beor</strong></span> 
     </span>
    </p>
   </div>
   <div class='ocr_carea' id='block_1_19' title="bbox 1827 563 3420 656">
    <p class='ocr_par' dir='ltr' id='par_1_19' title="bbox 1827 563 3420 656">
     <span class='ocr_line' id='line_1_19' title="bbox 1827 563 3420 656; baseline 0.014 -41"><span class='ocrx_word' id='word_1_142' title='bbox 1827 570 1879 617; x_wconf 89' lang='lat' dir='ltr'><strong>et</strong></span> <span class='ocrx_word' id='word_1_143' title='bbox 1907 563 2247 620; x_wconf 79' lang='lat' dir='ltr'><strong>Novatianus</strong></span> <span class='ocrx_word' id='word_1_144' title='bbox 2274 583 2385 621; x_wconf 86' lang='lat' dir='ltr'><strong>non</strong></span> <span class='ocrx_word' id='word_1_145' title='bbox 2420 586 2598 641; x_wconf 68' lang='lat' dir='ltr'><strong>parvae</strong></span> <span class='ocrx_word' id='word_1_146' title='bbox 2630 572 2870 627; x_wconf 74' lang='lat' dir='ltr'><strong>scientiae</strong></span> <span class='ocrx_word' id='word_1_147' title='bbox 2894 576 3143 634; x_wconf 86' lang='lat' dir='ltr'><strong>fuerunt:</strong></span> <span class='ocrx_word' id='word_1_148' title='bbox 3171 579 3265 636; x_wconf 89' lang='lat' dir='ltr'><strong>sed</strong></span> <span class='ocrx_word' id='word_1_149' title='bbox 3290 582 3420 656; x_wconf 83' lang='lat' dir='ltr'><strong>quia</strong></span> 
     </span>
    </p>
   </div>
   <div class='ocr_carea' id='block_1_20' title="bbox 1826 652 3419 732">
    <p class='ocr_par' dir='ltr' id='par_1_20' title="bbox 1826 652 3419 732">
     <span class='ocr_line' id='line_1_20' title="bbox 1826 652 3419 732; baseline 0.013 -26"><span class='ocrx_word' id='word_1_150' title='bbox 1826 666 1923 723; x_wconf 92' lang='lat' dir='ltr'><strong>per</strong></span> <span class='ocrx_word' id='word_1_151' title='bbox 1939 653 2116 708; x_wconf 88' lang='lat' dir='ltr'><strong>zelum</strong></span> <span class='ocrx_word' id='word_1_152' title='bbox 2148 652 2436 712; x_wconf 88' lang='lat' dir='ltr'><strong>charitatis</strong></span> <span class='ocrx_word' id='word_1_153' title='bbox 2468 656 2675 715; x_wconf 66' lang='lat' dir='ltr'><strong>foedera</strong></span> <span class='ocrx_word' id='word_1_154' title='bbox 2704 659 3082 732; x_wconf 86' lang='lat' dir='ltr'><strong>perdiderunt,</strong></span> <span class='ocrx_word' id='word_1_155' title='bbox 3115 666 3172 722; x_wconf 91' lang='lat' dir='ltr'><strong>in</strong></span> <span class='ocrx_word' id='word_1_156' title='bbox 3206 652 3419 727; x_wconf 77' lang='lat' dir='ltr'><strong>chisma</strong></span> 
     </span>
    </p>
   </div>
   <div class='ocr_carea' id='block_1_21' title="bbox 1826 740 3251 815">
    <p class='ocr_par' dir='ltr' id='par_1_21' title="bbox 1826 740 3251 815">
     <span class='ocr_line' id='line_1_21' title="bbox 1826 740 3251 815; baseline 0.011 -21"><span class='ocrx_word' id='word_1_157' title='bbox 1826 740 1992 809; x_wconf 86' lang='lat' dir='ltr'><strong>versi,</strong></span> <span class='ocrx_word' id='word_1_158' title='bbox 2024 740 2092 797; x_wconf 92' lang='lat' dir='ltr'><strong>ad</strong></span> <span class='ocrx_word' id='word_1_159' title='bbox 2126 741 2494 815; x_wconf 89' lang='lat' dir='ltr'><strong>perditionem</strong></span> <span class='ocrx_word' id='word_1_160' title='bbox 2527 746 2615 802; x_wconf 91' lang='lat' dir='ltr'><strong>sui</strong></span> <span class='ocrx_word' id='word_1_161' title='bbox 2645 746 2878 805; x_wconf 83' lang='lat' dir='ltr'><strong>haereses</strong></span> <span class='ocrx_word' id='word_1_162' title='bbox 2907 762 3251 811; x_wconf 87' lang='lat' dir='ltr'><strong>creaverunt.</strong></span> 
     </span>
    </p>
   </div>
   <div class='ocr_carea' id='block_1_22' title="bbox 1900 829 3421 904">
    <p class='ocr_par' dir='ltr' id='par_1_22' title="bbox 1900 829 3421 904">
     <span class='ocr_line' id='line_1_22' title="bbox 1900 829 3421 904; baseline 0.012 -22"><span class='ocrx_word' id='word_1_163' title='bbox 1900 849 1921 879; x_wconf 78' lang='grc' dir='ltr'>ι</span> <span class='ocrx_word' id='word_1_164' title='bbox 1944 829 2016 885; x_wconf 91' lang='lat' dir='ltr'><strong>Et</strong></span> <span class='ocrx_word' id='word_1_165' title='bbox 2035 829 2083 885; x_wconf 91' lang='lat' dir='ltr'><strong>si</strong></span> <span class='ocrx_word' id='word_1_166' title='bbox 2108 830 2351 887; x_wconf 90' lang='lat' dir='ltr'><strong>habuero</strong></span> <span class='ocrx_word' id='word_1_167' title='bbox 2365 847 2587 889; x_wconf 90' lang='lat' dir='ltr'><strong>omnem</strong></span> <span class='ocrx_word' id='word_1_168' title='bbox 2610 834 2793 904; x_wconf 92' lang='lat' dir='ltr'><strong>ﬁdem,</strong></span> <span class='ocrx_word' id='word_1_169' title='bbox 2827 836 2904 893; x_wconf 91' lang='lat' dir='ltr'><strong>ita</strong></span> <span class='ocrx_word' id='word_1_170' title='bbox 2927 846 2989 895; x_wconf 91' lang='lat' dir='ltr'><strong>ut</strong></span> <span class='ocrx_word' id='word_1_171' title='bbox 3012 850 3223 897; x_wconf 89' lang='lat' dir='ltr'><strong>montes</strong></span> <span class='ocrx_word' id='word_1_172' title='bbox 3246 851 3421 900; x_wconf 86' lang='lat' dir='ltr'><strong>trans-</strong></span> 
     </span>
    </p>
   </div>
   <div class='ocr_carea' id='block_1_23' title="bbox 1823 914 3418 1004">
    <p class='ocr_par' dir='ltr' id='par_1_23' title="bbox 1823 914 3418 1004">
     <span class='ocr_line' id='line_1_23' title="bbox 1823 914 3418 1004; baseline 0.012 -33"><span class='ocrx_word' id='word_1_173' title='bbox 1823 914 2019 975; x_wconf 86' lang='lat' dir='ltr'><strong>feram.</strong></span> <span class='ocrx_word' id='word_1_174' title='bbox 2052 943 2070 967; x_wconf 76' lang='grc' dir='ltr'><strong><em>ι</em></strong></span> <span class='ocrx_word' id='word_1_175' title='bbox 2134 920 2384 980; x_wconf 85' lang='lat' dir='ltr'><strong>Virtutes</strong></span> <span class='ocrx_word' id='word_1_176' title='bbox 2425 922 2624 992; x_wconf 88' lang='lat' dir='ltr'><strong>facere,</strong></span> <span class='ocrx_word' id='word_1_177' title='bbox 2681 933 2775 982; x_wconf 88' lang='lat' dir='ltr'><strong>aut</strong></span> <span class='ocrx_word' id='word_1_178' title='bbox 2802 924 3075 986; x_wconf 89' lang='lat' dir='ltr'><strong>daemonia</strong></span> <span class='ocrx_word' id='word_1_179' title='bbox 3120 947 3217 1004; x_wconf 91' lang='lat' dir='ltr'><strong>per</strong></span> <span class='ocrx_word' id='word_1_180' title='bbox 3254 933 3418 990; x_wconf 89' lang='lat' dir='ltr'><strong>ﬁdem</strong></span> 
     </span>
    </p>
   </div>
   <div class='ocr_carea' id='block_1_24' title="bbox 1824 1005 3419 1087">
    <p class='ocr_par' dir='ltr' id='par_1_24' title="bbox 1824 1005 3419 1087">
     <span class='ocr_line' id='line_1_24' title="bbox 1824 1005 3419 1087; baseline 0.01 -24"><span class='ocrx_word' id='word_1_181' title='bbox 1824 1005 2022 1079; x_wconf 86' lang='lat' dir='ltr'><strong>ejicere</strong></span> <span class='ocrx_word' id='word_1_182' title='bbox 2044 1006 2146 1066; x_wconf 90' lang='lat' dir='ltr'><strong>Dei</strong></span> <span class='ocrx_word' id='word_1_183' title='bbox 2174 1012 2355 1070; x_wconf 87' lang='lat' dir='ltr'><strong>virtus</strong></span> <span class='ocrx_word' id='word_1_184' title='bbox 2379 1021 2433 1070; x_wconf 90' lang='lat' dir='ltr'><strong>et</strong></span> <span class='ocrx_word' id='word_1_185' title='bbox 2463 1015 2635 1087; x_wconf 80' lang='lat' dir='ltr'><strong>gloria</strong></span> <span class='ocrx_word' id='word_1_186' title='bbox 2662 1023 2744 1072; x_wconf 90' lang='lat' dir='ltr'><strong>est</strong></span> <span class='ocrx_word' id='word_1_187' title='bbox 2768 1032 2780 1071; x_wconf 91' lang='lat'><strong>:</strong></span> <span class='ocrx_word' id='word_1_188' title='bbox 2805 1033 2906 1075; x_wconf 89' lang='lat' dir='ltr'><strong>nec</strong></span> <span class='ocrx_word' id='word_1_189' title='bbox 2935 1017 3041 1077; x_wconf 91' lang='lat' dir='ltr'><strong>hoc</strong></span> <span class='ocrx_word' id='word_1_190' title='bbox 3062 1019 3129 1076; x_wconf 89' lang='lat' dir='ltr'><strong>ad</strong></span> <span class='ocrx_word' id='word_1_191' title='bbox 3160 1022 3419 1079; x_wconf 88' lang='lat' dir='ltr'><strong>meritum</strong></span> 
     </span>
    </p>
   </div>
   <div class='ocr_carea' id='block_1_25' title="bbox 1821 1101 3421 1178">
    <p class='ocr_par' dir='ltr' id='par_1_25' title="bbox 1821 1101 3421 1178">
     <span class='ocr_line' id='line_1_25' title="bbox 1821 1101 3421 1178; baseline 0.009 -21"><span class='ocrx_word' id='word_1_192' title='bbox 1821 1101 2061 1174; x_wconf 87' lang='lat' dir='ltr'><strong>proﬁcit,</strong></span> <span class='ocrx_word' id='word_1_193' title='bbox 2092 1103 2201 1160; x_wconf 90' lang='lat' dir='ltr'><strong>nisi</strong></span> <span class='ocrx_word' id='word_1_194' title='bbox 2230 1105 2355 1178; x_wconf 90' lang='lat' dir='ltr'><strong>quis</strong></span> <span class='ocrx_word' id='word_1_195' title='bbox 2386 1105 2545 1163; x_wconf 81' lang='lat' dir='ltr'><strong>bonae</strong></span> <span class='ocrx_word' id='word_1_196' title='bbox 2578 1108 3014 1169; x_wconf 86' lang='lat' dir='ltr'><strong>conversationis</strong></span> <span class='ocrx_word' id='word_1_197' title='bbox 3042 1113 3210 1170; x_wconf 83' lang='lat' dir='ltr'><strong>fuerit</strong></span> <span class='ocrx_word' id='word_1_198' title='bbox 3238 1132 3421 1171; x_wconf 85' lang='lat' dir='ltr'><strong>aemu-</strong></span> 
     </span>
    </p>
   </div>
   <div class='ocr_carea' id='block_1_26' title="bbox 1822 1191 2659 1265">
    <p class='ocr_par' dir='ltr' id='par_1_26' title="bbox 1822 1191 2659 1265">
     <span class='ocr_line' id='line_1_26' title="bbox 1822 1191 2659 1265; baseline 0.011 -19"><span class='ocrx_word' id='word_1_199' title='bbox 1822 1191 1931 1257; x_wconf 89' lang='lat' dir='ltr'><strong>lus,</strong></span> <span class='ocrx_word' id='word_1_200' title='bbox 1961 1191 2104 1250; x_wconf 87' lang='lat' dir='ltr'><strong>sicut</strong></span> <span class='ocrx_word' id='word_1_201' title='bbox 2140 1209 2304 1265; x_wconf 89' lang='lat' dir='ltr'><strong>supra</strong></span> <span class='ocrx_word' id='word_1_202' title='bbox 2333 1198 2659 1257; x_wconf 87' lang='lat' dir='ltr'><strong>memoravi.</strong></span> 
     </span>
    </p>
   </div>
   <div class='ocr_carea' id='block_1_27' title="bbox 1894 1281 3418 1364">
    <p class='ocr_par' dir='ltr' id='par_1_27' title="bbox 1894 1281 3418 1364">
     <span class='ocr_line' id='line_1_27' title="bbox 1894 1281 3418 1364; baseline 0.011 -26"><span class='ocrx_word' id='word_1_203' title='bbox 1894 1281 2076 1356; x_wconf 83' lang='lat' dir='ltr'><strong>(Vers.</strong></span> <span class='ocrx_word' id='word_1_204' title='bbox 2117 1284 2194 1358; x_wconf 91' lang='lat'><strong>3.)</strong></span> <span class='ocrx_word' id='word_1_205' title='bbox 2238 1310 2257 1335; x_wconf 76' lang='grc' dir='ltr'><strong>ε</strong></span> <span class='ocrx_word' id='word_1_206' title='bbox 2283 1286 2356 1343; x_wconf 91' lang='lat' dir='ltr'><strong>Et</strong></span> <span class='ocrx_word' id='word_1_207' title='bbox 2383 1288 2430 1344; x_wconf 92' lang='lat' dir='ltr'><strong>si</strong></span> <span class='ocrx_word' id='word_1_208' title='bbox 2467 1304 2761 1364; x_wconf 87' lang='lat' dir='ltr'><strong>erogavero</strong></span> <span class='ocrx_word' id='word_1_209' title='bbox 2789 1311 3009 1353; x_wconf 91' lang='lat' dir='ltr'><strong>omnem</strong></span> <span class='ocrx_word' id='word_1_210' title='bbox 3057 1295 3418 1355; x_wconf 85' lang='lat' dir='ltr'><strong>substantiam</strong></span> 
     </span>
    </p>
   </div>
   <div class='ocr_carea' id='block_1_28' title="bbox 1822 1378 3422 1456">
    <p class='ocr_par' dir='ltr' id='par_1_28' title="bbox 1822 1378 3422 1456">
     <span class='ocr_line' id='line_1_28' title="bbox 1822 1378 3422 1456; baseline 0.012 -28"><span class='ocrx_word' id='word_1_211' title='bbox 1822 1388 2022 1431; x_wconf 89' lang='lat' dir='ltr'><strong>meam.</strong></span> <span class='ocrx_word' id='word_1_212' title='bbox 2058 1400 2077 1425; x_wconf 80' lang='grc' dir='ltr'><strong><em>ι</em></strong></span> <span class='ocrx_word' id='word_1_213' title='bbox 2119 1378 2388 1450; x_wconf 88' lang='lat' dir='ltr'><strong>Apertum</strong></span> <span class='ocrx_word' id='word_1_214' title='bbox 2417 1389 2499 1438; x_wconf 90' lang='lat' dir='ltr'><strong>est</strong></span> <span class='ocrx_word' id='word_1_215' title='bbox 2527 1382 2657 1456; x_wconf 89' lang='lat' dir='ltr'><strong>quia</strong></span> <span class='ocrx_word' id='word_1_216' title='bbox 2695 1384 2741 1440; x_wconf 89' lang='lat' dir='ltr'><strong>si</strong></span> <span class='ocrx_word' id='word_1_217' title='bbox 2768 1386 2949 1445; x_wconf 89' lang='lat' dir='ltr'><strong>omnis</strong></span> <span class='ocrx_word' id='word_1_218' title='bbox 2972 1388 3276 1445; x_wconf 86' lang='lat' dir='ltr'><strong>substantia</strong></span> <span class='ocrx_word' id='word_1_219' title='bbox 3305 1389 3422 1446; x_wconf 92' lang='lat' dir='ltr'><strong>im-</strong></span> 
     </span>
    </p>
   </div>
   <div class='ocr_carea' id='block_1_29' title="bbox 1818 1465 3422 1554">
    <p class='ocr_par' dir='ltr' id='par_1_29' title="bbox 1818 1465 3422 1554">
     <span class='ocr_line' id='line_1_29' title="bbox 1818 1465 3422 1554; baseline 0.009 -33"><span class='ocrx_word' id='word_1_220' title='bbox 1818 1465 2108 1538; x_wconf 88' lang='lat' dir='ltr'><strong>pendatur,</strong></span> <span class='ocrx_word' id='word_1_221' title='bbox 2170 1469 2312 1526; x_wconf 92' lang='lat' dir='ltr'><strong>nihil</strong></span> <span class='ocrx_word' id='word_1_222' title='bbox 2360 1473 2596 1546; x_wconf 90' lang='lat' dir='ltr'><strong>proﬁcit,</strong></span> <span class='ocrx_word' id='word_1_223' title='bbox 2648 1475 2914 1535; x_wconf 88' lang='lat' dir='ltr'><strong>charitate</strong></span> <span class='ocrx_word' id='word_1_224' title='bbox 2956 1479 3238 1552; x_wconf 88' lang='lat' dir='ltr'><strong>neglecta;</strong></span> <span class='ocrx_word' id='word_1_225' title='bbox 3290 1480 3422 1554; x_wconf 85' lang='lat' dir='ltr'><strong>quia</strong></span> 
     </span>
    </p>
   </div>
   <div class='ocr_carea' id='block_1_30' title="bbox 1816 1557 3414 1644">
    <p class='ocr_par' dir='ltr' id='par_1_30' title="bbox 1816 1557 3414 1644">
     <span class='ocr_line' id='line_1_30' title="bbox 1816 1557 3414 1644; baseline 0.01 -31"><span class='ocrx_word' id='word_1_226' title='bbox 1816 1565 1978 1629; x_wconf 86' lang='lat' dir='ltr'><strong>caput</strong></span> <span class='ocrx_word' id='word_1_227' title='bbox 2006 1557 2290 1632; x_wconf 84' lang='lat' dir='ltr'><strong>religionis</strong></span> <span class='ocrx_word' id='word_1_228' title='bbox 2316 1562 2556 1621; x_wconf 88' lang='lat' dir='ltr'><strong>charitas</strong></span> <span class='ocrx_word' id='word_1_229' title='bbox 2585 1575 2666 1622; x_wconf 88' lang='lat' dir='ltr'><strong>est</strong></span> <span class='ocrx_word' id='word_1_230' title='bbox 2692 1586 2704 1623; x_wconf 85' lang='lat'><strong>:</strong></span> <span class='ocrx_word' id='word_1_231' title='bbox 2740 1578 2792 1625; x_wconf 91' lang='lat' dir='ltr'><strong>et</strong></span> <span class='ocrx_word' id='word_1_232' title='bbox 2821 1572 2916 1644; x_wconf 87' lang='lat' dir='ltr'><strong>qui</strong></span> <span class='ocrx_word' id='word_1_233' title='bbox 2947 1580 3113 1643; x_wconf 85' lang='lat' dir='ltr'><strong>caput</strong></span> <span class='ocrx_word' id='word_1_234' title='bbox 3141 1588 3254 1629; x_wconf 92' lang='lat' dir='ltr'><strong>non</strong></span> <span class='ocrx_word' id='word_1_235' title='bbox 3304 1571 3414 1629; x_wconf 86' lang='lat' dir='ltr'><strong>ha—</strong></span> 
     </span>
    </p>
   </div>
   <div class='ocr_carea' id='block_1_31' title="bbox 1815 1644 3419 1732">
    <p class='ocr_par' dir='ltr' id='par_1_31' title="bbox 1815 1644 3419 1732">
     <span class='ocr_line' id='line_1_31' title="bbox 1815 1644 3419 1732; baseline 0.01 -32"><span class='ocrx_word' id='word_1_236' title='bbox 1815 1644 1927 1715; x_wconf 89' lang='lat' dir='ltr'><strong>bet,</strong></span> <span class='ocrx_word' id='word_1_237' title='bbox 1962 1648 2136 1704; x_wconf 86' lang='lat' dir='ltr'><strong>vitam</strong></span> <span class='ocrx_word' id='word_1_238' title='bbox 2158 1666 2269 1705; x_wconf 90' lang='lat' dir='ltr'><strong>non</strong></span> <span class='ocrx_word' id='word_1_239' title='bbox 2298 1650 2482 1710; x_wconf 91' lang='lat' dir='ltr'><strong>habet.</strong></span> <span class='ocrx_word' id='word_1_240' title='bbox 2520 1680 2538 1702; x_wconf 75' lang='lat'><em>«</em></span> <span class='ocrx_word' id='word_1_241' title='bbox 2559 1656 2630 1711; x_wconf 92' lang='lat' dir='ltr'><strong>Et</strong></span> <span class='ocrx_word' id='word_1_242' title='bbox 2654 1657 2701 1712; x_wconf 92' lang='lat' dir='ltr'><strong>si</strong></span> <span class='ocrx_word' id='word_1_243' title='bbox 2718 1659 3002 1715; x_wconf 87' lang='lat' dir='ltr'><strong>tradidero</strong></span> <span class='ocrx_word' id='word_1_244' title='bbox 3019 1676 3217 1732; x_wconf 88' lang='lat' dir='ltr'><strong>corpus</strong></span> <span class='ocrx_word' id='word_1_245' title='bbox 3237 1676 3419 1716; x_wconf 90' lang='lat' dir='ltr'><strong>meum</strong></span> 
     </span>
    </p>
   </div>
   <div class='ocr_carea' id='block_1_32' title="bbox 1817 1736 3419 1817">
    <p class='ocr_par' dir='ltr' id='par_1_32' title="bbox 1817 1736 3419 1817">
     <span class='ocr_line' id='line_1_32' title="bbox 1817 1736 3419 1817; baseline 0.009 -28"><span class='ocrx_word' id='word_1_246' title='bbox 1817 1741 1877 1790; x_wconf 89' lang='lat' dir='ltr'><strong>ut</strong></span> <span class='ocrx_word' id='word_1_247' title='bbox 1906 1736 2146 1807; x_wconf 87' lang='lat' dir='ltr'><strong>ardeam,</strong></span> <span class='ocrx_word' id='word_1_248' title='bbox 2174 1737 2319 1795; x_wconf 90' lang='lat' dir='ltr'><strong>nihil</strong></span> <span class='ocrx_word' id='word_1_249' title='bbox 2348 1740 2486 1796; x_wconf 88' lang='lat' dir='ltr'><strong>mihi</strong></span> <span class='ocrx_word' id='word_1_250' title='bbox 2509 1744 2748 1814; x_wconf 86' lang='lat' dir='ltr'><strong>prodest.</strong></span> <span class='ocrx_word' id='word_1_251' title='bbox 2772 1771 2789 1793; x_wconf 78' lang='grc' dir='ltr'>ι</span> <span class='ocrx_word' id='word_1_252' title='bbox 2841 1747 2970 1804; x_wconf 92' lang='lat' dir='ltr'><strong>Sine</strong></span> <span class='ocrx_word' id='word_1_253' title='bbox 2987 1748 3253 1805; x_wconf 87' lang='lat' dir='ltr'><strong>charitate</strong></span> <span class='ocrx_word' id='word_1_254' title='bbox 3275 1748 3419 1817; x_wconf 68' lang='lat' dir='ltr'><strong>nihil</strong></span> 
     </span>
    </p>
   </div>
   <div class='ocr_carea' id='block_1_33' title="bbox 102 1804 1699 1908">
    <p class='ocr_par' dir='ltr' id='par_1_33' title="bbox 102 1804 1699 1881">
     <span class='ocr_line' id='line_1_33' title="bbox 102 1804 1699 1881; baseline 0.001 -18"><span class='ocrx_word' id='word_1_255' title='bbox 102 1804 294 1877; x_wconf 83' lang='lat' dir='ltr'><strong>(Num.</strong></span> <span class='ocrx_word' id='word_1_256' title='bbox 349 1821 490 1875; x_wconf 68' lang='grc' dir='ltr'>χχιι,</span> <span class='ocrx_word' id='word_1_257' title='bbox 545 1805 662 1879; x_wconf 79' lang='grc'>28),</span> <span class='ocrx_word' id='word_1_258' title='bbox 713 1814 775 1863; x_wconf 89' lang='lat' dir='ltr'><strong>ut</strong></span> <span class='ocrx_word' id='word_1_259' title='bbox 803 1806 1084 1865; x_wconf 86' lang='lat' dir='ltr'><strong>addiceret</strong></span> <span class='ocrx_word' id='word_1_260' title='bbox 1111 1807 1210 1864; x_wconf 90' lang='lat' dir='ltr'><strong>Dei</strong></span> <span class='ocrx_word' id='word_1_261' title='bbox 1242 1808 1580 1881; x_wconf 89' lang='lat' dir='ltr'><strong>majestatem</strong></span> <span class='ocrx_word' id='word_1_262' title='bbox 1608 1827 1621 1879; x_wconf 89' lang='lat'><strong>;</strong></span> <span class='ocrx_word' id='word_1_263' title='bbox 1652 1817 1699 1865; x_wconf 90' lang='lat' dir='ltr'><strong>et</strong></span> 
     </span>
    </p>
   </div>
   <div class='ocr_carea' id='block_1_34' title="bbox 1819 1804 3417 1908">
    <p class='ocr_par' dir='ltr' id='par_1_34' title="bbox 1819 1804 3417 1908">
     <span class='ocr_line' id='line_1_34' title="bbox 1819 1804 3417 1908; baseline 0.01 -30"><span class='ocrx_word' id='word_1_264' title='bbox 1819 1823 2040 1897; x_wconf 91' lang='lat' dir='ltr'><strong>prodest</strong></span> <span class='ocrx_word' id='word_1_265' title='bbox 2071 1843 2085 1893; x_wconf 90' lang='lat'>;</span> <span class='ocrx_word' id='word_1_266' title='bbox 2123 1804 2253 1900; x_wconf 81' lang='lat' dir='ltr'><strong>quia</strong></span> <span class='ocrx_word' id='word_1_267' title='bbox 2278 1804 2701 1889; x_wconf 71' lang='lat' dir='ltr'><strong>fundamentum</strong></span> <span class='ocrx_word' id='word_1_268' title='bbox 2748 1834 3030 1908; x_wconf 88' lang='lat' dir='ltr'><strong>religionis</strong></span> <span class='ocrx_word' id='word_1_269' title='bbox 3059 1804 3298 1893; x_wconf 84' lang='lat' dir='ltr'><strong>charitas</strong></span> <span class='ocrx_word' id='word_1_270' title='bbox 3315 1804 3417 1895; x_wconf 62' lang='lat' dir='ltr'><strong>est:</strong></span> 
     </span>
    </p>
   </div>
   <div class='ocr_carea' id='block_1_35' title="bbox 98 1895 1709 1973">
    <p class='ocr_par' dir='ltr' id='par_1_35' title="bbox 98 1895 1709 1973">
     <span class='ocr_line' id='line_1_35' title="bbox 98 1895 1709 1973; baseline 0.002 -21"><span class='ocrx_word' id='word_1_271' title='bbox 98 1897 261 1970; x_wconf 90' lang='lat' dir='ltr'><strong>pueri</strong></span> <span class='ocrx_word' id='word_1_272' title='bbox 295 1896 539 1953; x_wconf 82' lang='lat' dir='ltr'><strong>infantes</strong></span> <span class='ocrx_word' id='word_1_273' title='bbox 568 1897 627 1952; x_wconf 89' lang='lat' dir='ltr'><strong>in</strong></span> <span class='ocrx_word' id='word_1_274' title='bbox 667 1895 884 1953; x_wconf 90' lang='lat' dir='ltr'><strong>laudem</strong></span> <span class='ocrx_word' id='word_1_275' title='bbox 917 1897 1017 1955; x_wconf 91' lang='lat' dir='ltr'><strong>Dei</strong></span> <span class='ocrx_word' id='word_1_276' title='bbox 1060 1909 1430 1973; x_wconf 90' lang='lat' dir='ltr'><strong>proruperunt</strong></span> <span class='ocrx_word' id='word_1_277' title='bbox 1471 1900 1539 1957; x_wconf 91' lang='lat' dir='ltr'><strong>ad</strong></span> <span class='ocrx_word' id='word_1_278' title='bbox 1582 1916 1709 1958; x_wconf 83' lang='lat' dir='ltr'><strong>con-</strong></span> 
     </span>
    </p>
   </div>
   <div class='ocr_carea' id='block_1_36' title="bbox 99 1986 1710 2064">
    <p class='ocr_par' dir='ltr' id='par_1_36' title="bbox 99 1986 1710 2064">
     <span class='ocr_line' id='line_1_36' title="bbox 99 1986 1710 2064; baseline 0.004 -22"><span class='ocrx_word' id='word_1_279' title='bbox 99 1986 384 2044; x_wconf 85' lang='lat' dir='ltr'><strong>fusionem</strong></span> <span class='ocrx_word' id='word_1_280' title='bbox 418 1987 734 2046; x_wconf 75' lang='lat' dir='ltr'><strong>Iudaeorum</strong></span> <span class='ocrx_word' id='word_1_281' title='bbox 764 1988 978 2061; x_wconf 81' lang='lat' dir='ltr'><strong>(Matth.</strong></span> <span class='ocrx_word' id='word_1_282' title='bbox 1012 2007 1134 2058; x_wconf 73' lang='grc' dir='ltr'>χχι,</span> <span class='ocrx_word' id='word_1_283' title='bbox 1177 1991 1290 2064; x_wconf 90' lang='lat'><strong>16).</strong></span> <span class='ocrx_word' id='word_1_284' title='bbox 1320 1991 1574 2048; x_wconf 90' lang='lat' dir='ltr'><strong>Salvator</strong></span> <span class='ocrx_word' id='word_1_285' title='bbox 1600 2008 1710 2048; x_wconf 90' lang='lat' dir='ltr'><strong>au-</strong></span> 
     </span>
    </p>
   </div>
   <div class='ocr_carea' id='block_1_37' title="bbox 103 2076 1711 2152">
    <p class='ocr_par' dir='ltr' id='par_1_37' title="bbox 103 2076 1711 2152">
     <span class='ocr_line' id='line_1_37' title="bbox 103 2076 1711 2152; baseline 0.004 -19"><span class='ocrx_word' id='word_1_286' title='bbox 103 2082 213 2133; x_wconf 90' lang='lat' dir='ltr'><strong>tem</strong></span> <span class='ocrx_word' id='word_1_287' title='bbox 248 2092 369 2135; x_wconf 88' lang='lat' dir='ltr'><strong>non</strong></span> <span class='ocrx_word' id='word_1_288' title='bbox 409 2076 588 2134; x_wconf 92' lang='lat' dir='ltr'><strong>solum</strong></span> <span class='ocrx_word' id='word_1_289' title='bbox 618 2077 772 2147; x_wconf 86' lang='lat' dir='ltr'><strong>istos,</strong></span> <span class='ocrx_word' id='word_1_290' title='bbox 818 2077 912 2135; x_wconf 90' lang='lat' dir='ltr'><strong>sed</strong></span> <span class='ocrx_word' id='word_1_291' title='bbox 950 2086 1004 2136; x_wconf 92' lang='lat' dir='ltr'><strong>et</strong></span> <span class='ocrx_word' id='word_1_292' title='bbox 1033 2078 1244 2152; x_wconf 88' lang='lat' dir='ltr'><strong>lapides</strong></span> <span class='ocrx_word' id='word_1_293' title='bbox 1270 2080 1339 2138; x_wconf 90' lang='lat' dir='ltr'><strong>ad</strong></span> <span class='ocrx_word' id='word_1_294' title='bbox 1368 2080 1711 2140; x_wconf 90' lang='lat' dir='ltr'><strong>condemna-</strong></span> 
     </span>
    </p>
   </div>
   <div class='ocr_carea' id='block_1_38' title="bbox 99 2168 1712 2248">
    <p class='ocr_par' dir='ltr' id='par_1_38' title="bbox 99 2168 1712 2248">
     <span class='ocr_line' id='line_1_38' title="bbox 99 2168 1712 2248; baseline 0.003 -22"><span class='ocrx_word' id='word_1_295' title='bbox 99 2169 316 2227; x_wconf 87' lang='lat' dir='ltr'><strong>tionem</strong></span> <span class='ocrx_word' id='word_1_296' title='bbox 357 2168 714 2243; x_wconf 88' lang='lat' dir='ltr'><strong>perﬁdorum,</strong></span> <span class='ocrx_word' id='word_1_297' title='bbox 754 2176 809 2227; x_wconf 91' lang='lat' dir='ltr'><strong>et</strong></span> <span class='ocrx_word' id='word_1_298' title='bbox 851 2170 1082 2243; x_wconf 85' lang='lat' dir='ltr'><strong>gloriam</strong></span> <span class='ocrx_word' id='word_1_299' title='bbox 1123 2170 1224 2228; x_wconf 89' lang='lat' dir='ltr'><strong>Dei</strong></span> <span class='ocrx_word' id='word_1_300' title='bbox 1270 2173 1505 2229; x_wconf 88' lang='lat' dir='ltr'><strong>clamare</strong></span> <span class='ocrx_word' id='word_1_301' title='bbox 1554 2191 1712 2248; x_wconf 89' lang='lat' dir='ltr'><strong>posse</strong></span> 
     </span>
    </p>
   </div>
   <div class='ocr_carea' id='block_1_39' title="bbox 97 2262 1709 2340">
    <p class='ocr_par' dir='ltr' id='par_1_39' title="bbox 97 2262 1709 2340">
     <span class='ocr_line' id='line_1_39' title="bbox 97 2262 1709 2340; baseline 0.002 -20"><span class='ocrx_word' id='word_1_302' title='bbox 97 2263 349 2321; x_wconf 87' lang='lat' dir='ltr'><strong>ostendit</strong></span> <span class='ocrx_word' id='word_1_303' title='bbox 376 2264 529 2337; x_wconf 83' lang='lat' dir='ltr'><strong>(Luc.</strong></span> <span class='ocrx_word' id='word_1_304' title='bbox 559 2280 682 2335; x_wconf 72' lang='lat' dir='ltr'><strong>xxx,</strong></span> <span class='ocrx_word' id='word_1_305' title='bbox 716 2262 832 2336; x_wconf 73' lang='grc'>40).</span> <span class='ocrx_word' id='word_1_306' title='bbox 871 2265 944 2321; x_wconf 91' lang='lat' dir='ltr'><strong>Et</strong></span> <span class='ocrx_word' id='word_1_307' title='bbox 973 2265 1119 2322; x_wconf 88' lang='lat' dir='ltr'><strong>inter</strong></span> <span class='ocrx_word' id='word_1_308' title='bbox 1143 2265 1263 2339; x_wconf 89' lang='lat' dir='ltr'><strong>ipsa</strong></span> <span class='ocrx_word' id='word_1_309' title='bbox 1298 2266 1603 2340; x_wconf 88' lang='lat' dir='ltr'><strong>primordia</strong></span> <span class='ocrx_word' id='word_1_310' title='bbox 1640 2267 1709 2324; x_wconf 92' lang='lat' dir='ltr'><strong>ad</strong></span> 
     </span>
    </p>
   </div>
   <div class='ocr_carea' id='block_1_40' title="bbox 97 2352 1709 2431">
    <p class='ocr_par' dir='ltr' id='par_1_40' title="bbox 97 2352 1709 2431">
     <span class='ocr_line' id='line_1_40' title="bbox 97 2352 1709 2431; baseline 0.003 -22"><span class='ocrx_word' id='word_1_311' title='bbox 97 2352 643 2409; x_wconf 89' lang='lat' dir='ltr'><strong>commendationem</strong></span> <span class='ocrx_word' id='word_1_312' title='bbox 668 2352 819 2423; x_wconf 87' lang='lat' dir='ltr'><strong>ﬁdei,</strong></span> <span class='ocrx_word' id='word_1_313' title='bbox 877 2353 974 2427; x_wconf 90' lang='lat' dir='ltr'><strong>qui</strong></span> <span class='ocrx_word' id='word_1_314' title='bbox 1020 2353 1461 2428; x_wconf 89' lang='lat' dir='ltr'><strong>baptizabantur,</strong></span> <span class='ocrx_word' id='word_1_315' title='bbox 1505 2357 1709 2431; x_wconf 86' lang='lat' dir='ltr'><strong>linguis</strong></span> 
     </span>
    </p>
   </div>
   <div class='ocr_carea' id='block_1_41' title="bbox 100 2439 881 2514">
    <p class='ocr_par' dir='ltr' id='par_1_41' title="bbox 100 2439 881 2514">
     <span class='ocr_line' id='line_1_41' title="bbox 100 2439 881 2514; baseline 0.004 -19"><span class='ocrx_word' id='word_1_316' title='bbox 100 2441 477 2514; x_wconf 88' lang='lat' dir='ltr'><strong>loquebantur</strong></span> <span class='ocrx_word' id='word_1_317' title='bbox 506 2441 648 2514; x_wconf 85' lang='lat' dir='ltr'><strong>(Act.</strong></span> <span class='ocrx_word' id='word_1_318' title='bbox 676 2457 735 2510; x_wconf 83' lang='lat' dir='ltr'><strong>x,</strong></span> <span class='ocrx_word' id='word_1_319' title='bbox 765 2439 881 2513; x_wconf 75' lang='grc'>46).</span> 
     </span>
    </p>
   </div>
   <div class='ocr_carea' id='block_1_42' title="bbox 171 2530 1707 2609">
    <p class='ocr_par' dir='ltr' id='par_1_42' title="bbox 171 2530 1707 2609">
     <span class='ocr_line' id='line_1_42' title="bbox 171 2530 1707 2609; baseline 0.005 -20"><span class='ocrx_word' id='word_1_320' title='bbox 171 2530 362 2604; x_wconf 88' lang='lat' dir='ltr'><strong>(Vers.</strong></span> <span class='ocrx_word' id='word_1_321' title='bbox 390 2531 471 2603; x_wconf 82' lang='lat'><strong>2.)</strong></span> <span class='ocrx_word' id='word_1_322' title='bbox 509 2554 528 2579; x_wconf 76' lang='grc' dir='ltr'>ι</span> <span class='ocrx_word' id='word_1_323' title='bbox 556 2533 627 2589; x_wconf 89' lang='lat' dir='ltr'><strong>Et</strong></span> <span class='ocrx_word' id='word_1_324' title='bbox 654 2530 702 2587; x_wconf 91' lang='lat' dir='ltr'><strong>si</strong></span> <span class='ocrx_word' id='word_1_325' title='bbox 732 2532 976 2592; x_wconf 87' lang='lat' dir='ltr'><strong>habuero</strong></span> <span class='ocrx_word' id='word_1_326' title='bbox 994 2534 1360 2609; x_wconf 90' lang='lat' dir='ltr'><strong>prophetiam,</strong></span> <span class='ocrx_word' id='word_1_327' title='bbox 1383 2546 1438 2594; x_wconf 93' lang='lat' dir='ltr'><strong>et</strong></span> <span class='ocrx_word' id='word_1_328' title='bbox 1459 2540 1707 2596; x_wconf 90' lang='lat' dir='ltr'><strong>noverim</strong></span> 
     </span>
    </p>
   </div>
   <div class='ocr_carea' id='block_1_43' title="bbox 101 2619 1704 2695">
    <p class='ocr_par' dir='ltr' id='par_1_43' title="bbox 101 2619 1704 2695">
     <span class='ocr_line' id='line_1_43' title="bbox 101 2619 1704 2695; baseline 0.006 -22"><span class='ocrx_word' id='word_1_329' title='bbox 101 2619 299 2674; x_wconf 88' lang='lat' dir='ltr'><strong>omnia</strong></span> <span class='ocrx_word' id='word_1_330' title='bbox 326 2620 606 2692; x_wconf 89' lang='lat' dir='ltr'><strong>mysteria,</strong></span> <span class='ocrx_word' id='word_1_331' title='bbox 656 2630 711 2678; x_wconf 90' lang='lat' dir='ltr'><strong>et</strong></span> <span class='ocrx_word' id='word_1_332' title='bbox 746 2638 966 2679; x_wconf 90' lang='lat' dir='ltr'><strong>omnem</strong></span> <span class='ocrx_word' id='word_1_333' title='bbox 1014 2624 1327 2695; x_wconf 87' lang='lat' dir='ltr'><strong>scientiam,</strong></span> <span class='ocrx_word' id='word_1_334' title='bbox 1380 2626 1704 2686; x_wconf 88' lang='lat' dir='ltr'><strong>cbaritatem</strong></span> 
     </span>
    </p>
   </div>
   <div class='ocr_carea' id='block_1_44' title="bbox 102 2718 1709 2798">
    <p class='ocr_par' dir='ltr' id='par_1_44' title="bbox 102 2718 1709 2798">
     <span class='ocr_line' id='line_1_44' title="bbox 102 2718 1709 2798; baseline 0.006 -26"><span class='ocrx_word' id='word_1_335' title='bbox 102 2724 296 2774; x_wconf 87' lang='lat' dir='ltr'><strong>autem</strong></span> <span class='ocrx_word' id='word_1_336' title='bbox 322 2733 433 2775; x_wconf 89' lang='lat' dir='ltr'><strong>non</strong></span> <span class='ocrx_word' id='word_1_337' title='bbox 464 2718 714 2790; x_wconf 87' lang='lat' dir='ltr'><strong>habeam,</strong></span> <span class='ocrx_word' id='word_1_338' title='bbox 747 2722 890 2779; x_wconf 91' lang='lat' dir='ltr'><strong>nihil</strong></span> <span class='ocrx_word' id='word_1_339' title='bbox 914 2724 1055 2781; x_wconf 91' lang='lat' dir='ltr'><strong>mihi</strong></span> <span class='ocrx_word' id='word_1_340' title='bbox 1081 2722 1221 2779; x_wconf 86' lang='lat'><strong>155</strong></span> <span class='ocrx_word' id='word_1_341' title='bbox 1248 2724 1490 2798; x_wconf 86' lang='lat' dir='ltr'><strong>prodest.</strong></span> <span class='ocrx_word' id='word_1_342' title='bbox 1515 2750 1535 2773; x_wconf 77' lang='grc' dir='ltr'><strong><em>ι</em></strong></span> <span class='ocrx_word' id='word_1_343' title='bbox 1568 2726 1709 2785; x_wconf 87' lang='lat' dir='ltr'><strong>Vere</strong></span> 
     </span>
    </p>
   </div>
   <div class='ocr_carea' id='block_1_45' title="bbox 104 2805 1703 2885">
    <p class='ocr_par' dir='ltr' id='par_1_45' title="bbox 104 2805 1703 2885">
     <span class='ocr_line' id='line_1_45' title="bbox 104 2805 1703 2885; baseline 0.005 -25"><span class='ocrx_word' id='word_1_344' title='bbox 104 2805 256 2861; x_wconf 90' lang='lat' dir='ltr'><strong>nihil</strong></span> <span class='ocrx_word' id='word_1_345' title='bbox 306 2807 559 2879; x_wconf 87' lang='lat' dir='ltr'><strong>prodest;</strong></span> <span class='ocrx_word' id='word_1_346' title='bbox 606 2809 677 2864; x_wconf 89' lang='lat' dir='ltr'><strong>ad</strong></span> <span class='ocrx_word' id='word_1_347' title='bbox 719 2810 821 2866; x_wconf 89' lang='lat' dir='ltr'><strong>Dei</strong></span> <span class='ocrx_word' id='word_1_348' title='bbox 867 2812 1016 2868; x_wconf 91' lang='lat' dir='ltr'><strong>enim</strong></span> <span class='ocrx_word' id='word_1_349' title='bbox 1063 2813 1291 2885; x_wconf 88' lang='lat' dir='ltr'><strong>gloriam</strong></span> <span class='ocrx_word' id='word_1_350' title='bbox 1327 2812 1703 2885; x_wconf 89' lang='lat' dir='ltr'><strong>prophetatur,</strong></span> 
     </span>
    </p>
   </div>
   <div class='ocr_carea' id='block_1_46' title="bbox 104 2894 1704 2972">
    <p class='ocr_par' dir='ltr' id='par_1_46' title="bbox 104 2894 1704 2972">
     <span class='ocr_line' id='line_1_46' title="bbox 104 2894 1704 2972; baseline 0.005 -22"><span class='ocrx_word' id='word_1_351' title='bbox 104 2894 258 2952; x_wconf 86' lang='lat' dir='ltr'><strong>sicut</strong></span> <span class='ocrx_word' id='word_1_352' title='bbox 287 2895 427 2952; x_wconf 89' lang='lat' dir='ltr'><strong>dicit</strong></span> <span class='ocrx_word' id='word_1_353' title='bbox 454 2896 633 2953; x_wconf 88' lang='lat' dir='ltr'><strong>David</strong></span> <span class='ocrx_word' id='word_1_354' title='bbox 656 2898 958 2970; x_wconf 89' lang='lat' dir='ltr'><strong>propheta:</strong></span> <span class='ocrx_word' id='word_1_355' title='bbox 1018 2925 1035 2949; x_wconf 77' lang='grc' dir='ltr'>ι</span> <span class='ocrx_word' id='word_1_356' title='bbox 1067 2902 1190 2958; x_wconf 87' lang='lat' dir='ltr'><strong>Non</strong></span> <span class='ocrx_word' id='word_1_357' title='bbox 1227 2901 1410 2971; x_wconf 89' lang='lat' dir='ltr'><strong>nobis,</strong></span> <span class='ocrx_word' id='word_1_358' title='bbox 1450 2902 1704 2972; x_wconf 91' lang='lat' dir='ltr'><strong>Domine,</strong></span> 
     </span>
    </p>
   </div>
   <div class='ocr_carea' id='block_1_47' title="bbox 104 2983 1705 3063">
    <p class='ocr_par' dir='ltr' id='par_1_47' title="bbox 104 2983 1705 3063">
     <span class='ocr_line' id='line_1_47' title="bbox 104 2983 1705 3063; baseline 0.005 -24"><span class='ocrx_word' id='word_1_359' title='bbox 104 2999 224 3041; x_wconf 88' lang='lat' dir='ltr'><strong>non</strong></span> <span class='ocrx_word' id='word_1_360' title='bbox 265 2983 449 3053; x_wconf 89' lang='lat' dir='ltr'><strong>nobis,</strong></span> <span class='ocrx_word' id='word_1_361' title='bbox 477 2984 573 3042; x_wconf 88' lang='lat' dir='ltr'><strong>sed</strong></span> <span class='ocrx_word' id='word_1_362' title='bbox 606 2987 822 3043; x_wconf 90' lang='lat' dir='ltr'><strong>nomini</strong></span> <span class='ocrx_word' id='word_1_363' title='bbox 851 2995 948 3044; x_wconf 90' lang='lat' dir='ltr'><strong>tuo</strong></span> <span class='ocrx_word' id='word_1_364' title='bbox 977 2987 1046 3045; x_wconf 91' lang='lat' dir='ltr'><strong>da</strong></span> <span class='ocrx_word' id='word_1_365' title='bbox 1074 2991 1304 3063; x_wconf 85' lang='lat' dir='ltr'><strong>gloriam</strong></span> <span class='ocrx_word' id='word_1_366' title='bbox 1336 2992 1511 3063; x_wconf 83' lang='lat' dir='ltr'><strong>(Psal.</strong></span> <span class='ocrx_word' id='word_1_367' title='bbox 1548 3008 1705 3060; x_wconf 79' lang='lat' dir='ltr'><strong>cxiii,</strong></span> 
     </span>
    </p>
   </div>
   <div class='ocr_carea' id='block_1_48' title="bbox 107 3075 1706 3155">
    <p class='ocr_par' dir='ltr' id='par_1_48' title="bbox 107 3075 1706 3155">
     <span class='ocr_line' id='line_1_48' title="bbox 107 3075 1706 3155; baseline 0.006 -25"><span class='ocrx_word' id='word_1_368' title='bbox 107 3075 190 3147; x_wconf 87' lang='lat'><strong>1).</strong></span> <span class='ocrx_word' id='word_1_369' title='bbox 226 3099 248 3122; x_wconf 79' lang='grc' dir='ltr'><strong><em>ι</em></strong></span> <span class='ocrx_word' id='word_1_370' title='bbox 298 3075 435 3132; x_wconf 84' lang='lat' dir='ltr'><strong>Nam</strong></span> <span class='ocrx_word' id='word_1_371' title='bbox 466 3083 521 3131; x_wconf 88' lang='lat' dir='ltr'><strong>et</strong></span> <span class='ocrx_word' id='word_1_372' title='bbox 548 3076 770 3133; x_wconf 88' lang='lat' dir='ltr'><strong>Balaam</strong></span> <span class='ocrx_word' id='word_1_373' title='bbox 795 3080 1145 3152; x_wconf 84' lang='lat' dir='ltr'><strong>prophetavit</strong></span> <span class='ocrx_word' id='word_1_374' title='bbox 1175 3082 1361 3155; x_wconf 85' lang='lat' dir='ltr'><strong>(Num.</strong></span> <span class='ocrx_word' id='word_1_375' title='bbox 1396 3097 1554 3151; x_wconf 79' lang='lat' dir='ltr'><strong>xxw,</strong></span> <span class='ocrx_word' id='word_1_376' title='bbox 1590 3083 1706 3155; x_wconf 83' lang='lat'><strong>17),</strong></span> 
     </span>
    </p>
   </div>
   <div class='ocr_carea' id='block_1_49' title="bbox 98 3168 2136 3265">
    <p class='ocr_par' dir='ltr' id='par_1_49' title="bbox 98 3168 2136 3265">
     <span class='ocr_line' id='line_1_49' title="bbox 98 3168 2136 3265; baseline 0.005 -41"><span class='ocrx_word' id='word_1_377' title='bbox 98 3182 236 3224; x_wconf 89' lang='lat' dir='ltr'><strong>cum</strong></span> <span class='ocrx_word' id='word_1_378' title='bbox 276 3168 544 3242; x_wconf 82' lang='lat' dir='ltr'><strong>propheta</strong></span> <span class='ocrx_word' id='word_1_379' title='bbox 583 3186 696 3226; x_wconf 88' lang='lat' dir='ltr'><strong>non</strong></span> <span class='ocrx_word' id='word_1_380' title='bbox 726 3179 887 3241; x_wconf 89' lang='lat' dir='ltr'><strong>esset,</strong></span> <span class='ocrx_word' id='word_1_381' title='bbox 917 3172 1013 3229; x_wconf 90' lang='lat' dir='ltr'><strong>sed</strong></span> <span class='ocrx_word' id='word_1_382' title='bbox 1042 3173 1329 3232; x_wconf 87' lang='lat' dir='ltr'><strong>hariolus:</strong></span> <span class='ocrx_word' id='word_1_383' title='bbox 1372 3182 1428 3233; x_wconf 90' lang='lat' dir='ltr'><strong>et</strong></span> <span class='ocrx_word' id='word_1_384' title='bbox 1466 3175 1703 3248; x_wconf 86' lang='lat' dir='ltr'><strong>Caiphas</strong></span> <span class='ocrx_word' id='word_1_385' title='bbox 1735 3204 1779 3265; x_wconf 67' lang='grc' dir='ltr'><strong>ρ</strong></span> <span class='ocrx_word' id='word_1_386' title='bbox 1815 3204 1861 3261; x_wconf 49' lang='grc' dir='ltr'><strong>εχ</strong></span> <span class='ocrx_word' id='word_1_387' title='bbox 1894 3199 1991 3255; x_wconf 48' lang='grc' dir='ltr'><strong>ωε</strong></span> <span class='ocrx_word' id='word_1_388' title='bbox 2019 3168 2096 3255; x_wconf 36' lang='grc' dir='ltr'><strong>ἐκ</strong></span> <span class='ocrx_word' id='word_1_389' title='bbox 2123 3216 2136 3255; x_wconf 63' lang='grc' dir='ltr'><em>τ</em></span> 
     </span>
    </p>
   </div>
   <div class='ocr_carea' id='block_1_50' title="bbox 94 3258 1902 3346">
    <p class='ocr_par' dir='ltr' id='par_1_50' title="bbox 94 3258 1902 3346">
     <span class='ocr_line' id='line_1_50' title="bbox 94 3258 1902 3346; baseline 0.014 -42"><span class='ocrx_word' id='word_1_390' title='bbox 94 3258 505 3335; x_wconf 69' lang='lat' dir='ltr'><strong>prophetavit,(</strong></span> <span class='ocrx_word' id='word_1_391' title='bbox 530 3264 688 3321; x_wconf 85' lang='lat' dir='ltr'><strong>Joan.</strong></span> <span class='ocrx_word' id='word_1_392' title='bbox 720 3280 800 3333; x_wconf 72' lang='grc' dir='ltr'><strong>χι,</strong></span> <span class='ocrx_word' id='word_1_393' title='bbox 828 3265 941 3338; x_wconf 78' lang='grc'>51),</span> <span class='ocrx_word' id='word_1_394' title='bbox 973 3282 1085 3322; x_wconf 90' lang='lat' dir='ltr'><strong>non</strong></span> <span class='ocrx_word' id='word_1_395' title='bbox 1116 3268 1337 3336; x_wconf 91' lang='lat' dir='ltr'><strong>merito,</strong></span> <span class='ocrx_word' id='word_1_396' title='bbox 1369 3268 1465 3325; x_wconf 90' lang='lat' dir='ltr'><strong>sed</strong></span> <span class='ocrx_word' id='word_1_397' title='bbox 1503 3269 1700 3342; x_wconf 87' lang='lat' dir='ltr'><strong>digni-</strong></span> <span class='ocrx_word' id='word_1_398' title='bbox 1741 3258 1778 3265; x_wconf 61' lang='grc'><strong>“</strong></span> <span class='ocrx_word' id='word_1_399' title='bbox 1809 3258 1902 3346; x_wconf 56' lang='lat' dir='ltr'><strong>dia</strong></span> 
     </span>
    </p>
   </div>
   <div class='ocr_carea' id='block_1_51' title="bbox 95 3353 1693 3434">
    <p class='ocr_par' dir='ltr' id='par_1_51' title="bbox 95 3353 1693 3434">
     <span class='ocr_line' id='line_1_51' title="bbox 95 3353 1693 3434; baseline 0.005 -25"><span class='ocrx_word' id='word_1_400' title='bbox 95 3358 209 3409; x_wconf 88' lang='lat' dir='ltr'><strong>tate</strong></span> <span class='ocrx_word' id='word_1_401' title='bbox 239 3353 456 3410; x_wconf 89' lang='lat' dir='ltr'><strong>ordinis</strong></span> <span class='ocrx_word' id='word_1_402' title='bbox 484 3355 838 3414; x_wconf 87' lang='lat' dir='ltr'><strong>sacerdotalis</strong></span> <span class='ocrx_word' id='word_1_403' title='bbox 862 3373 874 3412; x_wconf 92' lang='lat'><strong>:</strong></span> <span class='ocrx_word' id='word_1_404' title='bbox 898 3366 951 3414; x_wconf 91' lang='lat' dir='ltr'><strong>et</strong></span> <span class='ocrx_word' id='word_1_405' title='bbox 971 3358 1099 3414; x_wconf 88' lang='lat' dir='ltr'><strong>Saul</strong></span> <span class='ocrx_word' id='word_1_406' title='bbox 1122 3359 1473 3432; x_wconf 88' lang='lat' dir='ltr'><strong>prophetavit</strong></span> <span class='ocrx_word' id='word_1_407' title='bbox 1501 3362 1560 3434; x_wconf 86' lang='grc' dir='ltr'>(Ι</span> <span class='ocrx_word' id='word_1_408' title='bbox 1570 3365 1693 3433; x_wconf 83' lang='lat' dir='ltr'><strong>Reg.</strong></span> 
     </span>
    </p>
   </div>
   <div class='ocr_carea' id='block_1_52' title="bbox 91 3442 1696 3522">
    <p class='ocr_par' dir='ltr' id='par_1_52' title="bbox 91 3442 1696 3522">
     <span class='ocr_line' id='line_1_52' title="bbox 91 3442 1696 3522; baseline 0.007 -26"><span class='ocrx_word' id='word_1_409' title='bbox 91 3457 218 3509; x_wconf 72' lang='lat' dir='ltr'><strong>xxx,</strong></span> <span class='ocrx_word' id='word_1_410' title='bbox 252 3442 369 3516; x_wconf 82' lang='lat'><strong>23),</strong></span> <span class='ocrx_word' id='word_1_411' title='bbox 401 3460 529 3501; x_wconf 89' lang='lat' dir='ltr'><strong>cum</strong></span> <span class='ocrx_word' id='word_1_412' title='bbox 552 3444 667 3517; x_wconf 86' lang='lat' dir='ltr'><strong>jam</strong></span> <span class='ocrx_word' id='word_1_413' title='bbox 702 3445 1093 3503; x_wconf 85' lang='lat' dir='ltr'><strong>inobedientiae</strong></span> <span class='ocrx_word' id='word_1_414' title='bbox 1121 3464 1287 3506; x_wconf 84' lang='lat' dir='ltr'><strong>causa</strong></span> <span class='ocrx_word' id='word_1_415' title='bbox 1322 3450 1524 3522; x_wconf 88' lang='lat' dir='ltr'><strong>spiritu</strong></span> <span class='ocrx_word' id='word_1_416' title='bbox 1551 3450 1696 3507; x_wconf 90' lang='lat' dir='ltr'><strong>malo</strong></span> 
     </span>
    </p>
   </div>
   <div class='ocr_carea' id='block_1_53' title="bbox 92 3531 1697 3613">
    <p class='ocr_par' dir='ltr' id='par_1_53' title="bbox 92 3531 1697 3613">
     <span class='ocr_line' id='line_1_53' title="bbox 92 3531 1697 3613; baseline 0.007 -27"><span class='ocrx_word' id='word_1_417' title='bbox 92 3531 294 3589; x_wconf 83' lang='lat' dir='ltr'><strong>fuisset</strong></span> <span class='ocrx_word' id='word_1_418' title='bbox 325 3536 603 3607; x_wconf 87' lang='lat' dir='ltr'><strong>repletus;</strong></span> <span class='ocrx_word' id='word_1_419' title='bbox 636 3535 729 3591; x_wconf 90' lang='lat' dir='ltr'><strong>sed</strong></span> <span class='ocrx_word' id='word_1_420' title='bbox 760 3542 982 3608; x_wconf 89' lang='lat' dir='ltr'><strong>propter</strong></span> <span class='ocrx_word' id='word_1_421' title='bbox 1025 3536 1128 3592; x_wconf 90' lang='lat' dir='ltr'><strong>Dei</strong></span> <span class='ocrx_word' id='word_1_422' title='bbox 1171 3552 1412 3609; x_wconf 86' lang='lat' dir='ltr'><strong>causam,</strong></span> <span class='ocrx_word' id='word_1_423' title='bbox 1459 3555 1528 3596; x_wconf 89' lang='lat' dir='ltr'><strong>ne</strong></span> <span class='ocrx_word' id='word_1_424' title='bbox 1559 3556 1697 3613; x_wconf 85' lang='lat' dir='ltr'><strong>pos-</strong></span> 
     </span>
    </p>
   </div>
   <div class='ocr_carea' id='block_1_54' title="bbox 90 3628 1694 3705">
    <p class='ocr_par' dir='ltr' id='par_1_54' title="bbox 90 3628 1694 3705">
     <span class='ocr_line' id='line_1_54' title="bbox 90 3628 1694 3705; baseline 0.008 -22"><span class='ocrx_word' id='word_1_425' title='bbox 90 3636 171 3684; x_wconf 83' lang='lat' dir='ltr'><strong>set</strong></span> <span class='ocrx_word' id='word_1_426' title='bbox 201 3628 672 3702; x_wconf 84' lang='lat' dir='ltr'><strong>comprehendere</strong></span> <span class='ocrx_word' id='word_1_427' title='bbox 717 3631 919 3702; x_wconf 88' lang='lat' dir='ltr'><strong>David,</strong></span> <span class='ocrx_word' id='word_1_428' title='bbox 965 3647 1128 3705; x_wconf 88' lang='lat' dir='ltr'><strong>quem</strong></span> <span class='ocrx_word' id='word_1_429' title='bbox 1184 3640 1239 3691; x_wconf 89' lang='lat' dir='ltr'><strong>et</strong></span> <span class='ocrx_word' id='word_1_430' title='bbox 1282 3634 1531 3695; x_wconf 89' lang='lat' dir='ltr'><strong>occidere</strong></span> <span class='ocrx_word' id='word_1_431' title='bbox 1583 3654 1694 3695; x_wconf 93' lang='lat' dir='ltr'><strong>vo-</strong></span> 
     </span>
    </p>
   </div>
   <div class='ocr_carea' id='block_1_55' title="bbox 90 3716 256 3776">
    <p class='ocr_par' dir='ltr' id='par_1_55' title="bbox 90 3716 256 3776">
     <span class='ocr_line' id='line_1_55' title="bbox 90 3716 256 3776; baseline 0.042 -6"><span class='ocrx_word' id='word_1_432' title='bbox 90 3716 256 3776; x_wconf 88' lang='lat' dir='ltr'><strong>lebat.</strong></span> 
     </span>
    </p>
   </div>
   <div class='ocr_carea' id='block_1_56' title="bbox 174 3811 1689 3896">
    <p class='ocr_par' dir='ltr' id='par_1_56' title="bbox 174 3811 1689 3896">
     <span class='ocr_line' id='line_1_56' title="bbox 174 3811 1689 3896; baseline 0.007 -22"><span class='ocrx_word' id='word_1_433' title='bbox 174 3837 193 3866; x_wconf 78' lang='grc' dir='ltr'>ι</span> <span class='ocrx_word' id='word_1_434' title='bbox 235 3812 311 3875; x_wconf 87' lang='lat' dir='ltr'><strong>Et</strong></span> <span class='ocrx_word' id='word_1_435' title='bbox 333 3812 379 3875; x_wconf 86' lang='lat' dir='ltr'><strong>si</strong></span> <span class='ocrx_word' id='word_1_436' title='bbox 410 3811 587 3877; x_wconf 84' lang='lat' dir='ltr'><strong>sciero</strong></span> <span class='ocrx_word' id='word_1_437' title='bbox 617 3815 805 3878; x_wconf 85' lang='lat' dir='ltr'><strong>omnia</strong></span> <span class='ocrx_word' id='word_1_438' title='bbox 842 3818 1143 3896; x_wconf 85' lang='lat' dir='ltr'><strong>mysteria;</strong></span> <span class='ocrx_word' id='word_1_439' title='bbox 1174 3844 1196 3872; x_wconf 75' lang='grc' dir='ltr'><strong><em>ι</em></strong></span> <span class='ocrx_word' id='word_1_440' title='bbox 1237 3816 1390 3881; x_wconf 75' lang='lat' dir='ltr'><strong>Iudae</strong></span> <span class='ocrx_word' id='word_1_441' title='bbox 1411 3821 1560 3883; x_wconf 88' lang='lat' dir='ltr'><strong>enim</strong></span> <span class='ocrx_word' id='word_1_442' title='bbox 1589 3822 1689 3883; x_wconf 76' lang='lat' dir='ltr'><strong>ni-</strong></span> 
     </span>
    </p>
   </div>
   <div class='ocr_carea' id='block_1_57' title="bbox 92 3908 1687 3991">
    <p class='ocr_par' dir='ltr' id='par_1_57' title="bbox 92 3908 1687 3991">
     <span class='ocr_line' id='line_1_57' title="bbox 92 3908 1687 3991; baseline 0.006 -26"><span class='ocrx_word' id='word_1_443' title='bbox 92 3908 170 3965; x_wconf 92' lang='lat' dir='ltr'><strong>hil</strong></span> <span class='ocrx_word' id='word_1_444' title='bbox 221 3909 439 3982; x_wconf 89' lang='lat' dir='ltr'><strong>profuit</strong></span> <span class='ocrx_word' id='word_1_445' title='bbox 494 3909 663 3968; x_wconf 83' lang='lat' dir='ltr'><strong>fuisse</strong></span> <span class='ocrx_word' id='word_1_446' title='bbox 708 3929 835 3970; x_wconf 88' lang='lat' dir='ltr'><strong>cum</strong></span> <span class='ocrx_word' id='word_1_447' title='bbox 871 3912 1155 3986; x_wconf 85' lang='lat' dir='ltr'><strong>apostolis,</strong></span> <span class='ocrx_word' id='word_1_448' title='bbox 1201 3921 1256 3971; x_wconf 89' lang='lat' dir='ltr'><strong>et</strong></span> <span class='ocrx_word' id='word_1_449' title='bbox 1283 3913 1540 3974; x_wconf 87' lang='lat' dir='ltr'><strong>didicisse</strong></span> <span class='ocrx_word' id='word_1_450' title='bbox 1569 3934 1687 3991; x_wconf 87' lang='lat' dir='ltr'><strong>my-</strong></span> 
     </span>
    </p>
   </div>
   <div class='ocr_carea' id='block_1_58' title="bbox 92 3998 1683 4078">
    <p class='ocr_par' dir='ltr' id='par_1_58' title="bbox 92 3998 1683 4078">
     <span class='ocr_line' id='line_1_58' title="bbox 92 3998 1683 4078; baseline 0.007 -23"><span class='ocrx_word' id='word_1_451' title='bbox 92 3998 278 4068; x_wconf 87' lang='lat' dir='ltr'><strong>steria,</strong></span> <span class='ocrx_word' id='word_1_452' title='bbox 296 4015 424 4055; x_wconf 89' lang='lat' dir='ltr'><strong>cum</strong></span> <span class='ocrx_word' id='word_1_453' title='bbox 442 3999 731 4059; x_wconf 84' lang='lat' dir='ltr'><strong>charitatis</strong></span> <span class='ocrx_word' id='word_1_454' title='bbox 745 4002 922 4060; x_wconf 90' lang='lat' dir='ltr'><strong>hostis</strong></span> <span class='ocrx_word' id='word_1_455' title='bbox 940 4003 1169 4061; x_wconf 88' lang='lat' dir='ltr'><strong>tradidit</strong></span> <span class='ocrx_word' id='word_1_456' title='bbox 1184 4004 1301 4078; x_wconf 88' lang='lat'><strong>(16)</strong></span> <span class='ocrx_word' id='word_1_457' title='bbox 1324 4007 1683 4066; x_wconf 82' lang='lat' dir='ltr'><strong>Salvatorem.</strong></span> 
     </span>
    </p>
   </div>
   <div class='ocr_carea' id='block_1_59' title="bbox 91 4088 1687 4169">
    <p class='ocr_par' dir='ltr' id='par_1_59' title="bbox 91 4088 1687 4169">
     <span class='ocr_line' id='line_1_59' title="bbox 91 4088 1687 4169; baseline 0.006 -25"><span class='ocrx_word' id='word_1_458' title='bbox 91 4088 157 4145; x_wconf 87' lang='lat' dir='ltr'><strong>Et</strong></span> <span class='ocrx_word' id='word_1_459' title='bbox 192 4090 466 4164; x_wconf 84' lang='lat' dir='ltr'><strong>propheta</strong></span> <span class='ocrx_word' id='word_1_460' title='bbox 510 4092 767 4151; x_wconf 87' lang='lat' dir='ltr'><strong>Ezechiel</strong></span> <span class='ocrx_word' id='word_1_461' title='bbox 812 4093 1095 4151; x_wconf 89' lang='lat' dir='ltr'><strong>diabolum</strong></span> <span class='ocrx_word' id='word_1_462' title='bbox 1141 4097 1402 4169; x_wconf 86' lang='lat' dir='ltr'><strong>mysteria</strong></span> <span class='ocrx_word' id='word_1_463' title='bbox 1445 4097 1687 4154; x_wconf 68' lang='lat' dir='ltr'><strong>coelestia</strong></span> 
     </span>
    </p>
   </div>
   <div class='ocr_carea' id='block_1_60' title="bbox 92 4180 1683 4259">
    <p class='ocr_par' dir='ltr' id='par_1_60' title="bbox 92 4180 1683 4259">
     <span class='ocr_line' id='line_1_60' title="bbox 92 4180 1683 4259; baseline 0.006 -23"><span class='ocrx_word' id='word_1_464' title='bbox 92 4180 225 4237; x_wconf 87' lang='lat' dir='ltr'><strong>scire</strong></span> <span class='ocrx_word' id='word_1_465' title='bbox 269 4182 540 4252; x_wconf 87' lang='lat' dir='ltr'><strong>ostendit,</strong></span> <span class='ocrx_word' id='word_1_466' title='bbox 588 4184 812 4257; x_wconf 89' lang='lat' dir='ltr'><strong>quando</strong></span> <span class='ocrx_word' id='word_1_467' title='bbox 865 4186 1133 4259; x_wconf 83' lang='lat' dir='ltr'><strong>increpita</strong></span> <span class='ocrx_word' id='word_1_468' title='bbox 1171 4202 1305 4244; x_wconf 87' lang='lat' dir='ltr'><strong>voce</strong></span> <span class='ocrx_word' id='word_1_469' title='bbox 1347 4187 1406 4242; x_wconf 91' lang='lat' dir='ltr'><strong>in</strong></span> <span class='ocrx_word' id='word_1_470' title='bbox 1432 4188 1683 4259; x_wconf 90' lang='lat' dir='ltr'><strong>paradiso</strong></span> 
     </span>
    </p>
   </div>
   <div class='ocr_carea' id='block_1_61' title="bbox 92 4267 1680 4348">
    <p class='ocr_par' dir='ltr' id='par_1_61' title="bbox 92 4267 1680 4348">
     <span class='ocr_line' id='line_1_61' title="bbox 92 4267 1680 4348; baseline 0.007 -24"><span class='ocrx_word' id='word_1_471' title='bbox 92 4267 244 4327; x_wconf 91' lang='lat' dir='ltr'><strong>illum</strong></span> <span class='ocrx_word' id='word_1_472' title='bbox 272 4272 377 4329; x_wconf 91' lang='lat' dir='ltr'><strong>Dei</strong></span> <span class='ocrx_word' id='word_1_473' title='bbox 420 4272 611 4343; x_wconf 86' lang='lat' dir='ltr'><strong>fuisse,</strong></span> <span class='ocrx_word' id='word_1_474' title='bbox 655 4282 711 4330; x_wconf 90' lang='lat' dir='ltr'><strong>et</strong></span> <span class='ocrx_word' id='word_1_475' title='bbox 739 4275 1008 4347; x_wconf 91' lang='lat' dir='ltr'><strong>pretiosos</strong></span> <span class='ocrx_word' id='word_1_476' title='bbox 1062 4275 1271 4348; x_wconf 89' lang='lat' dir='ltr'><strong>lapides</strong></span> <span class='ocrx_word' id='word_1_477' title='bbox 1318 4276 1573 4335; x_wconf 88' lang='lat' dir='ltr'><strong>habuisse</strong></span> <span class='ocrx_word' id='word_1_478' title='bbox 1606 4286 1680 4335; x_wconf 85' lang='lat' dir='ltr'><strong>te-</strong></span> 
     </span>
    </p>
   </div>
   <div class='ocr_carea' id='block_1_62' title="bbox 91 4362 1679 4439">
    <p class='ocr_par' dir='ltr' id='par_1_62' title="bbox 91 4362 1679 4439">
     <span class='ocr_line' id='line_1_62' title="bbox 91 4362 1679 4439; baseline 0.007 -24"><span class='ocrx_word' id='word_1_479' title='bbox 91 4365 256 4417; x_wconf 82' lang='lat' dir='ltr'><strong>statur</strong></span> <span class='ocrx_word' id='word_1_480' title='bbox 318 4362 538 4434; x_wconf 78' lang='lat' dir='ltr'><strong>(Ezech.</strong></span> <span class='ocrx_word' id='word_1_481' title='bbox 590 4379 793 4433; x_wconf 79' lang='lat' dir='ltr'><strong>xxviii,</strong></span> <span class='ocrx_word' id='word_1_482' title='bbox 853 4365 985 4437; x_wconf 88' lang='lat'><strong>13);</strong></span> <span class='ocrx_word' id='word_1_483' title='bbox 1050 4381 1188 4439; x_wconf 91' lang='lat' dir='ltr'><strong>quos</strong></span> <span class='ocrx_word' id='word_1_484' title='bbox 1248 4366 1456 4439; x_wconf 88' lang='lat' dir='ltr'><strong>lapides</strong></span> <span class='ocrx_word' id='word_1_485' title='bbox 1532 4367 1679 4426; x_wconf 92' lang='lat' dir='ltr'><strong>idem</strong></span> 
     </span>
    </p>
   </div>
   <div class='ocr_carea' id='block_1_63' title="bbox 90 4452 1676 4533">
    <p class='ocr_par' dir='ltr' id='par_1_63' title="bbox 90 4452 1676 4533">
     <span class='ocr_line' id='line_1_63' title="bbox 90 4452 1676 4533; baseline 0.007 -26"><span class='ocrx_word' id='word_1_486' title='bbox 90 4452 385 4524; x_wconf 78' lang='lat' dir='ltr'><strong>Apostolus</strong></span> <span class='ocrx_word' id='word_1_487' title='bbox 457 4455 723 4514; x_wconf 64' lang='lat' dir='ltr'><strong>doctrinae</strong></span> <span class='ocrx_word' id='word_1_488' title='bbox 808 4457 1015 4515; x_wconf 79' lang='lat' dir='ltr'><strong>divinas</strong></span> <span class='ocrx_word' id='word_1_489' title='bbox 1116 4459 1383 4533; x_wconf 87' lang='lat' dir='ltr'><strong>mysteria</strong></span> <span class='ocrx_word' id='word_1_490' title='bbox 1469 4459 1676 4533; x_wconf 87' lang='lat' dir='ltr'><strong>signiﬁ-</strong></span> 
     </span>
    </p>
   </div>
   <div class='ocr_carea' id='block_1_64' title="bbox 1818 1914 3257 1996">
    <p class='ocr_par' dir='ltr' id='par_1_64' title="bbox 1818 1914 3257 1996">
     <span class='ocr_line' id='line_1_64' title="bbox 1818 1914 3257 1996; baseline 0.011 -26"><span class='ocrx_word' id='word_1_491' title='bbox 1818 1914 2101 1990; x_wconf 89' lang='lat' dir='ltr'><strong>Quidquid</strong></span> <span class='ocrx_word' id='word_1_492' title='bbox 2131 1934 2259 1992; x_wconf 88' lang='lat' dir='ltr'><strong>ergo</strong></span> <span class='ocrx_word' id='word_1_493' title='bbox 2288 1920 2406 1976; x_wconf 92' lang='lat' dir='ltr'><strong>sine</strong></span> <span class='ocrx_word' id='word_1_494' title='bbox 2434 1921 2701 1981; x_wconf 89' lang='lat' dir='ltr'><strong>charitate</strong></span> <span class='ocrx_word' id='word_1_495' title='bbox 2744 1926 2830 1996; x_wconf 88' lang='lat' dir='ltr'><strong>ﬁt,</strong></span> <span class='ocrx_word' id='word_1_496' title='bbox 2860 1929 3127 1987; x_wconf 89' lang='lat' dir='ltr'><strong>caducum</strong></span> <span class='ocrx_word' id='word_1_497' title='bbox 3156 1936 3257 1986; x_wconf 91' lang='lat' dir='ltr'><strong>est.</strong></span> 
     </span>
    </p>
   </div>
   <div class='ocr_carea' id='block_1_65' title="bbox 1893 2009 3421 2092">
    <p class='ocr_par' dir='ltr' id='par_1_65' title="bbox 1893 2009 3421 2092">
     <span class='ocr_line' id='line_1_65' title="bbox 1893 2009 3421 2092; baseline 0.007 -26"><span class='ocrx_word' id='word_1_498' title='bbox 1893 2009 2074 2081; x_wconf 84' lang='lat' dir='ltr'><strong>(Vers.</strong></span> <span class='ocrx_word' id='word_1_499' title='bbox 2108 2010 2248 2083; x_wconf 78' lang='grc'>4-8.)</span> <span class='ocrx_word' id='word_1_500' title='bbox 2288 2035 2307 2059; x_wconf 76' lang='grc' dir='ltr'>ι</span> <span class='ocrx_word' id='word_1_501' title='bbox 2339 2012 2589 2071; x_wconf 87' lang='lat' dir='ltr'><strong>Charitas</strong></span> <span class='ocrx_word' id='word_1_502' title='bbox 2612 2015 2986 2090; x_wconf 67' lang='lat' dir='ltr'><strong>&quot;magnanima</strong></span> <span class='ocrx_word' id='word_1_503' title='bbox 3033 2028 3136 2088; x_wconf 90' lang='lat' dir='ltr'><strong>est,</strong></span> <span class='ocrx_word' id='word_1_504' title='bbox 3169 2019 3421 2092; x_wconf 85' lang='lat' dir='ltr'><strong>jucunda</strong></span> 
     </span>
    </p>
   </div>
   <div class='ocr_carea' id='block_1_66' title="bbox 1817 2101 3416 2189">
    <p class='ocr_par' dir='ltr' id='par_1_66' title="bbox 1817 2101 3416 2189">
     <span class='ocr_line' id='line_1_66' title="bbox 1817 2101 3416 2189; baseline 0.009 -31"><span class='ocrx_word' id='word_1_505' title='bbox 1817 2109 1917 2159; x_wconf 92' lang='lat' dir='ltr'><strong>est.</strong></span> <span class='ocrx_word' id='word_1_506' title='bbox 1950 2101 2207 2161; x_wconf 85' lang='lat' dir='ltr'><strong>Charitas</strong></span> <span class='ocrx_word' id='word_1_507' title='bbox 2232 2120 2343 2161; x_wconf 90' lang='lat' dir='ltr'><strong>non</strong></span> <span class='ocrx_word' id='word_1_508' title='bbox 2361 2108 2672 2179; x_wconf 87' lang='lat' dir='ltr'><strong>aemulatur,</strong></span> <span class='ocrx_word' id='word_1_509' title='bbox 2697 2126 2808 2167; x_wconf 90' lang='lat' dir='ltr'><strong>non</strong></span> <span class='ocrx_word' id='word_1_510' title='bbox 2830 2111 3073 2183; x_wconf 85' lang='lat' dir='ltr'><strong>inﬂatur,</strong></span> <span class='ocrx_word' id='word_1_511' title='bbox 3098 2130 3208 2170; x_wconf 92' lang='lat' dir='ltr'><strong>non</strong></span> <span class='ocrx_word' id='word_1_512' title='bbox 3232 2130 3416 2189; x_wconf 90' lang='lat' dir='ltr'><strong>perpe-</strong></span> 
     </span>
    </p>
   </div>
   <div class='ocr_carea' id='block_1_67' title="bbox 1817 2195 3418 2279">
    <p class='ocr_par' dir='ltr' id='par_1_67' title="bbox 1817 2195 3418 2279">
     <span class='ocr_line' id='line_1_67' title="bbox 1817 2195 3418 2279; baseline 0.01 -29"><span class='ocrx_word' id='word_1_513' title='bbox 1817 2210 1933 2251; x_wconf 89' lang='lat' dir='ltr'><strong>ram</strong></span> <span class='ocrx_word' id='word_1_514' title='bbox 1956 2195 2087 2268; x_wconf 89' lang='lat' dir='ltr'><strong>agit,</strong></span> <span class='ocrx_word' id='word_1_515' title='bbox 2113 2214 2223 2254; x_wconf 89' lang='lat' dir='ltr'><strong>non</strong></span> <span class='ocrx_word' id='word_1_516' title='bbox 2247 2197 2540 2256; x_wconf 89' lang='lat' dir='ltr'><strong>ambitiosa</strong></span> <span class='ocrx_word' id='word_1_517' title='bbox 2560 2207 2661 2269; x_wconf 91' lang='lat' dir='ltr'><strong>est,</strong></span> <span class='ocrx_word' id='word_1_518' title='bbox 2678 2217 2791 2260; x_wconf 94' lang='lat' dir='ltr'><strong>non</strong></span> <span class='ocrx_word' id='word_1_519' title='bbox 2814 2204 3011 2278; x_wconf 67' lang='lat' dir='ltr'><strong>quaerit</strong></span> <span class='ocrx_word' id='word_1_520' title='bbox 3032 2220 3151 2279; x_wconf 87' lang='lat' dir='ltr'><strong>quae</strong></span> <span class='ocrx_word' id='word_1_521' title='bbox 3172 2222 3268 2263; x_wconf 88' lang='lat' dir='ltr'><strong>sua</strong></span> <span class='ocrx_word' id='word_1_522' title='bbox 3288 2217 3418 2267; x_wconf 91' lang='lat' dir='ltr'><strong>sunt</strong></span> 
     </span>
    </p>
   </div>
   <div class='ocr_carea' id='block_1_68' title="bbox 1818 2283 3416 2373">
    <p class='ocr_par' dir='ltr' id='par_1_68' title="bbox 1818 2283 3416 2373">
     <span class='ocr_line' id='line_1_68' title="bbox 1818 2283 3416 2373; baseline 0.011 -34"><span class='ocrx_word' id='word_1_523' title='bbox 1818 2301 1931 2340; x_wconf 91' lang='lat' dir='ltr'><strong>non</strong></span> <span class='ocrx_word' id='word_1_524' title='bbox 1954 2283 2341 2357; x_wconf 89' lang='lat' dir='ltr'><strong>irritatur,non</strong></span> <span class='ocrx_word' id='word_1_525' title='bbox 2357 2288 2563 2363; x_wconf 84' lang='lat' dir='ltr'><strong>cogitat</strong></span> <span class='ocrx_word' id='word_1_526' title='bbox 2576 2292 2917 2363; x_wconf 89' lang='lat' dir='ltr'><strong>malum,non</strong></span> <span class='ocrx_word' id='word_1_527' title='bbox 2934 2296 3200 2373; x_wconf 84' lang='lat' dir='ltr'><strong>gaudetin</strong></span> <span class='ocrx_word' id='word_1_528' title='bbox 3213 2295 3416 2371; x_wconf 90' lang='lat' dir='ltr'><strong>iniqui-</strong></span> 
     </span>
    </p>
   </div>
   <div class='ocr_carea' id='block_1_69' title="bbox 1818 2376 3415 2458">
    <p class='ocr_par' dir='ltr' id='par_1_69' title="bbox 1818 2376 3415 2458">
     <span class='ocr_line' id='line_1_69' title="bbox 1818 2376 3415 2458; baseline 0.01 -28"><span class='ocrx_word' id='word_1_529' title='bbox 1818 2381 1948 2444; x_wconf 87' lang='lat' dir='ltr'><strong>tate,</strong></span> <span class='ocrx_word' id='word_1_530' title='bbox 1973 2376 2279 2450; x_wconf 87' lang='lat' dir='ltr'><strong>congaudet</strong></span> <span class='ocrx_word' id='word_1_531' title='bbox 2295 2386 2476 2436; x_wconf 88' lang='lat' dir='ltr'><strong>autem</strong></span> <span class='ocrx_word' id='word_1_532' title='bbox 2500 2384 2721 2440; x_wconf 83' lang='lat' dir='ltr'><strong>veritati</strong></span> <span class='ocrx_word' id='word_1_533' title='bbox 2745 2404 2757 2442; x_wconf 93' lang='lat'><strong>:</strong></span> <span class='ocrx_word' id='word_1_534' title='bbox 2783 2386 2969 2443; x_wconf 89' lang='lat' dir='ltr'><strong>omnia</strong></span> <span class='ocrx_word' id='word_1_535' title='bbox 2988 2389 3205 2458; x_wconf 87' lang='lat' dir='ltr'><strong>tolerat,</strong></span> <span class='ocrx_word' id='word_1_536' title='bbox 3229 2389 3415 2446; x_wconf 90' lang='lat' dir='ltr'><strong>omnia</strong></span> 
     </span>
    </p>
   </div>
   <div class='ocr_carea' id='block_1_70' title="bbox 1816 2466 3414 2542">
    <p class='ocr_par' dir='ltr' id='par_1_70' title="bbox 1816 2466 3414 2542">
     <span class='ocr_line' id='line_1_70' title="bbox 1816 2466 3414 2542; baseline 0.009 -18"><span class='ocrx_word' id='word_1_537' title='bbox 1816 2466 2018 2538; x_wconf 89' lang='lat' dir='ltr'><strong>credit,</strong></span> <span class='ocrx_word' id='word_1_538' title='bbox 2048 2468 2235 2526; x_wconf 91' lang='lat' dir='ltr'><strong>omnia</strong></span> <span class='ocrx_word' id='word_1_539' title='bbox 2263 2480 2467 2542; x_wconf 86' lang='lat' dir='ltr'><strong>sperat,</strong></span> <span class='ocrx_word' id='word_1_540' title='bbox 2495 2474 2683 2529; x_wconf 90' lang='lat' dir='ltr'><strong>omnia</strong></span> <span class='ocrx_word' id='word_1_541' title='bbox 2710 2476 2962 2535; x_wconf 89' lang='lat' dir='ltr'><strong>sustinet.</strong></span> <span class='ocrx_word' id='word_1_542' title='bbox 2996 2477 3247 2536; x_wconf 86' lang='lat' dir='ltr'><strong>Charitas</strong></span> <span class='ocrx_word' id='word_1_543' title='bbox 3277 2497 3414 2537; x_wconf 88' lang='lat' dir='ltr'><strong>nun-</strong></span> 
     </span>
    </p>
   </div>
   <div class='ocr_carea' id='block_1_71' title="bbox 1815 2556 3414 2639">
    <p class='ocr_par' dir='ltr' id='par_1_71' title="bbox 1815 2556 3414 2639">
     <span class='ocr_line' id='line_1_71' title="bbox 1815 2556 3414 2639; baseline 0.011 -29"><span class='ocrx_word' id='word_1_544' title='bbox 1815 2572 1979 2628; x_wconf 89' lang='lat' dir='ltr'><strong>quam</strong></span> <span class='ocrx_word' id='word_1_545' title='bbox 2024 2556 2191 2613; x_wconf 88' lang='lat' dir='ltr'><strong>cadit.</strong></span> <span class='ocrx_word' id='word_1_546' title='bbox 2225 2583 2244 2607; x_wconf 77' lang='grc' dir='ltr'><strong><em>ι</em></strong></span> <span class='ocrx_word' id='word_1_547' title='bbox 2302 2559 2477 2617; x_wconf 90' lang='lat' dir='ltr'><strong>Tanta</strong></span> <span class='ocrx_word' id='word_1_548' title='bbox 2530 2567 2802 2634; x_wconf 70' lang='lat' dir='ltr'><strong>praeconia</strong></span> <span class='ocrx_word' id='word_1_549' title='bbox 2839 2566 3123 2626; x_wconf 90' lang='lat' dir='ltr'><strong>charitatis</strong></span> <span class='ocrx_word' id='word_1_550' title='bbox 3168 2570 3414 2639; x_wconf 90' lang='lat' dir='ltr'><strong>edocuit,</strong></span> 
     </span>
    </p>
   </div>
   <div class='ocr_carea' id='block_1_72' title="bbox 1816 2649 3410 2733">
    <p class='ocr_par' dir='ltr' id='par_1_72' title="bbox 1816 2649 3410 2733">
     <span class='ocr_line' id='line_1_72' title="bbox 1816 2649 3410 2733; baseline 0.011 -31"><span class='ocrx_word' id='word_1_551' title='bbox 1816 2656 1878 2703; x_wconf 89' lang='lat' dir='ltr'><strong>ut</strong></span> <span class='ocrx_word' id='word_1_552' title='bbox 1905 2663 2015 2703; x_wconf 90' lang='lat' dir='ltr'><strong>non</strong></span> <span class='ocrx_word' id='word_1_553' title='bbox 2044 2649 2326 2707; x_wconf 89' lang='lat' dir='ltr'><strong>immerito</strong></span> <span class='ocrx_word' id='word_1_554' title='bbox 2347 2650 2492 2708; x_wconf 89' lang='lat' dir='ltr'><strong>hanc</strong></span> <span class='ocrx_word' id='word_1_555' title='bbox 2512 2656 2724 2713; x_wconf 87' lang='lat' dir='ltr'><strong>caeteris</strong></span> <span class='ocrx_word' id='word_1_556' title='bbox 2747 2668 3075 2732; x_wconf 90' lang='lat' dir='ltr'><strong>anteponere</strong></span> <span class='ocrx_word' id='word_1_557' title='bbox 3106 2660 3410 2733; x_wconf 90' lang='lat' dir='ltr'><strong>videretur,</strong></span> 
     </span>
    </p>
   </div>
   <div class='ocr_carea' id='block_1_73' title="bbox 1819 2737 3409 2823">
    <p class='ocr_par' dir='ltr' id='par_1_73' title="bbox 1819 2737 3409 2823">
     <span class='ocr_line' id='line_1_73' title="bbox 1819 2737 3409 2823; baseline 0.011 -32"><span class='ocrx_word' id='word_1_558' title='bbox 1819 2743 1873 2791; x_wconf 93' lang='lat' dir='ltr'><strong>et</strong></span> <span class='ocrx_word' id='word_1_559' title='bbox 1901 2737 2176 2794; x_wconf 89' lang='lat' dir='ltr'><strong>incassum</strong></span> <span class='ocrx_word' id='word_1_560' title='bbox 2205 2738 2454 2797; x_wconf 90' lang='lat' dir='ltr'><strong>laborare</strong></span> <span class='ocrx_word' id='word_1_561' title='bbox 2475 2757 2587 2811; x_wconf 90' lang='lat' dir='ltr'><strong>eos,</strong></span> <span class='ocrx_word' id='word_1_562' title='bbox 2622 2745 2717 2817; x_wconf 89' lang='lat' dir='ltr'><strong>qui</strong></span> <span class='ocrx_word' id='word_1_563' title='bbox 2744 2746 2869 2803; x_wconf 90' lang='lat' dir='ltr'><strong>aliis</strong></span> <span class='ocrx_word' id='word_1_564' title='bbox 2893 2747 3164 2806; x_wconf 87' lang='lat' dir='ltr'><strong>mandatis</strong></span> <span class='ocrx_word' id='word_1_565' title='bbox 3190 2767 3409 2823; x_wconf 83' lang='lat' dir='ltr'><strong>Operam</strong></span> 
     </span>
    </p>
   </div>
   <div class='ocr_carea' id='block_1_74' title="bbox 1815 2827 3413 2910">
    <p class='ocr_par' dir='ltr' id='par_1_74' title="bbox 1815 2827 3413 2910">
     <span class='ocr_line' id='line_1_74' title="bbox 1815 2827 3413 2910; baseline 0.013 -27"><span class='ocrx_word' id='word_1_566' title='bbox 1815 2827 1971 2898; x_wconf 89' lang='lat' dir='ltr'><strong>dant,</strong></span> <span class='ocrx_word' id='word_1_567' title='bbox 2032 2830 2162 2888; x_wconf 88' lang='lat' dir='ltr'><strong>huic</strong></span> <span class='ocrx_word' id='word_1_568' title='bbox 2216 2848 2327 2889; x_wconf 92' lang='lat' dir='ltr'><strong>non</strong></span> <span class='ocrx_word' id='word_1_569' title='bbox 2381 2833 2837 2910; x_wconf 88' lang='lat' dir='ltr'><strong>obtemperantes.</strong></span> <span class='ocrx_word' id='word_1_570' title='bbox 2891 2841 3032 2900; x_wconf 88' lang='lat' dir='ltr'><strong>Hinc</strong></span> <span class='ocrx_word' id='word_1_571' title='bbox 3072 2843 3150 2899; x_wconf 89' lang='lat' dir='ltr'><strong>ait</strong></span> <span class='ocrx_word' id='word_1_572' title='bbox 3177 2845 3413 2904; x_wconf 81' lang='lat' dir='ltr'><strong>Joannes</strong></span> 
     </span>
    </p>
   </div>
   <div class='ocr_carea' id='block_1_75' title="bbox 1815 2924 3398 3012">
    <p class='ocr_par' dir='ltr' id='par_1_75' title="bbox 1815 2924 3398 3012">
     <span class='ocr_line' id='line_1_75' title="bbox 1815 2924 3398 3012; baseline 0.013 -37"><span class='ocrx_word' id='word_1_573' title='bbox 1815 2924 2131 2991; x_wconf 90' lang='lat' dir='ltr'><strong>apostolus:</strong></span> <span class='ocrx_word' id='word_1_574' title='bbox 2203 2948 2220 2972; x_wconf 74' lang='grc' dir='ltr'>ε</span> <span class='ocrx_word' id='word_1_575' title='bbox 2269 2924 2520 2984; x_wconf 87' lang='lat' dir='ltr'><strong>Charitas</strong></span> <span class='ocrx_word' id='word_1_576' title='bbox 2554 2931 2701 2989; x_wconf 89' lang='lat' dir='ltr'><strong>Deus</strong></span> <span class='ocrx_word' id='word_1_577' title='bbox 2735 2942 2815 2990; x_wconf 89' lang='lat' dir='ltr'><strong>est</strong></span> <span class='ocrx_word' id='word_1_578' title='bbox 2865 2936 2923 3006; x_wconf 87' lang='grc' dir='ltr'>(Ι</span> <span class='ocrx_word' id='word_1_579' title='bbox 2953 2936 3110 2992; x_wconf 79' lang='grc' dir='ltr'><strong>Ιοαη.</strong></span> <span class='ocrx_word' id='word_1_580' title='bbox 3145 2953 3219 3007; x_wconf 81' lang='lat' dir='ltr'><strong>Iv,</strong></span> <span class='ocrx_word' id='word_1_581' title='bbox 3250 2939 3344 3012; x_wconf 89' lang='lat'><strong>8);</strong></span> <span class='ocrx_word' id='word_1_582' title='bbox 3379 2966 3398 2990; x_wconf 73' lang='grc' dir='ltr'><strong><em>ι</em></strong></span> 
     </span>
    </p>
   </div>
   <div class='ocr_carea' id='block_1_76' title="bbox 1816 3017 3408 3091">
    <p class='ocr_par' dir='ltr' id='par_1_76' title="bbox 1816 3017 3408 3091">
     <span class='ocr_line' id='line_1_76' title="bbox 1816 3017 3408 3091; baseline 0.009 -20"><span class='ocrx_word' id='word_1_583' title='bbox 1816 3024 1879 3071; x_wconf 91' lang='lat' dir='ltr'><strong>ut</strong></span> <span class='ocrx_word' id='word_1_584' title='bbox 1916 3017 2011 3090; x_wconf 90' lang='lat' dir='ltr'><strong>qui</strong></span> <span class='ocrx_word' id='word_1_585' title='bbox 2058 3018 2383 3076; x_wconf 88' lang='lat' dir='ltr'><strong>charitatem</strong></span> <span class='ocrx_word' id='word_1_586' title='bbox 2430 3037 2543 3078; x_wconf 90' lang='lat' dir='ltr'><strong>non</strong></span> <span class='ocrx_word' id='word_1_587' title='bbox 2593 3020 2780 3091; x_wconf 89' lang='lat' dir='ltr'><strong>habet,</strong></span> <span class='ocrx_word' id='word_1_588' title='bbox 2826 3021 2963 3079; x_wconf 90' lang='lat' dir='ltr'><strong>sciat</strong></span> <span class='ocrx_word' id='word_1_589' title='bbox 3008 3039 3064 3080; x_wconf 91' lang='lat' dir='ltr'><strong>se</strong></span> <span class='ocrx_word' id='word_1_590' title='bbox 3091 3026 3266 3085; x_wconf 90' lang='lat' dir='ltr'><strong>Deum</strong></span> <span class='ocrx_word' id='word_1_591' title='bbox 3299 3044 3408 3085; x_wconf 91' lang='lat' dir='ltr'><strong>non</strong></span> 
     </span>
    </p>
   </div>
   <div class='ocr_carea' id='block_1_77' title="bbox 1784 3106 3410 3191">
    <p class='ocr_par' dir='ltr' id='par_1_77' title="bbox 1784 3106 3410 3191">
     <span class='ocr_line' id='line_1_77' title="bbox 1784 3106 3410 3191; baseline 0.009 -30"><span class='ocrx_word' id='word_1_592' title='bbox 1784 3106 2046 3175; x_wconf 83' lang='lat' dir='ltr'><strong>habere;</strong></span> <span class='ocrx_word' id='word_1_593' title='bbox 2089 3110 2235 3166; x_wconf 90' lang='lat' dir='ltr'><strong>unde</strong></span> <span class='ocrx_word' id='word_1_594' title='bbox 2264 3120 2319 3166; x_wconf 88' lang='lat' dir='ltr'><strong>et</strong></span> <span class='ocrx_word' id='word_1_595' title='bbox 2356 3111 2413 3170; x_wconf 93' lang='lat' dir='ltr'><strong>in</strong></span> <span class='ocrx_word' id='word_1_596' title='bbox 2451 3111 2562 3168; x_wconf 89' lang='lat' dir='ltr'><strong>alia</strong></span> <span class='ocrx_word' id='word_1_597' title='bbox 2599 3113 2831 3184; x_wconf 89' lang='lat' dir='ltr'><strong>epistola</strong></span> <span class='ocrx_word' id='word_1_598' title='bbox 2860 3112 3005 3171; x_wconf 90' lang='lat' dir='ltr'><strong>idem</strong></span> <span class='ocrx_word' id='word_1_599' title='bbox 3037 3115 3241 3173; x_wconf 87' lang='lat' dir='ltr'><strong>Paulus</strong></span> <span class='ocrx_word' id='word_1_600' title='bbox 3268 3133 3410 3191; x_wconf 85' lang='lat' dir='ltr'><strong>apo-</strong></span> 
     </span>
    </p>
   </div>
   <div class='ocr_carea' id='block_1_78' title="bbox 2179 3201 3407 3275">
    <p class='ocr_par' dir='ltr' id='par_1_78' title="bbox 2179 3201 3407 3275">
     <span class='ocr_line' id='line_1_78' title="bbox 2179 3201 3407 3275; baseline 0.012 -25"><span class='ocrx_word' id='word_1_601' title='bbox 2179 3224 2197 3250; x_wconf 72' lang='grc' dir='ltr'>α</span> <span class='ocrx_word' id='word_1_602' title='bbox 2226 3202 2371 3258; x_wconf 89' lang='lat' dir='ltr'><strong>Deus</strong></span> <span class='ocrx_word' id='word_1_603' title='bbox 2398 3209 2581 3258; x_wconf 89' lang='lat' dir='ltr'><strong>autem</strong></span> <span class='ocrx_word' id='word_1_604' title='bbox 2601 3201 2697 3275; x_wconf 89' lang='lat' dir='ltr'><strong>qui</strong></span> <span class='ocrx_word' id='word_1_605' title='bbox 2722 3201 2878 3259; x_wconf 82' lang='lat' dir='ltr'><strong>dives</strong></span> <span class='ocrx_word' id='word_1_606' title='bbox 2904 3212 2986 3260; x_wconf 87' lang='lat' dir='ltr'><strong>est</strong></span> <span class='ocrx_word' id='word_1_607' title='bbox 3015 3203 3074 3259; x_wconf 91' lang='lat' dir='ltr'><strong>in</strong></span> <span class='ocrx_word' id='word_1_608' title='bbox 3102 3205 3407 3265; x_wconf 85' lang='lat' dir='ltr'><strong>misericor-</strong></span> 
     </span>
    </p>
   </div>
   <div class='ocr_carea' id='block_1_79' title="bbox 1911 3294 3409 3370">
    <p class='ocr_par' dir='ltr' id='par_1_79' title="bbox 1911 3294 3409 3370">
     <span class='ocr_line' id='line_1_79' title="bbox 1911 3294 3409 3370; baseline 0.007 -22"><span class='ocrx_word' id='word_1_609' title='bbox 1911 3333 1926 3360; x_wconf 91' lang='lat'><strong>,</strong></span> <span class='ocrx_word' id='word_1_610' title='bbox 1955 3301 2179 3365; x_wconf 91' lang='lat' dir='ltr'><strong>propter</strong></span> <span class='ocrx_word' id='word_1_611' title='bbox 2208 3294 2437 3350; x_wconf 88' lang='lat' dir='ltr'><strong>multam</strong></span> <span class='ocrx_word' id='word_1_612' title='bbox 2469 3295 2793 3352; x_wconf 88' lang='lat' dir='ltr'><strong>cbaritatem</strong></span> <span class='ocrx_word' id='word_1_613' title='bbox 2819 3311 2973 3351; x_wconf 89' lang='lat' dir='ltr'><strong>suam</strong></span> <span class='ocrx_word' id='word_1_614' title='bbox 3006 3294 3122 3370; x_wconf 89' lang='lat'><strong>(17)</strong></span> <span class='ocrx_word' id='word_1_615' title='bbox 3151 3299 3409 3359; x_wconf 87' lang='lat' dir='ltr'><strong>misertus</strong></span> 
     </span>
    </p>
   </div>
   <div class='ocr_carea' id='block_1_80' title="bbox 1807 3384 3403 3457">
    <p class='ocr_par' dir='ltr' id='par_1_80' title="bbox 1807 3384 3403 3457">
     <span class='ocr_line' id='line_1_80' title="bbox 1807 3384 3403 3457; baseline 0.006 -20"><span class='ocrx_word' id='word_1_616' title='bbox 1807 3390 1890 3437; x_wconf 89' lang='lat' dir='ltr'><strong>est</strong></span> <span class='ocrx_word' id='word_1_617' title='bbox 1938 3384 2113 3440; x_wconf 90' lang='lat' dir='ltr'><strong>nostri</strong></span> <span class='ocrx_word' id='word_1_618' title='bbox 2172 3386 2389 3457; x_wconf 81' lang='lat' dir='ltr'><strong>(Ephes.</strong></span> <span class='ocrx_word' id='word_1_619' title='bbox 2444 3402 2505 3453; x_wconf 80' lang='grc' dir='ltr'><strong>ιι,</strong></span> <span class='ocrx_word' id='word_1_620' title='bbox 2555 3385 2636 3457; x_wconf 63' lang='lat' dir='ltr'><strong>lt).</strong></span> <span class='ocrx_word' id='word_1_621' title='bbox 2678 3411 2697 3434; x_wconf 76' lang='grc' dir='ltr'><strong><em>ι</em></strong></span> <span class='ocrx_word' id='word_1_622' title='bbox 2753 3384 2860 3452; x_wconf 87' lang='lat' dir='ltr'><strong>Qui</strong></span> <span class='ocrx_word' id='word_1_623' title='bbox 2900 3402 3027 3457; x_wconf 89' lang='lat' dir='ltr'><strong>ergo</strong></span> <span class='ocrx_word' id='word_1_624' title='bbox 3081 3387 3403 3446; x_wconf 87' lang='lat' dir='ltr'><strong>charitatem</strong></span> 
     </span>
    </p>
   </div>
   <div class='ocr_carea' id='block_1_81' title="bbox 1805 3471 3404 3553">
    <p class='ocr_par' dir='ltr' id='par_1_81' title="bbox 1805 3471 3404 3553">
     <span class='ocr_line' id='line_1_81' title="bbox 1805 3471 3404 3553; baseline 0.006 -25"><span class='ocrx_word' id='word_1_625' title='bbox 1805 3488 1917 3529; x_wconf 90' lang='lat' dir='ltr'><strong>non</strong></span> <span class='ocrx_word' id='word_1_626' title='bbox 1965 3471 2147 3542; x_wconf 89' lang='lat' dir='ltr'><strong>habet,</strong></span> <span class='ocrx_word' id='word_1_627' title='bbox 2202 3473 2453 3546; x_wconf 88' lang='lat' dir='ltr'><strong>ingratus</strong></span> <span class='ocrx_word' id='word_1_628' title='bbox 2499 3481 2582 3531; x_wconf 87' lang='lat' dir='ltr'><strong>est</strong></span> <span class='ocrx_word' id='word_1_629' title='bbox 2637 3475 3029 3533; x_wconf 85' lang='lat' dir='ltr'><strong>misericordiae</strong></span> <span class='ocrx_word' id='word_1_630' title='bbox 3087 3479 3224 3547; x_wconf 89' lang='lat' dir='ltr'><strong>Dei;</strong></span> <span class='ocrx_word' id='word_1_631' title='bbox 3274 3482 3404 3553; x_wconf 89' lang='lat' dir='ltr'><strong>quia</strong></span> 
     </span>
    </p>
   </div>
   <div class='ocr_carea' id='block_1_82' title="bbox 1804 3562 3402 3640">
    <p class='ocr_par' dir='ltr' id='par_1_82' title="bbox 1804 3562 3402 3640">
     <span class='ocr_line' id='line_1_82' title="bbox 1804 3562 3402 3640; baseline 0.007 -22"><span class='ocrx_word' id='word_1_632' title='bbox 1804 3577 1915 3619; x_wconf 90' lang='lat' dir='ltr'><strong>non</strong></span> <span class='ocrx_word' id='word_1_633' title='bbox 1944 3562 2148 3636; x_wconf 90' lang='lat' dir='ltr'><strong>diligit,</strong></span> <span class='ocrx_word' id='word_1_634' title='bbox 2179 3580 2277 3636; x_wconf 90' lang='lat' dir='ltr'><strong>per</strong></span> <span class='ocrx_word' id='word_1_635' title='bbox 2302 3564 2450 3637; x_wconf 90' lang='lat' dir='ltr'><strong>quod</strong></span> <span class='ocrx_word' id='word_1_636' title='bbox 2495 3567 2737 3622; x_wconf 90' lang='lat' dir='ltr'><strong>salvatus</strong></span> <span class='ocrx_word' id='word_1_637' title='bbox 2774 3572 2874 3622; x_wconf 89' lang='lat' dir='ltr'><strong>est.</strong></span> <span class='ocrx_word' id='word_1_638' title='bbox 2927 3566 2996 3623; x_wconf 89' lang='lat' dir='ltr'><strong>Ut</strong></span> <span class='ocrx_word' id='word_1_639' title='bbox 3035 3569 3266 3640; x_wconf 90' lang='lat' dir='ltr'><strong>proinde</strong></span> <span class='ocrx_word' id='word_1_640' title='bbox 3303 3571 3402 3629; x_wconf 91' lang='lat' dir='ltr'><strong>di-</strong></span> 
     </span>
    </p>
   </div>
   <div class='ocr_carea' id='block_1_83' title="bbox 1801 3652 3399 3730">
    <p class='ocr_par' dir='ltr' id='par_1_83' title="bbox 1801 3652 3399 3730">
     <span class='ocr_line' id='line_1_83' title="bbox 1801 3652 3399 3730; baseline 0.007 -23"><span class='ocrx_word' id='word_1_641' title='bbox 1801 3659 2015 3708; x_wconf 90' lang='lat' dir='ltr'><strong>scerent</strong></span> <span class='ocrx_word' id='word_1_642' title='bbox 2046 3652 2163 3725; x_wconf 85' lang='grc'>(18)</span> <span class='ocrx_word' id='word_1_643' title='bbox 2195 3654 2325 3725; x_wconf 92' lang='lat' dir='ltr'><strong>quia</strong></span> <span class='ocrx_word' id='word_1_644' title='bbox 2348 3654 2588 3726; x_wconf 87' lang='lat' dir='ltr'><strong>graviter</strong></span> <span class='ocrx_word' id='word_1_645' title='bbox 2615 3654 3027 3728; x_wconf 86' lang='lat' dir='ltr'><strong>delinquebant.</strong></span> <span class='ocrx_word' id='word_1_646' title='bbox 3082 3658 3177 3730; x_wconf 82' lang='lat' dir='ltr'><strong>qui</strong></span> <span class='ocrx_word' id='word_1_647' title='bbox 3219 3676 3399 3719; x_wconf 89' lang='lat' dir='ltr'><strong>escam</strong></span> 
     </span>
    </p>
   </div>
   <div class='ocr_carea' id='block_1_84' title="bbox 1802 3741 3398 3825">
    <p class='ocr_par' dir='ltr' id='par_1_84' title="bbox 1802 3741 3398 3825">
     <span class='ocr_line' id='line_1_84' title="bbox 1802 3741 3398 3825; baseline 0.008 -27"><span class='ocrx_word' id='word_1_648' title='bbox 1802 3741 2058 3799; x_wconf 67' lang='lat' dir='ltr'><strong>fraternas</strong></span> <span class='ocrx_word' id='word_1_649' title='bbox 2085 3742 2345 3801; x_wconf 85' lang='lat' dir='ltr'><strong>charitati</strong></span> <span class='ocrx_word' id='word_1_650' title='bbox 2377 3744 2787 3818; x_wconf 72' lang='lat' dir='ltr'><strong>praeponebant.</strong></span> <span class='ocrx_word' id='word_1_651' title='bbox 2826 3747 2964 3803; x_wconf 86' lang='lat' dir='ltr'><strong>Nam</strong></span> <span class='ocrx_word' id='word_1_652' title='bbox 3015 3746 3133 3805; x_wconf 83' lang='lat' dir='ltr'><strong>haec</strong></span> <span class='ocrx_word' id='word_1_653' title='bbox 3167 3759 3398 3825; x_wconf 85' lang='lat' dir='ltr'><strong>estquae</strong></span> 
     </span>
    </p>
   </div>
   <div class='ocr_carea' id='block_1_85' title="bbox 1799 3832 3396 3908">
    <p class='ocr_par' dir='ltr' id='par_1_85' title="bbox 1799 3832 3396 3908">
     <span class='ocr_line' id='line_1_85' title="bbox 1799 3832 3396 3908; baseline 0.004 -16"><span class='ocrx_word' id='word_1_654' title='bbox 1799 3842 1853 3893; x_wconf 88' lang='lat' dir='ltr'><strong>et</strong></span> <span class='ocrx_word' id='word_1_655' title='bbox 1908 3832 1969 3891; x_wconf 91' lang='lat' dir='ltr'><strong>in</strong></span> <span class='ocrx_word' id='word_1_656' title='bbox 2016 3834 2275 3908; x_wconf 85' lang='lat' dir='ltr'><strong>praesenti</strong></span> <span class='ocrx_word' id='word_1_657' title='bbox 2329 3834 2568 3907; x_wconf 87' lang='lat' dir='ltr'><strong>prodest,</strong></span> <span class='ocrx_word' id='word_1_658' title='bbox 2600 3841 2653 3891; x_wconf 89' lang='lat' dir='ltr'><strong>et</strong></span> <span class='ocrx_word' id='word_1_659' title='bbox 2680 3834 2740 3891; x_wconf 87' lang='lat' dir='ltr'><strong>in</strong></span> <span class='ocrx_word' id='word_1_660' title='bbox 2787 3842 3055 3893; x_wconf 81' lang='lat' dir='ltr'><strong>aeternum</strong></span> <span class='ocrx_word' id='word_1_661' title='bbox 3108 3854 3234 3895; x_wconf 90' lang='lat' dir='ltr'><strong>cum</strong></span> <span class='ocrx_word' id='word_1_662' title='bbox 3281 3843 3396 3898; x_wconf 89' lang='lat' dir='ltr'><strong>Deo</strong></span> 
     </span>
    </p>
   </div>
   <div class='ocr_carea' id='block_1_86' title="bbox 1801 3931 2104 3998">
    <p class='ocr_par' dir='ltr' id='par_1_86' title="bbox 1801 3931 2104 3998">
     <span class='ocr_line' id='line_1_86' title="bbox 1801 3931 2104 3998; baseline 0.003 -16"><span class='ocrx_word' id='word_1_663' title='bbox 1801 3931 2104 3998; x_wconf 87' lang='lat' dir='ltr'><strong>permanet.</strong></span> 
     </span>
    </p>
   </div>
   <div class='ocr_carea' id='block_1_87' title="bbox 1872 4020 3392 4099">
    <p class='ocr_par' dir='ltr' id='par_1_87' title="bbox 1872 4020 3392 4099">
     <span class='ocr_line' id='line_1_87' title="bbox 1872 4020 3392 4099; baseline 0.004 -19"><span class='ocrx_word' id='word_1_664' title='bbox 1872 4023 2059 4096; x_wconf 85' lang='lat' dir='ltr'><strong>(Vers.</strong></span> <span class='ocrx_word' id='word_1_665' title='bbox 2119 4024 2173 4092; x_wconf 91' lang='lat'><strong>9,</strong></span> <span class='ocrx_word' id='word_1_666' title='bbox 2213 4022 2327 4095; x_wconf 85' lang='lat'><strong>10.)</strong></span> <span class='ocrx_word' id='word_1_667' title='bbox 2384 4043 2401 4069; x_wconf 69' lang='grc' dir='ltr'><strong><em>η</em></strong></span> <span class='ocrx_word' id='word_1_668' title='bbox 2432 4020 2560 4081; x_wconf 90' lang='lat' dir='ltr'><strong>Sive</strong></span> <span class='ocrx_word' id='word_1_669' title='bbox 2610 4022 2913 4098; x_wconf 63' lang='lat' dir='ltr'><strong>prophetia;</strong></span> <span class='ocrx_word' id='word_1_670' title='bbox 2958 4026 3392 4099; x_wconf 88' lang='lat' dir='ltr'><strong>evacuabuntur,</strong></span> 
     </span>
    </p>
   </div>
   <div class='ocr_carea' id='block_1_88' title="bbox 1796 4112 3392 4186">
    <p class='ocr_par' dir='ltr' id='par_1_88' title="bbox 1796 4112 3392 4186">
     <span class='ocr_line' id='line_1_88' title="bbox 1796 4112 3392 4186; baseline 0.005 -16"><span class='ocrx_word' id='word_1_671' title='bbox 1796 4112 1915 4170; x_wconf 88' lang='lat' dir='ltr'><strong>sive</strong></span> <span class='ocrx_word' id='word_1_672' title='bbox 1942 4113 2141 4186; x_wconf 75' lang='lat' dir='ltr'><strong>linguae</strong></span> <span class='ocrx_word' id='word_1_673' title='bbox 2169 4113 2479 4183; x_wconf 89' lang='lat' dir='ltr'><strong>cessabunt,</strong></span> <span class='ocrx_word' id='word_1_674' title='bbox 2510 4113 2629 4170; x_wconf 88' lang='lat' dir='ltr'><strong>sive</strong></span> <span class='ocrx_word' id='word_1_675' title='bbox 2649 4114 2878 4173; x_wconf 90' lang='lat' dir='ltr'><strong>scientia</strong></span> <span class='ocrx_word' id='word_1_676' title='bbox 2908 4119 3281 4177; x_wconf 88' lang='lat' dir='ltr'><strong>evacuabitur.</strong></span> <span class='ocrx_word' id='word_1_677' title='bbox 3304 4122 3392 4177; x_wconf 88' lang='lat' dir='ltr'><strong>Ex</strong></span> 
     </span>
    </p>
   </div>
   <div class='ocr_carea' id='block_1_89' title="bbox 1794 4207 3385 4283">
    <p class='ocr_par' dir='ltr' id='par_1_89' title="bbox 1794 4207 3385 4283">
     <span class='ocr_line' id='line_1_89' title="bbox 1794 4207 3385 4283; baseline 0.003 -21"><span class='ocrx_word' id='word_1_678' title='bbox 1794 4214 1945 4279; x_wconf 89' lang='lat' dir='ltr'><strong>parte</strong></span> <span class='ocrx_word' id='word_1_679' title='bbox 1982 4222 2130 4262; x_wconf 84' lang='lat' dir='ltr'><strong>enim</strong></span> <span class='ocrx_word' id='word_1_680' title='bbox 2160 4207 2546 4279; x_wconf 89' lang='lat' dir='ltr'><strong>cognoscimus</strong></span> <span class='ocrx_word' id='word_1_681' title='bbox 2574 4215 2630 4263; x_wconf 91' lang='lat' dir='ltr'><strong>et</strong></span> <span class='ocrx_word' id='word_1_682' title='bbox 2658 4223 2726 4263; x_wconf 85' lang='lat' dir='ltr'><strong>ex</strong></span> <span class='ocrx_word' id='word_1_683' title='bbox 2762 4215 2915 4280; x_wconf 90' lang='lat' dir='ltr'><strong>parte</strong></span> <span class='ocrx_word' id='word_1_684' title='bbox 2956 4209 3345 4283; x_wconf 87' lang='lat' dir='ltr'><strong>prophetamus</strong></span> <span class='ocrx_word' id='word_1_685' title='bbox 3372 4228 3385 4266; x_wconf 87' lang='lat'><strong>:</strong></span> 
     </span>
    </p>
   </div>
   <div class='ocr_carea' id='block_1_90' title="bbox 1791 4294 3387 4369">
    <p class='ocr_par' dir='ltr' id='par_1_90' title="bbox 1791 4294 3387 4369">
     <span class='ocr_line' id='line_1_90' title="bbox 1791 4294 3387 4369; baseline 0.003 -15"><span class='ocrx_word' id='word_1_686' title='bbox 1791 4315 1919 4355; x_wconf 91' lang='lat' dir='ltr'><strong>cum</strong></span> <span class='ocrx_word' id='word_1_687' title='bbox 1949 4304 2132 4353; x_wconf 87' lang='lat' dir='ltr'><strong>autem</strong></span> <span class='ocrx_word' id='word_1_688' title='bbox 2165 4297 2381 4353; x_wconf 89' lang='lat' dir='ltr'><strong>venerit</strong></span> <span class='ocrx_word' id='word_1_689' title='bbox 2409 4294 2557 4369; x_wconf 91' lang='lat' dir='ltr'><strong>quod</strong></span> <span class='ocrx_word' id='word_1_690' title='bbox 2587 4296 2892 4368; x_wconf 87' lang='lat' dir='ltr'><strong>perfectum</strong></span> <span class='ocrx_word' id='word_1_691' title='bbox 2920 4305 3022 4367; x_wconf 89' lang='lat' dir='ltr'><strong>est,</strong></span> <span class='ocrx_word' id='word_1_692' title='bbox 3044 4301 3387 4359; x_wconf 87' lang='lat' dir='ltr'><strong>evacuabun-</strong></span> 
     </span>
    </p>
   </div>
   <div class='ocr_carea' id='block_1_91' title="bbox 1794 4385 3382 4459">
    <p class='ocr_par' dir='ltr' id='par_1_91' title="bbox 1794 4385 3382 4459">
     <span class='ocr_line' id='line_1_91' title="bbox 1794 4385 3382 4459; baseline 0.003 -17"><span class='ocrx_word' id='word_1_693' title='bbox 1794 4392 1883 4442; x_wconf 92' lang='lat' dir='ltr'><strong>tur</strong></span> <span class='ocrx_word' id='word_1_694' title='bbox 1911 4385 2026 4455; x_wconf 88' lang='lat' dir='ltr'><strong>illa,</strong></span> <span class='ocrx_word' id='word_1_695' title='bbox 2059 4401 2180 4459; x_wconf 76' lang='lat' dir='ltr'><strong>quae</strong></span> <span class='ocrx_word' id='word_1_696' title='bbox 2209 4402 2280 4441; x_wconf 84' lang='lat' dir='ltr'><strong>ex</strong></span> <span class='ocrx_word' id='word_1_697' title='bbox 2306 4392 2461 4458; x_wconf 87' lang='lat' dir='ltr'><strong>parte</strong></span> <span class='ocrx_word' id='word_1_698' title='bbox 2491 4391 2643 4441; x_wconf 90' lang='lat' dir='ltr'><strong>sunt.</strong></span> <span class='ocrx_word' id='word_1_699' title='bbox 2677 4411 2696 4435; x_wconf 74' lang='grc' dir='ltr'>ι</span> <span class='ocrx_word' id='word_1_700' title='bbox 2746 4386 2948 4443; x_wconf 91' lang='lat' dir='ltr'><strong>Omnia</strong></span> <span class='ocrx_word' id='word_1_701' title='bbox 2993 4386 3382 4446; x_wconf 86' lang='lat' dir='ltr'><strong>charismatum</strong></span> 
     </span>
    </p>
   </div>
   <div class='ocr_carea' id='block_1_92' title="bbox 1786 4481 3385 4558">
    <p class='ocr_par' dir='ltr' id='par_1_92' title="bbox 1786 4481 3385 4558">
     <span class='ocr_line' id='line_1_92' title="bbox 1786 4481 3385 4558; baseline 0.002 -20"><span class='ocrx_word' id='word_1_702' title='bbox 1786 4481 1931 4539; x_wconf 90' lang='lat' dir='ltr'><strong>dona</strong></span> <span class='ocrx_word' id='word_1_703' title='bbox 1958 4483 2213 4539; x_wconf 88' lang='lat' dir='ltr'><strong>evacuari</strong></span> <span class='ocrx_word' id='word_1_704' title='bbox 2243 4481 2407 4551; x_wconf 80' lang='lat' dir='ltr'><strong>dixit,</strong></span> <span class='ocrx_word' id='word_1_705' title='bbox 2438 4481 2569 4558; x_wconf 88' lang='lat' dir='ltr'><strong>quia</strong></span> <span class='ocrx_word' id='word_1_706' title='bbox 2596 4497 2709 4540; x_wconf 86' lang='lat' dir='ltr'><strong>non</strong></span> <span class='ocrx_word' id='word_1_707' title='bbox 2742 4490 2952 4541; x_wconf 90' lang='lat' dir='ltr'><strong>tantum</strong></span> <span class='ocrx_word' id='word_1_708' title='bbox 2989 4492 3216 4557; x_wconf 77' lang='lat' dir='ltr'><strong>possunt</strong></span> <span class='ocrx_word' id='word_1_709' title='bbox 3242 4501 3385 4541; x_wconf 84' lang='lat' dir='ltr'><strong>com-</strong></span> 
     </span>
    </p>
   </div>
   <div class='ocr_carea' id='block_1_93' title="bbox 90 4545 1699 4647">
    <p class='ocr_par' dir='ltr' id='par_1_93' title="bbox 90 4545 1667 4647">
     <span class='ocr_line' id='line_1_93' title="bbox 90 4545 1667 4647; baseline 0.007 -51"><span class='ocrx_word' id='word_1_710' title='bbox 90 4545 228 4600; x_wconf 88' lang='lat' dir='ltr'><strong>cavit</strong></span> <span class='ocrx_word' id='word_1_711' title='bbox 281 4545 344 4617; x_wconf 91' lang='grc' dir='ltr'>(Ι</span> <span class='ocrx_word' id='word_1_712' title='bbox 370 4546 497 4603; x_wconf 83' lang='lat' dir='ltr'><strong>Cor.</strong></span> <span class='ocrx_word' id='word_1_713' title='bbox 556 4562 651 4616; x_wconf 87' lang='lat' dir='ltr'><strong>m,</strong></span> <span class='ocrx_word' id='word_1_714' title='bbox 712 4546 937 4618; x_wconf 77' lang='lat'><strong>12-15):</strong></span> <span class='ocrx_word' id='word_1_715' title='bbox 992 4554 1048 4605; x_wconf 91' lang='lat' dir='ltr'><strong>et</strong></span> <span class='ocrx_word' id='word_1_716' title='bbox 1103 4546 1189 4603; x_wconf 89' lang='lat' dir='ltr'><strong>illi</strong></span> <span class='ocrx_word' id='word_1_717' title='bbox 1241 4549 1385 4647; x_wconf 86' lang='lat' dir='ltr'><strong>nihil</strong></span> <span class='ocrx_word' id='word_1_718' title='bbox 1441 4549 1667 4647; x_wconf 70' lang='lat' dir='ltr'><strong>profuit,</strong></span> 
     </span>
    </p>
   </div>
   <div class='ocr_carea' id='block_1_94' title="bbox 1819 4545 3383 4647">
    <p class='ocr_par' dir='ltr' id='par_1_94' title="bbox 1824 4545 3383 4647">
     <span class='ocr_line' id='line_1_94' title="bbox 1824 4545 3383 4647; baseline 0.003 -19"><span class='ocrx_word' id='word_1_719' title='bbox 1824 4571 2144 4641; x_wconf 87' lang='lat' dir='ltr'><strong>rehendere,</strong></span> <span class='ocrx_word' id='word_1_720' title='bbox 2177 4545 2593 4645; x_wconf 43' lang='lat' dir='ltr'><strong>quantuin‘ipsa</strong></span> <span class='ocrx_word' id='word_1_721' title='bbox 2621 4572 2825 4631; x_wconf 87' lang='lat' dir='ltr'><strong>veritas</strong></span> <span class='ocrx_word' id='word_1_722' title='bbox 2852 4545 3037 4631; x_wconf 63' lang='lat' dir='ltr'><strong>habet.</strong></span> <span class='ocrx_word' id='word_1_723' title='bbox 3068 4574 3253 4647; x_wconf 85' lang='lat' dir='ltr'><strong>Neque</strong></span> <span class='ocrx_word' id='word_1_724' title='bbox 3281 4586 3383 4633; x_wconf 79' lang='lat' dir='ltr'><strong>nos</strong></span> 
     </span>
    </p>
   </div>
   <div class='ocr_carea' id='block_1_95' title="bbox 91 4631 1681 4711">
    <p class='ocr_par' dir='ltr' id='par_1_95' title="bbox 91 4631 1681 4711">
     <span class='ocr_line' id='line_1_95' title="bbox 91 4631 1681 4711; baseline 0.005 -23"><span class='ocrx_word' id='word_1_725' title='bbox 91 4631 212 4702; x_wconf 84' lang='lat' dir='ltr'><strong>quia</strong></span> <span class='ocrx_word' id='word_1_726' title='bbox 261 4633 555 4693; x_wconf 85' lang='lat' dir='ltr'><strong>charitatis</strong></span> <span class='ocrx_word' id='word_1_727' title='bbox 610 4636 920 4706; x_wconf 90' lang='lat' dir='ltr'><strong>immemor,</strong></span> <span class='ocrx_word' id='word_1_728' title='bbox 983 4636 1043 4693; x_wconf 91' lang='lat' dir='ltr'><strong>in</strong></span> <span class='ocrx_word' id='word_1_729' title='bbox 1096 4637 1410 4711; x_wconf 85' lang='lat' dir='ltr'><strong>superbiam</strong></span> <span class='ocrx_word' id='word_1_730' title='bbox 1465 4638 1681 4711; x_wconf 89' lang='lat' dir='ltr'><strong>prosili-</strong></span> 
     </span>
    </p>
   </div>
   <div class='ocr_carea' id='block_1_96' title="bbox 91 4718 186 4778">
    <p class='ocr_par' dir='ltr' id='par_1_96' title="bbox 91 4718 186 4778">
     <span class='ocr_line' id='line_1_96' title="bbox 91 4718 186 4778; baseline 0.063 -6"><span class='ocrx_word' id='word_1_731' title='bbox 91 4718 186 4778; x_wconf 81' lang='lat' dir='ltr'><strong>vit.</strong></span> 
     </span>
    </p>
   </div>
   <div class='ocr_carea' id='block_1_97' title="bbox 1790 4662 3377 4734">
    <p class='ocr_par' dir='ltr' id='par_1_97' title="bbox 1790 4662 3377 4734">
     <span class='ocr_line' id='line_1_97' title="bbox 1790 4662 3377 4734; baseline 0.001 -17"><span class='ocrx_word' id='word_1_732' title='bbox 1790 4669 1885 4717; x_wconf 89' lang='lat' dir='ltr'><strong>aut</strong></span> <span class='ocrx_word' id='word_1_733' title='bbox 1939 4678 2128 4734; x_wconf 89' lang='lat' dir='ltr'><strong>capere</strong></span> <span class='ocrx_word' id='word_1_734' title='bbox 2185 4669 2279 4719; x_wconf 89' lang='lat' dir='ltr'><strong>aut</strong></span> <span class='ocrx_word' id='word_1_735' title='bbox 2327 4677 2581 4718; x_wconf 90' lang='lat' dir='ltr'><strong>enarrare</strong></span> <span class='ocrx_word' id='word_1_736' title='bbox 2636 4679 2924 4734; x_wconf 89' lang='lat' dir='ltr'><strong>possumus</strong></span> <span class='ocrx_word' id='word_1_737' title='bbox 2976 4662 3377 4734; x_wconf 87' lang='lat' dir='ltr'><strong>plenitudinem</strong></span> 
     </span>
    </p>
   </div>
   <div class='ocr_carea' id='block_1_98' title="bbox 1786 4750 3378 4824">
    <p class='ocr_par' dir='ltr' id='par_1_98' title="bbox 1786 4750 3378 4824">
     <span class='ocr_line' id='line_1_98' title="bbox 1786 4750 3378 4824; baseline 0.002 -16"><span class='ocrx_word' id='word_1_738' title='bbox 1786 4752 2057 4808; x_wconf 76' lang='lat' dir='ltr'><strong>veritatis.</strong></span> <span class='ocrx_word' id='word_1_739' title='bbox 2090 4750 2193 4819; x_wconf 89' lang='lat' dir='ltr'><strong>Qui</strong></span> <span class='ocrx_word' id='word_1_740' title='bbox 2243 4751 2391 4807; x_wconf 90' lang='lat' dir='ltr'><strong>enim</strong></span> <span class='ocrx_word' id='word_1_741' title='bbox 2426 4751 2547 4807; x_wconf 89' lang='lat' dir='ltr'><strong>ﬁeri</strong></span> <span class='ocrx_word' id='word_1_742' title='bbox 2593 4759 2771 4824; x_wconf 88' lang='lat' dir='ltr'><strong>potest</strong></span> <span class='ocrx_word' id='word_1_743' title='bbox 2816 4761 2877 4808; x_wconf 88' lang='lat' dir='ltr'><strong>ut</strong></span> <span class='ocrx_word' id='word_1_744' title='bbox 2921 4751 3107 4823; x_wconf 86' lang='lat' dir='ltr'><strong>lingua</strong></span> <span class='ocrx_word' id='word_1_745' title='bbox 3138 4750 3378 4811; x_wconf 87' lang='lat' dir='ltr'><strong>humana</strong></span> 
     </span>
    </p>
   </div>
   <div class='ocr_carea' id='block_1_99' title="bbox 175 4824 3377 4913">
    <p class='ocr_par' dir='ltr' id='par_1_99' title="bbox 175 4824 3377 4913">
     <span class='ocr_line' id='line_1_99' title="bbox 175 4824 3377 4913; baseline 0.003 -24"><span class='ocrx_word' id='word_1_746' title='bbox 175 4847 194 4872; x_wconf 71' lang='grc' dir='ltr'><strong>ε</strong></span> <span class='ocrx_word' id='word_1_747' title='bbox 216 4826 291 4883; x_wconf 77' lang='lat' dir='ltr'><strong>Et</strong></span> <span class='ocrx_word' id='word_1_748' title='bbox 314 4827 360 4884; x_wconf 77' lang='lat' dir='ltr'><strong>Si</strong></span> <span class='ocrx_word' id='word_1_749' title='bbox 391 4824 637 4884; x_wconf 74' lang='lat' dir='ltr'><strong>habuero</strong></span> <span class='ocrx_word' id='word_1_750' title='bbox 665 4842 887 4884; x_wconf 78' lang='lat' dir='ltr'><strong>omnem</strong></span> <span class='ocrx_word' id='word_1_751' title='bbox 915 4826 1224 4885; x_wconf 70' lang='grc' dir='ltr'><strong>δοίθηῑὶᾶω-</strong></span> <span class='ocrx_word' id='word_1_752' title='bbox 1256 4851 1277 4876; x_wconf 75' lang='grc'><strong><em>³</em></strong></span> <span class='ocrx_word' id='word_1_753' title='bbox 1338 4825 1492 4885; x_wconf 70' lang='lat' dir='ltr'><strong>Nihil</strong></span> <span class='ocrx_word' id='word_1_754' title='bbox 1535 4827 1678 4885; x_wconf 71' lang='lat' dir='ltr'><strong>mihi</strong></span> <span class='ocrx_word' id='word_1_755' title='bbox 1787 4857 1951 4897; x_wconf 89' lang='lat' dir='ltr'><strong>omne</strong></span> <span class='ocrx_word' id='word_1_756' title='bbox 1977 4840 2393 4912; x_wconf 89' lang='lat' dir='ltr'><strong>complectatur,</strong></span> <span class='ocrx_word' id='word_1_757' title='bbox 2424 4838 2572 4913; x_wconf 92' lang='lat' dir='ltr'><strong>quod</strong></span> <span class='ocrx_word' id='word_1_758' title='bbox 2598 4838 2698 4896; x_wconf 92' lang='lat' dir='ltr'><strong>Dei</strong></span> <span class='ocrx_word' id='word_1_759' title='bbox 2727 4846 2809 4895; x_wconf 89' lang='lat' dir='ltr'><strong>est</strong></span> <span class='ocrx_word' id='word_1_760' title='bbox 2837 4840 2864 4895; x_wconf 80' lang='lat'><strong>?</strong></span> <span class='ocrx_word' id='word_1_761' title='bbox 2889 4836 3018 4895; x_wconf 88' lang='lat' dir='ltr'><strong>Ideo</strong></span> <span class='ocrx_word' id='word_1_762' title='bbox 3062 4838 3377 4899; x_wconf 85' lang='lat' dir='ltr'><strong>destruetur</strong></span> 
     </span>
    </p>
   </div>
   <div class='ocr_carea' id='block_1_100' title="bbox 94 4914 1699 5004">
    <p class='ocr_par' dir='ltr' id='par_1_100' title="bbox 94 4914 1675 4993">
     <span class='ocr_line' id='line_1_100' title="bbox 94 4914 1675 4993; baseline 0.006 -26"><span class='ocrx_word' id='word_1_763' title='bbox 94 4914 306 4982; x_wconf 90' lang='lat' dir='ltr'><strong>prodest</strong></span> <span class='ocrx_word' id='word_1_764' title='bbox 353 4918 608 4987; x_wconf 79' lang='lat' dir='ltr'><strong>scientia,</strong></span> <span class='ocrx_word' id='word_1_765' title='bbox 664 4919 711 4974; x_wconf 89' lang='lat' dir='ltr'><strong>si</strong></span> <span class='ocrx_word' id='word_1_766' title='bbox 767 4918 1005 4976; x_wconf 90' lang='lat' dir='ltr'><strong>charitas</strong></span> <span class='ocrx_word' id='word_1_767' title='bbox 1076 4935 1189 4974; x_wconf 91' lang='lat' dir='ltr'><strong>non</strong></span> <span class='ocrx_word' id='word_1_768' title='bbox 1261 4918 1351 4975; x_wconf 86' lang='lat' dir='ltr'><strong>sit.</strong></span> <span class='ocrx_word' id='word_1_769' title='bbox 1425 4919 1675 4993; x_wconf 91' lang='lat' dir='ltr'><strong>Denique</strong></span> 
     </span>
    </p>
   </div>
   <div class='ocr_carea' id='block_1_101' title="bbox 1819 4914 3373 5004">
    <p class='ocr_par' dir='ltr' id='par_1_101' title="bbox 1819 4927 3373 5004">
     <span class='ocr_line' id='line_1_101' title="bbox 1819 4927 3373 5004; baseline 0.003 -17"><span class='ocrx_word' id='word_1_770' title='bbox 1819 4930 2127 5004; x_wconf 87' lang='lat' dir='ltr'><strong>mperfectio</strong></span> <span class='ocrx_word' id='word_1_771' title='bbox 2158 4939 2363 4999; x_wconf 85' lang='lat' dir='ltr'><strong>nostra,</strong></span> <span class='ocrx_word' id='word_1_772' title='bbox 2396 4946 2505 4985; x_wconf 92' lang='lat' dir='ltr'><strong>non</strong></span> <span class='ocrx_word' id='word_1_773' title='bbox 2532 4927 2588 4984; x_wconf 92' lang='lat' dir='ltr'><strong>id</strong></span> <span class='ocrx_word' id='word_1_774' title='bbox 2617 4928 2763 5001; x_wconf 88' lang='lat' dir='ltr'><strong>quod</strong></span> <span class='ocrx_word' id='word_1_775' title='bbox 2792 4945 2984 4985; x_wconf 89' lang='lat' dir='ltr'><strong>verum</strong></span> <span class='ocrx_word' id='word_1_776' title='bbox 3013 4937 3095 4986; x_wconf 91' lang='lat' dir='ltr'><strong>est</strong></span> <span class='ocrx_word' id='word_1_777' title='bbox 3139 4946 3373 4991; x_wconf 83' lang='lat' dir='ltr'><strong>evacua-</strong></span> 
     </span>
    </p>
   </div>
   <div class='ocr_carea' id='block_1_102' title="bbox 93 4999 3366 5094">
    <p class='ocr_par' dir='ltr' id='par_1_102' title="bbox 93 4999 3366 5094">
     <span class='ocr_line' id='line_1_102' title="bbox 93 4999 3366 5094; baseline 0.005 -36"><span class='ocrx_word' id='word_1_778' title='bbox 93 4999 289 5063; x_wconf 85' lang='lat' dir='ltr'><strong>Scribis</strong></span> <span class='ocrx_word' id='word_1_779' title='bbox 316 5015 373 5063; x_wconf 92' lang='lat' dir='ltr'><strong>et</strong></span> <span class='ocrx_word' id='word_1_780' title='bbox 390 5007 680 5064; x_wconf 66' lang='lat' dir='ltr'><strong>Pbarisaais</strong></span> <span class='ocrx_word' id='word_1_781' title='bbox 706 5008 848 5064; x_wconf 90' lang='lat' dir='ltr'><strong>nihil</strong></span> <span class='ocrx_word' id='word_1_782' title='bbox 877 5008 1107 5081; x_wconf 87' lang='lat' dir='ltr'><strong>profuit,</strong></span> <span class='ocrx_word' id='word_1_783' title='bbox 1130 5008 1347 5065; x_wconf 89' lang='lat' dir='ltr'><strong>dicente</strong></span> <span class='ocrx_word' id='word_1_784' title='bbox 1368 5008 1668 5065; x_wconf 87' lang='lat' dir='ltr'><strong>Salvatere:</strong></span> <span class='ocrx_word' id='word_1_785' title='bbox 1781 4999 1963 5078; x_wconf 56' lang='lat' dir='ltr'><strong>bitur;</strong></span> <span class='ocrx_word' id='word_1_786' title='bbox 2023 5020 2118 5078; x_wconf 74' lang='lat' dir='ltr'><strong>sed</strong></span> <span class='ocrx_word' id='word_1_787' title='bbox 2166 5020 2299 5076; x_wconf 84' lang='lat' dir='ltr'><strong>dum</strong></span> <span class='ocrx_word' id='word_1_788' title='bbox 2346 5018 2569 5075; x_wconf 79' lang='lat' dir='ltr'><strong>additur</strong></span> <span class='ocrx_word' id='word_1_789' title='bbox 2624 4999 2969 5090; x_wconf 80' lang='lat' dir='ltr'><strong>imperfecto,</strong></span> <span class='ocrx_word' id='word_1_790' title='bbox 3019 5020 3167 5094; x_wconf 86' lang='lat' dir='ltr'><strong>quod</strong></span> <span class='ocrx_word' id='word_1_791' title='bbox 3195 5022 3366 5094; x_wconf 80' lang='lat' dir='ltr'><strong>deest,</strong></span> 
     </span>
    </p>
   </div>
   <div class='ocr_carea' id='block_1_103' title="bbox 102 5093 3367 5181">
    <p class='ocr_par' dir='ltr' id='par_1_103' title="bbox 102 5093 3367 5181">
     <span class='ocr_line' id='line_1_103' title="bbox 102 5093 3367 5181; baseline 0.004 -24"><span class='ocrx_word' id='word_1_792' title='bbox 102 5115 120 5140; x_wconf 78' lang='grc' dir='ltr'>ι</span> <span class='ocrx_word' id='word_1_793' title='bbox 144 5093 253 5152; x_wconf 82' lang='lat' dir='ltr'><strong>Vos</strong></span> <span class='ocrx_word' id='word_1_794' title='bbox 285 5094 500 5153; x_wconf 81' lang='lat' dir='ltr'><strong>habetis</strong></span> <span class='ocrx_word' id='word_1_795' title='bbox 517 5098 730 5155; x_wconf 83' lang='lat' dir='ltr'><strong>clavem</strong></span> <span class='ocrx_word' id='word_1_796' title='bbox 757 5097 1023 5167; x_wconf 79' lang='lat' dir='ltr'><strong>scientiae,</strong></span> <span class='ocrx_word' id='word_1_797' title='bbox 1043 5106 1096 5155; x_wconf 83' lang='lat' dir='ltr'><strong>et</strong></span> <span class='ocrx_word' id='word_1_798' title='bbox 1116 5114 1294 5173; x_wconf 82' lang='lat' dir='ltr'><strong>neque</strong></span> <span class='ocrx_word' id='word_1_799' title='bbox 1311 5116 1410 5156; x_wconf 81' lang='lat' dir='ltr'><strong>vos</strong></span> <span class='ocrx_word' id='word_1_800' title='bbox 1427 5100 1668 5167; x_wconf 77' lang='lat' dir='ltr'><strong>intratis,</strong></span> <span class='ocrx_word' id='word_1_801' title='bbox 1777 5109 2093 5167; x_wconf 75' lang='lat' dir='ltr'><strong>destruetur</strong></span> <span class='ocrx_word' id='word_1_802' title='bbox 2121 5108 2262 5181; x_wconf 75' lang='lat'><strong>(19).</strong></span> <span class='ocrx_word' id='word_1_803' title='bbox 2292 5105 2607 5164; x_wconf 89' lang='lat' dir='ltr'><strong>Destructio</strong></span> <span class='ocrx_word' id='word_1_804' title='bbox 2625 5105 2770 5163; x_wconf 91' lang='lat' dir='ltr'><strong>enim</strong></span> <span class='ocrx_word' id='word_1_805' title='bbox 2807 5093 3236 5181; x_wconf 84' lang='lat' dir='ltr'><strong>imperfectionis</strong></span> <span class='ocrx_word' id='word_1_806' title='bbox 3263 5093 3367 5179; x_wconf 85' lang='lat' dir='ltr'><strong>est,</strong></span> 
     </span>
    </p>
   </div>
   <div class='ocr_carea' id='block_1_104' title="bbox 92 5187 3365 5274">
    <p class='ocr_par' dir='ltr' id='par_1_104' title="bbox 92 5187 3365 5274">
     <span class='ocr_line' id='line_1_104' title="bbox 92 5187 3365 5274; baseline 0.005 -33"><span class='ocrx_word' id='word_1_807' title='bbox 92 5197 254 5274; x_wconf 78' lang='lat' dir='ltr'><strong>neque</strong></span> <span class='ocrx_word' id='word_1_808' title='bbox 282 5187 424 5243; x_wconf 83' lang='lat' dir='ltr'><strong>alios</strong></span> <span class='ocrx_word' id='word_1_809' title='bbox 450 5189 633 5245; x_wconf 87' lang='lat' dir='ltr'><strong>sinitis</strong></span> <span class='ocrx_word' id='word_1_810' title='bbox 656 5188 891 5245; x_wconf 88' lang='lat' dir='ltr'><strong>introire</strong></span> <span class='ocrx_word' id='word_1_811' title='bbox 921 5189 1074 5262; x_wconf 87' lang='lat' dir='ltr'><strong>(Luc.</strong></span> <span class='ocrx_word' id='word_1_812' title='bbox 1105 5207 1186 5259; x_wconf 71' lang='grc' dir='ltr'><strong>χι,</strong></span> <span class='ocrx_word' id='word_1_813' title='bbox 1235 5191 1369 5263; x_wconf 79' lang='grc'>52);</span> <span class='ocrx_word' id='word_1_814' title='bbox 1404 5217 1423 5242; x_wconf 75' lang='grc' dir='ltr'><strong><em>ι</em></strong></span> <span class='ocrx_word' id='word_1_815' title='bbox 1464 5208 1560 5264; x_wconf 88' lang='lat' dir='ltr'><strong>per</strong></span> <span class='ocrx_word' id='word_1_816' title='bbox 1586 5191 1668 5247; x_wconf 85' lang='lat' dir='ltr'><strong>in-</strong></span> <span class='ocrx_word' id='word_1_817' title='bbox 1776 5198 1997 5274; x_wconf 82' lang='lat' dir='ltr'><strong>quando</strong></span> <span class='ocrx_word' id='word_1_818' title='bbox 2046 5197 2124 5267; x_wconf 83' lang='lat' dir='ltr'><strong>id,</strong></span> <span class='ocrx_word' id='word_1_819' title='bbox 2193 5194 2342 5270; x_wconf 93' lang='lat' dir='ltr'><strong>quod</strong></span> <span class='ocrx_word' id='word_1_820' title='bbox 2386 5195 2771 5269; x_wconf 87' lang='lat' dir='ltr'><strong>imperfectum</strong></span> <span class='ocrx_word' id='word_1_821' title='bbox 2827 5206 2931 5271; x_wconf 82' lang='lat' dir='ltr'><strong>est,</strong></span> <span class='ocrx_word' id='word_1_822' title='bbox 3000 5199 3263 5273; x_wconf 87' lang='lat' dir='ltr'><strong>impletur</strong></span> <span class='ocrx_word' id='word_1_823' title='bbox 3307 5201 3365 5258; x_wconf 92' lang='lat' dir='ltr'><strong>in</strong></span> 
     </span>
    </p>
   </div>
   <div class='ocr_carea' id='block_1_105' title="bbox 93 5271 1990 5352">
    <p class='ocr_par' dir='ltr' id='par_1_105' title="bbox 93 5271 1990 5352">
     <span class='ocr_line' id='line_1_105' title="bbox 93 5271 1990 5352; baseline 0.011 -25"><span class='ocrx_word' id='word_1_824' title='bbox 93 5271 283 5333; x_wconf 89' lang='lat' dir='ltr'><strong>vidiam</strong></span> <span class='ocrx_word' id='word_1_825' title='bbox 325 5276 475 5334; x_wconf 89' lang='lat' dir='ltr'><strong>enim</strong></span> <span class='ocrx_word' id='word_1_826' title='bbox 523 5278 848 5338; x_wconf 87' lang='lat' dir='ltr'><strong>charitatem</strong></span> <span class='ocrx_word' id='word_1_827' title='bbox 896 5287 1332 5352; x_wconf 89' lang='lat' dir='ltr'><strong>corrumpentes,</strong></span> <span class='ocrx_word' id='word_1_828' title='bbox 1380 5278 1666 5338; x_wconf 86' lang='lat' dir='ltr'><strong>scientiam</strong></span> <span class='ocrx_word' id='word_1_829' title='bbox 1775 5271 1990 5347; x_wconf 65' lang='lat' dir='ltr'><strong>verum.</strong></span> 
     </span>
    </p>
   </div>
   <div class='ocr_carea' id='block_1_106' title="bbox 154 5410 1667 5487">
    <p class='ocr_par' dir='ltr' id='par_1_106' title="bbox 154 5410 1667 5487">
     <span class='ocr_line' id='line_1_106' title="bbox 154 5410 1667 5487; baseline 0.001 -19"><span class='ocrx_word' id='word_1_830' title='bbox 154 5410 261 5487; x_wconf 80' lang='grc'>(15)</span> <span class='ocrx_word' id='word_1_831' title='bbox 304 5412 468 5473; x_wconf 90' lang='lat' dir='ltr'><strong>Corb.</strong></span> <span class='ocrx_word' id='word_1_832' title='bbox 496 5414 620 5471; x_wconf 92' lang='lat' dir='ltr'><strong>cod.</strong></span> <span class='ocrx_word' id='word_1_833' title='bbox 631 5456 647 5484; x_wconf 96' lang='lat'><strong>,</strong></span> <span class='ocrx_word' id='word_1_834' title='bbox 677 5421 726 5470; x_wconf 87' lang='lat' dir='ltr'><strong>et</strong></span> <span class='ocrx_word' id='word_1_835' title='bbox 761 5419 978 5484; x_wconf 82' lang='lat' dir='ltr'><strong>malum,</strong></span> <span class='ocrx_word' id='word_1_836' title='bbox 1012 5413 1122 5470; x_wconf 80' lang='lat' dir='ltr'><strong>sine</strong></span> <span class='ocrx_word' id='word_1_837' title='bbox 1148 5431 1251 5486; x_wconf 86' lang='lat' dir='ltr'><strong>quo</strong></span> <span class='ocrx_word' id='word_1_838' title='bbox 1290 5413 1492 5470; x_wconf 83' lang='lat' dir='ltr'><strong>utiliter</strong></span> <span class='ocrx_word' id='word_1_839' title='bbox 1522 5411 1667 5485; x_wconf 85' lang='lat' dir='ltr'><strong>loqui</strong></span> 
     </span>
    </p>
   </div>
   <div class='ocr_carea' id='block_1_107' title="bbox 94 5488 615 5555">
    <p class='ocr_par' dir='ltr' id='par_1_107' title="bbox 94 5488 615 5555">
     <span class='ocr_line' id='line_1_107' title="bbox 94 5488 615 5555; baseline 0.019 -23"><span class='ocrx_word' id='word_1_840' title='bbox 94 5493 180 5535; x_wconf 83' lang='lat' dir='ltr'><strong>non</strong></span> <span class='ocrx_word' id='word_1_841' title='bbox 200 5502 348 5555; x_wconf 83' lang='lat' dir='ltr'><strong>posse</strong></span> <span class='ocrx_word' id='word_1_842' title='bbox 372 5488 615 5543; x_wconf 81' lang='lat' dir='ltr'><strong>ostendit.</strong></span> 
     </span>
    </p>
   </div>
   <div class='ocr_carea' id='block_1_108' title="bbox 152 5554 1663 5631">
    <p class='ocr_par' dir='ltr' id='par_1_108' title="bbox 152 5554 1663 5631">
     <span class='ocr_line' id='line_1_108' title="bbox 152 5554 1663 5631; baseline 0.004 -18"><span class='ocrx_word' id='word_1_843' title='bbox 152 5554 259 5630; x_wconf 77' lang='lat'><strong>(16)</strong></span> <span class='ocrx_word' id='word_1_844' title='bbox 301 5556 466 5615; x_wconf 91' lang='lat' dir='ltr'><strong>Corb.</strong></span> <span class='ocrx_word' id='word_1_845' title='bbox 499 5558 648 5630; x_wconf 92' lang='lat' dir='ltr'><strong>cod.,</strong></span> <span class='ocrx_word' id='word_1_846' title='bbox 678 5577 797 5616; x_wconf 82' lang='lat' dir='ltr'><strong>cum</strong></span> <span class='ocrx_word' id='word_1_847' title='bbox 832 5559 1110 5619; x_wconf 81' lang='lat' dir='ltr'><strong>charitatis</strong></span> <span class='ocrx_word' id='word_1_848' title='bbox 1152 5563 1375 5620; x_wconf 80' lang='lat' dir='ltr'><strong>hostium</strong></span> <span class='ocrx_word' id='word_1_849' title='bbox 1419 5563 1663 5631; x_wconf 80' lang='lat' dir='ltr'><strong>tradidit,</strong></span> 
     </span>
    </p>
   </div>
   <div class='ocr_carea' id='block_1_109' title="bbox 1847 5416 3110 5492">
    <p class='ocr_par' dir='ltr' id='par_1_109' title="bbox 1847 5416 3110 5492">
     <span class='ocr_line' id='line_1_109' title="bbox 1847 5416 3110 5492; baseline -0.001 -13"><span class='ocrx_word' id='word_1_850' title='bbox 1847 5422 1962 5492; x_wconf 82' lang='lat'><strong>(18)</strong></span> <span class='ocrx_word' id='word_1_851' title='bbox 1986 5417 2147 5479; x_wconf 89' lang='lat' dir='ltr'><strong>Corb.</strong></span> <span class='ocrx_word' id='word_1_852' title='bbox 2179 5419 2375 5492; x_wconf 81' lang='lat' dir='ltr'><strong>codex,</strong></span> <span class='ocrx_word' id='word_1_853' title='bbox 2413 5416 2475 5480; x_wconf 88' lang='lat' dir='ltr'><strong>Ut</strong></span> <span class='ocrx_word' id='word_1_854' title='bbox 2500 5419 2727 5492; x_wconf 83' lang='lat' dir='ltr'><strong>proinde</strong></span> <span class='ocrx_word' id='word_1_855' title='bbox 2743 5418 3110 5478; x_wconf 77' lang='lat' dir='ltr'><strong>discernerent.</strong></span> 
     </span>
    </p>
   </div>
   <div class='ocr_carea' id='block_1_110' title="bbox 1847 5491 3354 5577">
    <p class='ocr_par' dir='ltr' id='par_1_110' title="bbox 1847 5491 3354 5577">
     <span class='ocr_line' id='line_1_110' title="bbox 1847 5491 3354 5577; baseline 0.002 -29"><span class='ocrx_word' id='word_1_856' title='bbox 1847 5491 1975 5577; x_wconf 44' lang='lat'><strong>(1‘9)</strong></span> <span class='ocrx_word' id='word_1_857' title='bbox 1997 5492 2101 5577; x_wconf 79' lang='lat' dir='ltr'><strong>Vet</strong></span> <span class='ocrx_word' id='word_1_858' title='bbox 2127 5491 2259 5577; x_wconf 73' lang='lat' dir='ltr'><strong>edit.</strong></span> <span class='ocrx_word' id='word_1_859' title='bbox 2290 5509 2354 5577; x_wconf 74' lang='lat' dir='ltr'><strong>ac</strong></span> <span class='ocrx_word' id='word_1_860' title='bbox 2373 5491 2755 5577; x_wconf 45' lang='lat' dir='ltr'><strong>mssfali‘quot‘1</strong></span> <span class='ocrx_word' id='word_1_861' title='bbox 2766 5492 3354 5577; x_wconf 29' lang='lat' dir='ltr'><strong>addituqimper/ﬁ’ertio,</strong></span> 
     </span>
    </p>
   </div>
   <div class='ocr_carea' id='block_1_111' title="bbox 1773 5564 3361 5635">
    <p class='ocr_par' dir='ltr' id='par_1_111' title="bbox 1773 5564 3361 5635">
     <span class='ocr_line' id='line_1_111' title="bbox 1773 5564 3361 5635; baseline 0.003 -17"><span class='ocrx_word' id='word_1_862' title='bbox 1773 5565 1913 5635; x_wconf 82' lang='lat' dir='ltr'><strong>quod</strong></span> <span class='ocrx_word' id='word_1_863' title='bbox 1941 5564 2094 5632; x_wconf 79' lang='lat' dir='ltr'><strong>deest,</strong></span> <span class='ocrx_word' id='word_1_864' title='bbox 2129 5565 2461 5620; x_wconf 79' lang='lat' dir='ltr'><strong>destruetur:</strong></span> <span class='ocrx_word' id='word_1_865' title='bbox 2494 5564 2690 5620; x_wconf 86' lang='lat' dir='ltr'><strong>melius</strong></span> <span class='ocrx_word' id='word_1_866' title='bbox 2716 5566 2874 5621; x_wconf 84' lang='lat' dir='ltr'><strong>Rom.</strong></span> <span class='ocrx_word' id='word_1_867' title='bbox 2923 5564 3052 5619; x_wconf 88' lang='lat' dir='ltr'><strong>edit.</strong></span> <span class='ocrx_word' id='word_1_868' title='bbox 3080 5608 3093 5631; x_wconf 92' lang='lat'><strong>,</strong></span> <span class='ocrx_word' id='word_1_869' title='bbox 3141 5566 3361 5622; x_wconf 77' lang='lat' dir='ltr'><strong>additur</strong></span> 
     </span>
    </p>
   </div>
   <div class='ocr_carea' id='block_1_112' title="bbox 92 5627 3359 5708">
    <p class='ocr_par' dir='ltr' id='par_1_112' title="bbox 92 5627 3359 5708">
     <span class='ocr_line' id='line_1_112' title="bbox 92 5627 3359 5708; baseline 0.004 -28"><span class='ocrx_word' id='word_1_870' title='bbox 92 5627 192 5708; x_wconf 73' lang='lat' dir='ltr'><strong>elc._</strong></span> <span class='ocrx_word' id='word_1_871' title='bbox 240 5627 248 5630; x_wconf 70' lang='grc'>⁷</span> <span class='ocrx_word' id='word_1_872' title='bbox 501 5701 559 5708; x_wconf 82' lang='lat'>__</span> <span class='ocrx_word' id='word_1_873' title='bbox 629 5627 642 5630; x_wconf 60' lang='grc'><em>’</em></span> <span class='ocrx_word' id='word_1_874' title='bbox 1105 5652 1129 5708; x_wconf 64' lang='lat' dir='ltr'><strong><em>f</em></strong></span> <span class='ocrx_word' id='word_1_875' title='bbox 1214 5706 1221 5708; x_wconf 14' lang='grc' dir='ltr'><strong>Α</strong></span> <span class='ocrx_word' id='word_1_876' title='bbox 1652 5627 1660 5631; x_wconf 51' lang='grc'><strong><em>⁷</em></strong></span> <span class='ocrx_word' id='word_1_877' title='bbox 1772 5627 2093 5708; x_wconf 19' lang='grc' dir='ltr'><strong>ᾇυοιζλάεεει,</strong></span> <span class='ocrx_word' id='word_1_878' title='bbox 2134 5635 2456 5707; x_wconf 78' lang='lat' dir='ltr'><strong>imperfectio</strong></span> <span class='ocrx_word' id='word_1_879' title='bbox 2480 5635 2807 5708; x_wconf 57' lang='lat' dir='ltr'><strong>destruetur;</strong></span> <span class='ocrx_word' id='word_1_880' title='bbox 2856 5627 3093 5708; x_wconf 85' lang='lat' dir='ltr'><strong>attamen</strong></span> <span class='ocrx_word' id='word_1_881' title='bbox 3122 5644 3359 5708; x_wconf 77' lang='lat' dir='ltr'><strong>antepo-</strong></span> 
     </span>
    </p>
   </div>
   <div class='ocr_carea' id='block_1_113' title="bbox 151 5699 3151 5780">
    <p class='ocr_par' dir='ltr' id='par_1_113' title="bbox 151 5699 3151 5780">
     <span class='ocr_line' id='line_1_113' title="bbox 151 5699 3151 5780; baseline 0.003 -27"><span class='ocrx_word' id='word_1_882' title='bbox 151 5699 255 5771; x_wconf 89' lang='lat'><strong>(17)</strong></span> <span class='ocrx_word' id='word_1_883' title='bbox 292 5701 562 5759; x_wconf 87' lang='lat' dir='ltr'><strong>Nonnulli</strong></span> <span class='ocrx_word' id='word_1_884' title='bbox 607 5718 762 5772; x_wconf 89' lang='lat' dir='ltr'><strong>mss.,</strong></span> <span class='ocrx_word' id='word_1_885' title='bbox 786 5708 1010 5778; x_wconf 80' lang='lat' dir='ltr'><strong>propter</strong></span> <span class='ocrx_word' id='word_1_886' title='bbox 1040 5705 1459 5765; x_wconf 77' lang='lat' dir='ltr'><strong>misericordiam</strong></span> <span class='ocrx_word' id='word_1_887' title='bbox 1488 5724 1661 5766; x_wconf 73' lang='lat' dir='ltr'><strong>suavi.</strong></span> <span class='ocrx_word' id='word_1_888' title='bbox 1772 5699 1941 5765; x_wconf 74' lang='lat' dir='ltr'><strong>flendi</strong></span> <span class='ocrx_word' id='word_1_889' title='bbox 1967 5699 2097 5765; x_wconf 84' lang='lat' dir='ltr'><strong>sunt</strong></span> <span class='ocrx_word' id='word_1_890' title='bbox 2124 5699 2254 5767; x_wconf 74' lang='lat' dir='ltr'><strong>mss.</strong></span> <span class='ocrx_word' id='word_1_891' title='bbox 2286 5699 2535 5780; x_wconf 82' lang='lat' dir='ltr'><strong>plurimi,</strong></span> <span class='ocrx_word' id='word_1_892' title='bbox 2565 5722 2700 5779; x_wconf 89' lang='lat' dir='ltr'><strong>quos</strong></span> <span class='ocrx_word' id='word_1_893' title='bbox 2731 5699 2823 5761; x_wconf 89' lang='lat' dir='ltr'><strong>hic</strong></span> <span class='ocrx_word' id='word_1_894' title='bbox 2851 5706 3151 5779; x_wconf 88' lang='lat' dir='ltr'><strong>sequimur.</strong></span> 
     </span>
    </p>
   </div>
   <div class='ocr_carea' id='block_1_114' title="bbox 344 5796 3070 5860">
    <p class='ocr_par' dir='ltr' id='par_1_114' title="bbox 344 5796 3070 5860">
     <span class='ocr_line' id='line_1_114' title="bbox 344 5796 3070 5860; baseline 0.011 -6"><span class='ocrx_word' id='word_1_895' title='bbox 344 5796 591 5860; x_wconf 61' lang='lat' dir='ltr'><strong>Pulses.</strong></span> <span class='ocrx_word' id='word_1_896' title='bbox 625 5799 802 5860; x_wconf 83' lang='lat' dir='ltr'><strong>XVII.</strong></span> <span class='ocrx_word' id='word_1_897' title='bbox 3035 5805 3070 5860; x_wconf 84' lang='lat'><strong>9</strong></span> 
     </span>
    </p>
   </div>
  </div>
