3976 6362
549 375 654 439 267

1564 370 1660 429 AD
1705 371 1944 429 OPERA
1983 370 2036 426 S.
2082 367 2415 426 AMBROSII
2453 364 2834 424 APPENDIX.

3745 353 3857 412 268

634 501 818 574 (Vers.
855 500 970 572 11.)
1007 521 1026 546 ι
1063 497 1202 556 Cum
1233 513 1404 555 essem
1437 497 1719 570 parvulus,
1752 495 1907 569 quasi
1940 509 2154 567 parvu-
2178 496 2230 554 Α
2264 489 2390 547 ﬁcat
2420 508 2432 546 :
2484 489 2580 562 qui
2629 504 2756 544 vero
2798 485 3109 560 prophetat,
3163 483 3465 542 Ecclesiam
3522 482 3775 540 aediﬁcat.
3817 511 3836 534 ι

571 593 657 648 lus
685 589 972 664 loquebar,
999 589 1152 662 quasi
1183 588 1445 661 parvulus
1490 587 1784 660 sapiebam,
1831 585 1984 660 quasi
2028 602 2144 658 par-

551 685 720 741 vulus
757 681 1092 755 cogitabam:
1127 690 1181 737 at
1209 680 1307 737 ubi
1362 680 1535 736 factus
1585 695 1703 734 sum
1758 678 1864 745 vir,
1903 693 1964 732 ea
2020 693 2140 748 quze

549 777 773 850 parvuli
823 781 979 831 erant
1032 772 1300 831 destruxi.
1335 799 1353 821 ι
1397 772 1511 827 Hoc
1540 770 1698 839 dicit,
1725 768 1854 842 quia
1881 776 2143 824 exeuntes

550 867 725 924 sancti
765 866 831 921 de
878 865 985 921 hoc
1040 863 1266 930 mundo,
1319 863 1442 934 plus
1469 877 1688 918 necesse
1717 868 1797 916 est
1823 858 2128 926 inveniant,

553 980 715 1035 quam
752 979 901 1018 nunc
933 967 1145 1032 putant,
1173 958 1316 1014 sicut
1352 957 1587 1012 Joannes
1614 955 1891 1028 apostolus
1918 954 1985 1011 de
2015 953 2143 1007 Sal-

551 1063 738 1112 vatore
780 1050 964 1108 dixit:
1031 1073 1050 1098 ‹
1079 1049 1232 1104 Tunc
1279 1045 1592 1102 videbimus
1636 1045 1817 1112 illum,
1867 1043 2030 1099 sicuti
2057 1048 2138 1097 est

553 1145 610 1216 (Ι
634 1145 790 1198 Joan.
823 1157 906 1207 ιιι,
939 1137 1018 1209 2).
1051 1163 1068 1185 ›
1113 1138 1176 1193 In
1199 1137 1300 1193 hac
1325 1153 1450 1209 ergo
1476 1137 1592 1194 vita
1619 1133 1835 1208 parvuli
1855 1149 2044 1189 sumus
2072 1132 2140 1188 ad

549 1230 1012 1302 comparationem
1045 1227 1244 1282 futurae
1297 1227 1468 1293 vitai;
1519 1225 1650 1297 quia
1690 1223 1833 1280 sicut
1869 1223 1983 1278 vita
2026 1222 2143 1278 haec

548 1320 871 1393 imperfecta
900 1325 1001 1384 est,
1035 1314 1112 1370 ita
1140 1324 1192 1372 et
1222 1315 1470 1383 scientia.

623 1392 804 1482 (Vers.
841 1409 954 1480 12.)
1009 1428 1028 1452 ι
1074 1405 1344 1462 Videmus
1402 1419 1551 1459 nunc
1600 1417 1696 1475 per
1749 1395 2030 1473 speculum
2084 1392 2142 1448 in

551 1506 836 1578 anigmate
860 1523 873 1573 ;
906 1511 1039 1558 tunc
1067 1515 1198 1555 vero
1225 1496 1366 1553 facie
1394 1494 1463 1552 ad
1487 1494 1704 1552 faciem.
1724 1518 1742 1541 ι
1777 1495 2042 1564 Apertum
2064 1491 2146 1541 est

427 1609 448 1628 "
550 1621 700 1663 nunc
736 1600 1002 1674 imagines
1053 1597 1230 1654 videri
1287 1612 1382 1668 per
1421 1593 1616 1661 ﬁdem,
1673 1600 1806 1648 tunc
1860 1602 1946 1643 res
2002 1579 2142 1636 156

551 1697 716 1768 ipsas.
764 1718 782 1740 ε
811 1691 973 1749 Modo
1003 1689 1118 1746 scio
1150 1704 1215 1743 ex
1242 1692 1422 1759 parte;
1456 1691 1589 1738 tunc
1625 1698 1756 1736 vero
1798 1691 2141 1750 cognoscam,

551 1787 694 1843 sicut
722 1791 776 1839 et
799 1781 1054 1854 cognitus
1083 1794 1205 1834 sum
1238 1793 1249 1831 :
1290 1801 1308 1824 ι
1349 1773 1406 1828 id
1447 1781 1548 1841 est,
1606 1768 1805 1825 videbo
1852 1782 1972 1840 quae
2023 1779 2145 1836 pro-

552 1875 718 1930 missa
745 1880 897 1941 sunt,
929 1870 1072 1928 sicut
1102 1867 1331 1934 videor;
1364 1865 1469 1920 hoc
1506 1869 1608 1929 est,
1654 1864 1976 1933 praesentem
2028 1869 2144 1910 esse
2173 1871 2219 1932 Β

550 1966 619 2022 ad
648 1965 969 2030 Dominum,
992 1959 1088 2028 ubi
1121 1957 1372 2016 Christus
1396 1962 1496 2011 est.

627 2056 810 2128 (Vers.
837 2053 951 2123 13.)
997 2076 1015 2098 ι
1043 2050 1263 2106 Manent
1284 2053 1465 2102 autem
1493 2057 1642 2098 nunc
1662 2038 1817 2107 ﬁdes,
1847 2051 1990 2128 spes,
2023 2033 2147 2090 cha-

553 2126 708 2217 ritas,
742 2145 847 2204 tria
877 2143 995 2200 haec
1028 2158 1039 2196 :
1072 2138 1248 2212 major
1276 2146 1459 2195 autem
1481 2135 1680 2191 horum
1718 2139 1800 2188 est
1827 2126 2084 2185 charitas.
2115 2149 2132 2170 ι

552 2215 728 2312 Digne
760 2234 932 2309 major
977 2241 1058 2289 est
1090 2229 1365 2289 charitas:
1409 2223 1538 2298 quia
1562 2231 1623 2279 ut
1654 2219 1789 2276 ﬁdes
1830 2215 2148 2312 praedicare-

554 2303 664 2399 tur,
713 2335 764 2384 et
813 2303 934 2399 spes
983 2329 1124 2379 esset
1176 2319 1377 2375 futurae
1408 2315 1557 2382 vitae,
1607 2309 1846 2368 charitas
1870 2303 2144 2379 praestitit,

555 2396 700 2478 sicut
728 2396 894 2490 supra
930 2409 1251 2470 memoravi.
1285 2405 1438 2464 Unde
1473 2413 1528 2460 et
1556 2403 1790 2459 Joannes
1821 2396 2099 2470 apostolus
2132 2409 2142 2448 :

569 2538 588 2559 ι
626 2512 713 2566 Ex
760 2482 865 2565 hoc
918 2502 1314 2578 cognoscimus,
1374 2493 1576 2568 inquit,
1628 2490 1953 2549 charitatem
2009 2482 2147 2556 ejus,

554 2601 686 2676 quia
711 2600 825 2672 ipse
855 2613 952 2669 pro
982 2593 1140 2651 nobis
1169 2591 1408 2647 animam
1429 2599 1584 2642 suam
1606 2579 1788 2656 posuit
1821 2578 2043 2653 (IJoan.
2067 2591 2147 2642 ιιι,

558 2666 671 2767 i6).
706 2666 751 2741 ι-
775 2666 926 2746 Iuste
964 2686 1135 2761 igitur
1163 2680 1338 2754 major
1375 2675 1637 2746 charitas,
1665 2689 1761 2746 per
1789 2686 1951 2746 quam
1983 2666 2148 2723 refor-

557 2793 763 2844 matum
794 2789 876 2838 est
914 2796 1084 2854 genus
1111 2775 1437 2832 humanum.

1128 2898 1357 2958 CAPUT
1412 2894 1565 2952 XIV.

632 3019 814 3092 (Vera.
857 3014 935 3087 ι.)
1003 3037 1022 3060 ς
1069 3001 1365 3066 Sectamini
1417 2999 1762 3092 charitatem,
1811 2990 2148 3092 amulamini

560 3078 835 3182 spiritalia
861 3118 874 3157 :
907 3078 1082 3170 magis
1119 3102 1303 3150 autem
1331 3096 1394 3144 ut
1430 3082 1783 3182 prophetetis.
1816 3104 1850 3182 ι.
1878 3080 2006 3182 Ppst
2025 3078 2148 3182 cha-

561 3167 782 3255 ritatem
813 3167 1182 3267 prophetandi
1212 3178 1454 3237 studium
1488 3175 1605 3247 (20)
1637 3171 1810 3267 magis
1834 3167 2150 3267 habendum

1026 3273 1282 3351 quamvis
1296 3268 1480 3342 magni
1500 3243 1612 3324 sint
1638 3263 1911 3338 spiritales
1925 3261 2143 3335 gradus,
2179 3243 2222 3304 ί]

553 3399 696 3458 quos
722 3379 1044 3436 enumerat:
1078 3367 1172 3423 hic
1201 3374 1385 3422 tamen
1423 3360 1638 3429 melior,
1683 3357 1779 3431 qui
1820 3355 1888 3412 ad
1937 3356 2145 3411 utilita-

553 3444 663 3529 tem
693 3463 952 3524 Ecclesia:
973 3458 1212 3533 proﬁcit,
1240 3464 1302 3514 ut
1331 3455 1546 3512 discant
1573 3465 1763 3507 omnes
1787 3446 1990 3504 divinae
2013 3444 2147 3516 legis

553 3563 842 3619 rationem.
875 3554 938 3609 In
970 3568 1079 3625 quo
1115 3549 1261 3606 enim
1292 3546 1417 3620 quis
1443 3545 1690 3601 animum
1719 3538 1951 3605 dederit,
1994 3536 2052 3590 in
2080 3549 2145 3590 eo

553 3653 673 3722 ipso
716 3642 917 3716 accipit
966 3641 1194 3707 donum,
1252 3637 1468 3694 dicente
1528 3633 1854 3690 Salomone:
1929 3651 1948 3675 ε
1995 3625 2145 3681 Scire

554 3719 747 3812 legem,
798 3752 988 3792 sensus
1035 3742 1115 3791 est
1154 3731 1349 3805 optimi
1393 3730 1546 3801 (Sap.
1577 3744 1655 3795 vr,
1692 3726 1875 3812 16);}
1917 3719 2147 3779 scientia

552 3811 700 3885 enim
727 3827 1010 3901 .charitate
1047 3823 1286 3881 subnixa
1327 3835 1439 3876 non
1486 3817 1733 3884 inﬂatur,
1763 3811 1858 3869 sed
1887 3819 1969 3869 est
1995 3825 2144 3866 man-

552 3933 727 3995 sueta,
761 3923 1053 3998 proficiens
1078 3919 1336 3977 omnibus
1365 3915 1431 3973 ad
1457 3914 1776 3971 utilitatem.

630 3995 812 4088 (Vera.
843 4013 923 4086 2.)
971 4037 989 4061 ι
1016 4013 1152 4069 Nam
1185 4009 1279 4083 qui
1308 4006 1554 4081 loquitur
1588 4003 1793 4075 lingua,
1825 4014 1938 4055 non
1967 3995 2142 4088 horni-

555 4086 721 4161 nibus
751 4104 1013 4177 loquitur,
1045 4101 1140 4158 sed
1169 4102 1280 4157 Deo
1305 4117 1319 4167 ;
1364 4112 1526 4154 nemo
1551 4093 1698 4149 enim
1742 4089 1916 4157 audit,
1947 4086 2144 4160 spiritu

555 4203 736 4251 autem
765 4195 1012 4266 loquitur
1042 4189 1364 4263 mysteria.»
1408 4188 1523 4244 Hoc
1547 4192 1628 4240 est
1657 4182 1804 4255 quod
1833 4179 1989 4246 dicit,
2018 4178 2146 4250 quia

499 4311 503 4315 ·
557 4285 651 4359 qui
682 4265 928 4357 loquitur
962 4281 1242 4352 incognita
1268 4279 1475 4350 lingua,
1525 4278 1639 4331 Deo
1692 4271 1968 4359 loquitur:
2019 4265 2148 4340 quia

556 4357 670 4447 ipse
699 4373 887 4428 omnia
914 4369 1107 4426 novit:
1151 4367 1404 4424 homines
1440 4381 1570 4420 vero
1609 4361 1882 4428 nesciunt,
1917 4357 2146 4430 ideoque

555 4465 744 4522 nullus
772 4470 853 4520 est
875 4478 945 4517 ex
985 4459 1088 4516 hac
1116 4474 1173 4514 re
1203 4455 1498 4530 profectus.
1547 4477 1565 4501 ι
1604 4451 1813 4524 Spiritu
1840 4457 2019 4505 autem
2057 4448 2147 4502 lo-

555 4555 745 4629 quitur
787 4549 1070 4625 mysteria,
1118 4572 1136 4596 ι
1177 4562 1293 4603 non
1333 4559 1520 4610 sensu,
1573 4541 1702 4615 quia
1748 4539 1963 4612 ignorat
2001 4533 2142 4610 quod

552 4647 708 4705 dicit.

627 4742 811 4814 (Vers.
859 4739 939 4812 3.)
987 4763 1004 4787 ι
1038 4737 1142 4804 Qui
1174 4734 1321 4792 enim
1370 4729 1679 4805 prophetat,
1722 4723 2044 4781 hominibus
2072 4721 2147 4775 lo-

556 4831 745 4902 quitur
773 4829 841 4886 ad
874 4827 1318 4893 aediﬁcationem,
1348 4829 1402 4878 et
1429 4815 1892 4882 exhortationem,
1925 4819 1979 4866 et
2006 4829 2148 4867 con-

558 4921 881 4976 solationem
905 4937 919 4986 ;
944 4944 962 4967 ι
1005 4917 1308 4975 aediﬁcatur
1337 4913 1509 4979 enim,
1532 4905 1752 4982 quando
1781 4902 2145 4978 quaestionum

559 5010 890 5066 solutionem
937 5008 1190 5065 addiscit.
1238 4999 1568 5061 Exhortatio
1609 5003 1793 5052 autem
1837 4992 1921 5048 illi
1960 4990 2042 5060 ﬁt,
2088 4998 2149 5046 ut

559 5101 895 5162 desiderium
942 5099 1179 5171 patiatur
1215 5092 1578 5169 prophetandi
1606 5108 1617 5147 :
1650 5089 1966 5148 consolatur
1995 5101 2148 5152 vero,

559 5195 690 5270 quia
746 5198 1122 5263 contemptum
1177 5185 1482 5257 disciplinae
1536 5183 1649 5255 (2i)
1707 5183 1767 5238 in
1823 5195 1916 5252 spe
1973 5176 2147 5270 videt:

559 5263 801 5344 Scientia
843 5278 990 5336 enim
1044 5276 1178 5349 legis
1229 5275 1410 5330 ﬁrmat
1438 5271 1672 5342 animos,
1717 5279 1772 5328 et
1798 5273 2060 5344 provocat
2083 5263 2150 5321 ad

560 5373 672 5447 spei
699 5369 946 5429 melioris
976 5366 1306 5441 profectum.

635 5463 818 5533 (Vers.
848 5461 927 5534 4.)
989 5485 1005 5507 ι
1033 5455 1139 5526 Qui
1191 5455 1438 5528 loquitur
1475 5448 1684 5524 lingua,
1713 5467 1770 5507 se
1801 5449 1980 5522 ipsum
2009 5444 2153 5503 aedi-

636 5606 753 5679 (20)
791 5605 976 5679 codex
1019 5603 1216 5672 Laud.,
1258 5597 1626 5675 prapheta-ndi,
1661 5595 2014 5670 praedicandi,
2047 5592 2154 5649 do-

561 5678 710 5733 cendi
736 5678 990 5733 studium.

637 5749 756 5822 (2i)
784 5749 914 5809 Mss.
945 5746 1223 5814 nonnulli,
1244 5745 1373 5818 quia
1391 5748 1681 5814 contemptu
1711 5737 2026 5812 disciplinae,
2046 5741 2153 5794 etc.

2252 581 2355 636 Per
2385 579 2442 636 id
2473 580 2642 647 enim,
2675 577 2823 652 quod
2873 577 3013 634 forte
3056 577 3208 633 solus
3248 575 3371 644 scit,
3403 572 3550 648 quod
3579 573 3850 647 loquitur,

2252 685 2308 724 se
2337 669 2514 724 solum
2543 667 2780 724 aediﬁcat
2809 685 2821 723 :
2856 681 2981 722 nam
3023 665 3115 738 qui
3148 664 3455 738 prophetat,
3487 678 3704 718 omnem
3736 662 3850 734 ple-

2251 757 2376 812 hem
2421 757 2676 825 aediﬁcat,
2729 755 2862 811 dum
2918 754 3248 827 intelligitur
3300 752 3368 807 ab
3413 749 3670 806 omnibus
3713 749 3851 822 quid

2253 845 2528 919 loquatur.
2561 845 2862 918 Prophetas
2887 850 3216 917 interpretes
3245 842 3380 900 dicit
3407 841 3848 914 Scripturarum;

2252 935 2396 992 sicut
2423 937 2570 992 enim
2618 937 2884 1009 propheta
2929 936 3116 992 futura
3147 933 3414 1006 praedicit,
3446 949 3567 1005 quae
3596 931 3852 987 nesciun-

2253 1032 2374 1080 tur:
2410 1024 2484 1081 ita
2505 1033 2558 1080 et
2575 1025 2667 1080 hic
2687 1025 2819 1080 dum
2841 1024 3247 1097 Scripturarum
3270 1037 3512 1090 sensum,
3535 1021 3631 1093 qui
3658 1020 3853 1076 multis

2253 1113 2503 1169 occultus
2533 1123 2636 1182 est,
2680 1113 3015 1182 manifestat,
3054 1112 3261 1171 dicitur
3289 1110 3632 1183 prophetare.

2326 1203 2506 1274 (Vers.
2540 1203 2622 1274 5.)
2662 1228 2678 1249 α
2712 1203 2852 1259 Volo
2877 1211 3059 1259 autem
3088 1220 3186 1258 vos
3215 1217 3405 1257 omnes
3425 1199 3576 1272 loqui
3609 1196 3848 1269 linguis:

2253 1293 2425 1363 magis
2466 1301 2648 1348 autem
2701 1300 2762 1348 ut
2806 1292 3162 1366 prophetetis.
3198 1316 3215 1339 ι
3259 1291 3379 1346 Νοιι
3423 1297 3632 1362 poterat
3666 1287 3852 1361 prohi-

2251 1380 2377 1436 bere
2426 1382 2578 1454 loqui
2622 1381 2849 1454 linguis,
2897 1381 2993 1454 qui
3022 1381 3274 1454 superius
3303 1380 3508 1435 donum
3537 1377 3686 1433 istud
3715 1377 3855 1432 dicit

2253 1485 2365 1526 esse
2413 1471 2648 1544 Spiritus
2687 1473 2894 1528 sancti:
2946 1472 3040 1528 sed
3089 1471 3212 1527 ideo
3260 1468 3622 1542 prophetandi
3679 1466 3855 1538 magis

2253 1559 2498 1616 studium
2545 1560 2879 1629 habendum,
2929 1561 3059 1634 quia
3107 1559 3303 1615 utilius
3349 1567 3450 1614 est.
3510 1581 3528 1604 ε
3569 1556 3741 1628 Major
3771 1564 3857 1612 est

2255 1649 2401 1706 enim
2439 1650 2533 1723 qui
2567 1651 2878 1723 prophetat,
2912 1667 3075 1724 quam
3105 1650 3199 1722 qui
3231 1647 3477 1722 loquitur
3507 1647 3712 1719 lingua,
3743 1645 3857 1701 nisi

2254 1737 2664 1810 interpretetur.
2708 1765 2726 1788 ι
2795 1740 2937 1806 Quia
2983 1739 3029 1796 si
3076 1737 3426 1810 interpretari
3477 1736 3694 1810 poterit,
3737 1751 3858 1791 non

2254 1831 2358 1888 erit
2416 1832 2633 1900 minor;
2687 1833 2819 1905 quia
2875 1831 3180 1888 Ecclesiam
3237 1829 3506 1887 aediﬁcat:
3555 1827 3660 1885 hoc
3700 1828 3858 1883 enim

2255 1919 2433 1991 majus
2473 1927 2574 1989 est,
2625 1919 2777 1993 quod
2820 1919 3081 1976 omnibus
3140 1917 3379 1991 prodest.
3433 1916 3533 1972 Hic
3578 1915 3726 1970 enim
3758 1930 3862 1987 per

2255 2008 2462 2066 donum
2490 2007 2588 2064 Dei
2619 2008 2824 2080 linguis
2854 2008 3121 2080 loquitur,
3163 2005 3255 2078 qui
3309 2005 3474 2062 etiam
3530 2006 3857 2077 interpreta-

2257 2106 2366 2168 tur,
2414 2101 2555 2156 sicut
2599 2109 2653 2156 et
2682 2101 2767 2156 illi
2799 2100 3091 2156 duodecim
3127 2099 3186 2153 in
3215 2098 3448 2154 Actibus
3478 2097 3856 2171 apostolorum

2260 2189 2400 2261 (Act.
2430 2207 2493 2257 II,
2522 2188 2602 2261 4).

2331 2277 2512 2349 (Vers.
2538 2276 2620 2348 6.)
2667 2302 2682 2322 ι
2715 2276 2872 2333 Nunc
2893 2284 3094 2344 autem,
3119 2274 3332 2342 fratres,
3361 2275 3406 2332 si
3433 2291 3635 2332 venero
3665 2276 3734 2333 ad
3754 2293 3858 2335 vos

2259 2367 2462 2438 linguis
2510 2367 2757 2438 loquens,
2809 2364 2944 2436 quid
3001 2364 3160 2420 vobis
3207 2363 3458 2436 prodero,
3510 2365 3618 2421 nisi
3662 2367 3858 2438 loquar

2258 2455 2416 2510 vobis
2448 2462 2542 2510 aut
2573 2453 2632 2510 in
2660 2454 3012 2522 revelatione,
3043 2461 3136 2510 aut
3166 2454 3224 2509 in
3258 2453 3474 2522 notitia,
3507 2463 3600 2510 aut
3642 2456 3700 2511 in
3733 2471 3860 2529 pro-

2258 2543 2464 2618 phetia,
2493 2551 2586 2600 aut
2616 2543 2673 2599 in
2706 2542 2956 2600 doctrina
2979 2542 3006 2598 ?
3037 2569 3054 2592 ι
3100 2543 3226 2599 Haec
3254 2543 3442 2599 omnia
3470 2559 3644 2600 unum
3683 2545 3859 2618 signi-

2259 2638 2451 2705 ﬁcant;
2481 2635 2675 2692 docere
2713 2635 2859 2691 enim
2896 2650 3057 2691 nemo
3083 2635 3307 2708 poterit,
3337 2635 3447 2691 nisi
3485 2635 3855 2708 intelligatur.

2332 2729 2513 2802 (Vers.
2549 2728 2686 2799 7,8.)
2734 2752 2750 2774 ι
2782 2728 2984 2783 Tamen
3007 2743 3126 2800 quae
3148 2727 3265 2781 sine
3287 2726 3473 2782 anima
3501 2735 3629 2782 sunt
3659 2743 3856 2784 vocem

2259 2819 2464 2887 dantia,
2517 2818 2634 2874 sive
2682 2817 2836 2886 tibia,
2889 2817 3005 2873 sive
3055 2817 3284 2886 cithara,
3336 2817 3382 2872 si
3433 2815 3856 2873 distinctionem

2259 2911 2472 2968 sonitus
2502 2927 2612 2966 non
2644 2909 2933 2976 dederunt,
2983 2907 3260 2982 quomodo
3305 2917 3660 2980 cognoscetur
3706 2909 3857 2981 quod

2259 3019 2354 3074 per
2401 3001 2592 3057 tibiam
2635 2999 2875 3068 canitur,
2903 3007 2997 3054 aut
3027 2998 3174 3070 quod
3200 2997 3555 3054 citharizatur
3575 2997 3603 3054 ?
3631 2997 3856 3055 Etenim

2259 3094 2304 3149 si
2334 3093 2600 3148 incertam
2632 3106 2822 3147 vocem
2870 3089 2996 3145 tuba
3036 3089 3271 3157 dederit,
3303 3090 3427 3162 quis
3455 3106 3511 3145 se
3541 3090 3754 3162 parabit
3785 3091 3860 3147 ad

2260 3181 2509 3255 praelium
2528 3182 2555 3237 ‘i‘
2577 3207 2595 3229 ι
2630 3178 2900 3247 Quoniam
2921 3181 3173 3250 exempla
3191 3179 3410 3235 facilius
3429 3179 3660 3235 suadent
3685 3195 3855 3252 quam

2258 3271 2444 3339 verba,
2487 3270 2755 3342 exemplis
2809 3268 3158 3326 commendat
3201 3285 3296 3341 per
3349 3283 3468 3342 quae
3525 3268 3685 3325 facile
3711 3284 3856 3324 asse-

2257 3370 2496 3436 quantur
2524 3377 2633 3416 non
2664 3358 2860 3416 debere
2889 3359 3017 3415 illos
3045 3359 3104 3414 in
3132 3359 3379 3417 Ecclesia
3427 3359 3579 3431 loqui
3621 3359 3857 3431 linguis,

2257 3452 2353 3526 qui
2386 3450 2736 3523 interpretari
2782 3465 2892 3505 non
2934 3458 3182 3521 possunt.
3216 3451 3288 3507 Ut
3323 3449 3456 3524 quid
3483 3448 3630 3504 enim
3662 3448 3855 3522 loqua-

2256 3549 2367 3610 tur,
2396 3555 2556 3613 quem
2587 3555 2749 3594 nemo
2775 3538 3036 3610 intelligit
3063 3539 3092 3595 ?

2329 3631 2510 3703 (Vers.
2543 3632 2624 3703 9.)
2672 3655 2690 3678 ι
2719 3630 2800 3686 Ita
2825 3637 2878 3685 et
2926 3646 3024 3685 vos
3069 3645 3166 3701 per
3203 3629 3447 3701 linguam
3495 3628 3602 3684 nisi
3640 3628 3854 3701 signiﬁ-

2256 3728 2470 3779 cantem
2500 3735 2806 3776 sermonem
2835 3718 3123 3788 dederitis,
3152 3718 3427 3791 quomodo
3473 3718 3679 3773 scietur
3714 3718 3855 3791 quid

2257 3810 2603 3884 loquimini?
2640 3809 2812 3865 Eritis
2857 3808 3005 3864 enim
3055 3809 3113 3864 in
3152 3825 3277 3865 aera
3325 3810 3642 3882 loquentes:
3673 3833 3691 3856 ι
3745 3808 3856 3865 hoc

2255 3909 2356 3969 est,
2387 3899 2526 3955 nihil
2558 3899 2922 3972 proﬁcientes.
2955 3899 3121 3954 tNam
3153 3899 3345 3966 multa,
3380 3907 3442 3954 ut
3470 3905 3622 3969 puta,
3654 3914 3854 3970 genera

2257 3992 2568 4064 linguarum
2617 3999 2745 4046 sunt
2775 3988 2834 4043 in
2882 3989 2987 4045 hoc
3019 3987 3246 4053 mundo,
3283 3995 3337 4041 et
3369 3985 3511 4040 nihil
3544 3987 3663 4041 sine
3691 4003 3851 4046 voce.

2256 4081 2429 4136 Multa
2483 4079 2758 4152 (quidem)
2805 4093 3000 4149 genera
3049 4083 3177 4130 sunt
3215 4074 3548 4144 linguarum,
3579 4097 3598 4120 ι·
3643 4073 3850 4148 inquit,

2256 4169 2351 4225 sed
2409 4168 2612 4223 habent
2667 4167 2913 4240 proprias
2954 4181 3152 4221 vocum
3195 4163 3647 4235 signiﬁcationes,
3679 4171 3742 4220 ut
3771 4164 3853 4220 in-

2257 4261 2601 4330 telligantur.

2331 4351 2512 4421 (Vers.
2547 4347 2633 4416 10,
2678 4347 2790 4418 Η.)
2835 4371 2852 4394 ε
2879 4346 2934 4402 Si
2961 4361 3088 4418 ergo
3117 4344 3361 4402 nesciero
3389 4344 3651 4405 virtutem
3672 4346 3851 4413 vocis,

2257 4457 2351 4497 ero
2394 4441 2443 4496 ei
2498 4439 2588 4495 cui
2636 4439 2848 4511 loquor,
2901 4437 3196 4493 barbarus:
3251 4444 3305 4492 et
3360 4437 3407 4491 is
3445 4436 3542 4509 qui
3581 4435 3850 4508 loquitur,

2265 4531 2406 4587 mihi
2433 4530 2716 4586 barbarus.
2749 4555 2768 4577 ι
2809 4529 2931 4585 Non
2960 4527 3152 4601 utique
3182 4526 3238 4582 id
3265 4525 3597 4583 studendum
3640 4533 3851 4596 monet,

2182 4599 2230 4658 D
2267 4629 2328 4678 ut
2381 4620 2618 4676 invicem
2668 4635 2763 4692 per
2814 4599 3149 4690 incognitam
3199 4617 3440 4688 linguam
3497 4613 3714 4672 barbari
3742 4614 3851 4671 sibi

2261 4712 2553 4774 videantur
2585 4729 2597 4767 :
2630 4709 2724 4766 sed
2771 4709 2900 4782 quia
2947 4705 3255 4764 concordiae
3286 4721 3371 4762 res
3407 4713 3510 4773 est,
3540 4704 3627 4760 his
3655 4704 3854 4759 niten—

2259 4804 2391 4861 dum
2449 4809 2550 4870 est,
2595 4807 2656 4855 ut
2710 4813 2805 4871 per
2846 4795 3265 4852 unanimitatem
3320 4794 3634 4853 intellectus
3686 4809 3852 4850 com-

2260 4893 2416 4950 muni
2446 4891 2638 4948 laatitia
2674 4888 3003 4960 glorientur.

2342 4991 2480 5048 157
2513 4993 2692 5064 (Vers.
2726 4991 2837 5064 12.)
2882 5015 2900 5039 ‹
2936 4990 3027 5048 Sic
3049 4995 3103 5044 et
3130 5005 3249 5056 vos,
3295 4987 3556 5060 quoniam
3613 4986 3853 5043 aemula-

2257 5088 2402 5136 tores
2455 5080 2584 5136 estis
2629 5081 2924 5153 spirituum
2983 5079 3051 5135 ad
3107 5077 3524 5134 aediﬁcationem
3589 5077 3854 5133 Ecclesiae

2266 5169 2513 5243 quaerite,
2545 5179 2606 5226 ut
2634 5169 2972 5242 prophetetis
2993 5168 3131 5240 (22).
3157 5193 3175 5216 ι
3217 5166 3356 5234 Quia
3370 5165 3590 5238 prodest
3608 5163 3852 5237 Scriptu-

2265 5277 2353 5318 ras
2406 5261 2698 5333 explanare
2750 5261 2898 5333 (nam
2947 5260 3209 5314 incitatur
3259 5264 3314 5314 et
3369 5255 3566 5328 gaudet
3610 5254 3850 5325 animus,

2261 5350 2480 5424 quando
2510 5349 2721 5423 aliquid
2756 5349 2823 5405 de
2867 5348 3164 5421 Scripturis
3203 5346 3465 5420 percipit:
3501 5353 3556 5400 et
3583 5353 3851 5417 quantum

2262 5440 2584 5514 propensior
2639 5439 2696 5494 in
2735 5439 2837 5494 hac
2883 5447 3034 5510 parte
3073 5436 3157 5506 ﬁt,
3189 5442 3404 5493 tantum
3431 5433 3634 5491 deserit
3663 5434 3849 5506 vitia),

2335 5589 2452 5662 (22)
2482 5585 2672 5662 Codex
2700 5583 2846 5644 Vall.
2889 5627 2904 5652 ,
2933 5583 3320 5641 tentulationem
3348 5579 3598 5639 Ecclesiw
3635 5579 3854 5651 quaerite

2260 5661 2318 5715 in
2335 5659 2625 5732 prophetis.
