3976 6390
183 433 288 492 269

1263 435 1622 496 COMMENT.
1665 438 1736 496 IN
1773 437 1987 496 EPIST.
2032 441 2053 496 Ι
2091 437 2188 496 ΑΙ)
2225 441 2383 500 COR.

3361 449 3466 508 270

174 573 463 638 propterea
493 564 560 621 ad
596 564 740 622 hanc
769 575 978 638 partem
1009 565 1255 621 studium
1297 574 1485 622 monet
1513 567 1765 640 applican
1799 573 1847 631 Α
1878 569 1971 641 qui
2002 569 2296 642 aliquando
2325 571 2463 642 Syra
2493 570 2696 642 lingua,
2744 571 3068 644 plerumque
3116 575 3361 643 Hebraea,
3405 574 3463 631 in

171 653 326 711 dum.

245 751 427 823 (Vers.
458 752 574 826 13.)
621 777 639 801 ι
685 751 815 808 Ideo
863 751 959 824 qui
1016 751 1266 824 loquitur
1314 754 1518 827 lingua,
1561 764 1678 812 oret
1706 765 1769 813 ut

171 838 585 912 interpretetur.
617 866 636 890 ι
680 841 824 896 Eum
874 841 969 913 qui
1017 840 1222 914 linguis
1270 842 1422 915 loqui
1473 843 1764 914 desiderat,

169 939 358 987 monet
389 948 542 988 orare
591 930 811 1000 debere,
861 938 924 986 ut
969 931 1202 1004 accipiat
1239 932 1447 989 donum
1494 934 1766 1007 interpre-

167 1019 323 1074 tandi
355 1038 369 1086 ;
402 1029 464 1076 ut
489 1019 737 1092 proﬁciat
761 1019 972 1076 caeteris
1005 1019 1250 1076 studium
1275 1021 1412 1093 ejus.

242 1107 425 1179 (Vers.
479 1108 593 1180 14.)
656 1134 673 1155 ι
722 1109 857 1164 Nam
907 1108 954 1164 si
1003 1125 1232 1164 oravere
1295 1110 1501 1183 lingua,
1539 1112 1766 1185 spiritus

166 1211 323 1253 meus
377 1205 526 1266 orat;
581 1213 737 1252 mens
781 1204 962 1253 autem
1021 1214 1142 1254 mea
1195 1199 1314 1256 sine
1370 1201 1555 1257 fructu
1598 1211 1697 1259 est.
1731 1229 1751 1252 ι

165 1285 516 1344 Manifestum
541 1294 624 1343 est
652 1288 907 1360 ignorare
937 1287 1186 1344 animum
1217 1295 1489 1359 nostrum,
1513 1291 1558 1347 si
1577 1292 1763 1364 lingua

165 1377 443 1450 loquatur,
476 1394 638 1451 quam
679 1377 873 1446 nescit,
912 1379 1055 1435 sicut
1087 1378 1336 1436 adsolent
1375 1380 1555 1437 Latini
1585 1382 1762 1440 homi-

165 1483 263 1522 nes
323 1467 506 1523 Graece
544 1475 786 1536 cantare,
828 1466 1090 1524 Oblectati
1132 1484 1267 1524 sono
1304 1470 1636 1538 verborum;
1670 1489 1760 1529 ne-

162 1553 400 1610 scientes
420 1561 602 1610 tamen
624 1553 759 1627 quid
780 1553 986 1610 dicant.
1012 1553 1251 1626 Spiritus
1280 1565 1460 1612 autem
1485 1557 1577 1629 qui
1599 1559 1762 1613 datur

165 1641 224 1696 in
253 1641 548 1715 baptismo,
583 1643 687 1700 scit
712 1643 846 1716 quid
871 1651 992 1699 oret
1033 1643 1273 1713 animus,
1309 1644 1441 1700 dum
1492 1646 1756 1718 loquitur,

159 1739 257 1787 aut
285 1739 501 1802 perorat
528 1731 717 1803 lingua
748 1731 854 1788 sibi
888 1732 1074 1804 ignota
1107 1751 1118 1789 :
1153 1749 1308 1788 mens
1334 1741 1516 1790 autem
1547 1735 1642 1806 qui
1681 1744 1762 1792 est

157 1819 401 1889 animus,
434 1822 554 1878 sine
585 1822 771 1878 fructu
798 1829 898 1878 est.
943 1821 1117 1888 Quem
1148 1826 1295 1878 enim
1342 1832 1521 1897 potest
1560 1824 1758 1882 habere

158 1908 430 1978 fructum,
456 1909 552 1983 qui
582 1910 797 1982 ignorat
828 1926 948 1982 quae
974 1911 1275 1984 loquatur?

237 1998 421 2068 (Vers.
457 1999 570 2069 15.)
617 2023 636 2047 ι
665 1997 808 2065 Quid
837 2008 918 2056 est
941 2000 1117 2072 ergo?
1147 2001 1328 2058 Orabo
1351 2001 1568 2074 spiritu,
1593 2003 1759 2060 orabo

158 2093 218 2144 et
245 2096 462 2155 mente;
498 2090 770 2160 psalmum
801 2088 980 2146 dicam
1019 2089 1238 2162 spiritu,
1271 2092 1540 2162 psalmum
1579 2092 1757 2149 dicam

157 2184 216 2233 et
240 2185 445 2234 mente.
475 2203 493 2226 ι
556 2178 672 2234 Hoc
718 2177 874 2247 dicit,
908 2179 1037 2253 quia
1081 2196 1206 2237 cum
1255 2181 1378 2253 quis
1427 2180 1529 2239 hac
1573 2183 1760 2255 lingua

159 2267 430 2340 loquitur,
485 2283 648 2339 quam
689 2267 865 2336 novit,
914 2276 1024 2324 tam
1073 2268 1292 2340 spiritu,
1351 2285 1513 2342 quam
1577 2279 1758 2328 mente

158 2363 285 2412 orat
328 2373 339 2412 :
373 2356 501 2430 quia
529 2373 642 2413 non
671 2357 851 2412 solum
882 2356 1109 2429 spiritus
1138 2357 1275 2430 ejus,
1308 2375 1470 2432 quem
1503 2360 1622 2416 dixi
1651 2361 1758 2418 da-

161 2453 281 2502 tum
314 2445 372 2501 in
401 2443 696 2519 baptismo,
722 2445 827 2503 scit
855 2444 991 2520 quid
1020 2455 1210 2503 oratur
1242 2465 1253 2503 :
1289 2446 1384 2502 sed
1411 2448 1575 2504 etiam
1625 2449 1758 2505 ani-

162 2552 290 2592 mus
319 2535 436 2609 (23)
469 2536 637 2593 simili
669 2535 832 2592 modo
861 2543 914 2592 et
943 2536 1011 2594 de
1036 2538 1245 2610 psalmo
1274 2553 1387 2593 non
1413 2538 1646 2611 ignorat.

235 2627 418 2698 (Vers.
452 2628 565 2700 16.)
610 2653 628 2676 ι
665 2629 934 2687 Caeterum
965 2630 1011 2686 si
1050 2629 1400 2688 benedixeris
1437 2631 1636 2704 spiritu
1667 2649 1680 2699 ;
1723 2657 1742 2680 ι

159 2716 272 2774 hoc
305 2727 407 2787 est,
446 2719 491 2775 si
523 2719 741 2775 laudem
781 2721 879 2776 Dei
915 2720 1102 2792 lingua
1141 2721 1383 2794 loquaris
1420 2721 1605 2793 ignota
1649 2738 1757 2778 au-

158 2803 447 2864 dientibus
477 2825 488 2862 :
539 2831 556 2854 ε
586 2808 722 2874 Quis
750 2810 966 2881 supplet
998 2810 1177 2865 locum
1209 2809 1394 2866 idiotae
1416 2810 1444 2866 ?
1471 2810 1755 2877 Quomodo

155 2893 297 2950 dicit
332 2911 512 2964 amen,
545 2912 708 2968 super
753 2905 904 2952 tuam
960 2897 1399 2954 benedictionem
1445 2897 1584 2971 (24),
1628 2899 1757 2970 quia

155 2987 340 3045 nescis
369 2987 503 3060 quid
532 2987 702 3044 dicas.
735 3013 754 3037 ι
801 2989 1091 3060 Imperitus
1138 2991 1286 3046 enim
1333 2989 1560 3046 audiens
1607 2990 1754 3063 quod

154 3093 274 3132 non
323 3077 606 3150 intelligit,
644 3078 819 3134 nescit
862 3079 1030 3136 ﬁnem
1080 3079 1369 3148 orationis,
1399 3087 1453 3135 et
1507 3094 1618 3134 non
1657 3095 1754 3135 re-

153 3171 410 3244 spondet,
441 3188 620 3240 amen,
652 3171 708 3228 id
739 3181 819 3228 est
840 3189 1033 3228 verum
1059 3191 1070 3228 :
1114 3181 1176 3229 ut
1203 3173 1561 3230 conﬁrmetur
1589 3172 1750 3228 bene-

151 3262 350 3320 dictio.
383 3264 483 3319 Per
512 3263 612 3319 hos
659 3263 807 3320 enim
854 3264 1116 3337 impletur
1160 3262 1507 3321 conﬁrmatio
1554 3263 1749 3336 precis,
1784 3290 1801 3345 ί

149 3354 249 3425 qui
284 3352 633 3426 respondent,
661 3368 856 3421 amen;
914 3361 976 3409 ut
1021 3353 1207 3409 omnia
1246 3353 1394 3410 dicta
1443 3353 1559 3409 veri
1586 3352 1752 3409 testi-

148 3451 342 3508 monio
372 3451 431 3508 in
458 3450 804 3507 audientium
833 3449 1112 3506 mentibus
1138 3451 1552 3508 conﬁrmentur.

228 3539 409 3612 (Vers.
444 3541 557 3612 17.)
619 3541 794 3597 «Nam
849 3539 1072 3612 quidem
1120 3540 1258 3596 bene
1305 3541 1503 3613 gratias
1548 3542 1679 3614 agis.
1713 3566 1732 3590 ι

144 3630 229 3686 De
257 3645 322 3685 eo
351 3629 507 3699 dicit,
542 3629 637 3703 qui
666 3629 883 3701 cognita
932 3627 1307 3701 sibiloquitur,
1325 3630 1453 3702 quia
1481 3633 1584 3688 scit
1613 3630 1746 3704 quid

145 3719 320 3777 dicat.
369 3745 386 3767 ε
419 3719 522 3776 Sed
561 3720 705 3776 alius
749 3735 861 3774 non
904 3718 1225 3776 aadiﬁcatur.
1262 3744 1281 3767 ι
1337 3719 1392 3776 Si
1432 3721 1622 3794 utique
1675 3723 1742 3780 ad

145 3811 532 3872 aediﬁcandam
561 3812 864 3871 Ecclesiam
893 3811 1224 3883 convenitis,
1258 3828 1319 3870 ea
1363 3811 1562 3872 debent
1605 3814 1736 3886 dici,

142 3914 268 3976 quae
299 3903 611 3977 intelligant
635 3903 1087 3962 audientes.Nam
1118 3904 1250 3977 quid
1281 3905 1502 3978 prodest
1530 3916 1590 3964 ut
1619 3908 1741 3982 quis

143 3996 334 4069 lingua
363 3997 636 4070 loquatur,
669 4013 832 4070 quam
851 3998 1001 4054 solus
1025 3998 1158 4066 scit;
1195 4008 1256 4055 ut
1277 3999 1371 4072 qui
1391 4000 1566 4068 audit,
1593 4000 1736 4056 nihil

141 4085 443 4160 proﬁciat?
472 4084 598 4142 Ideo
639 4092 817 4144 tacere
865 4084 1027 4144 debet
1076 4085 1133 4142 in
1175 4088 1440 4158 Ecclesia,
1473 4096 1535 4145 ut
1572 4090 1609 4146 ii
1645 4090 1737 4146 lo—

137 4186 400 4251 quantur,
430 4174 526 4250 qui
555 4178 766 4250 prosint
795 4174 1167 4236 audientibus.

213 4265 398 4338 (Vers.
434 4264 548 4336 18.)
593 4290 611 4314 ‹
640 4266 854 4322 Gratias
882 4283 982 4339 ago
1011 4269 1124 4323 Deo
1169 4283 1309 4336 meo,
1358 4267 1505 4341 quod
1543 4268 1734 4324 omni-

132 4372 234 4411 um
286 4359 533 4410 vestrum
590 4354 778 4426 lingua
831 4355 1044 4427 loquor.
1095 4379 1113 4402 ι
1159 4355 1429 4422 Quoniam
1479 4357 1732 4430 superius

135 4443 346 4516 linguis
378 4441 528 4514 loqui
559 4440 765 4497 donum
791 4457 905 4498 esse
933 4443 1079 4498 dixit
1108 4443 1345 4515 Spiritus
1375 4447 1570 4515 sancti,
1606 4446 1730 4503 ideo

133 4537 205 4592 ad
234 4537 409 4592 Deum
440 4533 627 4600 refert,
668 4531 814 4606 quod
856 4533 1105 4590 omnium
1154 4533 1340 4606 lingua
1393 4536 1726 4609 loqueretur.

1875 658 2204 714 tractatibus
2241 668 2335 715 aut
2362 658 2738 716 oblationibus
2762 660 3059 716 utebantur
3076 661 3144 716 ad
3173 679 3452 720 commen-

1875 746 2174 803 dationem.
2209 747 2601 805 Gloriabantur
2627 749 2774 806 enim
2805 767 2860 806 se
2893 750 3002 806 dici
3043 750 3297 807 Hebraeos
3329 769 3464 824 pro—

1877 843 1999 908 pter
2027 838 2288 893 meritum
2337 839 2591 908 Abrahae,
2640 839 2784 912 quod
2835 839 2977 895 idem
3031 840 3326 911 Apostolus
3366 857 3465 912 pro

1878 925 2060 981 nihilo
2085 925 2281 982 habuit
2312 928 2502 985 dicens
2535 946 2546 984 :
2598 953 2615 976 ι
2643 927 2780 985 Mihi
2808 935 2989 984 autem
3025 928 3166 984 absit
3196 929 3416 1000 gloriari
3447 948 3461 997 ;

1875 1015 1983 1070 nisi
2014 1014 2072 1070 in
2102 1033 2262 1073 cruce
2291 1017 2515 1073 Domini
2538 1020 2710 1074 nostri
2758 1019 2885 1075 Jesu
2916 1017 3121 1076 Christi
3153 1019 3359 1090 (Galat.
3387 1035 3461 1085 vr,

1877 1102 1988 1175 14).
2037 1128 2054 1149 ι
2128 1105 2511 1178 Hos.quidam
2563 1105 2865 1176 imitantes,
2901 1107 3085 1179 ignota
3126 1107 3231 1163 sibi
3281 1108 3465 1179 lingua

1874 1193 2022 1266 loqui
2083 1195 2358 1251 malebant
2423 1196 2482 1252 in
2541 1197 2788 1254 Ecclesia
2841 1197 2908 1254 ad
2964 1199 3251 1270 populum,
3300 1213 3462 1271 quam

1871 1297 1969 1337 sua
1998 1282 2137 1355 (26).

1944 1372 2125 1443 (Vers.
2159 1373 2273 1446 20.)
2321 1399 2340 1422 ‹
2369 1375 2605 1444 Fratres,
2631 1376 2803 1432 nolite
2835 1375 2990 1448 pueri
3021 1377 3161 1434 eﬁici
3191 1378 3460 1436 sensibus:

1870 1460 1964 1517 sed
2019 1464 2231 1520 malitia
2288 1465 2504 1537 parvuli
2561 1473 2779 1534 estote;
2823 1475 2883 1522 ut
2938 1467 3190 1524 sensibus
3234 1468 3462 1540 perfecti

1869 1549 2008 1605 sitis.
2043 1575 2060 1597 ι
2105 1552 2380 1608 Perfectos
2409 1554 2537 1610 illos
2567 1556 2688 1610 vult
2716 1571 2849 1622 esse,
2881 1563 2941 1611 ut
2970 1555 3143 1612 sciant
3175 1556 3307 1628 quid
3343 1557 3460 1628 (27)

1869 1636 1935 1692 ad
1969 1639 2387 1696 instructionem
2419 1643 2677 1698 Ecclesiae
2730 1643 2801 1698 sit
2834 1644 3227 1710 necessarium;
3278 1653 3341 1700 ut
3383 1662 3462 1701 re-

1869 1724 2121 1782 cedentes
2151 1729 2414 1784 amalitia
2439 1736 2492 1783 et
2538 1730 2836 1798 erroribus,
2887 1730 2955 1786 iis
3001 1731 3298 1799 studerent,
3341 1749 3461 1804 quae

1867 1813 2194 1884 proﬁcerent
2225 1815 2292 1872 ad
2321 1816 2616 1873 utilitatem
2649 1817 2900 1872 fratrum.
2925 1819 3026 1874 Hic
3055 1827 3136 1874 est
3165 1819 3309 1874 enim
3343 1836 3460 1875 sen-

1788 1930 1834 1991 B
1870 1918 1933 1991 su
1965 1902 2259 1973 perfectus,
2291 1903 2382 1977 qui
2425 1904 2482 1960 id
2511 1906 2643 1976 agit,
2677 1914 2738 1962 ut
2778 1906 2951 1978 prosit
2997 1907 3190 1976 alicui,
3221 1909 3460 1966 maxime

1869 1987 2046 2047 fratri.

1942 2078 2123 2149 (Vers.
2157 2080 2271 2152 21.)
2327 2105 2345 2127 ‹
2375 2081 2435 2137 In
2468 2081 2581 2154 lege
2604 2083 2750 2137 enim
2782 2083 3044 2155 scriptum
3079 2091 3158 2140 est
3189 2104 3199 2140 :
3234 2085 3371 2154 Quia
3403 2085 3460 2142 in

1866 2164 1993 2222 aliis
2033 2167 2258 2240 linguis,
2286 2175 2339 2224 et
2383 2169 2441 2224 in
2473 2169 2634 2226 labiis
2667 2171 2791 2227 aliis
2831 2171 3023 2245 loquar
3061 2173 3264 2245 populo
3307 2173 3457 2244 huic,

1866 2265 1920 2314 et
1951 2274 2052 2315 nec
2080 2259 2159 2316 sic
2191 2277 2274 2316 me
2312 2259 2558 2331 audient,
2591 2261 2728 2318 dicit
2764 2263 3034 2320 Dominus
3064 2264 3200 2336 (Isa.
3252 2281 3455 2336 xxvui,

1869 2349 1980 2418 11).
2014 2374 2031 2396 ι
2079 2350 2194 2408 Hoc
2223 2351 2492 2406 Dominus
2518 2351 2585 2406 de
2614 2350 2701 2408 his
2722 2351 2886 2419 dixit,
2920 2370 3056 2426 quos
3091 2355 3329 2428 praesciit
3360 2373 3459 2414 nec

1866 2440 2138 2499 Salvatori
2168 2443 2493 2501 credituros.
2529 2446 2591 2501 In
2621 2444 2744 2501 aliis
2773 2445 2920 2501 enim
2953 2447 3155 2519 linguis
3175 2455 3227 2503 et
3256 2446 3313 2502 in
3336 2447 3461 2503 aliis

1867 2533 2025 2590 labiis
2076 2535 2248 2608 loqui,
2299 2537 2515 2592 Novum
2555 2537 2965 2594 Testamentum
3014 2549 3094 2596 est
3142 2541 3456 2614 praedicare,

1864 2625 2006 2682 sicut
2035 2627 2171 2683 dicit
2200 2627 2461 2685 Jeremias
2485 2629 2752 2702 propheta
2785 2649 2797 2687 :
2846 2658 2862 2677 ι
2893 2632 3034 2688 Ecce
3065 2633 3290 2688 venient
3315 2633 3453 2702 dies,

1864 2713 2001 2770 dicit
2043 2716 2332 2786 Dominus,
2381 2725 2433 2772 et
2483 2720 2879 2775 consummabo
2934 2719 3123 2775 domui
3183 2722 3344 2777 Israel
3404 2729 3457 2776 et

1864 2802 2052 2858 domui
2093 2805 2229 2860 Juda
2280 2807 2685 2863 Testamentum
2718 2808 2956 2876 Novum,
2990 2825 3099 2864 non
3153 2807 3453 2865 secundum

1864 2891 2007 2964 quod
2039 2892 2286 2966 disposui
2314 2895 2562 2968 patribus
2591 2896 2812 2952 illorum
2845 2897 3058 2968 (Jerem.
3091 2914 3253 2966 xxxx,
3285 2898 3399 2970 3i);
3425 2924 3444 2947 ι

1863 2980 1967 3036 hoc
2014 2990 2114 3050 est,
2165 2983 2456 3039 immutata
2513 2985 2723 3041 ratione
2777 2985 2938 3041 aliter
2993 2987 3166 3058 loqui,
3199 3004 3360 3058 quam
3393 3005 3449 3044 se

1862 3071 1996 3143 legis
2025 3075 2224 3130 veteris
2249 3073 2415 3130 verba
2436 3073 2706 3141 habeant;
2745 3073 2875 3129 dum
2905 3073 3135 3130 audiunt
3158 3077 3454 3134 Sabbatum

1861 3162 2024 3228 solvi,
2056 3166 2370 3220 neomenias
2412 3181 2463 3219 οι
2478 3166 2682 3235 acuari,
2722 3166 3198 3224 circumcisionem
3227 3187 3454 3238 cessare,

1859 3251 2127 3308 sacriﬁcia
2159 3253 2464 3322 immutari,
2496 3270 2644 3311 escas
2689 3253 2896 3309 dudum
2959 3258 3098 3316 158
3150 3254 3457 3326 prohibitas

1862 3355 2025 3413 licere
2055 3357 2233 3427 edere,
2266 3359 2548 3416 Christum
2584 3361 2754 3415 Deum
2779 3361 2846 3415 de
2863 3361 2974 3415 Deo
2995 3357 3280 3430 praedicari
3315 3357 3454 3415 :hoc

1859 3458 1937 3507 est
1967 3453 2090 3509 aliis
2124 3453 2327 3526 linguis
2357 3462 2409 3508 et
2463 3454 2585 3509 aliis
2643 3453 2804 3510 labiis
2859 3455 3056 3527 loqui;
3116 3461 3170 3509 et
3226 3470 3325 3510 nec
3371 3455 3451 3510 sic

1857 3541 2051 3613 perﬁdi
2084 3545 2255 3598 Deum
2288 3543 2550 3599 obaudire
2581 3545 2897 3599 voluerunt.
2933 3544 3114 3599 Potest
3143 3551 3196 3598 et
3227 3543 3306 3598 sic
3355 3543 3451 3598 in-

1856 3632 2048 3703 telligi,
2092 3639 2152 3688 ut
2191 3634 2319 3705 quia
2357 3635 2516 3690 multi
2557 3634 2871 3691 Iudaeorum
2904 3634 3159 3690 malevoli
3190 3642 3364 3702 erant,
3399 3644 3451 3692 et

1855 3728 2140 3792 propterea
2169 3721 2396 3794 dignum
2429 3740 2538 3778 non
2569 3734 2685 3780 erat
2716 3724 2803 3779 his
2835 3725 2892 3779 in
2933 3723 3266 3779 revelatione
3299 3724 3449 3797 loqui

1851 3809 2236 3882 Evangelium,
2283 3812 2337 3866 in
2380 3813 2653 3884 parabolis
2712 3815 3028 3886 loqueretur
3087 3813 3153 3869 ad
3208 3830 3299 3868 eos
3341 3831 3352 3868 :
3395 3821 3449 3869 et

1851 3901 2219 3974 intelligentes
2247 3901 2370 3958 ideo
2401 3903 2506 3959 sibi
2530 3920 2640 3959 non
2663 3905 2917 3972 revelari,
2952 3904 3080 3977 quia
3107 3904 3236 3959 mali
3268 3911 3442 3972 erant,

1847 4008 1948 4050 nec
1984 3993 2062 4048 sic
2099 4008 2156 4048 se
2193 3993 2578 4065 corrigerent;
2641 4003 2700 4050 ut
2758 4006 3024 4052 merentes
3087 4013 3144 4051 se
3204 3996 3446 4051 facerent

1845 4097 1942 4153 per
1974 4080 2416 4152 explanationem
2446 4083 2636 4139 audire
2679 4083 2842 4140 verba
2886 4085 3006 4140 Dei.
3054 4083 3207 4139 Unde
3249 4083 3444 4140 dicunt

1845 4169 2106 4242 discipuli
2133 4171 2204 4227 ad
2232 4173 2533 4227 Dominum
2569 4190 2580 4227 :
2630 4199 2646 4220 ι
2686 4173 2940 4241 Domine,
2975 4189 3140 4245 quare
3187 4172 3243 4226 in
3275 4188 3442 4244 para-

1841 4256 1985 4314 bolis
2011 4259 2247 4330 loqueris
2273 4260 2384 4315 illis
2417 4261 2628 4333 (Matth.
2660 4279 2782 4330 xm,
2820 4263 2908 4335 10)
2933 4263 2960 4318 ‘f
2989 4288 3006 4310 ι
3039 4263 3111 4319 Et
3133 4265 3433 4317 Dominus:

1857 4376 1874 4398 ι
1913 4351 2053 4419 Quia
2084 4352 2240 4408 vobis
2272 4353 2459 4409 datum
2493 4363 2591 4410 est.
2643 4355 2846 4427 inquit,
2901 4372 3060 4412 nosse
3111 4353 3436 4426 mysterium

1840 4441 1993 4513 regni
2024 4442 2144 4511 Dei,
2189 4441 2304 4498 illis
2329 4451 2511 4499 autem
2544 4460 2692 4512 non;
2727 4451 2787 4499 ut
2818 4444 3068 4500 videntes
3116 4461 3227 4500 non
3271 4444 3438 4500 vide-

1838 4537 1953 4600 ant,
1988 4538 2040 4586 et
2069 4532 2352 4590 audientes
2393 4549 2504 4591 non
2543 4533 2855 4607 intelligant
2895 4535 3057 4606 (Ibid.
3103 4536 3186 4603 11,
3233 4535 3319 4604 13)
3356 4553 3370 4601 ;
3403 4561 3420 4581 ι

132 4626 206 4682 Et
238 4641 307 4680 ne
337 4625 478 4682 forte
507 4621 661 4696 quasi
701 4623 931 4678 aemulus
959 4638 1054 4695 per
1083 4622 1349 4679 invidiam
1402 4623 1506 4681 hoc
1547 4626 1728 4683 dicere
1756 4652 1803 4710 Β
1841 4639 1906 4678 ne
1937 4624 2150 4697 indigni
2198 4628 2428 4682 salutem
2488 4625 2851 4699 perciperent,
2883 4626 3028 4698 quod
3077 4625 3432 4683 animadver-

130 4712 437 4783 videretur,
477 4711 717 4770 ostendit
745 4727 801 4768 se
831 4711 1077 4767 omnium
1104 4712 1325 4785 quidem
1348 4711 1545 4771 horum
1577 4715 1727 4788 loqui

131 4804 359 4878 linguis,
392 4812 446 4861 et
478 4805 609 4878 quia
637 4819 747 4861 non
777 4801 935 4860 valde
970 4803 1210 4876 prodest.

205 4903 388 4977 (Vers.
443 4902 555 4975 19.)
634 4927 653 4951 ι
718 4901 824 4960 Sed
889 4899 950 4958 in
995 4902 1260 4972 Ecclesia,
1325 4903 1526 4978 inquit,
1599 4908 1725 4964 volo

129 4992 375 5066 quinque
407 4989 574 5048 verba
603 4992 754 5066 loqui
785 5007 880 5063 per
908 4990 1179 5064 legem,ut
1208 4991 1327 5065 (25)
1350 5001 1404 5050 et
1424 4994 1560 5051 alios
1580 4997 1726 5054 aedi-

127 5083 311 5152 ﬁcem,
341 5098 503 5156 quam
534 5081 718 5140 decem
750 5080 927 5138 millia
983 5083 1275 5138 verborum
1327 5083 1385 5139 in
1441 5084 1646 5159 lingua.
1688 5112 1707 5136 ι

127 5173 334 5230 Utilius
365 5173 502 5230 dicit
550 5172 737 5246 paucis
772 5159 974 5228 ‘verbis
1031 5172 1088 5227 in
1133 5172 1411 5245 apertione
1453 5177 1721 5235 sermonis

128 5262 300 5335 loqui,
361 5261 509 5334 quod
565 5278 754 5318 omnes
819 5260 1146 5333 intelligant,
1218 5278 1378 5334 quam
1445 5265 1716 5335 prolixam

124 5351 432 5410 orationem
463 5350 661 5409 habere
690 5351 750 5408 in
774 5349 1026 5409 obscuro.
1062 5350 1129 5406 Hi
1157 5363 1227 5407 ex
1256 5349 1497 5408 Hebraeis
1537 5361 1713 5424 erant,

195 5494 318 5568 (23)
345 5492 506 5568 Q0d._
523 5493 691 5568 V'all.,
722 5509 866 5548 mens
898 5499 1070 5547 autem
1098 5499 1314 5568 quaest
1339 5493 1569 5562 animus,
1603 5501 1706 5550 etc.

222 5501 292 5552 23
346 5501 479 5552 Cod.
527 5501 691 5561 Vall.,
722 5509 866 5548 mens
898 5501 1070 5547 autem
1098 5509 1214 5562 qua
1239 5501 1314 5547 est
1339 5511 1416 5548 an.

218 5501 318 5639 24;
344 5566 443 5639 bis.
468 5564 631 5639 Corb.
662 5581 819 5639 super
848 5570 992 5639 tuam
1027 5564 1416 5621 eucharistiam.

191 5569 311 5777 $24)
344 5569 443 5621 Ms.
468 5569 631 5646 Corb..
662 5581 819 5691 auger
848 5570 992 5646 tuam
1027 5569 1416 5621 eucharistiam.

217 5638 288 5694 25
346 5637 503 5693 Rom.
535 5635 689 5704 edit.,
769 5652 862 5706 qut
882 5652 981 5706 per
1007 5651 1210 5690 sensum
1240 5653 1427 5706 meum,
1477 5644 1551 5707 ut,
1601 5647 1703 5697 etc.

217 5643 312 5777 26)
352 5708 462 5764 Hos
489 5706 707 5777 quidam
734 5707 1087 5766 imitantes....
1142 5725 1302 5777 quam
1346 5725 1465 5777 sua,
1505 5727 1533 5767 θ
1579 5709 1702 5768 cod.

217 5643 288 5694 25
346 5643 503 5693 Rom.
535 5643 689 5704 edit.,
717 5643 862 5706 toun
882 5652 981 5706 per
1007 5651 1210 5690 sensum
1240 5653 1427 5706 meum,
1477 5644 1551 5707 ut,
1601 5647 1702 5697 etc.

217 5643 312 5780 26)
352 5708 462 5764 Hos
489 5706 707 5779 quidam
734 5707 1087 5766 imitantes....
1142 5725 1302 5779 quam
1346 5725 1465 5780 sua,
1505 5727 1533 5767 θ
1579 5709 1702 5768 cod.

118 5779 281 5839 Corb.
313 5780 628 5837 restitutum
655 5785 756 5837 est.

1839 4720 2014 4772 tentes
2044 4733 2141 4788 pro
2158 4718 2368 4774 meritis
2395 4719 2511 4774 suis
2540 4718 2767 4798 factum,
2811 4735 2911 4776 nec
2941 4720 3020 4776 sic
3039 4721 3288 4776 conversi
3318 4722 3430 4779 Deo

1838 4805 2146 4863 satisfacere
2177 4808 2489 4865 voluerunt.

1909 4896 2088 4966 (Vers.
2124 4896 2240 4969 22.)
2304 4923 2322 4946 ι
2353 4900 2536 4971 Itaque
2585 4898 2784 4968 linguae
2827 4895 2884 4952 in
2931 4895 3148 4969 signum
3196 4910 3343 4960 sunt.
3397 4928 3415 4953 ι

1833 4989 1949 5046 Hoc
1977 4999 2076 5059 est,
2109 4989 2378 5046 velamine
2409 4988 2700 5058 incognita
2736 4988 2935 5062 linguae
2983 4991 3257 5049 obscurati
3299 5003 3428 5054 sunt

1830 5095 2110 5136 sermones
2136 5079 2258 5147 Dei,
2291 5093 2357 5133 ne
2391 5076 2681 5133 videantur
2718 5095 2747 5135 a
2778 5077 3021 5151 perﬁdis,
3064 5088 3116 5136 et
3148 5098 3273 5139 cum
3319 5102 3428 5141 au-

1827 5174 2057 5232 diuntur
2087 5175 2378 5247 incognitae
2408 5175 2628 5247 linguae,
2661 5175 2878 5249 signum
2910 5176 2981 5232 sit
3031 5179 3158 5251 quia
3205 5190 3425 5252 propter

1826 5263 2111 5336 perﬁdiam
2141 5263 2346 5321 factum
2376 5273 2478 5334 est,
2510 5281 2592 5339 ne.
2623 5265 2853 5322 audiens
2886 5266 3178 5339 intelligat.
3255 5294 3271 5314 -
3301 5269 3422 5325 Non

1824 5355 2014 5427 utique
2042 5352 2112 5410 iis
2139 5353 2233 5427 qui
2261 5353 2514 5426 credunt,
2541 5354 2636 5413 sed
2667 5373 2778 5414 non
2805 5355 3152 5414 credentibus
3182 5374 3195 5423 ;
3233 5383 3250 5403 -
3317 5356 3422 5414 hoc

1893 5499 2142 5575 (2_7)_Ms.
2178 5500 2366 5575 Corb.,
2391 5509 2448 5556 ut
2476 5501 2681 5572 faciant
2724 5503 2885 5575 quod,
2939 5511 3043 5575 etc.
3085 5502 3232 5557 Infra
3291 5519 3422 5560 vero

1818 5567 1876 5647 i‘n
1904 5567 2180 5644 plerisque
2204 5567 2405 5647 legitur
2427 5567 2578 5640 m'ss.,
2613 5567 2833 5647 Hic-est
2869 5567 3022 5627 enim
3071 5591 3250 5647 sensus
3303 5594 3422 5647 per-

1815 5639 2001 5710 fectus,
2035 5639 2131 5719 pro
2160 5659 2224 5699 eo
2261 5639 2409 5719 quod
2442 5653 2523 5702 est
2551 5639 2609 5701 in
2637 5646 2782 5714 aliis,
2815 5650 2869 5700 et
2899 5644 3115 5701 cunctis
3161 5639 3417 5715 ωειλ...

1813 5726 1964 5772 ausu
1985 5713 2267 5787 perfectus.
