3976 6366
537 417 642 478 an
1553 405 1652 464 AD
1689 400 1923 460 OPEBA
1961 399 2018 454 S.
2060 394 2394 456 AMBRDSII
2430 389 2812 450 APPENDIX.
3739 375 3850 434 272

537 551 623 601 est
651 539 800 616 quod
823 535 1128 611 dixit,quia
1155 533 1226 591 ad
1245 529 1602 590 occultandos
1623 544 1816 586 sensus
1837 521 2139 590 incredulis
2167 529 2217 587 Α
2243 527 2340 574 aut
2389 525 2445 572 ut
2494 514 2754 582 multum,
2785 519 2896 568 tres
2927 527 2940 578 ;
3000 517 3053 565 et
3082 505 3454 580 particulatim
3484 511 3545 560 ut
3573 519 3720 560 unus
3753 501 3850 557 in-

537 598 842 710 proﬁciunt
869 598 1092 701 lingua.
1137 651 1156 674 ι
1187 623 1482 698 Prophetia
1509 629 1692 682 autem
1720 635 1834 676 non
1868 615 2134 675 incredu-
2241 616 2588 684 terpretetur.
2623 633 2640 655 -
2676 607 2792 663 Hoc
2820 613 2922 674 est,
2951 603 3060 661 duo
3089 609 3183 659 aut
3211 612 3320 659 tres
3354 617 3462 657 non
3493 599 3618 672 plus
3639 598 3850 671 linguis

542 703 631 792 lis,
668 719 766 780 sed
801 719 874 776 iis
899 717 996 792 qui
1029 715 1281 774 credunt.
1324 739 1342 764 ι
1407 713 1524 771 Hoc
1569 719 1672 778 est,
1718 724 1829 766 non
1871 703 2136 792 competit

543 791 806 872 ﬁdelibus
832 791 1022 864 audire
1050 805 1266 877 linguas
1291 819 1430 876 quas
1476 817 1585 858 non
1629 797 1943 868 intelligant
1974 812 1988 860 ;
2038 791 2135 852 sed

547 901 888 969 inﬁdelibus,
919 897 1017 972 qui
1042 911 1152 952 non
1184 899 1315 952 sunt
1341 891 1496 964 digni
1517 888 1846 961 intelligere,
1875 886 2018 944 sicut
2052 884 2134 941 di-

543 994 626 1052 cit
677 991 843 1048 Isaias
898 985 1166 1061 propheta
1215 1000 1228 1039 :
1279 1006 1298 1030 ι
1344 979 1497 1038 Vade
1525 985 1578 1036 et
1603 977 1694 1036 dic
1721 976 1926 1050 populo
1950 973 2083 1030 huic
2118 991 2130 1029 :

544 1085 692 1140 Aure
723 1077 981 1146 audietis,
995 1082 1052 1132 et
1080 1088 1192 1130 non
1223 1069 1570 1143 intelligetis,
1601 1077 1706 1127 etc.
1741 1067 1876 1140 (Isa.
1905 1081 1986 1133 vi,
2015 1064 2124 1136 9).»

615 1188 798 1262 (Vers.
831 1184 920 1243 23.
964 1185 985 1258 )
1032 1206 1050 1230 ι
1071 1181 1127 1238 Si
1159 1178 1483 1240 convenerit
1507 1176 1771 1234 universa
1808 1171 2056 1232 Ecclesia
2079 1172 2136 1228 in

542 1297 738 1349 unum,
769 1287 824 1336 et
852 1277 1148 1351 loquantur
1175 1289 1366 1330 omnes
1395 1271 1622 1344 linguis,
1651 1268 1930 1327 introeant
1955 1273 2136 1322 autem

543 1371 796 1430 inﬁdeles
849 1374 905 1424 et
961 1366 1197 1433 idiotas;
1263 1378 1450 1420 nonne
1511 1359 1698 1418 dicent
1735 1357 1864 1433 quia
1918 1353 2140 1413 insani—

544 1461 619 1519 tis
643 1461 672 1518 ?
701 1485 720 1510 ι
761 1456 1116 1517 Manifestum
1143 1463 1230 1512 est
1257 1452 1388 1528 quia
1416 1450 1462 1508 si
1492 1467 1684 1508 omnes
1733 1447 1966 1506 diversis
2020 1443 2141 1500 lin-

547 1550 670 1626 guis
723 1550 1044 1624 loquantur,
1100 1543 1376 1601 tumultus
1421 1541 1486 1599 ﬁt
1526 1540 1750 1615 quidam
1819 1534 2142 1595 inconditus

544 1639 737 1714 populi
773 1637 915 1712 (28),
948 1633 1102 1710 quasi
1130 1631 1428 1706 phrenesin
1457 1628 1737 1704 patientis.

620 1746 784 1822 (Vera
811 1742 902 1812 24,
917 1741 1033 1814 25.)
1053 1767 1070 1790 ι
1101 1741 1157 1798 Si
1187 1747 1370 1796 autem
1391 1753 1582 1795 omnes
1605 1735 1952 1810 prophetent,
1974 1733 2145 1792 intret

545 1845 727 1897 autem
771 1835 974 1910 aliquis
1015 1831 1278 1900 inﬁdelis,
1330 1831 1419 1887 vel
1469 1827 1663 1898 idiota,
1719 1827 2032 1900 increpatur
2078 1825 2146 1881 ab

547 1927 826 1997 omnibus,
865 1923 1212 1998 redarguitur
1262 1921 1331 1978 ab
1376 1919 1660 1986 omnibus,
1706 1917 1921 1974 occulta
1959 1913 2142 1972 cordis
2170 1903 2216 1964 Β

548 2022 668 2096 ejus
721 2018 1018 2078 manifesta
1071 2015 1218 2072 ﬁunt
1256 2029 1268 2069 :
1301 2019 1356 2068 et
1401 2019 1536 2068 tunc
1581 2007 1780 2066 cadens
1818 2007 1878 2063 in
1921 2003 2141 2071 faciem,

549 2093 800 2170 adorabit
844 2110 1042 2176 Deum,
1087 2100 1458 2178 pronuntians
1511 2097 1659 2174 quod
1709 2111 1837 2153 vere
1888 2094 1949 2152 in
1985 2093 2146 2150 vobis

547 2203 693 2260 Deus
721 2198 812 2258 sit.
840 2223 858 2248 ι
898 2196 1035 2256 Cum
1061 2192 1210 2252 enim
1252 2187 1514 2266 intelligit
1563 2197 1617 2248 et
1654 2187 2006 2260 intelligitur,
2039 2201 2146 2241 au-

549 2287 708 2347 diens
731 2285 947 2344 laudari
978 2285 1174 2352 Deum,
1202 2289 1257 2339 et
1283 2279 1498 2337 adorari
1545 2277 1848 2346 Christum,
1894 2273 2146 2349 pervidet

550 2395 734 2439 veram
765 2393 881 2435 esse
909 2384 964 2434 et
991 2370 1360 2431 venerandam
1389 2368 1732 2442 religionem,
1764 2367 1822 2423 in
1851 2381 1958 2439 qua
1999 2361 2144 2419 nihil

553 2473 823 2539 fucatam,
863 2466 1009 2524 nihil
1049 2467 1108 2522 in
1145 2463 1387 2521 tenebris
1424 2459 1576 2518 videt
1614 2460 1751 2533 geri,
1807 2457 1950 2515 sicut
2001 2452 2146 2528 apud

555 2578 817 2638 paganos,
872 2556 1072 2634 quibus
1124 2555 1382 2612 velantur
1435 2549 1628 2618 oculi;
1695 2564 1765 2604 ne
1815 2563 1938 2620 quas
1993 2559 2183 2600 sacra.

558 2635 762 2708 vocant
791 2647 1203 2722 perspicientes,
1231 2641 1401 2700 variis
1430 2657 1487 2696 se
1514 2635 1856 2694 vanitatibus
1920 2640 2148 2690 cernant

552 2743 739 2802 illudi.
791 2741 986 2799 Omnis
1033 2739 1182 2798 enim
1239 2735 1546 2810 impostura
1600 2729 1850 2788 tenebras
1905 2726 2064 2800 petit,
2095 2733 2148 2782 et

551 2833 688 2890 falsa
716 2847 816 2906 pro
843 2829 990 2887 veris
1018 2826 1296 2893 ostendit;
1327 2824 1452 2882 ideo
1480 2819 1626 2896 apud
1667 2835 1768 2876 nos
1819 2815 1960 2874 nihil
2005 2819 2148 2870 aetu-

557 2932 633 2994 te,
670 2919 818 2978 nihil
857 2919 960 2978 sub
989 2919 1262 2976 velamine
1293 2933 1305 2972 :
1335 2913 1430 2971 sed
1455 2909 1782 2984 simpliciter
1827 2923 1971 2963 unus
2022 2906 2150 2962 lau-

554 3013 718 3070 datur
753 3011 922 3081 Deus,
968 3035 986 3058 ι
1024 3025 1094 3066 ex
1131 3021 1242 3081 quo
1279 3009 1410 3060 sunt
1445 3000 1652 3068 omnia,
1695 3006 1749 3054 et
1781 3011 1924 3053 unus
1947 2994 2150 3052 Domi-

555 3121 664 3164 nus
717 3103 894 3170 Jesus,
940 3116 1038 3174 per
1073 3111 1235 3172 quem
1273 3091 1460 3148 omnia
1511 3090 1570 3161 (Ι
1597 3091 1721 3146 Cor.
1751 3104 1872 3156 VIII,
1900 3087 1980 3159 6).
2021 3111 2040 3135 ι
2092 3086 2151 3146 Si

564 3195 716 3254 enim
745 3194 936 3250 nullus
962 3189 1054 3258 sit,
1086 3185 1189 3260 qui
1216 3181 1488 3252 intelligat
1536 3179 1677 3250 (29),
1711 3185 1806 3234 aut
1841 3193 1873 3233 a
1899 3191 2008 3251 quo
2036 3177 2150 3249 ipse

553 3285 904 3352 discutiatur,
941 3281 1122 3352 potest
1145 3272 1326 3330 dicere
1368 3267 1742 3326 seductionem
1793 3282 1909 3324 esse
1955 3283 2142 3340 quam-
2175 3266 2221 3328 Ο

552 3377 678 3435 dam
719 3383 774 3432 et
811 3368 1131 3432 vanitatem,
1185 3375 1307 3433 quae
1335 3357 1462 3416 ideo
1496 3355 1704 3430 linguis
1738 3356 1975 3426 canitur,
2017 3353 2146 3429 quia

554 3463 784 3540 pudoris
809 3466 912 3528 est,
945 3456 991 3512 si
1015 3451 1312 3522 reveletur.

627 3571 810 3646 (νει-8.
843 3564 959 3635 26.)
1004 3586 1023 3610 ι
1051 3557 1196 3628 Quid
1224 3565 1306 3616 est
1335 3556 1522 3630 igitur,
1560 3555 1806 3646 fratres?
1844 3556 1988 3646 Cum
2019 3571 2146 3612 con-

559 3645 784 3726 venitis,
805 3649 1186 3725 unusquisque
1205 3655 1452 3706 vestrum
1470 3647 1748 3706 canticum
1769 3645 1934 3703 habet
1967 3646 2132 3720 (30);»

558 3749 614 3806 id
644 3754 748 3814 est,
790 3741 1009 3802 laudem
1044 3739 1143 3798 Dei
1190 3755 1288 3812 per
1329 3737 1606 3794 canticum
1653 3737 1952 3810 eloquitur.
1997 3761 2016 3784 ε
2043 3738 2148 3794 Do-

554 3837 791 3896 ctrinam
820 3831 986 3890 habet
1021 3849 1034 3900 ;
1065 3855 1084 3880 ι
1125 3829 1232 3888 hoc
1261 3836 1366 3898 est,
1402 3841 1659 3885 sensuum
1713 3843 1810 3900 per
1846 3825 2148 3900 spiritalem

557 3923 905 4002 prudentiam
941 3919 1056 3994 (31)
1087 3918 1254 3976 habet
1295 3915 1714 3990 expositionem.
1763 3939 1781 3963 ‹
1827 3915 2150 3972 Revelatio-

555 4035 686 4074 nem
727 4014 924 4083 habet;
965 4037 984 4062 ›
1029 4011 1085 4068 id
1114 4020 1214 4081 est,
1245 4011 1432 4068 subest
1473 4007 1522 4065 ei
1575 4006 1864 4081 prophetia
1908 4007 2149 4064 occulto-

558 4127 702 4179 rum,
735 4125 855 4184 quae
900 4106 970 4164 ad
1017 4105 1268 4162 omnium
1315 4111 1554 4160 mentem
1604 4099 1908 4173 perveniat,
1928 4097 2150 4156 favente

555 4200 766 4274 Spiritu
819 4205 1026 4256 sancto.
1083 4221 1101 4244 ι
1141 4193 1406 4266 Linguam
1461 4191 1667 4259 habet;
1719 4215 1737 4238 ι
1807 4197 1870 4246 ιιι
1925 4205 2017 4246 eos
2053 4189 2147 4263 qui

555 4287 745 4361 lingua
802 4287 952 4360 loqui
1000 4290 1272 4357 poterant,
1327 4297 1440 4337 non
1499 4279 1868 4346 contristaret,
1901 4277 2151 4350 permisit

554 4394 648 4435 eos
704 4375 856 4450 loqui
906 4373 1114 4448 linguis
1170 4390 1182 4430 :
1245 4371 1323 4428 ita
1381 4379 1584 4440 tamen,
1643 4375 1708 4425 ut
1769 4367 2149 4440 interpretatio

554 4473 893 4541 sequeretur.
927 4463 1056 4521 Ideo
1084 4463 1202 4520 ait:
1256 4486 1276 4510 ε
1305 4456 1815 4531 Interpretationem
1867 4456 2074 4524 habet;
2118 4481 2134 4504 ι

553 4562 618 4612 ιιι
667 4555 716 4612 si
775 4555 1045 4628 interpres
1091 4550 1325 4620 adesset,
1384 4548 1606 4606 daretur
1661 4549 1815 4606 locus
1887 4544 2147 4620 loquendi

553 4644 778 4718 linguis.

639 4781 658 4804 ε
687 4752 886 4812 Omnia
913 4749 982 4810 ad
1011 4747 1436 4808 aediﬁcationem
1467 4746 1622 4804 ﬁant.
1655 4771 1674 4795 ιι
1720 4743 2015 4804 Conclusio
2041 4744 2160 4801 haec

551 4852 652 4914 est,
691 4851 752 4900 ut
783 4842 924 4900 nihil
955 4841 1232 4899 incassum
1268 4837 1328 4894 in
1355 4834 1606 4894 Ecclesia
1664 4843 1900 4908 geratur,
1951 4835 2163 4908 hocque

552 4929 944 4987 elaborandum
992 4928 1185 5002 magis,
1234 4933 1296 4983 ut
1348 4932 1402 4982 et
1463 4924 1712 4998 imperiti
1739 4921 2063 4996 proﬁciant;
2095 4938 2164 4977 ne

555 5017 690 5093 quid
737 5017 810 5074 sit
853 5016 1101 5088 corporis
1149 5032 1244 5089 per
1280 5014 1630 5090 imperitiam
1677 5013 2049 5070 tenebrosum.
2080 5011 2164 5068 Id-

554 5106 706 5166 circo
738 5120 929 5162 omnes
956 5114 1174 5177 paratos
1204 5105 1326 5160 vult
1374 5105 1672 5163 convenire
1719 5102 1954 5160 diversis
2004 5099 2166 5160 donis

555 5196 904 5278 spiritalibus
936 5212 951 5264 ;
994 5201 1058 5249 ut
1079 5194 1196 5266 ipsa
1226 5195 1494 5253 aviditate
1523 5194 1694 5252 animi
1723 5193 2034 5268 vigilantes,
2067 5194 2165 5250 in-

553 5293 733 5350 vicem
764 5303 822 5346 se
867 5284 1244 5352 exhortantes,
1285 5285 1515 5342 meliora
1559 5285 1704 5343 dona
1751 5285 2162 5346 aemularentur.

556 5383 623 5440 ad
653 5379 1123 5440 illuminationem
1155 5375 1412 5434 fratrum.

630 5491 812 5560 (Vera.
847 5489 964 5562 27.)
1013 5513 1033 5538 ι
1058 5487 1117 5544 Si
1145 5485 1338 5560 lingua
1385 5485 1511 5560 quis
1554 5487 1822 5561 loquitur,
1850 5503 1947 5562 per
2001 5485 2158 5558 duos,

635 5633 754 5706 (28)
785 5635 972 5692 Codex
1004 5633 1196 5706 Corb.,
1223 5633 1282 5690 in
1306 5638 1434 5688 creta
1449 5633 1657 5706 populi.

634 5704 754 5848 (29)
785 5707 913 5762 Mss.
944 5705 1222 5774 nonnulli,
1253 5706 1440 5760 nullus
1461 5705 1547 5771 sit,
1579 5721 1728 5774 quem
1753 5704 2036 5777 intelligat.
2129 5733 2134 5742 ε

661 5774 754 5848 30)
785 5775 970 5836 Codex
997 5779 1177 5848 Gem.,
1202 5778 1472 5848 psalmum
1500 5775 1670 5834 habet.

661 5774 754 5851 30)
785 5775 970 5836 Codex
997 5779 1177 5868 Gem.,
1202 5778 1472 5850 psalmum
1500 5775 1670 5834 habet.

2245 701 2542 775 loquantur
2573 715 2586 754 :
2621 696 2716 754 sed
2746 696 2972 770 singuli,
3005 710 3118 752 non
3146 692 3310 750 simul
3365 705 3582 756 omnes;
3632 703 3704 743 ne
3761 687 3847 742 in.

2244 789 2424 846 sanire
2452 785 2792 842 viderentur.
2827 783 2976 852 Ideo,
3007 799 3134 856 ergo
3179 807 3197 828 ι
3247 787 3310 836 ιιι
3337 777 3583 834 multum
3632 786 3769 844 tres,
3813 801 3831 820 ι

2246 894 2312 934 ne
2337 882 2665 946 occuparent
2693 871 2840 927 diem
2879 869 3086 942 linguis
3115 869 3418 941 loquentes,
3469 872 3523 920 et
3569 864 3843 936 interpre—

2244 976 2326 1024 tes
2351 966 2619 1033 illorum;
2677 972 2731 1021 et
2794 979 2905 1020 non
2971 961 3236 1018 haberent
3296 957 3572 1032 prophetae
3628 963 3852 1028 tempus

2245 1055 2552 1129 Scripturas
2581 1052 2884 1111 disserendi
2920 1051 3068 1125 (32),
3109 1048 3204 1124 qui
3233 1056 3362 1105 sunt
3386 1047 3558 1106 totius
3586 1041 3850 1103 Ecclesiae

2245 1145 2669 1203 illuminatores.

2321 1234 2500 1308 (Vers.
2533 1232 2650 1304 28.)
2689 1257 2706 1279 ε
2736 1230 2894 1299 Quod
2921 1229 2968 1287 si
2998 1245 3108 1285 non
3139 1227 3306 1284 fuerit
3338 1225 3626 1298 interpres,
3671 1229 3850 1280 taceat

2247 1324 2306 1382 in
2361 1323 2610 1382 Ecclesia
2656 1339 2668 1380 :
2712 1321 2817 1378 sibi
2855 1329 3038 1377 autem
3079 1319 3334 1392 loquatur
3373 1323 3426 1372 et
3463 1316 3621 1381 Deo;
3663 1338 3682 1360 ι
3739 1311 3849 1368 hoc

2247 1419 2352 1482 est,
2402 1413 2547 1469 intra
2598 1428 2653 1468 se
2711 1410 2873 1469 tacite
2935 1418 3074 1478 oret,
3107 1413 3204 1466 aut
3261 1407 3521 1478 loquatur
3573 1405 3708 1470 Deo,
3753 1399 3850 1474 qui

2249 1501 2406 1560 audit
2468 1509 2622 1559 muta
2659 1501 2845 1558 omnia
2877 1519 2891 1569 ;
2946 1500 3004 1556 in
3041 1495 3287 1555 Ecclesia
3323 1493 3472 1550 enim
3515 1492 3609 1548 ille
3673 1489 3843 1546 debet

2251 1591 2425 1666 loqui,
2457 1592 2552 1667 qui
2581 1590 2840 1648 omnibus
2865 1587 3056 1661 prosit.

2337 1689 2478 1747 159
2523 1683 2704 1754 (Vers.
2737 1679 2853 1750 29.)
2901 1703 2918 1725 ι
2948 1675 3231 1750 Prophetas
3267 1681 3449 1732 autem
3480 1673 3591 1730 duo
3621 1670 3708 1728 vel
3737 1676 3858 1724 tres

2255 1783 2574 1856 loquantur,
2633 1785 2688 1834 et
2739 1773 2836 1832 alii
2892 1773 3230 1843 examinent,
3283 1773 3371 1830 vel
3427 1771 3790 1841 interrogent.
3821 1789 3841 1813 -

2255 1875 2440 1948 Ipsum
2503 1869 2728 1926 modum
2784 1865 2965 1924 tenuit
2993 1863 3227 1923 dicendo
3261 1881 3272 1920 :
3321 1888 3339 1912 ι
3367 1864 3489 1919 Duo
3517 1859 3604 1916 vel
3630 1867 3744 1932 tres
3771 1857 3854 1914 lo-

2255 1971 2531 2040 quantur;
2561 1984 2580 2008 ι
2625 1959 2829 2032 singuli
2858 1966 3061 2026 autem,
3094 1955 3238 2013 sicut
3263 1969 3446 2026 supra.
3477 1950 3712 2010 Caeteros
3757 1964 3854 2004 au-

2253 2039 2364 2112 tem
2393 2055 2727 2124 interrogare
2760 2047 3012 2122 permisit
3039 2047 3108 2104 de
3135 2047 3206 2102 iis
3237 2061 3358 2119 quas
3387 2043 3530 2100 forte
3565 2041 3627 2100 in
3669 2039 3850 2096 ambi-

2255 2159 2420 2218 guum
2449 2140 2703 2209 veniunt,
2729 2146 2824 2196 aut
2853 2155 2973 2212 quae
3007 2135 3220 2209 assequi
3251 2133 3454 2204 aliquis
3481 2147 3592 2188 non
3621 2136 3803 2203 potest
3834 2145 3848 2195 ;

2254 2233 2350 2308 qui
2377 2232 2596 2290 diversa
2625 2238 2754 2288 sunt
2792 2227 3035 2302 ingenia,
3082 2233 3146 2282 ut
3189 2220 3560 2297 disputatione
3600 2219 3852 2294 pianiore

2253 2321 2658 2382 dilucedentur.

2329 2411 2640 2486 (Vers.30.)
2674 2436 2692 2458 ι
2723 2407 2880 2478 Quod
2908 2407 2956 2464 si
2975 2405 3072 2464 alii
3097 2405 3399 2462 revelatum
3421 2401 3590 2460 fuerit
3614 2397 3849 2468 sedenti,

2255 2501 2409 2574 prior
2441 2507 2618 2556 taceat
2647 2517 2662 2568 ;
2696 2524 2714 2549 ι
2759 2497 2817 2555 id
2844 2505 2944 2566 est,
3002 2495 3286 2568 permittat
3342 2491 3522 2565 potior
3575 2488 3852 2554 inferiori,

2255 2596 2318 2646 ut
2346 2589 2393 2646 si
2423 2597 2603 2662 potest
2627 2589 2776 2646 dicat
2808 2604 2820 2643 :
2854 2601 2953 2642 nec
2989 2601 3128 2659 agre
3176 2583 3334 2651 ferat,
3391 2581 3522 2656 quia
3565 2586 3745 2654 potest
3801 2585 3854 2633 et

2257 2679 2343 2737 illi
2397 2679 2517 2738 dari
2573 2680 2802 2749 donum,
2833 2684 2897 2734 ut
2950 2676 3120 2746 dicat,
3145 2691 3271 2732 cum
3323 2671 3544 2728 videtur
3598 2668 3852 2736 inferior,

2257 2772 2404 2846 quod
2433 2770 2636 2844 potiori
2661 2784 2978 2829 concessum
3010 2782 3121 2823 non
3151 2771 3250 2821 est.
3281 2763 3436 2820 Sicut
3480 2759 3627 2817 enim
3672 2766 3855 2816 totum

2257 2861 2354 2919 uni
2409 2861 2635 2920 concedi
2693 2876 2805 2916 non
2863 2865 3059 2932 potest,
3101 2855 3230 2912 licet
3285 2849 3508 2926 potiori,
3538 2849 3616 2908 ita
3643 2857 3698 2906 et
3741 2863 3859 2904 non

2258 2961 2438 3027 potest
2492 2951 2682 3020 alicui,
2715 2947 2968 3024 quamvis
3019 2943 3291 3013 inferiori,
3321 2941 3465 2998 nihil
3530 2937 3808 3012 impertiri
3843 2955 3857 3004 ;

2258 3051 2321 3101 ut
2351 3059 2512 3099 nemo
2536 3042 2609 3097 sit
2638 3055 2846 3097 vacuus
2872 3054 2904 3094 a
2942 3036 3118 3110 gratia
3141 3033 3262 3091 Dei.

2333 3133 2517 3205 (Vers.
2557 3129 2673 3202 31.)
2719 3153 2739 3176 ε
2768 3125 3005 3185 Potestis
3025 3125 3174 3180 enim
3203 3139 3299 3195 per
3330 3121 3574 3194 singulos
3608 3117 3862 3192 prophe—

2256 3229 2392 3291 tare,
2423 3227 2486 3277 ut
2535 3233 2724 3275 omnes
2768 3215 3002 3282 discant,
3048 3221 3102 3270 et
3147 3227 3338 3267 omnes
3393 3209 3776 3266 exhortentur.
3825 3232 3846 3256 ι

2257 3311 2386 3368 Haec
2415 3307 2640 3366 traditio
2664 3307 2958 3379 Synagogze
2978 3309 3080 3372 est,
3113 3317 3278 3376 quam
3303 3317 3404 3356 nos
3431 3300 3555 3356 vult
3601 3297 3801 3356 sectari
3835 3315 3851 3366 ;

2255 3401 2384 3476 quia
2438 3397 2767 3458 Christianis
2821 3393 3044 3469 quidem
3098 3393 3312 3461 scribit,
3333 3390 3428 3448 sed
3479 3407 3549 3446 ex
3595 3389 3856 3462 gentibus

2255 3489 2435 3558 factis,
2465 3504 2576 3545 non
2603 3504 2671 3544 ex
2696 3485 2900 3542 Judzeis
2943 3501 2956 3539 :
3017 3491 3079 3540 ut
3137 3481 3384 3538 sedentes
3435 3479 3740 3552 disputent,
3773 3494 3854 3534 se-

2255 3579 2440 3638 niores
2487 3576 2754 3650 dignitate
2809 3575 2868 3632 in
2929 3571 3228 3646 cathedris,
3276 3577 3562 3645 sequentes
3609 3567 3668 3623 in
3717 3567 3848 3623 sub-

2255 3665 2446 3740 selliis,
2479 3665 2767 3723 novissimi
2799 3663 2856 3720 in
2899 3663 3218 3736 pavimento
3265 3674 3428 3731 super
3469 3663 3686 3712 mattas.
3719 3653 3856 3721 Qui-

2254 3763 2358 3820 bus
2405 3761 2452 3820 si
2507 3760 2812 3817 revelatum
2867 3755 3054 3824 fuerit,
3109 3753 3354 3810 dandum
3409 3751 3596 3808 locum
3627 3747 3857 3807 dicendi

2257 3853 2528 3929 praecipit,
2559 3869 2660 3911 nec
2699 3848 3080 3924 despiciendos
3111 3865 3123 3903 :
3157 3847 3288 3920 quia
3317 3844 3563 3902 membra
3607 3843 3859 3916 corporis

2257 3957 2406 4008 sunt.

2332 4039 2514 4113 (V'ers.
2545 4037 2661 4109 32.)
2709 4062 2727 4083 ι
2760 4035 2833 4090 Ει
2869 4029 3100 4104 spiritus
3146 4029 3538 4102 prophetarum
3567 4028 3858 4100 prophetis

2259 4128 2537 4200 subjectus
2568 4136 2668 4195 est,
2700 4151 2718 4174 ι
2765 4123 2906 4192 Quia
2934 4120 3082 4176 enim
3121 4135 3266 4174 unus
3313 4126 3475 4190 atque
3533 4116 3678 4172 idem
3733 4116 3857 4189 Spi-

2259 4221 2400 4276 ritus
2427 4226 2526 4274 est.
2557 4241 2574 4266 ν
2619 4215 2713 4288 qui
2771 4221 2883 4269 tam
2942 4208 3228 4284 prophetis
3283 4206 3468 4263 futura
3520 4204 3857 4276 dicentibus,

2260 4325 2424 4384 quam
2453 4307 2524 4362 iis
2552 4303 2646 4378 qui
2677 4301 2921 4359 revelant
2979 4298 3306 4370 Scripturas,
3353 4293 3601 4352 infundit
3647 4311 3702 4350 se
3756 4310 3860 4367 pro

2259 4401 2469 4458 ratione
2502 4403 2557 4454 et
2583 4394 2846 4470 qualitate
2865 4405 3174 4459 causarum,
3207 4387 3414 4444 idcirco
3441 4385 3588 4442 dixit
3619 4404 3630 4442 :
3671 4409 3689 4431 ι
3720 4385 3858 4442 Sub-

2253 4489 2432 4564 jectus
2459 4495 2542 4545 est
2573 4483 2856 4560 prophetis
2883 4499 2895 4538 :
2929 4506 2947 4529 »
3016 4487 3076 4535 ιιι
3135 4477 3354 4551 ingenia
3405 4473 3726 4532 accenderet
3755 4471 3861 4532 hac

2263 4561 2376 4652 spe,
2405 4575 2553 4652 quod
2582 4573 2818 4648 Spiritus
2847 4577 3075 4628 conatus
3103 4568 3280 4625 bonos
3309 4563 3552 4637 adjuvet.
3572 4561 3858 4619 Desiderio

2183 4639 2229 4696 Β
2270 4639 2661 4742 enim-optime
2689 4664 2759 4722 ad
2790 4663 2887 4721 Dei
2917 4679 3003 4718 res
3031 4658 3362 4716 enarrandas
3393 4657 3508 4730 (33)
3551 4652 3812 4714 subvenit
3841 4670 3854 4710 :

2271 4768 2334 4818 ut
2361 4740 2590 4832 impleat
2615 4754 2748 4812 boni
2778 4749 3043 4826 propositi
3075 4749 3438 4806 voluntatem.
3499 4745 3633 4802 Nam
3687 4751 3742 4798 et
3792 4740 3862 4797 de

2271 4829 2554 4910 Salvatore
2605 4847 2750 4904 idem
2809 4843 3020 4900 dictum
3071 4848 3197 4898 est:
3247 4865 3263 4887 ι
3294 4836 3563 4894 Bibebant
3590 4839 3772 4890 autem
3793 4829 3862 4888 de

2272 4941 2508 5018 spiritali
2535 4943 2795 5014 sequente
2847 4941 3018 5008 petra,
3051 4939 3202 5006 petra
3256 4937 3435 4988 autem
3467 4935 3580 4984 erat
3609 4922 3864 4986 Christus

2275 5013 2334 5106 (l
2361 5033 2487 5088 Cor.
2518 5047 2577 5098 ιι,
2609 5027 2666 5100 li)
2703 5047 2715 5096 ;
2757 5051 2775 5073 ι
2827 5024 2932 5081 hoc
2965 5030 3066 5091 est,
3100 5029 3154 5078 et
3201 5019 3508 5092 subjectum
3538 5033 3673 5084 esse,
3714 5013 3862 5089 quod

2273 5105 2328 5179 et
2351 5118 2552 5194 sequi;
2595 5115 2923 5192 sequebatur
2977 5111 3145 5180 enim,
3179 5117 3240 5166 ut
3279 5108 3536 5166 humanis
3587 5105 3864 5180 suffragiis

2274 5209 2681 5280 deﬁcientibus,
2713 5207 2924 5264 adesset
2944 5205 3013 5261 ad
3038 5201 3312 5259 auxilium
3370 5197 3751 5256 tribuendum.
3784 5197 3865 5254 Ita

2275 5311 2328 5359 et
2383 5300 2621 5374 Spiritus
2665 5297 2944 5370 subjectus
2998 5293 3222 5360 dicitur,
3280 5297 3343 5347 ut
3396 5297 3626 5348 conatus
3691 5287 3864 5344 bonos

2275 5391 2520 5466 adjuvet,
2568 5407 2694 5447 cum
2749 5385 3038 5461 suggerit;
3085 5381 3364 5454 subjectus
3418 5387 3564 5438 enim
3621 5375 3862 5450 videtur,

2273 5485 2370 5559 qui
2389 5489 2565 5556 empta
2589 5479 2814 5538 alterius
2842 5477 3075 5550 perﬁcit.

2373 5693 2464 5772 32)
2495 5701 2622 5758 Mss.
2651 5693 2881 5772 aliquot,
2925 5699 3232 5772 Scripturas
3251 5693 3598 5772 discernendi.

2371 5630 2464 5699 31)
2503 5629 2606 5686 Ms.
2639 5627 2826 5697 Corb.,
2853 5644 2951 5699 per
2972 5621 3664 5699 naturalemprudentiam.

2371 5634 2436 5688 31
2503 5634 2606 5686 Ms.
2639 5634 2826 5697 Corb.,
2853 5644 2951 5699 per
2972 5634 3270 5682 naturalem
3296 5634 3526 5696 prudent

2345 5634 2464 5846 ΞΜ)
2495 5701 2622 5758 Mss.
2651 5701 2881 5772 aliquot,
2925 5699 3232 5779 Scripturas
3251 5697 3526 5751 discernere

2371 5773 2460 5845 33)
2493 5772 2679 5831 Codex
2709 5770 2894 5838 Corb.,
2924 5771 2994 5825 ad.
3023 5771 3120 5826 De:
3142 5785 3226 5824 res
3252 5767 3526 5840 gerendas.-
