3976 6382
163 384 266 441 273

1234 387 1597 445 COMMENI‘.
1634 389 1705 444 IN
1741 389 1960 447 EPIST.
2006 394 2025 448 Ι
2066 394 2161 449 ΑΙ)
2204 394 2360 451 COR.

3368 388 3475 450 274

235 512 414 583 (Vers.
445 512 563 585 33.)
613 536 631 560 ι
660 513 781 569 Non
818 522 899 569 est
945 513 1093 569 enim
1135 511 1498 570 dissensionis
1542 521 1758 584 auctor,
1790 517 1840 576 Α
1867 515 1939 571 ad
1966 516 2320 588 emptionem,
2358 518 2516 591 quasi
2560 515 2896 574 beneﬁcium
2939 517 3289 590 prestiturus
3329 533 3462 577 ven-

162 602 253 659 sed
295 601 464 673 pacis.
520 626 540 651 ι
583 603 725 671 Quia
778 618 903 676 ergo
958 601 1107 675 pacis
1152 609 1344 658 auctor
1387 610 1488 669 est,
1538 601 1758 659 dicente

161 688 440 745 Salvatore
483 708 495 746 :
561 716 580 739 ι
620 692 813 749 Pacem
855 707 1029 748 meam
1078 691 1151 747 do
1198 689 1377 757 vobis,
1429 705 1615 762 pacem
1664 708 1762 746 re-

161 778 353 852 linquo
393 780 552 837 vobis
599 781 779 853 (Joan.
810 797 928 849 xxv,
963 778 1080 852 27),
1127 805 1143 826 ι
1189 795 1351 834 nemo
1380 779 1614 835 alterum
1645 796 1757 836 non

158 867 304 924 sinat
331 870 533 938 dicere,
564 886 740 944 neque
767 869 989 925 debebit
1036 869 1262 951 dicenti,
1305 867 1489 924 studio
1536 877 1754 926 contra-

156 956 401 1028 dicendi,
434 961 702 1027 resistere,
731 976 800 1015 ne
829 959 1108 1015 discordia
1136 958 1232 1013 ﬁat
1263 958 1320 1013 in
1351 974 1606 1031 corpore.
1647 960 1753 1027 Qui

154 1048 305 1105 enim
347 1049 404 1106 in
434 1065 563 1123 pace
592 1058 878 1120 vocantur,
924 1050 1202 1124 patientia)
1248 1049 1450 1106 debent
1500 1049 1749 1105 studere;

155 1152 224 1194 ne
254 1139 403 1212 pacis
426 1138 554 1211 jura
579 1140 880 1196 solvantur.
923 1165 942 1187 ι
980 1140 1135 1197 Sicut
1162 1140 1221 1196 in
1251 1139 1510 1195 omnibus
1547 1139 1750 1195 Eccle-

155 1225 253 1284 siis
281 1235 593 1285 sanctorum
634 1228 823 1287 doceo.
851 1256 870 1279 ι
910 1231 1025 1286 Hoc
1049 1229 1200 1286 dicto
1229 1229 1481 1285 hortatur
1510 1228 1657 1297 illos,
1687 1238 1751 1286 ut

154 1335 274 1391 qua:
315 1321 571 1392 prmcepit
596 1320 821 1389 faciant,
854 1319 1070 1393 quando
1113 1318 1371 1375 similiter
1404 1335 1461 1375 se
1485 1318 1748 1376 Ecclesiis

152 1416 468 1464 sanctorum
489 1408 785 1481 prmdicare
812 1418 1063 1486 testatur.

226 1498 408 1568 (Vers.
439 1498 552 1572 34.)
587 1500 702 1571 (Si)
749 1526 767 1547 ε
800 1500 1054 1557 Mulieres
1083 1507 1276 1556 vestras
1307 1500 1365 1556 in
1395 1499 1638 1558 Ecclesia
1667 1508 1747 1557 ta-

150 1595 329 1644 ceant.
391 1614 410 1637 ι
477 1589 635 1646 Nunc
688 1590 856 1647 tradit
904 1590 1049 1663 quod
1087 1590 1540 1662 praetermiserat;
1601 1587 1745 1645 sicut

149 1678 297 1734 enim
330 1679 501 1735 velari
540 1681 799 1737 mulieres
844 1682 901 1738 in
950 1682 1195 1739 Ecclesia
1235 1683 1492 1755 praecepit
1531 1683 1588 1754 (Ι
1616 1684 1741 1739 Cor.

150 1783 230 1836 χι,
266 1769 348 1839 ὅ),
379 1769 544 1825 modo
571 1778 632 1826 ut
662 1771 858 1844 quietae
888 1773 997 1827 sint
1028 1779 1082 1827 et
1108 1771 1431 1828 verecundae
1463 1770 1738 1827 ostendit:

1873 600 2046 662 denti.
2074 605 2203 662 Ideo
2232 605 2663 679 hoc‘Apostolus
2704 606 2885 679 arguit
2921 605 2981 663 in
3010 605 3334 675 Corinthiis,
3369 607 3465 681 qui

1872 696 2007 753 tales
2035 711 2090 752 se
2120 696 2435 769 prabebant
2464 696 2699 754 elatione
2727 695 3010 765 vanitatis,
3061 695 3217 770 quasi
3255 696 3305 752 si
3359 695 3466 771 ipsi

1870 802 1983 841 non
2012 786 2301 845 obedirent
2328 787 2513 844 verbis
2550 786 2701 857 fidei,
2733 802 2896 844 nemo
2951 794 3091 843 esset
3141 785 3238 860 qui
3283 786 3464 843 crede-

1868 884 1971 944 ret,
2000 876 2146 933 sicut
2173 876 2311 934 dicit
2338 877 2541 934 .ludaeis
2570 896 2583 936 :
2630 900 2649 925 ι
2679 875 2852 935 Vobis
2883 875 3124 950 primum
3176 874 3471 948 oportebat

1867 965 2019 1040 loqui
2047 967 2215 1024 verba
2233 968 2361 1025 vitai
2382 968 2547 1041 hujus
2578 986 2589 1025 :
2622 968 2718 1025 sed
2746 968 2877 1043 quia
2900 965 3180 1040 repulistis
3208 981 3290 1034 ea,
3321 965 3465 1024 indi-

1866 1072 1999 1129 gnos
2026 1073 2126 1114 vos
2150 1058 2413 1116 facientes
2455 1066 2671 1117 aeternae
2715 1057 2867 1128 vitae,
2914 1072 3040 1117 ecce
3082 1055 3461 1115 convertimur

1863 1162 1965 1203 nos
1990 1146 2059 1203 ad
2086 1155 2273 1219 gentes
2304 1149 2447 1221 (Act.
2486 1165 2612 1217 xm,
2643 1148 2762 1221 46).
2793 1173 2814 1198 ι

1935 1237 2116 1309 (Vers.
2149 1238 2266 1309 37.)
2324 1260 2343 1286 ι
2371 1238 2425 1295 Si
2467 1240 2592 1312 quis
2635 1238 2986 1296 existimatur
3013 1235 3280 1311 propheta
3324 1252 3460 1306 esse,

1860 1336 1954 1385 aut
1991 1329 2273 1401 spiritalis,
2306 1340 2597 1403 cognoscat
2624 1348 2744 1404 quae
2776 1330 2957 1388 scribo
2985 1328 3164 1398 vobis,
3195 1328 3325 1404 quia
3354 1330 3456 1386 Do-

1860 1421 1998 1478 mini
2028 1430 2156 1478 sunt
2186 1422 2459 1479 mandata.
2491 1448 2509 1470 ι
2548 1423 2665 1479 Hoc
2710 1422 2900 1480 dicens
2944 1419 3122 1493 tangit
3144 1436 3308 1493 supra
3336 1435 3461 1475 me-

1857 1521 2098 1569 moratos
2144 1514 2311 1572 falsos
2347 1516 2643 1587 apostolos,
2690 1531 2724 1571 a
2770 1513 2973 1589 quibus
3017 1513 3237 1571 fuerant
3267 1514 3461 1589 depra-

1857 1602 1994 1669 vati,
2027 1603 2122 1675 qui
2160 1620 2260 1676 pro
2288 1604 2577 1661 desideriis
2605 1604 2896 1661 hominum
2942 1620 3056 1659 non
3096 1602 3307 1673 divina,
3357 1603 3454 1661 sed

1858 1699 2074 1748 terrena
2101 1692 2390 1750 docebant.
2428 1694 2556 1751 Ideo
2597 1693 2689 1750 hic
2730 1693 2874 1749 nihil
2919 1710 3081 1750 suum
3123 1693 3337 1751 tradere
3386 1710 3445 1751 se

1855 1778 2015 1850 dicit,
2042 1782 2137 1838 sed
2164 1783 2388 1839 Domini
2422 1800 2434 1839 :
2466 1791 2531 1839 ut
2558 1782 2760 1856 quibus
2802 1783 3017 1851 suadet,
3055 1784 3169 1840 Deo
3199 1784 3316 1856 (36)
3349 1801 3453 1841 ac-

148 1864 211 1912 ut
240 1875 419 1929 operas
450 1860 688 1931 pretium
718 1861 812 1929 sit,
842 1862 970 1934 quia
999 1863 1270 1917 velantur.
1313 1862 1369 1917 Si
1407 1861 1553 1916 enim
1594 1861 1744 1916 ima-
1766 1852 1821 1939 Ἦ
1856 1872 2046 1942 quisjti
2088 1889 2199 1929 non
2250 1852 2591 1930 hominibu;
2610 1872 2904 1930 videantur
2935 1889 2948 1929 ;
2996 1887 3109 1946 qua
3150 1852 3356 1930 ﬁducja
3398 1883 3457 1932 θι

148 1962 215 2017 go
246 1948 346 2002 Dei
376 1947 463 2003 vir
493 1958 593 2018 est,
625 1967 737 2005 non
770 1950 993 2019 femina,
1026 1959 1080 2007 et
1108 1952 1229 2007 viro
1258 1950 1502 2024 subjecta
1531 1958 1613 2007 est
1633 1951 1747 2023 lege

146 2048 411 2109 naturae;
476 2051 681 2116 quanto
740 2043 910 2114 magis
966 2041 1025 2097 in
1080 2043 1325 2099 Ecclesia
1382 2043 1583 2099 debent
1634 2058 1748 2098 esse

147 2129 410 2203 subjecta:
455 2140 678 2203 propter
722 2130 1082 2187 reverentiam
1114 2130 1249 2202 ejus,
1284 2131 1379 2203 qui
1410 2129 1564 2187 illius
1596 2134 1749 2203 lega-

147 2226 237 2275 tus
266 2226 367 2288 est,
396 2220 489 2292 qui
522 2220 687 2275 etiam
719 2219 826 2274 viri
856 2226 1018 2292 caput
1046 2228 1161 2276 est:
1227 2244 1244 2267 ι
1287 2220 1406 2276 Non
1437 2221 1584 2276 enim
1616 2237 1749 2292 per-

148 2309 396 2365 mittitur
421 2308 535 2365 illis
564 2311 737 2383 loqui,
769 2310 858 2367 sed
905 2326 1020 2366 esse
1051 2311 1108 2365 in
1137 2309 1360 2366 silentio
1410 2311 1551 2383 (35),
1605 2311 1746 2367 sicut
1822 2370 1825 2379 ,

146 2409 200 2457 et
233 2402 324 2456 lex
353 2397 509 2456 dicit.
553 2426 571 2449 ι
623 2399 768 2467 Quid
796 2399 933 2456 dicit
964 2401 1099 2455 lex?
1157 2424 1174 2447 ι
1222 2400 1308 2457 Ad
1354 2401 1536 2457 virum
1585 2408 1744 2458 tuum

145 2489 438 2547 conversio
484 2496 598 2557 tua,
648 2495 701 2544 et
747 2488 861 2561 ipse
908 2488 990 2545 tui
1042 2488 1420 2546 dominabitur
1467 2491 1623 2564 (Gen.
1656 2508 1739 2560 nr,

149 2580 262 2652 16).
312 2604 331 2629 ι
371 2581 497 2636 Haec
545 2581 636 2636 lex
692 2580 944 2651 specialis
998 2587 1124 2637 est:
1180 2580 1313 2637 hinc
1365 2582 1496 2638 Sara
1550 2581 1742 2637 domi-

146 2687 282 2727 num
314 2671 542 2727 vocabat
580 2657 860 2725 Abraham
900 2670 1083 2726 virum
1132 2685 1334 2739 suum;
1389 2687 1452 2728 ac
1495 2686 1590 2743 per
1636 2670 1743 2727 hoc

143 2760 203 2816 in
234 2759 457 2816 silentio
478 2759 749 2831 jubentur
783 2775 920 2827 esse,
965 2776 1033 2816 ne
1079 2759 1406 2832 supradictae
1444 2760 1578 2831 legis
1606 2775 1744 2817 sen-

144 2848 321 2907 tentia
352 2849 682 2918 inlirmetur,
714 2849 871 2922 cujus
916 2866 1126 2906 memor
1163 2850 1311 2919 Sara,
1344 2852 1469 2908 viro
1499 2866 1597 2906 suo
1625 2858 1743 2906 erat

144 2939 412 3013 subjecta,
441 2940 583 2997 sicut
611 2940 822 2997 dictum
877 2948 977 2996 est.
1034 2941 1297 3008 Quamvis
1343 2957 1455 2998 una
1504 2957 1629 2999 caro
1669 2940 1741 2997 sit

146 3031 305 3102 (Gen.
354 3046 414 3098 ll,
447 3030 563 3102 24),
613 3029 706 3086 sed
750 3029 968 3086 duabus
1015 3045 1083 3085 ex
1130 3031 1309 3087 causis
1348 3031 1574 3104 jubetur
1627 3048 1741 3087 esse

144 3120 427 3195 subjecta:
460 3120 589 3194 quia
617 3127 669 3176 et
698 3136 767 3175 ex
803 3120 925 3176 viro
953 3130 1054 3189 est,
1091 3127 1144 3176 et
1173 3135 1269 3194 per
1296 3120 1468 3195 ipsam
1508 3120 1740 3177 intravit

143 3219 449 3284 peccatum.

220 3301 401 3374 (Vers.
434 3302 549 3376 35.)
601 3327 619 3351 ε
648 3303 704 3360 Si
732 3302 866 3377 quid
891 3310 1073 3360 autem
1102 3302 1310 3360 discere
1340 3303 1558 3370 volunt,
1585 3302 1737 3358 domi

144 3395 296 3453 viros
324 3414 450 3454 suos
479 3397 845 3469 interrogent;
892 3406 1052 3469 turpe
1090 3404 1171 3452 est
1218 3397 1365 3452 enim
1410 3396 1736 3455 mulieribus

136 3487 195 3544 in
226 3488 469 3546 Ecclesia
498 3487 670 3560 loqui.
704 3513 722 3535 ι
767 3486 948 3558 Turpe
978 3494 1078 3553 est,
1112 3486 1241 3557 quia
1267 3493 1462 3542 contra
1488 3486 1733 3558 discipli-

135 3593 262 3633 nam
302 3586 402 3647 est,
434 3586 497 3634 ut
525 3578 582 3633 in
627 3577 793 3634 domo
840 3574 959 3641 Dei,
1001 3573 1097 3646 qui
1144 3588 1234 3628 eas
1277 3572 1552 3643 subjectas
1597 3574 1734 3630 viris

132 3668 250 3724 suis
289 3684 403 3725 esse
437 3668 715 3740 praecepit,
747 3665 813 3722 de
844 3667 959 3738 lege
997 3664 1148 3738 loqui
1179 3671 1511 3736 praesumant
1544 3682 1556 3721 :
1608 3680 1731 3721 cum

130 3755 313 3813 sciant
342 3755 459 3812 illic
505 3755 656 3811 viros
702 3754 899 3810 habere
941 3754 1259 3827 primatum,
1311 3761 1365 3809 et
1403 3752 1509 3809 sibi
1558 3754 1732 3827 magis

128 3852 466 3916 competere,
499 3853 560 3900 ut
598 3843 657 3899 in
701 3844 867 3901 domo
914 3842 1014 3898 Dei
1061 3842 1315 3914 precibus
1359 3851 1577 3911 vacent,
1612 3843 1730 3898 lin-

132 3954 293 4012 gnam
356 3937 694 3995 retinentes:
753 3947 806 3995 et
856 3953 1015 3995 aures
1059 3938 1325 4009 aperiant,
1391 3945 1454 3993 ut
1500 3940 1730 3996 audiant

130 4029 407 4102 quomodo
450 4029 827 4085 misericordia
871 4029 972 4085 Dei
1003 4038 1233 4085 mortem
1267 4028 1403 4085 vicit
1432 4045 1528 4101 per
1557 4029 1729 4087 Chri-

129 4123 298 4188 stum,
330 4137 448 4195 quas
478 4138 575 4194 per
603 4138 693 4178 eas
722 4119 991 4193 regnavit.
1025 4122 1161 4178 Nam
1190 4121 1235 4177 si
1268 4121 1503 4177 audeant
1543 4126 1602 4179 in
1624 4123 1726 4178 Ec-

127 4209 294 4266 clesia
318 4210 492 4283 loqui,
518 4210 754 4269 dedecus
782 4221 901 4279 est;
948 4211 1076 4285 quia
1115 4210 1322 4269 idcirco
1350 4212 1623 4280 velantur,
1664 4218 1723 4268 ut

127 4299 436 4356 humiliatus
474 4310 768 4373 appareant
801 4318 813 4357 :
859 4302 955 4358 ille
992 4310 1172 4359 autem
1220 4319 1276 4358 se
1329 4301 1725 4358 inverecundus

126 4390 448 4461 ostendunt,
479 4392 625 4464 quod
656 4402 708 4449 et
737 4394 873 4449 Viris
905 4394 1260 4466 opprobrium
1288 4402 1403 4463 est;
1436 4395 1496 4451 in
1530 4395 1722 4451 mulie-

126 4496 247 4536 rum
280 4480 428 4537 enim
458 4481 754 4537 insolentia
782 4483 946 4538 etiam
977 4483 1162 4539 mariti
1190 4490 1472 4539 notantur.

196 4575 382 4649 (Vers.
413 4575 528 4649 36.)
575 4601 593 4623 ι
622 4576 708 4632 An
736 4594 768 4633 a
793 4577 953 4633 vobis
990 4575 1223 4632 verbum
1262 4577 1362 4633 Dei
1411 4577 1717 4650 profectum
1746 4602 1795 4660 D

125 4671 223 4733 est,
264 4672 359 4720 aut
397 4664 456 4721 in
503 4681 601 4721 vos
639 4665 787 4723 solus
826 4665 1099 4723 devenit?
1143 4690 1161 4714 ι
1216 4667 1510 4739 Arguentis
1553 4667 1720 4724 verba

125 4760 283 4822 sunt;
316 4752 394 4810 sic
434 4753 583 4809 enim
610 4754 786 4810 inflati
833 4763 1006 4822 erant,
1059 4753 1213 4826 quasi
1270 4754 1403 4827 ipsis
1449 4756 1716 4827 promissa

126 4840 318 4898 fuisset
345 4841 463 4900 haec
489 4844 637 4900 salus
663 4861 676 4911 ;
719 4852 773 4900 et
797 4843 1049 4915 exemplo
1075 4859 1263 4900 eorum
1290 4852 1498 4901 caeteras
1531 4852 1715 4917 gentes

125 4942 452 4994 vocarentur
477 4934 546 4991 ad
567 4933 753 5004 ﬁdem,
786 4944 879 4990 aut
911 4951 1020 4991 non
1045 4945 1225 4992 essent
1251 4934 1444 5010 aliqui,
1478 4937 1571 5010 qui
1593 4953 1713 5010 pos-

127 5035 241 5083 sent
269 5025 543 5098 suscipere
569 5026 797 5098 gratiam
827 5024 947 5093 Dei,
974 5025 1234 5097 apostolis
1263 5025 1706 5097 praedicantibus.

127 5124 211 5182 Sic
235 5125 385 5182 enim
415 5122 555 5181 160
590 5143 646 5183 se
668 5124 949 5196 jactabant
988 5124 1138 5197 quasi
1170 5123 1497 5182 beneficium
1518 5126 1711 5185 darent

126 5216 292 5287 magis
320 5231 482 5288 quam
521 5214 851 5286 acciperent,
896 5212 1214 5270 accedentes
1243 5213 1311 5269 ad
1338 5214 1527 5284 ﬁdem,
1561 5217 1709 5273 unde

126 5301 291 5361 dicit:
336 5327 354 5349 ε
394 5304 505 5359 Aut
545 5305 602 5359 in
639 5320 736 5359 vos
779 5304 926 5359 solos
960 5302 1184 5358 devenit
1228 5302 1458 5359 verbum
1505 5305 1625 5362 Dei.
1675 5332 1694 5356 ι

124 5393 313 5453 Omnis
340 5396 489 5451 enim
520 5396 613 5469 qui
644 5397 765 5452 vult
791 5394 1001 5469 aliquid
1041 5410 1240 5463 emere,
1293 5394 1441 5468 quod
1488 5394 1593 5452 scit
1638 5396 1706 5452 ab

122 5484 394 5561 aliquibus
424 5504 537 5544 non
566 5486 791 5561 requiri,
823 5504 947 5545 cum
980 5487 1215 5561 quodam
1247 5486 1467 5545 fastidio
1495 5487 1706 5545 accedit

192 5611 308 5688 (3&5)
329 5611 442 5688 _Hic
463 5619 516 5667 et
535 5612 875 5688 subsequens
896 5612 1162 5667 articulus
1183 5612 1239 5668 in
1270 5628 1399 5670 mss.
1434 5629 1543 5669 non
1574 5629 1701 5688 pau-

123 5681 287 5739 cis'ad
320 5682 482 5737 ﬁnem
515 5681 1073 5753 capitis'rejiciuntur.

194 5755 306 5828 (35)
334 5756 493 5814 Rom.
522 5754 653 5812 edit.
663 5796 680 5825 ,
713 5755 799 5810 sed
828 5755 1062 5811 subditas
1090 5774 1209 5813 esse.

1857 1971 2172 2020 constanter
2201 1965 2481 2037 praedicat,
2521 1964 2749 2021 liberam
2779 1963 2988 2020 habens
3014 1964 3448 2033 conscientiam;

1857 2052 1988 2125 quia
2016 2067 2128 2109 non
2171 2052 2493 2110 hominibus
2528 2056 2741 2127 placere
2786 2055 2929 2121 vult,
2972 2052 3069 2109 sed
3111 2055 3243 2111 Deo.
3298 2053 3453 2111 Unde

1857 2142 2236 2214 peccatoribus
2260 2159 2371 2200 non
2400 2143 2706 2212 blanditur,
2736 2149 2800 2199 ut
2825 2150 3109 2200 crescant:
3136 2141 3233 2199 sed
3265 2141 3449 2199 admo-

1859 2238 1970 2299 net,
1994 2240 2056 2289 ut
2083 2232 2357 2289 desinant.

1930 2321 2110 2393 (Vers.
2140 2322 2255 2395 38.)
2294 2347 2312 2371 ι
2338 2323 2395 2380 Si
2424 2322 2548 2397 quis
2576 2330 2760 2379 autem
2786 2322 3020 2397 ignorat,
3043 2319 3434 2397 ignorabitur.-

1858 2411 2040 2479 llecte,
2071 2412 2201 2484 quia
2230 2412 2324 2486 qui
2355 2414 2530 2470 nescit
2574 2412 2799 2470 Domini
2847 2428 2983 2481 esse,
3033 2428 3154 2486 quas
3203 2413 3450 2488 loquitur

1853 2500 2170 2572 Apostolus,
2201 2511 2255 2559 et
2274 2503 2388 2575 ipse
2408 2521 2438 2559 a
2458 2504 2695 2561 Domino
2724 2502 3067 2576 ignorabitur
3094 2504 3154 2561 in
3182 2503 3274 2561 die
3298 2502 3445 2576 judi-

1851 2586 1945 2657 cii,
1981 2591 2198 2648 dicente
2226 2593 2464 2650 Domino
2496 2611 2549 2651 τι
2574 2598 2753 2650 Amen
2781 2593 2906 2651 dico
2933 2593 3114 2661 vobis,
3144 2592 3330 2650 nescio
3346 2609 3445 2649 vos

1853 2677 2064 2749 (Matth.
2096 2696 2234 2749 xxv,
2270 2682 2381 2753 l2).
2406 2706 2425 2729 ι

1924 2768 2105 2839 (Vers.
2137 2770 2253 2842 39.)
2298 2796 2316 2819 ι
2346 2772 2574 2845 Propter
2598 2774 2766 2846 quod,
2789 2773 3003 2839 fratres,
3034 2771 3441 2829 amulationem

1851 2858 2043 2915 habete
2089 2861 2470 2934 prophetandi.
2504 2887 2522 2910 ι
2564 2863 2829 2930 Quamvis
2873 2871 3061 2935 arguat
3106 2862 3229 2931 hos,
3281 2869 3337 2918 et
3382 2860 3442 2917 in

1849 2950 2040 3006 multis
2088 2952 2449 3024 reprehendat
2485 2960 2539 3009 et
2566 2954 2846 3026 corripiat,
2894 2970 2958 3009 eo
2998 2952 3145 3027 quod
3192 2968 3440 3009 recesse—

1850 3047 1974 3094 rant
2002 3056 2033 3095 a
2058 3041 2353 3098 traditione
2380 3042 2528 3114 ejus;
2561 3050 2745 3098 tamen
2768 3042 2964 3099 fratres
2991 3058 3084 3099 eos
3101 3050 3280 3111 vocat,
3310 3041 3442 3113 quia

1848 3127 1984 3185 dicit
2014 3130 2177 3186 Isaias
2200 3131 2268 3187 ad
2298 3132 2511 3203 plebem
2542 3131 2763 3188 Domini
2791 3150 2803 3189 :
2852 3156 2871 3181 ‹
2898 3131 3075 3189 Dicite
3104 3131 3174 3187 iis
3202 3131 3298 3204 qui
3327 3147 3439 3187 non

1768 3230 1813 3295 α
1847 3227 1992 3275 recte
2020 3218 2305 3277 ambulant
2353 3221 2412 3277 in
2455 3221 2564 3277 viis
2611 3222 2787 3278 meis:
2822 3222 3037 3278 Fratres
3084 3220 3258 3277 nostri
3307 3220 3440 3277 estis

1845 3323 1943 3362 vos
1968 3308 2102 3381 (Isa.
2136 3325 2288 3377 var,
2318 3310 2398 3380 5).
2437 3335 2455 3358 ι
2498 3310 2569 3366 Ut
2595 3326 2724 3382 ergo
2752 3311 3128 3367 consolaretur
3154 3308 3288 3364 istos
3315 3313 3439 3379 post

1843 3397 2236 3469 correptiones,
2257 3399 2450 3455 fratres
2479 3398 2604 3455 illos
2623 3408 2785 3456 vocat
2812 3417 2824 3455 :
2849 3407 2903 3454 et
2932 3398 3001 3453 ad
3024 3397 3433 3454 aemulationem

1843 3486 2143 3558 prophetiae
2174 3487 2445 3555 hortatur,
2474 3495 2534 3543 ut
2565 3486 2784 3543 assidua
2811 3484 3180 3558 disputatione
3235 3494 3289 3542 et
3340 3501 3433 3541 ex-

1842 3575 2154 3647 planatione
2184 3576 2319 3649 legis
2344 3576 2548 3633 divinae
2570 3575 2765 3634 flerent
2785 3575 3163 3633 instructiores
3189 3593 3202 3632 :
3226 3581 3289 3631 ut
3310 3589 3431 3647 pos-

1840 3675 1962 3723 sent
1990 3666 2199 3724 discere
2229 3683 2509 3740 perversas
2532 3682 2647 3725 esse
2668 3667 3272 3740 pseudo-apostolorum
3296 3680 3431 3737 prae-

1839 3754 2160 3813 dicationes.

1924 3871 1942 3892 ι
1965 3845 2037 3901 Et
2065 3847 2216 3918 loqui
2246 3845 2449 3919 linguis
2476 3846 2649 3903 nolite
2673 3845 2980 3919 prohibere.
3012 3871 3029 3891 ι
3074 3845 3147 3902 Et
3174 3844 3281 3902 hoc
3309 3860 3429 3918 pro-

1839 3946 1957 4009 pter
1991 3937 2336 4005 charitatem,
2394 3945 2456 3993 ut
2497 3937 2590 4010 qui
2634 3945 2863 4010 possunt
2920 3937 3073 4011 loqui
3125 3936 3351 4010 linguis,
3380 3934 3429 3993 si

1837 4027 2108 4100 interpres
2143 4027 2312 4084 fuerit
2341 4042 2598 4100 praesens,
2642 4042 2755 4083 non
2794 4035 3071 4095 vetentur,
3100 4043 3169 4083 ne
3197 4025 3293 4083 ﬁat
3317 4024 3427 4082 dis-

1834 4133 2035 4173 SEllSlO.

1908 4210 2088 4279 (Vers.
2115 4209 2231 4281 40.)
2280 4234 2297 4257 ι
2326 4208 2525 4265 Omnia
2556 4216 2737 4265 autem
2783 4209 3013 4267 honeste
3040 4218 3094 4267 et
3120 4206 3424 4266 secundum

1833 4298 2085 4355 ordinem
2114 4298 2269 4368 ﬁant,
2302 4323 2319 4347 ι
2365 4299 2469 4355 hoc
2496 4306 2597 4368 est,
2626 4298 2927 4355 secundum
2957 4296 3209 4355 ordinem
3237 4313 3424 4369 supra-

1832 4387 2062 4446 dictum.
2094 4390 2332 4446 Honeste
2359 4399 2541 4447 autem
2571 4388 2711 4445 illud
2741 4388 2824 4457 ﬁt,
2844 4386 2992 4463 quod
3012 4403 3137 4445 cum
3158 4402 3287 4461 pace
3310 4386 3402 4459 (37

1831 4486 1884 4534 et
1914 4479 2207 4553 disciplina
2238 4479 2321 4538 ﬁt.

2425 4640 2652 4700 CAPUT
2688 4640 2813 4697 XV.

1897 4776 2077 4849 (Vers.
2114 4776 2164 4846 1,
2207 4777 2287 4849 2.)
2352 4803 2370 4825 ε
2418 4778 2621 4834 Notum
2663 4783 2845 4831 autem
2894 4769 3052 4828 vobis
3098 4769 3261 4840 facio,
3307 4768 3414 4825 fra-

1822 4872 1951 4937 tres,
1996 4866 2129 4941 quia
2165 4866 2526 4939 Evangelium
2557 4863 2702 4938 quod
2733 4859 3026 4935 praedicavi
3055 4858 3232 4928 vobis,
3265 4860 3413 4948 quod

1820 4964 1873 5011 et
1928 4955 2235 5028 accepistis,
2284 4955 2342 5010 in
2396 4970 2503 5026 quo
2558 4960 2611 5008 et
2658 4950 2837 5018 statis,
2881 4965 2977 5021 per
3010 4949 3158 5023 quod
3187 4958 3241 5007 et
3270 4950 3412 5006 salvl

1819 5045 2156 5113 efﬁciemini,
2188 5042 2333 5117 quod
2381 5051 2435 5098 et
2480 5055 2730 5098 sermone
2754 5038 3080 5096 annuntiavi
3111 5039 3290 5110 vobis,
3319 5038 3410 5096 de-

1817 5132 1957 5191 betis
2011 5142 2216 5200 tenere,
2262 5131 2369 5187 nisi
2426 5132 2566 5187 forte
2616 5130 2735 5185 sine
2788 5146 2952 5187 causa
3004 5128 3337 5187 credidistis.
3375 5155 3394 5178 ι

1816 5223 2069 5280 Ostendit
2095 5220 2209 5278 illis
2244 5221 2374 5295 quia
2417 5219 2465 5276 si
2522 5221 2581 5277 in
2630 5220 2733 5276 hac
2775 5236 2937 5277 causa
2985 5236 3106 5294 quae
3162 5217 3405 5289 subjecta

1814 5320 1917 5380 est,
1969 5328 2001 5368 a
2056 5310 2350 5368 traditione
2410 5311 2529 5383 ejus
2579 5311 2790 5369 seducti
2841 5318 2991 5380 sunt,
3049 5309 3405 5383 perdiderunt

1814 5399 1963 5474 quod
2000 5400 2388 5467 crediderunt;
2446 5401 2627 5458 omnis
2680 5401 2828 5458 enim
2882 5416 3003 5473 spes
3057 5398 3400 5457 credentium

1813 5488 1871 5547 in
1900 5489 2003 5548 hoc
2031 5506 2194 5547 sensu
2220 5498 2320 5561 est,
2351 5490 2481 5564 quia
2509 5490 2715 5549 mortui
2743 5496 3045 5562 resurgant.
3086 5486 3245 5556 Quod
3291 5503 3400 5546 au-

1883 5614 2194 5689 (36)”Corb.
2227 5616 2374 5683 cod.,
2404 5622 2462 5671 ut
2487 5617 2675 5689 quibus
2702 5614 2968 5670 suadendo
2996 5612 3261 5686 acquisiti,
3294 5632 3400 5672 non

1762 5754 1772 5766 ο
1810 5686 2107 5766 maioribus
2123 5689 2245 5745 dent
2268 5686 2626 5766 g_lvriqm,_sed
2654 5688 2781 5766 Deo:

1882 5759 1997 5832 (37)
2030 5761 2178 5819 ldem
2208 5758 2382 5819 codex
2411 5760 2600 5827 Corb.,
2636 5758 2776 5831 quod
2793 5775 2909 5814 cum
2930 5776 3102 5831 prece.
