3976 6370
512 375 619 434 275
1528 363 1626 421 AD
1668 361 1902 422 OPEBA
1939 361 1995 418 S.
2037 357 2372 420 AMBROSII
2410 356 2790 417 APPENDIX.
3721 355 3834 414 276

511 510 617 558 tem
651 497 822 555 dicit:
866 521 886 546 ι
936 497 998 552 In
1038 510 1146 570 quo
1173 501 1229 552 et
1255 493 1430 563 statis,
1463 517 1482 540 ι
1525 490 1614 549 bis
1643 490 1798 560 dicit,
1831 489 1927 565 qui
1956 489 2109 547 ﬁrmi
2147 490 2197 550 A
2225 487 2427 562 quibus
2452 487 2637 560 plures
2665 493 2888 545 manent
2927 500 3103 560 usque
3143 483 3345 554 adhuc,
3377 483 3601 559 quidam
3638 491 3828 543 autem

508 598 662 648 erant
692 590 749 644 in
780 586 890 645 ﬁde
922 585 1236 644 traditionis
1257 585 1464 658 hujus;
1497 581 1828 657 promiscuis
1857 582 2006 638 enim
2039 579 2117 637 lo-
2229 577 2591 636 dormienmt.
2643 602 2660 625 ι
2711 578 2790 634 De
2834 577 2922 633 his
2965 575 3164 650 quibus
3203 583 3325 648 post
3367 573 3829 632 resurrectionem

507 681 718 754 quitur,
745 686 806 734 ut
837 688 889 734 et
916 677 954 732 ii
988 677 1082 749 qui
1112 677 1169 732 in
1202 676 1308 731 ﬁde
1348 683 1498 743 sunt,
1551 673 1819 745 gaudeant
1853 689 1864 727 :
1921 680 1975 727 et
2021 672 2116 743 qui
2228 668 2482 741 apparuit
2518 668 2808 736 Dominus,
2849 675 2981 724 tunc
3010 665 3214 722 multos
3241 665 3378 722 dicit
3407 665 3575 722 fuisse
3599 666 3658 721 in
3688 679 3830 722 cor-

508 779 728 836 nutant,
759 769 962 841 corripi
993 785 1049 824 se
1088 768 1330 834 doleant,
1365 773 1419 820 et
1439 765 1806 836 corrigantur.
2228 774 2378 831 pore.
3467 821 3476 826 '

579 861 759 935 (Vers.
794 859 874 930 3.)
923 883 939 904 ι
961 856 1183 912 Tradidi
1219 855 1369 910 enim
1403 853 1562 908 vobis
1610 853 1663 908 in
1715 849 1928 923 primis,
1982 865 2112 921 quo.
2301 847 2482 918 (Vera.
2518 847 2598 920 7.)
2645 871 2664 894 α
2692 846 2903 903 Deinde
2931 846 3183 920 apparuit
3217 845 3438 903 Jacobo.
3488 869 3508 894 ι
3557 844 3830 935 Singula-

506 934 653 1008 niam
709 947 960 1006 Christus
1015 951 1269 1000 mortuus
1325 950 1406 998 est
1457 959 1557 1014 pro
1613 938 1852 1013 peccatis
1908 937 2114 994 nostris
2225 935 2362 992 riter
2396 936 2598 993 Jacobo
2645 936 2918 1009 apparuit,
2969 936 3112 993 sicut
3152 944 3208 992 et
3253 935 3450 992 Petro:
3502 934 3649 1008 quod
3696 934 3828 991 ideo

505 1039 806 1098 secundum
844 1037 1172 1108 Scripturas.
1205 1059 1223 1082 »
1263 1033 1575 1104 Scripturas
1625 1029 1956 1086 Testamenti
2007 1029 2113 1085 Ve-
2224 1031 2358 1096 puto
2388 1025 2614 1093 factum,
2647 1035 2708 1082 ut
2738 1024 3042 1081 multifaria
3079 1023 3394 1097 apparentia
3431 1022 3596 1079 ﬁdem
3643 1039 3825 1079 resur-

505 1131 637 1186 teris
695 1136 959 1184 memorat
1015 1142 1136 1197 quae
1194 1124 1436 1179 futuram
1519 1121 1823 1193 passionem
1887 1117 2109 1177 Domini
2223 1114 2486 1170 rectionis
2522 1114 2784 1171 ﬁrmaret.
2850 1139 2867 1161 ι
2915 1115 3106 1170 Postea
3153 1113 3413 1186 apostolis
3458 1111 3736 1168 omnibus.
3789 1137 3807 1159 ι

501 1221 838 1278 cecinerunt.
866 1217 1014 1273 Dicit
1043 1216 1190 1270 enim
1235 1212 1400 1269 Isaias
1445 1210 1752 1284 propheta:
1805 1233 1822 1256 ι
1871 1208 1942 1263 Ut
1987 1206 2108 1263 ovis
2222 1205 2424 1260 lterum
2456 1203 2714 1260 omnibus
2751 1203 3009 1276 apostolis
3051 1203 3202 1259 visus
3239 1209 3323 1259 est
3367 1202 3426 1257 iu
3477 1209 3685 1271 monte,
3721 1200 3821 1258 ubi

501 1311 567 1366 ad
600 1287 999 1364 immolandum
1029 1305 1230 1361 ductus
1259 1311 1340 1358 est
1372 1303 1505 1374 (Isa.
1540 1317 1656 1368 Llll,
1695 1299 1771 1372 7).
1810 1322 1827 1344 ι
1872 1298 1942 1353 Et
1963 1296 2108 1352 inter
2220 1293 2578 1350 constituerat
2607 1293 2720 1349 illis
2748 1295 2923 1363 Jesus,
2954 1293 3096 1350 sicut
3125 1293 3292 1348 refert
3324 1292 3616 1348 Matthzeus
3653 1307 3819 1347 evan-

501 1408 699 1458 ca‘tera
731 1416 742 1454 :
793 1421 809 1444 ι
841 1394 1111 1464 Quoniam
1158 1394 1385 1449 tolletur
1431 1406 1462 1445 a
1505 1398 1650 1445 terra
1688 1387 1804 1444 vita
1849 1386 1988 1459 ejus,
2039 1385 2106 1442 ab
2220 1385 2411 1457 gelista
2447 1387 2662 1457 (Matth.
2695 1403 2898 1453 xxvnr,
2933 1385 3045 1456 16).
3094 1386 3240 1442 Ante
3269 1384 3328 1440 in
3356 1385 3658 1441 Jerusalem
3691 1389 3820 1456 post

501 1487 892 1562 iniquitatibus
949 1484 1140 1559 populi
1200 1482 1306 1537 mei
1370 1480 1568 1536 ductus
1612 1484 1694 1534 est
1746 1476 1814 1533 ad
1870 1484 2102 1532 mortem
2218 1472 2334 1562 dies
2364 1483 2490 1532 octo
2519 1473 2940 1532 resurrectionis
2968 1490 3104 1540 suae,
3143 1472 3200 1529 id
3247 1480 3330 1530 est
3369 1471 3660 1530 Dominica
3703 1471 3818 1538 die,

504 1561 670 1650 (Ibid.
709 1576 804 1647 8);
840 1600 856 1621 -
903 1575 1021 1630 haec
1054 1573 1112 1627 in
1142 1571 1364 1629 Christo
1397 1576 1606 1641 reperta
1637 1572 1961 1623 noscuntur.
1996 1563 2100 1620 Sed
2211 1561 2396 1634 januis
2423 1564 2646 1633 clausis,
2689 1563 2919 1620 intravit
2966 1563 3034 1619 ad
3092 1561 3414 1634 discipulos,
3475 1569 3538 1618 ut
3591 1561 3820 1618 Thomas

500 1669 628 1741 quia
685 1664 944 1738 praeteriti
988 1661 1252 1734 temporis
1309 1657 1639 1730 signiﬁcatio
1695 1655 1935 1724 videtur,
1987 1670 2099 1710 non
2216 1653 2433 1710 animus
2483 1653 2814 1721 ﬁrmaretur,
2868 1652 3012 1710 sicut
3061 1652 3199 1708 dicit
3253 1653 3489 1708 Joannes
3535 1652 3818 1724 apostolus

497 1739 578 1812 est
607 1755 919 1818 adversum,
946 1749 1073 1822 quia
1102 1747 1245 1819 apud
1273 1749 1470 1813 Deum,
1519 1745 1615 1818 qui
1659 1743 1910 1800 omnium
1951 1759 2101 1814 prae-
2212 1741 2401 1811 (Joan.
2429 1758 2528 1811 xx,
2559 1742 2675 1814 26).
2707 1744 2770 1799 In
2801 1750 2986 1799 monte
3016 1741 3166 1798 enim
3195 1739 3527 1814 intelligitur
3555 1740 3820 1797 mandata

493 1845 642 1901 scius
688 1850 788 1910 est,
830 1840 972 1896 nihil
1021 1839 1271 1894 futurum
1321 1844 1430 1902 est;
1472 1835 1596 1890 ideo
1643 1834 1722 1890 sic
1768 1832 1905 1890 dicit
1953 1831 2098 1906 quod
2137 1847 2180 1906 Β
2216 1829 2325 1887 illis
2352 1831 2586 1888 dedisse.

498 1935 746 1989 futurum
780 1939 862 1988 est
889 1929 1068 1998 nobis,
1105 1927 1259 2002 quasi
1287 1927 1491 1984 factum
1524 1925 1614 1981 sit.
1648 1923 1784 1980 Nam
1833 1923 1891 1978 in
1940 1923 2101 1993 Apo-
2284 1921 2465 1988 (Vers.
2498 1921 2580 1993 8.)
2630 1946 2648 1969 ι
2675 1920 2986 1978 Novissime
3023 1928 3206 1978 autem
3242 1920 3491 1977 omnium
3520 1919 3675 1993 quasi
3702 1919 3815 1976 ab-

496 2023 705 2096 calypsi
739 2021 964 2078 Joannis
991 2019 1226 2092 apostoli
1251 2017 1457 2074 dicitur
1490 2035 1500 2073 :
1549 2042 1566 2062 ι
1602 2019 1790 2088 Agnus
1814 2014 1908 2087 qui
1941 2013 2097 2070 occi-
2210 2009 2390 2066 ortivo
2423 2012 2576 2068 visus
2603 2019 2685 2068 est
2709 2021 2762 2067 et
2787 2010 2946 2067 mihi.
2998 2035 3016 2058 ι
3070 2011 3341 2083 Apparuit
3367 2009 3451 2066 illi
3481 2009 3719 2083 primum
3750 2009 3812 2065 in

496 2130 590 2169 sus
636 2120 717 2168 est
770 2128 801 2166 a
855 2110 1248 2167 constitutione
1303 2106 1497 2162 mundi
1541 2106 1732 2176 (Apoc.
1781 2121 1908 2172 xm,
1949 2103 2031 2174 8).
2066 2127 2084 2151 ι
2209 2100 2346 2156 coelo
2387 2101 2528 2172 (Act.
2561 2117 2641 2168 rx,
2672 2100 2753 2171 4),
2795 2108 2917 2172 post
2945 2099 3126 2154 oranti
3156 2099 3213 2154 in
3248 2100 3451 2170 templo
3485 2099 3632 2170 (Act.
3662 2114 3808 2165 xxu,

493 2201 634 2269 Quia
660 2200 806 2257 enim
838 2200 998 2255 aliter
1025 2215 1136 2254 non
1169 2198 1284 2266 ﬁet,
1315 2213 1480 2270 quam
1531 2195 1633 2252 scit
1675 2197 1841 2261 Deus,
1886 2193 2098 2248 factum
2212 2189 2432 2259 17-21).
2457 2189 2787 2246 Abortivum
2809 2205 2866 2244 se
2893 2187 3058 2255 dixit,
3083 2187 3212 2260 quia
3233 2195 3388 2243 extra
3409 2194 3624 2260 tempus
3647 2194 3809 2244 natus

493 2291 698 2348 dicitur
721 2308 736 2360 ;
780 2289 940 2346 nobis
985 2289 1131 2345 enim
1163 2288 1247 2357 ﬁt,
1279 2303 1390 2344 non
1420 2289 1554 2353 Deo,
1585 2283 1717 2356 quia
1745 2281 1890 2354 apud
1918 2283 2096 2336 Deum
2208 2277 2265 2334 in
2288 2279 2528 2344 Christo,
2546 2280 2910 2351 apostolatum
2929 2276 3140 2350 accepit
3153 2275 3265 2348 jam
3299 2275 3524 2334 Christo
3552 2277 3611 2334 in
3639 2278 3810 2335 coelos

494 2380 634 2437 nihil
673 2389 774 2448 est,
808 2379 952 2453 quod
985 2379 1231 2435 futurum
1262 2377 1499 2434 dicatur.
1533 2376 1605 2430 Et
1635 2374 1691 2428 in
1730 2372 1948 2428 Psalmo
1980 2371 2094 2445 ait;
2208 2379 2424 2441 recepto
2453 2386 2579 2426 cum
2609 2387 2793 2428 carne.

507 2496 523 2516 ι
555 2470 822 2526 Dominus
868 2469 1116 2540 regnavit
1147 2485 1179 2524 a
1204 2468 1354 2540 ligno
1403 2466 1577 2536 (Psal.
1621 2480 1774 2531 XCVI,
1827 2461 1906 2531 1).
1955 2485 1973 2506 ι
2027 2460 2099 2518 Et
2281 2469 2537 2542 (Ver-3.9,
2574 2469 2688 2541 10.)
2737 2469 2892 2541 «Εςο
2929 2466 3076 2524 enim
3104 2484 3226 2524 sum
3258 2466 3524 2525 minimus
3553 2468 3804 2526 omnium

492 2561 707 2632 Moyses
771 2559 836 2614 de
897 2575 1056 2614 cruce
1112 2558 1228 2630 ejus
1293 2557 1370 2612 ita
1421 2551 1805 2626 signiﬁcavit,
1856 2551 2092 2608 dicens:
2205 2561 2576 2632 apostolorum
2619 2559 2761 2630 (40),
2807 2583 2824 2607 ,
2874 2557 3144 2615 Humum
3175 2573 3253 2626 se,
3283 2565 3337 2614 et
3365 2558 3628 2631 temporis
3663 2575 3808 2616 can-

507 2676 525 2698 .
557 2651 709 2704 Tunc
757 2648 1016 2704 videbitis
1068 2648 1240 2704 vitam
1289 2653 1526 2700 vestram
1585 2642 1907 2714 prudentem
1969 2651 2094 2698 ante
2203 2666 2317 2706 sam
2367 2648 2473 2704 sibi
2523 2648 2780 2716 ascribit;
2821 2658 3066 2720 tempore
3108 2648 3256 2703 enim
3301 2645 3484 2704 minor
3539 2657 3638 2717 est,
3690 2665 3804 2704 non

491 2739 680 2796 oculos
709 2746 938 2806 VBSH‘OS,
972 2745 1025 2794 et
1055 2753 1164 2802 non
1193 2733 1427 2793 credetis
1455 2735 1640 2805 (Πενία
1674 2750 1876 2801 Χινιιι,
1909 2733 2026 2802 66)-
2061 2758 2078 2778 ’
2202 2739 2488 2812 dignitate.
2525 2739 2631 2796 Sed
2661 2739 2790 2814 quia
2818 2748 2871 2796 et
2901 2747 3216 2812 persecutor
3263 2738 3389 2806 fuit,
3442 2737 3674 2795 inclinat
3722 2755 3800 2806 se,

490 2827 700 2885 Idcirco
736 2827 884 2884 enim
929 2827 987 2882 in
1035 2828 1220 2884 eadem
1269 2841 1431 2881 causa
1484 2832 1537 2880 et
1596 2823 1768 2879 futuri
1829 2823 2092 2895 temporis
2201 2830 2433 2887 dicens;
2481 2855 2498 2879 ε
2529 2831 2635 2899 Qui
2684 2847 2795 2887 non
2849 2847 2969 2887 sum
3018 2829 3219 2902 dignus
3265 2827 3451 2886 vocari
3497 2828 3799 2901 apostolus,

490 2918 786 2990 aliquando
832 2916 1200 2991 signiﬁcantia
1240 2915 1487 2989 ponitur,
1519 2931 1586 2971 ne
1616 2931 1647 2968 a
1677 2913 1948 2986 perversis
1978 2929 2088 2967 non
2200 2921 2458 2995 quoniam
2525 2929 2842 2995 persecutus
2896 2937 3018 2976 sum
3071 2917 3376 2975 Ecclesiam
3433 2917 3552 2975 Dei.
3612 2915 3804 2973 Gratia.

489 3007 556 3063 de
607 3005 827 3064 Christo
878 3007 1089 3065 dictum
1151 3004 1555 3072 defenderetur,
1617 3003 1662 3058 si
1719 3010 1898 3058 totum
1933 3000 2088 3074 quasi
2198 3018 2379 3066 autem
2433 3010 2535 3068 Dei
2591 3027 2712 3067 sum
2768 3009 2826 3066 id
2885 3008 3032 3082 quod
3089 3025 3232 3065 sum.
3291 3032 3310 3056 .
3361 3009 3476 3064 Deo
3536 3005 3630 3062 dat
3686 3007 3800 3080 ειο-

490 3096 825 3168 praeteritum
861 3097 1216 3169 signiﬁcaret.
2196 3100 2357 3169 riam,
2390 3099 2485 3172 qui
2515 3115 2639 3156 eum
2670 3098 2855 3172 elegit,
2887 3107 2941 3154 et
2966 3097 3288 3170 dignitatem
3321 3112 3475 3152 suam
3525 3111 3637 3152 non
3689 3093 3797 3150 sibi

565 3187 743 3258 (Vers.
777 3186 859 3258 4.)
901 3213 918 3234 ‹
944 3188 1016 3242 Et
1044 3185 1172 3258 quia
1201 3183 1448 3257 sepultus
1477 3187 1579 3236 est.
1609 3204 1626 3228 ›
1672 3180 1819 3236 Nulli
1852 3179 2083 3236 dubium
2117 3199 2160 3260 ο
2195 3187 2460 3256 defendit,
2491 3187 2587 3244 sed
2630 3187 2920 3260 indignum
2963 3202 3020 3242 se
3065 3185 3224 3242 dicit.
3275 3184 3431 3242 Unde
3486 3202 3615 3242 vere
3673 3186 3800 3260 plus

488 3285 767 3333 mortuum
825 3279 1102 3350 sepultum
1160 3291 1294 3342 esse,
1355 3273 1498 3330 Sicut
1559 3271 1696 3326 dicit
1738 3271 1902 3326 Isaias
1949 3286 2086 3342 PFO-
2195 3287 2452 3347 meretur,
2485 3277 2660 3334 sciens
2689 3276 2896 3333 dixisse
2924 3275 3266 3332 Dominum:
3323 3299 3342 3322 ε
3392 3275 3498 3343 Qui
3527 3292 3583 3332 se
3611 3275 3796 3332 humi-

485 3367 694 3439 pheta:
745 3393 763 3416 ι
809 3367 881 3423 Et
917 3367 1080 3427 dabo.
1105 3365 1279 3422 malos
1324 3379 1423 3436 pro
1464 3361 1747 3433 sepultura
1787 3358 1905 3431 ejus
1949 3359 2055 3430 (Isa

2229 3369 2296 3424 iat
2338 3368 2671 3425 exaltabitur
2721 3368 2837 3440 (41)
2887 3367 3037 3440 (Luc.
3085 3384 3206 3436 XIV,
3241 3369 3353 3441 11).
3386 3393 3404 3416 ι
3459 3392 3478 3414 ε
3509 3369 3580 3424 Et
3621 3368 3799 3442 gratia

489 3475 608 3527 Lm,
633 3459 713 3530 9).
742 3483 760 3505 ι
2197 3458 2313 3531 ejus
2342 3474 2545 3531 pauper
2574 3459 2631 3514 in
2663 3474 2749 3513 me
2777 3474 2888 3514 non
2917 3458 3045 3514 fuit.
3095 3483 3112 3506 ι
3170 3459 3288 3516 Hoc
3315 3458 3472 3527 dicit,
3511 3459 3641 3532 quia
3686 3475 3806 3516 non

571 3552 707 3608 161
757 3577 775 3600 ι
816 3554 887 3608 Εῑ
925 3553 1054 3624 quia
1099 3549 1402 3606 resurrexit
1449 3545 1611 3602 tertia
1651 3545 1740 3602 die
1783 3545 2086 3602 secundum
2197 3555 2420 3620 propter
2447 3547 2594 3620 quod
2620 3554 2937 3620 persecutus
2990 3554 3093 3616 est,
3145 3547 3416 3605 minorem
3465 3548 3693 3622 gratiam
3743 3549 3804 3606 in

485 3643 815 3714 Scripturas.
865 3663 883 3684 ι
945 3637 1146 3694 Omnia
1175 3637 1232 3692 in
1264 3637 1370 3692 ﬁde
1403 3635 1588 3690 clausa
1615 3641 1744 3690 sunt
1781 3652 1794 3690 :
1831 3633 1955 3689 ideo
1987 3633 2089 3688 sub
2198 3637 2506 3707 apostolatu
2534 3636 2762 3710 accepit.
2809 3659 2827 3682 ι
2871 3635 2972 3693 Sed
3024 3637 3148 3709 plus
3191 3637 3304 3694 illis
3346 3637 3603 3694 omnibus
3647 3637 3807 3693 labo-

486 3748 717 3808 pcrsona
748 3729 936 3801 populi
973 3727 1299 3783 resurrectio
1337 3725 1560 3781 Domini
1592 3726 1756 3782 tertia
1785 3727 1875 3782 die
1902 3727 2089 3782 futura
2199 3725 2336 3780 ravi.
2370 3751 2388 3774 ι
2424 3724 2596 3782 Addit
2623 3725 2691 3781 ad
2720 3743 2959 3794 causam,
2991 3726 3122 3799 quia
3152 3743 3262 3783 non
3285 3727 3462 3784 solum
3495 3727 3807 3800 minoratus

486 3822 763 3894 descripta
803 3826 902 3874 est.
953 3817 1102 3873 Dicit
1149 3815 1296 3872 enim
1337 3816 1474 3872 Osee
1521 3816 1830 3888 propheta:
1897 3843 1914 3863 ι
1962 3818 2090 3872 Post
2199 3833 2307 3872 non
2333 3825 2436 3885 est,
2467 3817 2561 3873 sed
2599 3824 2653 3873 et
2698 3817 2937 3888 amplius
2984 3825 3206 3889 propter
3242 3818 3606 3874 constantiam
3658 3817 3804 3890 (42).

487 3911 717 3968 biduum
773 3923 935 3964 sanos
961 3905 1128 3962 faciet
1158 3922 1277 3973 nos,
1311 3905 1452 3961 etin
1487 3906 1647 3962 tertio
1695 3905 1785 3961 die
1831 3923 2087 3977 resurgo—
2197 3923 2305 3979 qua
2350 3905 2569 3978 vigebat
2619 3905 2678 3962 in
2726 3906 2968 3974 Christo,
3025 3905 3261 3962 aﬂlictus
3303 3914 3430 3964 est:
3485 3907 3632 3980 quod
3689 3924 3805 3964 non

489 4017 613 4057 mus
640 3998 781 4069 (38),
810 4004 864 4051 et
891 3996 1145 4050 vivemus
1184 3993 1242 4049 in
1283 4000 1576 4064 conspectu
1632 3993 1750 4065 ejus
1796 3996 1946 4065 (Osce
2007 4013 2085 4062 vr,
2197 4013 2336 4068 aegre
2366 3995 2566 4063 ferens,
2599 3994 2816 4068 dignior
2845 3995 3022 4052 factus
3062 4003 3163 4052 est.
3213 4017 3232 4042 ‹
3285 3995 3406 4051 Non
3448 4011 3547 4068 ego
3593 4004 3802 4066 autem,

489 4089 569 4159 3).
602 4112 619 4133 ›
662 4087 722 4141 In
754 4083 974 4141 Christo
1004 4081 1151 4138 enim
1192 4098 1381 4138 omnes
1419 4082 1806 4148 resurrexisse,
1853 4082 1997 4140 sicut
2030 4085 2083 4138 in
2197 4089 2289 4144 sed
2331 4089 2503 4160 gratia
2527 4087 2626 4144 Dei
2657 4104 2892 4143 mecum.
2937 4110 2955 4133 ι
3000 4086 3076 4141 Ne
3125 4102 3182 4142 se
3224 4087 3488 4142 extulisse
3529 4085 3806 4158 jactanter

489 4176 662 4233 Adam
693 4189 884 4230 omnes
908 4179 1158 4227 mortuos
1185 4187 1316 4239 esse,
1350 4187 1512 4226 nemo
1550 4171 1795 4227 ﬁdelium
1834 4171 2082 4244 denegat.
2199 4186 2500 4249 putaretur,
2533 4175 2718 4233 statim
2750 4192 2806 4230 se
2838 4173 3118 4242 humiliat,
3151 4191 3276 4230 cum
3308 4174 3416 4232 hoc
3455 4175 3634 4248 ipsum
3685 4195 3802 4235 non

489 4267 669 4324 Simili
702 4263 866 4321 modo
895 4266 950 4320 in
984 4265 1198 4320 Psalmo
1224 4263 1325 4319 sub
1355 4278 1584 4334 persona
1635 4263 1880 4319 hominis
1920 4266 2085 4321 etiam
2199 4266 2370 4336 magis
2408 4264 2537 4332 sibi,
2578 4262 2670 4319 sed
2701 4263 2799 4318 Dei
2831 4261 3017 4333 gratia:
3046 4261 3273 4318 ascribit
3302 4279 3315 4318 :
3353 4271 3415 4320 ut
3445 4280 3658 4337 semper
3687 4281 3804 4320 om-

487 4357 555 4413 de
587 4354 807 4413 Christo
845 4353 1136 4426 signiﬁcat,
1185 4352 1375 4409 dicens
1407 4371 1417 4408 :
1487 4377 1506 4400 ε
1548 4352 1748 4408 Omnia
1803 4352 2086 4425 subjecisti
2198 4371 2320 4410 nem
2353 4353 2580 4426 gloriam
2611 4359 2852 4423 reportet
2888 4350 2956 4407 ad
3003 4351 3201 4418 Deum,
3229 4351 3376 4409 unde
3400 4351 3524 4424 jure
3554 4354 3803 4410 exaltan-

487 4445 590 4502 sub
623 4442 852 4516 pedibus
880 4441 1035 4512 ejus:
1073 4441 1245 4514 gloria
1283 4449 1337 4498 et
1373 4441 1582 4498 honore
1630 4443 1905 4498 coronasti
1960 4460 2084 4499 eum
2198 4443 2300 4498 dus
2331 4451 2433 4498 est.

491 4534 666 4606 (Psat.
691 4549 814 4601 VIII,
845 4533 899 4599 8,
932 4532 1011 4604 6).
1044 4555 1061 4577 ι
1160 4619 1163 4620 ν
1545 4619 1548 4620 ν
1642 4619 1651 4620 7
2112 4563 2160 4620 D
2271 4540 2450 4610 (Vers.
2489 4539 2602 4610 11.)
2647 4562 2664 4584 ι
2695 4538 2822 4595 Sive
2851 4538 3022 4611 igitur
3049 4555 3168 4611 ego,
3203 4539 3325 4596 sive
3361 4539 3464 4608 illi,
3497 4539 3578 4596 sic
3606 4541 3802 4613 pradi-

563 4624 751 4695 (Vers.
799 4621 880 4695 5.)
928 4645 944 4666 ε
976 4622 1046 4675 Et
1075 4619 1205 4693 quia
1234 4621 1386 4676 visus
1417 4627 1496 4675 est
1527 4619 1723 4691 Cephze
1749 4637 1792 4687 ;,
1826 4646 1842 4666 ι
1892 4621 1948 4677 id
1987 4631 2086 4691 est,
2115 4619 2140 4620 ί
2199 4645 2403 4697 camus,
2435 4635 2489 4684 et
2518 4628 2595 4686 ita
2623 4629 2954 4686 credidistis.
2985 4653 3003 4676 ι
3049 4629 3164 4686 Hoc
3205 4637 3306 4698 est,
3347 4629 3494 4702 quod
3523 4647 3689 4703 supra
3727 4633 3802 4688 si-

486 4716 666 4770 Pelro.
704 4714 817 4769 lIoc
839 4711 1002 4768 etiam
1035 4709 1290 4781 Cleophaz
1317 4710 1433 4780 (39)
1478 4716 1532 4764 et
1573 4707 1722 4764 socio
1768 4725 1867 4764 suo
1913 4710 2082 4766 dixe—
2193 4717 2494 4787 gniﬁcavit,
2527 4717 2658 4789 quia
2685 4733 2797 4772 non
2835 4717 3152 4773 inferiorem
3184 4717 3420 4790 gratiam
3452 4719 3509 4774 in
3541 4719 3802 4791 praedica'

487 4818 618 4866 runt
673 4809 951 4882 discipuli,
994 4808 1142 4863 utin
1186 4805 1486 4878 Evangelio
1520 4805 1651 4858 κατὰ
1669 4810 1890 4874 Λουκᾶν,
1938 4806 2083 4880 quod
2192 4806 2341 4862 tione
2377 4805 2606 4878 accepit,
2634 4822 2796 4879 quam
2825 4806 3008 4863 czcteri
3035 4807 3289 4877 apostoli,
3324 4807 3417 4864 sed
3447 4824 3612 4863 unam
3633 4816 3805 4882 atque

488 4899 740 4971 apparuit
771 4899 873 4954 soli
904 4899 1063 4953 Petro
1101 4898 1260 4968 (Luc.
1297 4914 1455 4964 xxxv,
1488 4895 1602 4964 3’s).
1664 4920 1681 4942 ε
1733 4897 1923 4953 Postea
1973 4893 2085 4951 illis
2194 4895 2630 4951 eamdem.Unde
2651 4895 2822 4967 magis
2841 4895 3022 4969 arguit
3046 4895 3333 4968 perﬁdiam
3354 4896 3798 4967 Corinthiorum,

489 4987 766 5042 undecim.
800 5010 815 5032 ι
861 4987 930 5040 Et
960 4986 1064 5042 hoc
1094 4985 1150 5041 in
1188 4985 1490 5058 Evangelio
1519 4985 1852 5068 continetur.
2195 4986 2324 5056 quia
2355 5002 2480 5041 cum
2513 4986 2858 5042 manifestata
2886 4993 3027 5043 esset
3054 4987 3351 5044 credulitas
3371 4987 3489 5044 haec
3507 4988 3652 5061 apud
3681 5005 3802 5044 om-

563 5078 745 5149 (Vers.
777 5078 858 5148 6.)
903 5100 919 5123 ι
952 5076 1160 5132 Deinde
1187 5079 1434 5149 apparuit
1465 5079 1588 5151 plus
1617 5095 1779 5152 quam
1809 5078 2086 5151 quingen—
2197 5090 2292 5129 nes
2339 5074 2631 5142 Ecclesias,
2685 5075 2739 5129 hi
2781 5075 2847 5131 ab
2897 5075 3000 5133 hac
3041 5075 3148 5133 ﬁde
3194 5085 3250 5132 et
3295 5093 3388 5148 spe
3427 5075 3796 5145 desciverant,

491 5168 561 5225 tis
591 5166 856 5224 fratribus
888 5165 1075 5222 simul.
1125 5190 1142 5212 ι
1186 5165 1301 5222 lioc
1345 5184 1443 5223 sua
1483 5166 1590 5223 ﬁde
1637 5168 1902 5241 loquitur.
1953 5194 1971 5215 ι
2002 5169 2087 5226 Ex
2198 5178 2358 5234 quam
2393 5162 2646 5235 subjecit,
2690 5163 2919 5220 dicens:

564 5370 834 5449 (88)“Vet.
867 5367 1000 5423 edit.
1035 5383 1098 5422 ac
1127 5383 1256 5422 mss.
1291 5367 1520 5438 aliquot,
1562 5369 1689 5424 Post
1717 5369 1929 5425 biduum
1961 5377 2007 5426 et
2038 5371 2091 5425 in
2222 5373 2391 5449 __({LO)
2433 5373 2594 5449 Corb.
2627 5374 2774 5449 cod.,
2805 5375 3198 5449 Apostolorum.
3229 5375 3507 5449 Minimum
3538 5377 3716 5449 itaque
3747 5397 3801 5434 se

493 5443 652 5520 tertio
667 5441 750 5520 die
782 5455 1127 5511 resurgcmus.
1280 5507 1291 5517 .
1377 5515 1387 5520 _
1679 5509 1716 5520 __
1859 5512 1868 5520 _
1909 5513 1917 5520 .
2071 5513 2086 5520 _
2200 5441 2325 5500 dicit
2364 5441 2722 5520 apostolorum
2752 5441 3119 5520 inuocatione,
3171 5464 3277 5520 non
3323 5447 3380 5501 in
3416 5450 3594 5520 gratia
3615 5441 3642 5514 ξ
3688 5451 3799 5508 Deo

566 5513 584 5576 (
591 5511 657 5567 39
663 5513 800 5591 )“lta
832 5509 1112 5591 mss‘._non_
1135 5509 1395 5591 pauci,‘e_t
1424 5524 1614 5591 omnes
1633 5509 1751 5591 edit
1763 5555 1790 5591 _,
1815 5512 1919 5591 nisi
1944 5513 2092 5591 quod
2199 5509 2493 5591 autemdqt
2520 5517 2746 5591 gloriam
2775 5523 2822 5572 et
2855 5509 3121 5591 honorem,
3147 5518 3240 5590 qui
3266 5536 3381 5574 cum
3416 5509 3584 5590 Elegit.

493 5597 590 5652 pro
616 5582 717 5636 soli
757 5584 915 5660 Pelio
969 5584 1022 5637 in
1073 5579 1232 5660 Βρῳ.
1277 5579 1442 5660 εῖιίιίῐ.Δ
1469 5581 1668 5660 legitur
1715 5583 1917 5639 Simoni
1950 5579 1976 5639 ε’
1996 5585 2091 5660 alii
2274 5588 2389 5660 (41)
2421 5579 2548 5660 Mss:
2581 5587 2812 5660 aliquot,
2845 5590 2948 5658 Qui
2977 5607 3028 5644 se
3050 5579 3270 5658 excitat,
3294 5579 3686 5650 humilidbt'tur.

490 5649 783 5798 ἕρποηὲῗὲῗέ
816 5653 1070 5722 efferunt,
1117 5649 1370 5722 Cteophas
1397 5655 1446 5705 et
1496 5649 1702 5709 Emaus
1750 5661 2009 5712 testantur
2039 5656 2092 5710 in
2276 5649 2393 5730 (42)
2427 5657 2612 5717 Codex
2637 5649 2824 5730 C‘orbi,
2855 5649 3080 5735 propter
3116 5649 3502 5720 conscientiam.

547 5742 610 5780 va
792 5766 804 5779 .

547 5742 804 5780 vanaeuo.
