3976 6392
145 426 267 488 277

1240 429 1602 488 COMMENT.
1645 429 1716 486 IN
1753 427 1970 486 EPIST.
2011 430 2034 486 Ῑ
2071 430 2167 485 ΑΙ)
2207 431 2363 488 COB.

3338 422 3446 484 278

225 558 414 626 (Vers.
457 558 542 627 12,
580 559 666 626 13,
714 558 825 629 14.)
875 583 892 605 ι
931 556 989 615 Si
1017 563 1200 612 autem
1231 555 1484 615 Christus
1541 557 1753 629 pradi-
1780 557 1833 618 Α
1867 557 1981 613 Hoc
2020 556 2132 613 illis
2169 557 2325 624 dicit,
2359 557 2508 630 quod
2545 571 2728 612 amore
2780 572 3002 612 suorum
3063 556 3449 616 defunctorum

141 653 335 716 catur,
367 647 518 721 quod
572 665 641 705 ex
693 648 927 730 mortuis
980 647 1302 716 resurrexit,
1343 647 1618 720 quomodo
1657 646 1752 702 di-

141 743 293 792 cunt
308 736 532 810 quidam
556 738 702 795 inter
718 755 834 806 vos,
863 736 1122 810 quoniam
1153 737 1481 793 resurrectio
1510 745 1753 794 mortuo-

141 841 284 882 rum
317 844 428 883 non
477 837 558 885 est
579 829 608 885 ‘P
664 829 718 884 Si
750 844 876 900 ergo
908 827 1233 883 resurrectio
1265 834 1610 883 mortuorum
1641 843 1753 883 non

140 922 258 983 est,
303 933 481 991 neque
520 917 772 976 Christus
828 916 1149 972 resurrexit.
1181 915 1238 973 Si
1281 925 1464 972 autem
1497 915 1752 974 Christus

139 1019 270 1060 non
305 1007 622 1075 resurrexit,
655 1007 836 1062 inanis
865 1014 948 1062 est
976 1005 1292 1079 praedicatio
1339 1013 1544 1074 nostra,
1578 1023 1751 1063 vacua

139 1102 233 1152 est
267 1105 324 1152 et
350 1097 484 1152 ﬁdes
510 1102 710 1152 vestra.
735 1122 752 1144 ι
771 1097 898 1152 Haec
925 1112 956 1152 a
977 1094 1130 1151 falsis
1160 1096 1423 1167 apostolis
1457 1104 1612 1152 erant
1643 1105 1750 1152 tra-

137 1184 294 1254 dita,
327 1185 421 1258 qui
454 1184 732 1243 Christum
769 1201 946 1258 neque
978 1192 1192 1253 natum,
1232 1201 1409 1258 neque
1468 1184 1525 1240 in
1587 1201 1748 1242 carne

137 1289 395 1346 passum,
439 1291 612 1349 neque
643 1275 1008 1332 resurrexisse
1038 1275 1426 1333 asseverabant
1459 1291 1471 1330 :
1523 1293 1660 1348 quos
1695 1284 1748 1332 et

136 1363 390 1421 Joannes
416 1368 696 1436 apostolus
723 1366 967 1433 denotat,
1001 1365 1148 1440 quod
1181 1366 1461 1423 Christum
1495 1367 1554 1422 in
1585 1384 1746 1424 carne

137 1455 370 1514 venisse
398 1457 684 1529 negabant.
706 1459 859 1514 Unde
889 1457 1026 1515 dicit
1051 1475 1062 1512 :
1100 1482 1118 1504 ι
1143 1457 1249 1526 Qui
1273 1466 1433 1531 negat
1462 1458 1746 1517 Christum

136 1544 203 1601 in
235 1561 406 1602 carne
437 1547 672 1616 venisse,
695 1548 786 1605 hic
817 1556 896 1604 est
926 1546 1305 1605 Antichristus
1331 1566 1341 1604 :
1379 1556 1433 1604 et
1459 1550 1553 1622 qui
1585 1557 1744 1622 negat

135 1634 382 1704 Filium,
413 1651 514 1693 nec
542 1636 755 1694 Patrem
786 1636 949 1694 habet
983 1638 1040 1709 (Ι
1063 1637 1220 1692 Joan.
1255 1654 1315 1706 II,
1348 1638 1437 1705 22,
1471 1638 1586 1709 23).
1610 1664 1628 1687 ι
1649 1637 1743 1693 Isti

133 1723 529 1791 ambulabant,
559 1733 614 1782 et
642 1725 1007 1800 quorumdam
1040 1726 1225 1794 ﬁdem,
1259 1744 1327 1783 ne
1367 1727 1744 1800 imprudentes

131 1831 167 1870 a
228 1814 432 1871 mundi
497 1815 837 1888 sapientibus
889 1813 1294 1885 judicarentur,
1328 1815 1738 1882 subvertebant;

131 1903 276 1976 quia
318 1905 615 1976 prudentes
652 1904 837 1960 saeculi
884 1905 1114 1960 stultum
1161 1904 1438 1977 judicant,
1472 1923 1598 1962 cum
1629 1923 1737 1962 au-
1771 1914 1816 1975 B

130 1992 314 2049 diunt
357 1993 813 2050 resurrectionem
846 2001 1212 2050 mortuorum.
1246 1995 1405 2062 Quod
1435 1995 1502 2063 si,
1537 1995 1740 2068 inquit,

131 2098 340 2137 verum
364 2089 446 2139 est
467 2083 597 2157 quia
626 2083 878 2141 Christus
904 2099 1016 2138 non
1046 2083 1370 2152 resurrexit,
1399 2084 1521 2139 falsi
1552 2101 1743 2140 sumus

129 2171 552 2244 praedicatores,
594 2179 646 2226 et
677 2170 810 2227 ﬁdes
841 2180 1024 2226 vestra
1061 2171 1242 2226 inanis
1272 2179 1372 2227 est.
1423 2173 1537 2228 Hoc
1591 2173 1738 2229 enim

129 2259 521 2326 crediderunt,
551 2259 819 2331 Apostolo
867 2259 1221 2332 praedicante,
1255 2261 1386 2332 quia
1414 2262 1620 2316 mortui
1650 2278 1738 2318 re-

129 2357 394 2422 surgent,
446 2356 501 2405 et
555 2349 658 2406 hac
713 2365 806 2421 spe
855 2349 1072 2406 attracti
1113 2357 1244 2404 sunt
1274 2350 1344 2406 ad
1373 2349 1562 2406 ﬁdem.
1597 2355 1738 2413 162

129 2448 303 2517 Quod
359 2448 552 2522 utique
607 2448 674 2504 ad
730 2448 1123 2506 detrimentum
1182 2449 1406 2505 illorum
1474 2450 1737 2523 proﬁcere

128 2537 358 2606 asserit,
388 2537 433 2594 si
473 2536 826 2594 crediderunt
865 2537 1011 2611 quod
1067 2537 1321 2594 futurum
1375 2554 1487 2595 non
1527 2548 1648 2596 est:
1684 2548 1738 2596 et

129 2627 372 2699 pudoris
400 2636 501 2697 est,
533 2635 596 2684 ut
623 2627 824 2701 aliquis
845 2627 1168 2700 proﬁteatur
1195 2627 1301 2684 hoc
1330 2645 1386 2685 se
1415 2629 1736 2699 credidisse,

129 2717 288 2788 quod
319 2717 518 2774 falsum
552 2725 653 2774 est.
689 2718 760 2772 Et
792 2717 1180 2774 verecundiam
1211 2733 1339 2789 ergo
1367 2717 1482 2774 illis
1511 2718 1733 2786 incutit,

127 2814 184 2862 et
242 2806 462 2863 labores
519 2807 742 2862 illorum
799 2806 938 2864 dicit
988 2807 1396 2874 infructuosos;
1457 2807 1504 2864 si
1535 2808 1738 2880 quoda

130 2903 293 2961 falsis
353 2902 615 2976 apostolis
656 2905 971 2973 audierunt,
1003 2921 1194 2961 verum
1235 2913 1336 2973 est,
1369 2905 1499 2979 quia
1530 2906 1735 2962 mortui

128 3009 247 3051 non
280 3007 615 3070 resurgent:
667 2995 814 3069 quod
865 3010 1029 3051 nemo
1087 2994 1277 3067 utique
1332 2993 1400 3050 de
1445 3009 1502 3049 se
1529 2994 1736 3060 patitur

129 3085 364 3154 audire;
404 3095 466 3144 ut
495 3087 746 3144 videntes
774 3086 879 3142 hoc
907 3091 1101 3142 contra
1138 3101 1194 3140 se
1223 3101 1356 3154 esse,
1392 3092 1732 3141 reverteren-

130 3181 226 3230 tur
254 3175 328 3231 ad
356 3175 588 3249 primam
621 3175 808 3232 ﬁdem.

1863 645 2280 720 nolunt_audire
2317 662 2328 699 :
2360 653 2421 701 ut
2451 644 2564 700 illis
2592 651 2857 718 amputet,
2889 643 3036 716 quod
3065 645 3218 717 prius
3246 662 3343 717 per
3369 662 3452 702 ere

1862 751 2039 790 rorem
2063 734 2319 791 volebant
2348 734 2558 790 audire.

1934 827 2115 897 (Vers.
2153 827 2266 898 19.)
2311 850 2329 874 ε
2383 826 2440 883 Si
2487 826 2546 882 in
2578 825 2681 884 hac
2711 826 2827 881 vita
2861 833 3077 882 tantum
3116 825 3174 882 in
3227 825 3450 884 Christo

1860 925 2138 988 sperantes
2189 932 2399 984 sumus,
2464 915 2892 974 miserabiliores
2947 931 3136 971 sumus
3193 916 3450 973 omnibus

1859 1003 2199 1060 hominibus.
2233 1029 2251 1053 ι
2290 1004 2642 1060 Manifestum
2685 1012 2768 1060 est
2817 1003 2946 1076 quia
2983 1011 3037 1059 et
3083 1004 3140 1059 in
3169 1002 3274 1060 hac
3300 1021 3452 1077 pra-

1858 1094 2001 1149 senti
2049 1093 2164 1149 vita
2219 1104 2274 1152 et
2324 1094 2382 1149 in
2421 1094 2610 1150 futura
2646 1110 2928 1167 speramus
2966 1094 3026 1150 in
3052 1093 3314 1160 Christo;
3348 1110 3451 1150 nec

1858 1183 2006 1240 enim
2037 1183 2128 1239 hic
2155 1183 2357 1239 deserit
2385 1200 2572 1239 servos
2601 1200 2730 1240 suos
2759 1182 3033 1252 Christus,
3063 1183 3158 1239 sed
3189 1181 3284 1239 dat
3336 1182 3451 1239 illis

1858 1271 2084 1343 gratiam
2120 1271 2259 1343 (45),
2293 1280 2345 1327 et
2397 1271 2454 1327 in
2501 1272 2690 1327 futuro
2730 1279 2894 1328 erunt
2933 1288 2988 1326 in
3019 1271 3194 1344 gloria
3221 1278 3444 1328 aeterna.

1855 1359 1913 1415 Si
1968 1368 2148 1416 autem
2204 1360 2403 1417 futurae
2456 1361 2586 1417 vitai
2641 1377 2761 1433 spes
2816 1377 2928 1416 non
2985 1369 3149 1426 esset,
3188 1360 3448 1417 omnibus

1854 1451 2194 1522 hominibus,
2228 1454 2375 1527 quod
2405 1454 2569 1522 dixit,
2604 1453 3030 1510 miserabiliores
3072 1470 3335 1510 essemus.
3373 1456 3445 1511 Ut

1854 1541 1987 1614 quid
2043 1543 2190 1599 enim
2241 1542 2474 1616 jejunia,
2517 1544 2744 1616 vigiliae,
2786 1544 2988 1613 exitus,
3047 1544 3252 1600 munda
3308 1544 3444 1612 vita,

1847 1629 2084 1700 justitia,
2118 1632 2512 1702 misericordia,
2548 1649 2716 1700 mors,
2769 1633 2816 1688 si
2868 1648 2966 1705 pro
2997 1633 3084 1689 his
3113 1633 3268 1689 nulla
3304 1649 3444 1690 mer-

1852 1734 1939 1774 ces
1991 1717 2097 1775 erit
2146 1719 2205 1774 in
2255 1720 2492 1776 futuro?
2531 1719 2807 1776 Increduli
2838 1728 3019 1776 autem
3050 1721 3137 1777 vel
3178 1720 3281 1779 hac
3327 1722 3444 1778 vita

1849 1807 2129 1864 fruuntur.

1923 1906 2104 1977 (Vers.
2137 1906 2226 1975 20,
2260 1907 2374 1976 21.)
2407 1931 2425 1952 ‹
2445 1907 2603 1964 Nunc
2630 1914 2811 1963 autem
2843 1906 3097 1965 Christus
3128 1907 3442 1964 resurrexit

1851 2013 1881 2052 a
1911 1997 2161 2066 mortuis,
2195 1997 2419 2053 initium
2449 1995 2885 2064 dormientium;
2918 1997 3180 2069 quoniam
3213 1997 3437 2070 quidem

1852 2104 1946 2160 per
1998 2087 2280 2143 hominem
2338 2104 2503 2154 mors,
2537 2095 2592 2143 et
2647 2103 2741 2158 per
2793 2086 3074 2142 hominem
3112 2086 3441 2143 resurrectio

1850 2184 2218 2234 mortuorum.
2250 2200 2268 2223 ι
2314 2177 2440 2232 Haec
2469 2175 2678 2243 dicens,
2707 2175 2882 2247 tangit
2911 2175 3437 2248 pseudoprophetas,

1849 2263 1942 2336 qui
1974 2264 2257 2321 Christum
2311 2272 2500 2321 natum
2554 2264 2843 2337 negabant,
2903 2280 2965 2320 ac
3015 2280 3112 2336 per
3165 2263 3272 2321 hoc
3326 2280 3440 2322 non

1848 2353 2209 2411 resurrexisse
2255 2371 2474 2411 carnem
2508 2372 2520 2410 :
2571 2354 2700 2427 quia
2741 2354 2836 2427 qui
2863 2361 3025 2410 natus
3053 2370 3165 2410 non
3202 2361 3306 2423 est,
3340 2371 3441 2410 nec

1849 2444 2100 2499 moritur.
2133 2443 2224 2500 Sic
2263 2451 2446 2500 autem
2489 2443 2684 2516 probat
2713 2442 2997 2499 Christum
3027 2459 3058 2498 a
3089 2441 3324 2499 mortuis
3354 2459 3439 2498 re-

1846 2532 2168 2600 surrexisse,
2215 2531 2344 2605 quia
2382 2531 2550 2587 homo
2578 2531 2706 2599 fuit,
2745 2540 2806 2587 ut
2835 2530 3065 2588 dubium
3097 2547 3208 2586 non
3238 2530 3310 2588 sit
3338 2529 3434 2586 ho-

1846 2621 2050 2678 minem
2081 2639 2113 2677 a
2137 2625 2252 2678 Deo
2281 2639 2314 2676 a
2335 2621 2566 2677 mortuis
2594 2621 2930 2688 excitatum;
2962 2630 3024 2677 ut
3051 2621 3182 2694 quia
3211 2628 3434 2692 peccato

1847 2709 2088 2765 hominis
2114 2727 2262 2765 mors
2290 2710 2515 2764 inventa
2543 2718 2642 2776 est,
2676 2708 2880 2766 Christi
2906 2707 3125 2781 justitia
3162 2725 3431 2765 resurrec-

1845 2797 2050 2854 tionem
2082 2799 2345 2855 meruerit
2372 2805 2737 2854 mortuorum.

1918 2897 2098 2968 (V'ers.
2123 2897 2237 2968 22.)
2275 2921 2293 2943 ι
2322 2896 2476 2952 Sicut
2501 2896 2647 2952 enim
2679 2896 2737 2950 in
2767 2895 2942 2950 Adam
2974 2910 3166 2950 omnes
3185 2895 3430 2951 moriun-

1844 2991 1953 3051 tur,
1987 2985 2064 3039 ita
2092 2992 2145 3040 et
2173 2985 2231 3040 in
2271 2984 2492 3042 Christo
2522 3001 2711 3040 omnes
2759 2983 3211 3040 viviﬁcabuntur.
3251 3008 3270 3030 ι
3317 2985 3432 3040 Hoc

1843 3073 1997 3142 dicit,
2031 3076 2159 3148 quia
2201 3075 2344 3131 sicut
2373 3075 2548 3131 Adam
2589 3090 2818 3147 peccans
2845 3080 3078 3129 mortem
3109 3072 3346 3140 invenit,
3377 3083 3432 3130 et

1841 3181 2031 3221 omnes
2060 3181 2128 3220 ex
2158 3163 2276 3236 ejus
2303 3163 2515 3237 origine
2544 3163 2744 3233 tenuit,
2776 3171 2838 3220 ut
2863 3161 3240 3219 dissolvantur
3270 3161 3386 3233 (46)
3415 3179 3427 3217 :

205 3266 398 3338 (Vers.
439 3267 552 3339 15.)
597 3290 616 3315 ι
671 3264 994 3323 Invenimur
1048 3269 1233 3320 autem
1285 3270 1340 3319 et
1389 3262 1515 3318 falsi
1568 3270 1733 3320 testes

1853 3253 1921 3308 ita
1949 3261 2002 3309 et
2031 3253 2283 3310 Christus
2331 3270 2441 3309 non
2497 3269 2748 3324 peccans,
2779 3260 2834 3308 et
2890 3269 2986 3325 per
3040 3252 3147 3308 hoc
3199 3251 3430 3308 vincens

129 3354 232 3410 Dei
279 3373 292 3422 ;
332 3355 459 3429 quia
499 3355 878 3412 testimonium
919 3353 1166 3409 diximus
1219 3352 1479 3408 adversus
1535 3355 1730 3420 Deum,

129 3444 285 3517 quod
317 3446 665 3504 suscitaverit
694 3445 996 3509 Christum,
1027 3459 1188 3514 quem
1220 3458 1331 3497 non
1357 3441 1666 3498 suscitant.
1701 3465 1717 3487 -

129 3532 239 3599 Qui
272 3535 468 3590 asserit
505 3534 654 3607 quod
680 3532 964 3590 Christum
994 3533 1139 3586 Deus
1167 3549 1199 3587 a
1229 3531 1463 3587 mortuis
1491 3531 1733 3586 suscita-

129 3620 237 3690 vit,
268 3623 444 3679 falsus
499 3630 581 3679 est
633 3619 806 3686 testis,
837 3618 884 3673 si
916 3634 1027 3674 non
1057 3627 1138 3674 est
1163 3619 1370 3675 factum
1398 3637 1412 3686 ;
1465 3617 1730 3673 virtutem

121 3719 324 3789 tamen
352 3713 452 3768 Dei
483 3712 765 3784 praedicat,
799 3727 911 3768 non
963 3710 1154 3782 utique
1208 3716 1270 3764 ut
1312 3707 1594 3774 inimicus,
1636 3707 1730 3780 qui

130 3809 246 3857 tam
281 3800 608 3856 admirabile
647 3801 854 3857 factum
894 3798 1091 3854 virtuti
1128 3797 1248 3866 ejus
1292 3796 1536 3853 ascribit.
1572 3795 1729 3862 Quod

129 3890 174 3948 si
219 3907 421 3946 verum
463 3897 578 3958 est,“
597 3889 726 3962 quia
763 3887 1029 3945 excitavit
1070 3887 1350 3944 Christum
1391 3902 1422 3942 a
1471 3886 1726 3956 mortuis,

131 3981 269 4056 quid
303 3981 436 4038 huic
463 3980 758 4037 dicendum
788 3989 869 4036 est
900 3979 1038 4051 (43),
1071 3977 1165 4050 qui
1219 3986 1272 4033 et
1329 3977 1482 4033 testis
1538 3985 1729 4035 contra

133 4072 312 4128 Deum
341 4070 516 4126 falsus
544 4078 648 4135 est,
684 4077 738 4125 et
763 4085 900 4141 opus
927 4067 1044 4139 ejus
1072 4066 1366 4122 stultitiam
1393 4066 1585 4122 asserit
1609 4066 1636 4122 ?

206 4159 395 4230 (Vers.
438 4160 524 4228 16,
585 4159 698 4230 17.)
744 4183 762 4205 ι
791 4158 926 4214 Nam
957 4157 1002 4213 si
1033 4155 1237 4212 mortui
1267 4173 1376 4211 non
1415 4162 1725 4227 resurgunt,

138 4267 314 4324 neque
343 4249 596 4308 Christus
636 4249 956 4305 resurrexit.
1006 4249 1163 4316 Quod
1217 4247 1262 4304 si
1312 4247 1564 4306 Christus
1616 4262 1725 4302 non

138 4340 459 4407 resurrexit,
496 4355 638 4395 vana
666 4347 748 4395 est
778 4337 913 4395 ﬁdes
941 4345 1160 4404 vestra;
1209 4336 1390 4392 adhuc
1419 4335 1566 4392 enim
1597 4335 1728 4392 estis

140 4427 193 4482 in
219 4429 457 4500 peccatis
486 4427 704 4484 vestris.
735 4428 879 4499 Ergo
910 4434 964 4482 et
992 4425 1086 4496 qui
1117 4424 1460 4482 dormierunt
1487 4424 1545 4480 in
1573 4424 1727 4482 Chri-

140 4525 238 4585 sto,
303 4517 605 4589 perierunt.
665 4537 692 4568 »
723 4517 911 4571 Terret
969 4514 1114 4581 illos,
1163 4523 1224 4570 ut
1273 4513 1401 4586 quia
1430 4530 1592 4570 nemo
1623 4509 1728 4570 sibi

1847 3354 2076 3402 mortem
2109 3346 2262 3420 (quia
2286 3346 2380 3419 qui
2406 3362 2518 3402 non
2548 3353 2753 3417 peccat,
2801 3344 2978 3400 vincit
3016 3352 3268 3410 mortem;
3302 3345 3432 3417 quia

1845 3451 1992 3491 mors
2043 3454 2111 3491 ex
2159 3436 2425 3509 peccato),
2456 3435 2712 3490 omnibus
2754 3433 2848 3506 qui
2895 3441 3024 3488 sunt
3058 3450 3124 3488 ex
3157 3431 3274 3504 ejus
3311 3451 3426 3490 cor-

1846 3541 1992 3595 pore,
2023 3525 2318 3597 acquisivit
2345 3524 2537 3591 vitam,
2561 3523 2617 3579 id
2639 3531 2720 3578 est
2738 3523 3211 3579 resurrectionem.
3230 3524 3428 3590 Quam-

1846 3613 1931 3669 vis
1985 3630 2111 3686 ergo
2165 3615 2469 3686 generalem
2517 3612 2776 3669 tribuerit
2835 3611 3310 3680 resurrectionem,
3366 3620 3430 3669 ut

1842 3704 1984 3760 sicut
2020 3704 2078 3759 in
2109 3703 2282 3760 Adam
2313 3720 2501 3759 omnes
2525 3703 2640 3759 sive
2664 3701 2799 3774 justi
2832 3703 2947 3758 sive
2978 3701 3430 3773 injustimoriun-

1841 3801 1952 3862 tur,
1985 3793 2060 3848 ita
2103 3803 2156 3849 et
2210 3793 2267 3849 in
2313 3793 2532 3851 Christo
2557 3809 2764 3859 omnes,
2798 3800 2908 3848 tam
2943 3791 3227 3848 credentes
3263 3808 3426 3865 quam

1840 3881 2170 3950 diﬁidentes,
2202 3890 2507 3954 resurgant,
2551 3882 2679 3939 licet
2726 3881 2793 3937 ad
2842 3897 3057 3953 pinnam
3106 3881 3424 3948 increduli;

1839 3978 2024 4026 tamen
2050 3970 2320 4028 viviﬁcari
2352 3970 2643 4038 videntur;
2695 3969 2826 4043 quia
2875 3986 3106 4042 corpora
3148 3986 3247 4026 sua
3277 3970 3429 4026 reci-

1840 4062 2010 4133 pient,
2041 4059 2156 4133 jam
2187 4078 2298 4116 non
2330 4061 2603 4130 morituri,
2637 4059 2730 4117 sed
2769 4060 2978 4133 passuri
3019 4076 3234 4134 poenam
3265 4059 3322 4115 in
3349 4060 3429 4116 eis

1839 4151 1956 4206 sine
1984 4151 2093 4206 ﬁne
2123 4167 2135 4205 :
2171 4151 2318 4224 quod
2347 4149 2566 4207 credere
2595 4151 2913 4206 noluerunt.

1913 4251 2094 4322 (Vers.
2128 4249 2244 4320 23.)
2279 4273 2296 4296 ι
2318 4250 2701 4324 Unusquisque
2731 4258 2912 4306 autem
2942 4249 3000 4306 in
3030 4267 3128 4307 suo
3158 4248 3370 4306 ordine.
3395 4274 3413 4297 ι

1838 4341 1996 4398 Nunc
2021 4341 2270 4397 ordinem
2304 4341 2722 4398 resurrectionis
2742 4343 2864 4399 vult
2892 4358 3186 4414 exponere,
3205 4358 3273 4397 ne
3303 4341 3427 4397 ideo

1839 4437 2093 4502 putarent
2149 4429 2456 4488 fabulosum
2516 4447 2650 4496 esse,
2705 4431 2834 4503 quia
2891 4431 3090 4487 factum
3161 4446 3273 4485 non
3345 4437 3428 4484 est

1840 4518 2022 4574 adhuc
2051 4519 2107 4574 in
2134 4520 2346 4574 caeteris
2381 4537 2391 4573 :
2425 4519 2644 4575 ordines
2675 4518 2789 4575 illis
2818 4518 3046 4591 exponit
3075 4525 3129 4573 et
3154 4525 3422 4589 tempora,

144 4607 277 4662 male
328 4607 470 4674 vult,
503 4605 686 4662 doleat
715 4605 827 4662 illis
868 4605 973 4661 hoc
1017 4603 1244 4677 cmpisse
1291 4603 1534 4672 credere,
1579 4603 1727 4677 quod
1761 4619 1810 4678 1)
1841 4608 2059 4681 quando
2087 4607 2294 4664 factum
2334 4608 2424 4677 sit,
2458 4616 2512 4663 et
2540 4607 2758 4680 quando
2803 4608 3052 4663 futurum
3097 4615 3199 4674 est,
3247 4613 3309 4660 ut
3346 4620 3425 4659 re-

142 4706 326 4754 contra
356 4697 506 4770 ipsos
533 4705 638 4755 est.
667 4696 802 4764 Quis
856 4695 1004 4752 enim
1066 4702 1286 4767 peccata
1340 4693 1444 4748 sibi
1503 4693 1729 4748 remissa

145 4785 276 4841 nolit
303 4785 546 4842 audire?

213 4875 394 4944 (Vers.
430 4874 542 4945 18.)
589 4899 606 4922 ι
637 4875 780 4946 Ergo
807 4880 860 4928 et
890 4873 985 4945 qui
1014 4871 1365 4928 dormierunt
1398 4869 1454 4926 in
1483 4869 1723 4938 Christo,

147 4963 438 5033 perierunt.
466 4990 484 5011 ι
518 4963 689 5020 Addit
718 4963 786 5019 ad
814 4970 1102 5026 terrorem,
1131 4962 1260 5034 quia
1285 4961 1577 5016 charorum
1603 4976 1726 5016 suo-

149 5071 260 5112 rum
309 5073 593 5114 excessum
645 5058 841 5112 nolunt
878 5055 1147 5111 zestimare
1187 5053 1550 5126 perditionem
1584 5052 1723 5125 (44).

150 5144 245 5212 Qui
272 5149 421 5204 enim
459 5149 561 5205 sub
618 5147 720 5204 hac
774 5163 866 5218 spe
921 5145 989 5200 de
1045 5145 1245 5202 saeculo
1304 5143 1578 5212 exierunt,
1610 5144 1728 5200 sive

152 5235 314 5293 occidi
371 5253 482 5294 non
537 5237 885 5304 timuerunt;
960 5235 1090 5309 quia
1145 5251 1423 5307 resurgere
1473 5237 1727 5306 exemplo

153 5321 343 5382 Christi
371 5325 744 5393 crediderunt,
777 5332 830 5380 et
867 5339 978 5379 non
1024 5331 1107 5378 est
1151 5339 1365 5389 verum,
1420 5321 1724 5394 perierunt.

218 5501 322 5574 (43)
355 5505 482 5560 Mss.
517 5503 706 5570 Corb.,
736 5503 865 5574 quid
889 5502 970 5557 hic
995 5502 1244 5557 dicendus
1269 5507 1360 5556 est.

218 5572 328 5644 (44)
364 5575 513 5632 Idem
530 5575 656 5632 cod.
674 5572 860 5642 Corb.,
895 5575 1075 5628 volunt
1102 5573 1363 5628 azstimare
1386 5573 1722 5644 perditionis.

156 5640 269 5717 Mox
309 5640 460 5714 vero,
492 5647 586 5703 ubi
617 5662 808 5702 omnes
836 5640 968 5701 edit.
1001 5661 1063 5700 ac
1094 5661 1222 5700 mss.
1275 5640 1434 5717 longe
1474 5644 1722 5716 plurimi,

161 5713 253 5788 Qui
275 5719 405 5772 enim
435 5713 544 5772 non
573 5717 876 5783 timuerunt,
907 5717 999 5770 sub
1020 5717 1115 5772 hac
1140 5733 1246 5788 spe,
1277 5713 1406 5785 etcf,
1444 5713 1543 5773 ms.
1579 5717 1726 5776 Vall.

159 5785 322 5856 aptius
349 5789 500 5865 legit,
542 5798 603 5847 ut
632 5805 732 5846 nos
762 5789 818 5846 in
854 5794 1028 5845 textu.

1837 4705 2062 4771 surgant
2090 4697 2318 4755 mortui.
2367 4723 2384 4745 ι
2414 4697 2639 4754 Initium
2675 4697 2944 4754 Christus.
2977 4722 2996 4744 ι
3039 4696 3192 4751 Sicut
3223 4694 3281 4749 in
3306 4694 3426 4749 Ac—

1835 4788 1983 4843 tibus
2010 4789 2398 4860 Apostolorum
2431 4793 2661 4843 testatur
2691 4787 2955 4858 scriptum
2983 4801 3097 4840 esse
3125 4783 3185 4837 in
3213 4783 3420 4855 Moyse.

1852 4900 1868 4923 ι
1899 4876 1956 4932 Si
2007 4877 2287 4949 passibilis
2332 4876 2605 4941 Christus,
2654 4875 2700 4929 si
2741 4873 2892 4944 prior
2928 4887 3153 4943 surgens
3179 4888 3249 4926 ex
3281 4887 3422 4926 mor-

1836 4965 1948 5021 tuis
1983 4966 2119 5036 (Act.
2168 4982 2328 5030 xxvr,
2361 4965 2476 5033 23),
2508 4971 2612 5018 etc.
2651 4985 2670 5008 ι
2713 4961 2871 5016 Prior
2915 4977 3043 5034 ergo
3097 4960 3420 5028 resurrexit,

1835 5061 1897 5108 ut
1926 5053 2102 5109 forma
2129 5054 2283 5110 ﬁeret
2311 5051 2660 5108 credentibus
2693 5049 2800 5106 sibi
2843 5049 2986 5121 (47).
3042 5075 3060 5098 ι
3087 5049 3297 5107 Deinde
3327 5052 3422 5124 qui

1835 5150 1964 5197 sunt
1992 5140 2217 5208 Christi,
2246 5139 2340 5212 qui
2388 5138 2445 5192 in
2488 5137 2788 5193 adventum
2830 5137 2948 5209 ejus
2981 5137 3354 5196 crediderunt.
3389 5163 3408 5187 ι

1836 5231 1950 5287 Hoc
1975 5229 2183 5302 duplici
2214 5227 2375 5284 modo
2404 5228 2826 5301 intelligendum
2857 5237 2957 5298 est,
2990 5229 3120 5303 quia
3145 5237 3198 5285 et
3229 5231 3284 5285 in
3329 5229 3420 5282 ad-

1836 5328 2002 5377 ventu
2044 5319 2161 5390 ejus
2201 5319 2444 5376 secundo
2489 5318 2664 5376 sancti
2703 5329 3010 5391 resurgent,
3051 5319 3212 5392 juxta
3254 5317 3417 5373 ﬁdem

2056 5500 2240 5575 Codex
2273 5499 2444 5575 Yall.,
2466 5498 2555 5554 sed
2583 5497 2805 5575 dqtillis
2832 5496 3078 5568 gloriam.
3119 5565 3129 5574 .
3295 5567 3304 5574 .
3349 5566 3356 5575 _

1907 5570 2023 5643 (46)
2055 5573 2213 5630 Rom.
2245 5571 2402 5640 edit.,
2432 5577 2480 5626 et
2508 5570 2688 5639 tenuit,
2713 5575 2770 5624 ut
2797 5583 2969 5623 omnes
2994 5584 3058 5622 ex
3082 5570 3194 5636 ejus
3218 5570 3422 5638 origine

1833 5643 2214 5699 dissolvantur.

1906 5714 2210 5842 (47);,Corb.
2238 5714 2385 5783 cod.,
2419 5720 2476 5768 ut
2501 5712 2658 5786 ﬁrma
2687 5711 2827 5784 ﬁeret
2850 5709 3175 5766 credentibus
3204 5707 3305 5765 sibi
3338 5725 3416 5763 re-

1906 5804 2014 5842 rrec
2039 5805 2108 5842 to.

1832 5803 1928 5844 sur
1931 5803 2108 5845 recito.
