3976 6368
529 421 633 479 279

1554 423 1652 482 AD
1691 421 1929 484 OPERA
1963 421 2020 482 S.
2059 421 2395 484 AMBROSII
2433 425 2816 488 APPENDIX.

3734 431 3844 490 280

533 545 898 622 Apocalypsis
931 543 1161 604 Joannis
1179 545 1368 622 (Apoc.
1397 563 1495 618 xx,
1528 547 1642 622 12),
1673 549 1893 608 sicutet
1919 550 1976 606 in
1995 553 2137 616 163
2165 549 2220 612 Α
2241 551 2316 620 ei,
2358 551 2502 610 sicut
2531 551 2710 611 Filius
2753 551 2902 612 Patri
2931 569 2988 612 se
3025 553 3299 629 subjecit;
3344 555 3713 632 incongruum
3757 569 3842 618 est

530 648 712 720 primo
743 647 984 705 adventu
1015 665 1142 706 cum
1173 649 1500 718 resurrexit,
1531 649 1707 706 multa
1735 665 1963 724 corpora
2004 665 2122 706 san-

530 747 744 798 ctorum
799 747 1222 796 resurrexerunt
1252 739 1467 810 (Matth.
1516 756 1698 810 xxvu,
1745 739 1862 812 52),
1899 738 1969 795 ad
1997 754 2124 812 pro-

532 839 875 889 testationem
908 829 1068 888 victae
1101 829 1296 886 mortis
1321 847 1384 887 ac
1413 831 1678 904 spoliatae.
1713 831 1824 888 Sub
1857 847 1968 906 una
1995 846 2124 902 ergo

528 921 930 996 signiﬁcatione
960 919 1236 994 duplicem
1263 919 1562 977 adventum
1595 919 1818 978 Domini
1871 937 2122 994 compre-

529 1011 745 1072 hendit.

602 1103 784 1177 (Vers.
818 1101 906 1170 24,
938 1101 1028 1170 25,
1053 1100 1168 1176 26.)
1215 1124 1233 1148 ι
1264 1099 1474 1158 Deinde
1496 1099 1643 1169 ﬁnis,
1673 1117 1800 1158 cum
1830 1099 2123 1158 tradiderit

527 1211 754 1267 regnum
787 1194 900 1249 Deo
938 1200 992 1248 et
1027 1191 1196 1262 Patri,
1225 1207 1351 1248 cum
1382 1190 1695 1248 destituerit
1724 1209 1944 1248 omnem
1975 1191 2120 1267 prin-

525 1285 768 1358 cipatum
797 1289 852 1339 et
879 1297 1100 1340 omnem
1131 1287 1477 1354 potestatem,
1498 1290 1554 1339 et
1582 1297 1803 1340 omnem
1833 1281 2118 1350 virtutem,

524 1383 578 1432 et
605 1388 822 1434 omnem
858 1370 1316 1429 dominationem.
1349 1370 1582 1443 Oportet
1618 1370 1768 1428 enim
1813 1371 1972 1428 illum
2026 1387 2124 1427 re-

525 1479 710 1538 gnare,
745 1461 920 1520 donec
970 1469 1138 1535 ponat
1185 1477 1378 1518 omnes
1426 1460 1683 1518 inimicos
1739 1459 1840 1517 sub
1889 1459 2122 1534 pedibus

524 1553 678 1626 ejus;
711 1551 897 1608 omnia
925 1550 1074 1606 enim
1112 1549 1350 1622 subjecit
1379 1549 1482 1606 sub
1509 1549 1742 1624 pedibus
1771 1547 1907 1622 ejus.
1931 1548 2124 1606 Novis-

523 1644 660 1702 sime
687 1649 870 1698 autem
903 1639 1134 1698 inimica
1187 1639 1503 1697 destruetur
1559 1655 1725 1696 mors.
1758 1663 1778 1687 ι
1819 1639 1934 1695 Hoc
1962 1636 2117 1710 dicit,

522 1731 652 1806 quia
684 1730 888 1787 trodito
915 1745 1082 1800 regno
1113 1727 1244 1784 ﬁnis
1273 1727 1384 1784 erit
1425 1727 1642 1796 mundi,
1674 1727 1902 1800 impleta
1930 1743 2123 1784 resur-

519 1821 783 1880 rectione.
832 1817 990 1886 Quod
1019 1816 1243 1890 quidam
1289 1817 1468 1873 territi
1508 1817 1798 1890 asperitate
1829 1815 2119 1888 sermonis,

2233 643 2383 700 enim
2415 651 2478 700 ut
2499 643 2660 701 Pater
2682 643 3008 717 subjiciatur
3033 645 3198 703 Filio.
3221 646 3432 705 Omnia
3448 664 3578 722 ergo
3598 647 3840 724 subjecit

2234 732 2394 790 Pater
2422 733 2590 802 Filio,
2615 741 2678 790 ut
2707 732 2965 792 similiter
2993 734 3416 808 bonoriﬁcetur,
3457 737 3602 798 sicut
3645 739 3840 798 hono-

2233 822 2484 880 riﬁcatur
2503 831 2557 880 et
2585 824 2762 880 Pater.
2794 823 2932 883 Cum
2975 841 3100 899 ergo
3131 827 3320 883 omnia
3346 825 3596 886 confessa
3624 827 3840 888 fuerint

2233 911 2517 970 Christum
2568 914 2764 983 Deum,
2807 913 3081 971 substrata
3128 915 3364 990 pedibus
3409 915 3548 991 ejus,
3591 924 3726 977 tunc
3777 927 3835 977 et

2233 1000 2349 1074 ipse
2383 1000 2635 1060 Christus
2663 1002 2934 1060 Dominus
2963 1001 3288 1077 subjicietur
3325 1005 3440 1063 Deo
3476 1005 3624 1064 Patri
3655 1024 3669 1064 :
3715 1032 3734 1056 σ
3763 1007 3837 1065 Ut

2231 1093 2305 1152 sit
2331 1097 2478 1152 Deus
2507 1097 2695 1153 omnia
2719 1095 2778 1154 in
2815 1096 3093 1154 omnibus.
3128 1120 3146 1145 ι
3193 1097 3309 1154 Hoc
3334 1095 3498 1168 dicit,
3531 1099 3662 1172 quia
3703 1115 3833 1158 cum

2231 1183 2479 1241 omnium
2510 1183 2846 1260 principium
2877 1192 2931 1242 et
2957 1191 3285 1258 potestatum
3309 1192 3362 1241 et
3383 1184 3831 1245 dominationum

2229 1271 2400 1330 fuerit
2455 1289 2638 1346 pressa
2684 1273 2960 1347 superbia,
3020 1280 3074 1330 et
3126 1273 3480 1332 adoraverint
3543 1275 3829 1334 Christum

2231 1361 2386 1436 quasi
2412 1363 2609 1434 Denm,
2641 1369 2776 1420 tunc
2813 1371 2868 1420 et
2915 1361 3170 1421 Christus
3208 1370 3431 1438 propter
3460 1364 3682 1422 unicam
3721 1381 3834 1423 au-

2231 1451 2540 1510 ctoritatem
2572 1452 2750 1510 Patris
2781 1453 2925 1527 (50),
2955 1455 3133 1511 Deum
3180 1453 3405 1528 quidem
3453 1469 3511 1510 se
3555 1455 3831 1524 ostendet,

2228 1542 2324 1600 sed
2345 1541 2412 1599 de
2425 1544 2557 1610 Deo;
2591 1551 2655 1599 ut
2671 1542 2839 1600 unius
2869 1542 3130 1616 principii
3158 1543 3418 1601 sublimis
3446 1551 3501 1601 et
3532 1545 3832 1604 ineffabilis

2231 1631 2528 1688 auctoritas
2557 1639 2792 1689 maneat.
2808 1632 2926 1689 Hoc
2951 1639 3037 1688 est
3061 1631 3332 1706 subjicere
3351 1649 3408 1690 se
3427 1634 3632 1692 Filium
3651 1636 3826 1707 Patri,

2231 1722 2339 1780 hoc
2366 1731 2468 1794 est,
2512 1724 2689 1780 Deum
2735 1739 2852 1780 esse
2894 1723 3082 1781 omnia
3123 1721 3183 1780 in
3223 1723 3504 1795 omnibus,
3541 1725 3668 1800 quia
3695 1744 3830 1785 cum

2230 1815 2394 1874 discit
2450 1815 2632 1874 omnis
2687 1825 2936 1874 creatura
2978 1825 3143 1890 caput
3187 1831 3348 1874 suum
3377 1833 3494 1874 esse
3521 1817 3830 1888 Christum,

518 1913 652 1971 dum
679 1909 834 1985 quasi
864 1908 953 1984 pie
990 1907 1191 1965 volunt
1219 1906 1448 1977 sentire,
1477 1925 1508 1963 a
1553 1906 1886 1981 proprietate
1935 1923 2126 1965 sensus
2151 1908 2200 1971 B
2231 1905 2437 1964 Christi
2465 1915 2648 1963 autem
2699 1913 2864 1980 caput
2913 1908 3089 1964 Deum
3120 1906 3358 1978 Patrem,
3393 1906 3578 1964 omnia
3605 1907 3665 1963 in
3692 1904 3836 1966 om—"

519 2001 818 2060 declinant.
852 1999 1092 2056 Horrent
1127 1996 1276 2056 enim
1332 2013 1528 2054 sonum
1577 1996 1734 2054 verbi
1779 1995 2064 2054 audientes
2095 2013 2107 2052 :

533 2117 551 2139 ι
586 2091 724 2149 Cum
755 2085 1047 2146 tradiderit
1085 2103 1312 2160 regnum
1343 2087 1456 2143 Deo
1485 2095 1540 2144 et
1567 2085 1750 2156 Patri;
1799 2112 1818 2136 ι
1859 2093 2114 2160 putantes

519 2177 816 2237 traditione
848 2176 954 2235 hac
983 2175 1158 2248 regni,
1190 2175 1232 2232 si
1260 2174 1424 2249 juxta
1451 2193 1648 2233 sonum
1695 2175 1850 2234 verbi
1892 2175 2112 2233 intelli-

517 2277 696 2342 gatur,
727 2283 962 2326 vacuum
994 2282 1272 2323 remanere
1295 2265 1449 2339 (118);
1483 2273 1546 2322 ut
1572 2265 1617 2324 si
1641 2265 1832 2333 tradit,
1856 2263 1972 2338 jam
1998 2265 2114 2338 ipse

521 2379 632 2420 non
671 2361 870 2420 habeat
904 2374 916 2414 :
951 2357 1106 2432 quasi
1134 2359 1294 2415 Pater
1325 2357 1547 2415 tradens
1583 2357 1772 2415 omnia
1797 2355 1966 2426 Filio,
1991 2372 2112 2412 eva-

514 2451 766 2510 cuaverit
813 2466 888 2508 se.
929 2449 1064 2506 Nam
1105 2454 1159 2504 et
1195 2446 1312 2521 ipse
1359 2447 1634 2504 Dominus
1677 2446 1802 2503 ait:
1849 2469 1869 2494 ι
1915 2445 2114 2503 Omnia

518 2541 658 2598 mibi
684 2539 884 2597 tradita
911 2545 1040 2596 sunt
1068 2537 1285 2594 aPatre
1329 2553 1452 2594 meo
1498 2535 1710 2610 (Matth.
1765 2551 1848 2604 x1,
1897 2533 2030 2606 27);
2079 2558 2098 2582 ν

517 2638 571 2686 et
600 2637 785 2704 postea
815 2647 827 2686 :
874 2653 892 2676 ι
922 2628 1050 2686 Haec
1077 2634 1158 2684 est
1186 2635 1370 2684 autem
1401 2626 1518 2683 vita
1554 2634 1777 2694 aeterna,
1815 2631 1878 2680 ut
1915 2641 2111 2698 cogno-

517 2727 671 2777 scant
699 2728 751 2776 te
779 2720 957 2776 solum
983 2729 1178 2774 verum
1207 2717 1474 2786 Deum,et
1503 2730 1663 2789 quem
1696 2712 1896 2770 misisti
1925 2714 2108 2770 Iesum

518 2809 800 2870 Christum
850 2807 1032 2880 (Joan.
1075 2824 1216 2875 xvn,
1271 2805 1349 2878 3).
1395 2830 1414 2853 ι
1457 2805 1599 2862 Ecce
1648 2811 1905 2876 regnante
1943 2801 2110 2872 Filio,

519 2906 712 2973 regnat
759 2907 814 2955 et
849 2897 1028 2954 Pater.
1079 2895 1366 2964 Quomodo
1395 2901 1579 2951 autem
1609 2893 1832 2950 tradens
1879 2909 2106 2968 regnum

513 2989 691 3048 Filius
718 3003 983 3045 evacuare
1020 3001 1078 3042 se
1105 2985 1419 3042 crederetur
1449 2983 1589 3056 (49),
1621 2999 1748 3040 cum
1775 2981 1922 3041 dicat
1948 2999 2106 3056 ange-

511 3080 599 3137 lus
632 3079 700 3136 ad
728 3077 956 3134 Mariam
991 3094 1004 3133 :
1049 3099 1067 3122 ι
1095 3074 1168 3131 Et
1195 3073 1349 3130 dabit
1397 3073 1482 3128 illi
1526 3073 1796 3130 Dominus
1843 3074 1989 3130 Deus
2017 3090 2112 3130 se-

515 3170 640 3228 dem
672 3168 852 3228 David
875 3167 1046 3242 patris
1075 3164 1183 3234 sui,
1215 3171 1270 3220 et
1306 3163 1558 3236 regnabit
1579 3163 1638 3220 in
1667 3164 1832 3221 domo
1855 3162 2021 3221 Jacob
2050 3162 2108 3220 in

2225 1997 2389 2056 nibus
2416 2006 2498 2055 est
2525 2000 2672 2056 Deus
2723 1999 2902 2068 Pater,
2952 1997 3060 2055 hoc
3097 2005 3196 2067 est,
3242 2008 3304 2056 ut
3351 1998 3531 2057 omnis
3577 2005 3830 2058 creatura

2225 2103 2396 2144 unum
2427 2087 2648 2156 sentiat,
2689 2094 2752 2143 ut
2779 2103 2891 2144 una
2929 2101 3062 2144 voce
3091 2088 3273 2144 omnis
3299 2088 3489 2160 lingua
3517 2088 3825 2146 caelestium

2225 2184 2278 2234 et
2303 2175 2644 2232 terrestrium
2675 2182 2729 2231 et
2762 2175 3109 2232 infernorum
3141 2175 3470 2232 conﬁteatur
3496 2191 3671 2234 unum
3709 2193 3829 2235 esse

2225 2267 2397 2322 Deum
2433 2261 2696 2336 (Philipp.
2727 2280 2786 2332 ιι,
2823 2263 2912 2332 10,
2948 2263 3059 2335 11),
3091 2279 3160 2319 ex
3195 2279 3304 2338 quo
3353 2273 3482 2321 sunt
3525 2264 3733 2323 omnia.
3763 2266 3827 2325 Si

2224 2364 2406 2412 autem
2433 2353 2668 2410 dixisset
2700 2369 2712 2407 :
2764 2373 2783 2399 ‹
2820 2350 2893 2408 Ut
2920 2351 2994 2409 sit
3021 2353 3167 2409 Deus
3197 2351 3255 2409 in
3285 2351 3566 2424 omnibus,
3597 2380 3616 2404 ι
3660 2354 3826 2413 intel-

2225 2447 2486 2517 ligeretur
2516 2443 2574 2500 in
2596 2441 2855 2500 omnibus
2873 2440 3096 2517 quidem
3125 2458 3262 2511 esse,
3291 2441 3386 2500 sed
3413 2459 3512 2517 per
3539 2443 3826 2513 affectum,

2223 2542 2318 2592 aut
2345 2549 2696 2592 communem
2735 2535 2980 2602 sensum,
3008 2548 3123 2590 non
3150 2539 3337 2590 tamen
3367 2549 3429 2590 ea
3457 2534 3576 2606 ipsa
3601 2551 3670 2592 ex
3698 2535 3828 2608 ipso

2223 2644 2357 2686 esse.
2389 2626 2494 2684 Sed
2521 2642 2648 2685 cum
2677 2623 2824 2683 dixit
2856 2643 2869 2684 :
2916 2647 2937 2674 α
2985 2625 3185 2683 Omnia
3212 2625 3270 2682 in
3302 2624 3562 2684 omnibus
3595 2641 3608 2682 :
3648 2647 3669 2673 ι
3713 2625 3825 2684 hoc

2222 2715 2574 2792 signiﬁcavit,
2607 2715 2736 2790 quia
2764 2721 2818 2772 et
2845 2732 2915 2772 ex
2943 2715 3064 2789 ipso
3093 2722 3240 2784 sunt,
3273 2723 3328 2772 et
3355 2713 3414 2771 in
3447 2714 3580 2789 ipsis
3608 2722 3724 2772 est:
3749 2732 3826 2774 ex

2222 2809 2361 2883 ipso,
2387 2807 2516 2882 quia
2542 2806 2610 2864 ab
2639 2807 2760 2880 ipso
2787 2814 2968 2864 creata
2995 2812 3162 2863 sunt:
3200 2806 3259 2862 in
3290 2804 3424 2880 ipsis
3451 2810 3657 2875 autem,
3687 2805 3823 2879 quia

2222 2899 2279 2955 in
2309 2899 2560 2957 omnium
2595 2897 2940 2957 confessione
2974 2911 3120 2955 unus
3164 2904 3246 2954 est
3284 2899 3450 2955 Deus.
3479 2896 3602 2954 Non
3630 2902 3820 2952 tamen

2220 2989 2300 3047 sic
2329 2979 2625 3063 subjicitur
2649 2988 2826 3048 Filius
2860 2987 3027 3058 Patri,
3057 2989 3200 3046 sicut
3228 2987 3376 3046 Filio
3401 2993 3668 3044 creatura.

2295 3077 2477 3151 (Vers.
2496 3079 2612 3152 29.)
2632 3103 2652 3126 ι
2671 3077 2935 3153 Alioquin
2955 3077 3090 3152 quid
3110 3077 3332 3146 facient,
3356 3076 3451 3150 qui
3467 3076 3822 3150 baptizantur

2219 3186 2320 3244 pro
2348 3171 2603 3238 mortuis,
2632 3168 2679 3224 si
2717 3168 2947 3226 omnino
2977 3167 3182 3224 mortui
3213 3183 3325 3224 non
3354 3167 3696 3240 resurgunt?
3743 3167 3818 3224 Ut

509 3265 798 3326 aeternum,
830 3263 883 3312 et
920 3251 1074 3326 regni
1104 3249 1223 3322 ejus
1268 3266 1380 3306 non
1423 3250 1528 3306 erit
1577 3249 1705 3308 ﬁnis
1750 3251 1902 3323 (Luc.
1942 3269 1984 3318 ι,
2018 3249 2108 3318 32,
2139 3271 2184 3334 c
2221 3257 2355 3334 quid
2383 3267 2438 3316 et
2464 3256 2813 3332 baptizantur
2841 3273 2940 3330 pro
2965 3257 3079 3314 illis
3099 3256 3129 3313 7
3156 3281 3174 3306 ›
3216 3257 3280 3314 In
3308 3263 3526 3314 tantum
3555 3263 3728 3314 ratam
3759 3263 3818 3313 et

510 3347 604 3422 33)
630 3347 658 3404 τ
679 3371 696 3394 ι
715 3345 788 3403 Et
811 3343 1008 3402 Daniel
1039 3342 1106 3399 de
1131 3339 1322 3398 eodem
1353 3356 1521 3414 regno
1549 3340 1686 3398 dicit
1715 3341 1861 3398 inter
1888 3348 2100 3399 czetera:

523 3464 543 3488 ι
573 3442 720 3498 Deus
747 3433 872 3496 coeli
902 3432 1168 3492 excitabit
1195 3431 1347 3489 aliud
1375 3447 1625 3506 regnum,
1649 3433 1796 3508 quod
1822 3449 2103 3507 nunquam

510 3538 914 3604 corrumpetur,
937 3535 991 3584 et
1018 3525 1125 3583 hoc
1155 3541 1383 3600 regnum
1413 3523 1518 3581 erit
1542 3534 1808 3585 aeternum
1841 3527 2007 3602 (Dan.
2042 3545 2100 3596 ιι,

509 3623 627 3694 44).
661 3645 680 3670 ι
721 3621 894 3678 Nemo
942 3635 1068 3690 ergo
1115 3615 1330 3674 dubitet
1359 3617 1560 3677 Filium
1594 3635 1807 3694 semper
1835 3630 2104 3694 regnatu-

511 3730 634 3770 rum
669 3728 796 3770 cum
826 3710 1004 3767 Patre.
1036 3710 1282 3769 Traditio
1325 3721 1507 3770 autem
1554 3713 1672 3772 haec
1723 3717 1876 3788 regni
1906 3723 2008 3784 est,
2042 3721 2099 3770 ut

510 3817 638 3858 cum
671 3798 859 3856 omnia
887 3797 1034 3855 Filio
1086 3799 1292 3858 fuerint
1335 3799 1600 3872 subjecta,
1653 3809 1707 3857 et
1753 3800 2103 3860 adoraverint

513 3889 673 3946 illum
709 3895 774 3946 ut
799 3889 994 3958 Deum,
1025 3887 1303 3947 destructa
1332 3897 1530 3960 morte,
1561 3899 1694 3947 tunc
1719 3891 1896 3948 Filius
1924 3901 2102 3949 osten-

511 3979 602 4036 det
629 3976 740 4036 illis
769 3996 879 4036 non
909 3997 965 4036 se
993 3996 1128 4050 esse,
1159 3997 1229 4038 ex
1257 3997 1366 4052 quo
1409 3989 1540 4039 sunt
1582 3982 1792 4052 omnia,
1844 3982 1939 4040 sed
1985 4000 2104 4058 per-

511 4086 674 4144 quem
731 4077 864 4127 sunt
889 4071 1076 4127 omnia
1107 4087 1119 4126 :
1151 4079 1204 4128 et
1233 4071 1338 4130 hoc
1362 4073 1467 4130 erit
1491 4073 1704 4130 tradere
1733 4089 1961 4148 regnum
1990 4078 2104 4132 Deo

510 4166 566 4216 et
587 4158 759 4229 Patri,
793 4160 1077 4218 ostendere
1108 4162 1290 4234 ipsum
1319 4179 1455 4232 esse,
1483 4181 1553 4220 ex
1581 4179 1690 4236 quo
1719 4165 1901 4222 omnis
1929 4173 2102 4238 pater-

512 4247 657 4306 nitas
687 4248 745 4305 in
773 4249 928 4307 caelis
947 4250 1079 4307 etin
1107 4259 1254 4308 terra
1277 4251 1596 4308 nominatur
1615 4253 1830 4325 (Ephes.
1863 4272 1945 4324 III,
1975 4257 2063 4330 15)
2087 4276 2098 4314 :

517 4343 571 4392 et
601 4343 735 4394 tunc
759 4337 866 4394 erit
893 4337 1039 4394 ﬁnis.
1062 4339 1378 4396 Destructio
1399 4348 1585 4397 tamen
1612 4340 1808 4399 mortis
1838 4349 1921 4398 est
1949 4359 2104 4400 resur

508 4427 678 4484 rectio
708 4435 1074 4486 mortuorum.

579 4517 768 4591 (Vers.
794 4517 884 4587 27,
916 4517 1033 4590 28.)
1081 4544 1099 4566 ι
1131 4519 1268 4577 Cum
1297 4527 1479 4577 autem
1510 4519 1658 4580 dicat
1690 4538 1702 4577 :
1731 4522 1930 4580 Omnia
1959 4525 2101 4582 sub-

2213 3349 2466 3408 stabilem
2494 3348 2616 3405 vult
2645 3345 2931 3405 ostendere
2956 3347 3415 3404 resurrectionem
3441 3355 3814 3419 mortuorum,

2211 3445 2276 3498 ut
2303 3439 2618 3514 exemplum
2647 3437 2739 3496 det
2767 3453 2978 3506 eorum,
3011 3437 3106 3513 qui
3151 3444 3265 3496 tam
3310 3438 3490 3496 securi
3536 3445 3698 3495 erant
3745 3437 3819 3496 de

2212 3531 2398 3588 futura
2424 3529 2826 3588 resurrectione
2852 3547 2867 3599 ;
2900 3537 2962 3587 ut
2987 3528 3152 3588 etiam
3184 3545 3286 3603 pro
3314 3528 3548 3586 mortuis
3571 3528 3815 3602 baptiza-

2211 3628 2423 3690 rentur,
2453 3619 2500 3677 si
2531 3637 2693 3694 quem
2721 3620 2866 3677 forte
2901 3636 3051 3677 mors
3096 3617 3454 3694 pravenisset
3493 3637 3504 3675 :
3546 3617 3812 3676 timentes

2211 3726 2280 3768 ne
2307 3718 2402 3766 aut
2431 3709 2593 3777 male,
2624 3717 2718 3766 aut
2749 3725 2861 3766 non
2891 3717 3195 3782 resurgeret
3214 3709 3356 3782 (51),
3379 3709 3476 3783 qui
3501 3707 3814 3782 baptizatus

2210 3823 2324 3864 non
2365 3805 2566 3874 fuerat,
2596 3805 2762 3861 vivus
2791 3803 3018 3861 nomine
3046 3805 3254 3861 mortui
3281 3805 3622 3878 tingebatur.
3653 3806 3813 3865 Unde

2211 3896 2443 3971 subjecit
2463 3913 2475 3952 :
2495 3920 2514 3946 ι
2543 3893 2616 3954 Ut
2637 3895 2769 3970 quid
2784 3902 2839 3952 et
2861 3895 3210 3968 baptizantur
3229 3911 3328 3969 pro
3357 3895 3472 3954 illis
3487 3897 3516 3954 7
3553 3921 3573 3948 ι
3605 3897 3808 3956 Exem-

2212 3987 2304 4062 plo
2333 3985 2440 4045 hoc
2466 4001 2578 4042 non
2608 3985 2813 4043 factum
2843 3983 3068 4042 illorum
3097 3983 3313 4058 probat,
3330 3985 3614 4044 sed'ﬁxam
3631 3982 3800 4047 ﬁdem

2213 4076 2270 4133 in
2299 4075 2752 4133 resurrectionem
2777 4073 3036 4132 ostendit.

2297 4172 2440 4230 164
2471 4165 2652 4239 (Vers.
2685 4164 2776 4234 30,
2822 4163 2940 4240 31.)
2985 4191 3002 4214 ι
3030 4167 3099 4224 Ut
3145 4167 3284 4242 quid
3309 4171 3362 4224 et
3391 4184 3492 4226 nos
3527 4169 3804 4242 periclita-

2211 4285 2336 4326 mur
2351 4267 2516 4352 “omni
2544 4267 2722 4324 hora?
2751 4267 3008 4334 Quotidie
3037 4267 3244 4326 morior
3269 4285 3366 4343 pro
3397 4267 3567 4344 gloria
3597 4279 3805 4344 vestra,

2211 4373 2374 4430 quam
2407 4355 2582 4414 habeo
2608 4355 2667 4412 in
2704 4356 2964 4414 Domino.
2995 4381 3014 4406 ι
3057 4357 3306 4416 Dicenda
3340 4377 3352 4416 :
3397 4383 3416 4406 ‹
3451 4357 3523 4418 Ut
3569 4359 3703 4434 quid
3747 4373 3807 4421 et

2211 4463 2311 4503 nos
2349 4445 2770 4520 periclitamur?
2820 4471 2839 4496 ι
2885 4445 3150 4504 discrevit
3187 4464 3466 4522 personas,
3507 4449 3804 4510 ostendens

2210 4550 2322 4592 non
2351 4533 2652 4592 catholicos
2671 4550 2806 4604 esse,
2847 4535 2943 4610 qui
2971 4552 3072 4610 pro
3092 4537 3324 4595 mortuis
3352 4538 3800 4614 baptizabantur.

498 4607 652 4705 jecta
667 4613 801 4705 sunt
845 4607 916 4676 ei,
949 4607 1220 4705 nimirum
1253 4617 1457 4705 praeter
1480 4627 1628 4705 eum,
1657 4613 1752 4686 qui
1779 4611 2014 4705 subjecit
2047 4614 2096 4671 ei
2136 4637 2182 4696 ι)
2212 4623 2458 4698 Denique
2487 4640 2654 4698 supra
2689 4622 2836 4682 dixit
2863 4607 2881 4680 Ξ
2920 4649 2939 4674 ι
2965 4607 3034 4684 Ut
3063 4626 3198 4700 quid
3225 4637 3280 4686 et
3319 4607 3666 4702 baptizantur
3699 4647 3802 4705 pro

503 4697 707 4757 omnia.
727 4697 866 4757 Cum
899 4706 1081 4755 autem
1102 4697 1348 4771 subjecta
1377 4698 1462 4755 illi
1493 4699 1699 4758 fuerint
1727 4703 1930 4774 omnia,
1963 4711 2098 4760 tunc

503 4793 557 4842 et
593 4786 708 4859 ipse
736 4787 912 4844 Filius
941 4787 1266 4861 subjicietur
1295 4789 1404 4859 illi,
1436 4789 1531 4864 qui
1559 4791 1794 4864 subjecit
1823 4795 2097 4864 omnia,ut

503 4873 575 4930 sit
600 4875 748 4932 Deus
773 4877 958 4934 omnia
977 4877 1036 4934 in
1057 4879 1333 4937 omnibus.
1359 4905 1377 4931 ι
1406 4879 1557 4938 Idem
1593 4899 1783 4940 sensus
1813 4893 1914 4954 est,
1933 4901 2094 4959 quem

504 4977 654 5018 nunc
682 4963 875 5036 aperit,
909 4975 970 5022 ut
1019 4969 1331 5027 manifestet
1371 4970 1505 5044 quid
1536 4972 1608 5028 sit
1647 4971 1852 5030 Filium
1881 4973 2094 5032 tradere

503 5069 732 5126 regnum
763 5056 876 5111 Deo
905 5065 958 5112 et
988 5057 1133 5117 Patri
1167 5078 1179 5116 :
1212 5061 1318 5118 hoc
1341 5070 1523 5118 autem
1563 5062 1718 5120 addit
1744 5063 1813 5120 ad
1849 5080 2092 5134 sensum,

501 5144 632 5218 quia
654 5144 876 5202 tradens
903 5145 1059 5203 Pater
1088 5149 1232 5205 Filio
1260 5167 1509 5224 regnum,
1547 5169 1658 5210 non
1697 5169 1754 5211 se
1797 5153 2092 5228 subjecerit

572 5341 688 5422 (i8)
731 5342 936 5422 Omnes
990 5339 1121 5398 edit.
1154 5349 1208 5422 et
1242 5359 1396 5412 mss.,
1425 5362 1537 5402 uno
1568 5358 1817 5422 excepto,
1844 5357 2089 5422 putantes

498 5413 834 5494 traﬂlitionem
863 5414 996 5494 hanc
1023 5413 1262 5494 regni....
1297 5433 1512 5472 vacuam
1543 5413 1814 5478 remanere
1830 5413 1862 5488 ;’
1881 5422 2088 5494 optime

501 5500 631 5538 vero
655 5484 816 5540 Corb.
843 5491 904 5540 ut
933 5484 991 5540 in
1017 5484 1302 5542 contextu.

572 5553 684 5638 (49)
718 5556 874 5638 Rom.
912 5556 1082 5638 edit,
1103 5557 1357 5638 Sgciguia
1385 5558 1492 5629 ipse
1511 5560 1768 5618 Dominus
1791 5565 1959 5622 ait....
1991 5583 2084 5638 ap-

491 5627 832 5700 paretgttod,
863 5634 1110 5700 regnante
1127 5627 1288 5698 Filio,
1319 5627 1424 5688 etc;

569 5669 699 5778 ξ
1127 5669 1658 5778 ᾖῖδῖὶῖεΐῖξηίυοοαζη
1693 5708 2078 5778 auctoritatem,

431 5831 439 5841 ι
495 5772 602 5828 etc.
631 5767 882 5827 Secundo
909 5767 1099 5828 autem
1121 5767 1285 5832 versu
1317 5774 1447 5849 legit
1469 5790 1570 5830 ms.
1594 5773 1736 5832 Corb
1763 5767 2082 5844 ,sublimitas

2207 4713 2320 4770 illis
2340 4715 2368 4772 ?
2420 4713 2702 4788 Numquid
2733 4722 2786 4771 et
2812 4713 3155 4788 baptizamur
3180 4733 3279 4790 pro
3319 4708 3480 4776 illis?
3507 4745 3526 4768 ι
3564 4719 3700 4777 Nam
3743 4729 3799 4778 et

2202 4807 2418 4883 Iephte,
2451 4807 2704 4882 quamvis
2727 4807 2786 4864 in
2815 4824 2895 4877 re,
2920 4825 3042 4883 qua
3072 4819 3292 4883 accepta
3318 4810 3437 4868 ﬁeri
3475 4827 3588 4868 non
3615 4820 3800 4884 posset

2206 4897 2347 4969 (52),
2379 4897 2561 4954 ﬁdelis
2588 4897 2852 4955 inventus
2879 4906 2982 4968 est,
3019 4899 3252 4958 offerens
3281 4900 3454 4958 ﬁliam
3501 4919 3656 4960 suam
3701 4918 3799 4961 se—

2201 4986 2444 5046 cundum
2473 4995 2665 5045 votum
2716 5004 2882 5046 suum
2923 4989 3122 5064 (ludio.
3169 5008 3252 5060 x1,
3279 4991 3397 5065 39),
3437 4991 3585 5066 quod
3627 4993 3798 5051 stulte

2200 5083 2427 5134 voverat
2457 5075 2619 5150 (Ibid.
2650 5077 2738 5147 30,
2768 5078 2884 5151 31),
2932 5096 3043 5136 non
3069 5089 3214 5154 “ergo
3254 5079 3460 5140 factum
3508 5081 3792 5155 probatur,

2197 5163 2291 5224 sed
2345 5166 2754 5239 perseverantia
2808 5165 2938 5224 ﬁdei
2995 5168 3054 5224 in
3107 5171 3424 5244 exemplum
3481 5171 3789 5248 praefertur.

2195 5363 2242 5412 et
2270 5357 2570 5429 ine/rabilis,
2601 5367 2706 5417 etc.

2267 5431 2384 5510 (51)
2415 5430 2601 5489 Codex
2631 5430 2816 5502 Corb.,
2851 5432 3082 5490 timentes
3110 5451 3172 5490 ne
3200 5442 3296 5492 aut
3331 5437 3478 5494 mala
3524 5439 3787 5510 sti/ferret,

2190 5507 2541 5644 ααξῗόἓῖῢῇίεε.
2577 5573 2772 5645 Laud.,
2802 5577 3043 5649 quamvis
3071 5577 3128 5634 in
3173 5597 3232 5635 re
3267 5580 3353 5636 uie
3393 5587 3599 5654 accepto
3645 5579 3789 5652 ferri

2190 5660 2296 5698 non
2319 5645 2522 5709 possit;
2573 5645 2741 5706 Corb.
2760 5689 2776 5709 .
2819 5650 3062 5709 quamvis
3090 5649 3148 5706 in
3175 5597 3398 5709 regionis
3425 5659 3637 5709 accentu
3669 5655 3789 5709 ﬁeri

2188 5645 2522 5786 $11,133:;
2573 5645 2741 5706 Corb.
2759 5689 2776 5718 ,
2810 5645 3062 5722 quamvis
3090 5649 3148 5706 in
3175 5645 3398 5726 reliquis
3425 5645 3791 5729 acciepta'ﬁeri
