3976 6400
250 440 352 514 ssi

1328 453 1693 513 COMMENT.
1736 456 1807 513 IN
1844 457 2061 515 EPIST.
2104 460 2131 515 Ι
2166 459 2264 516 ΑΙ)
2302 458 2458 517 COR.

3435 460 3543 523 282

250 580 675 639 Praedicantium
706 578 950 654 pericula
983 586 1036 636 et
1064 578 1277 637 labores
1306 589 1572 637 memorat
1598 580 1788 639 dicens
1822 600 1835 640 :
1872 587 1923 647 Α
1951 583 2080 655 quia
2110 585 2204 659 qui
2252 587 2526 643 caelestem
2552 586 2824 659 justitiam
2872 598 3074 665 servat,
3123 589 3241 648 sine
3279 591 3455 651 dubio
3482 594 3545 651 in

261 692 285 720 ι
313 669 459 740 Quid
496 677 551 728 et
579 686 679 727 nos
706 669 1127 744 periclitamur?
1155 694 1175 718 ι
1217 676 1271 726 et
1295 668 1624 726 subauditur
1667 688 1679 727 :
1733 671 1843 729 nisi

247 758 380 834 quia
409 775 690 833 speramus
716 758 960 815 futuram
991 758 1468 828 resurrectionem,
1500 759 1643 817 sicut
1680 776 1843 833 supra

249 856 539 917 memorat,
560 846 746 906 Securi
775 847 921 904 enim
955 847 1085 921 quia
1114 856 1235 921 post
1262 848 1421 904 istam
1449 858 1683 906 mortem
1712 867 1844 907 vera

246 936 365 994 vita
394 944 670 1013 sequetur,
703 937 945 1012 pericula
975 953 1088 994 non
1126 937 1325 995 timent
1354 938 1506 995 illata
1535 938 1604 995 ab
1632 939 1842 995 inﬁde-

250 1024 415 1097 libus,
448 1035 668 1103 propter
695 1028 875 1084 zelum
905 1027 1152 1097 illorum,
1175 1043 1312 1101 quos
1340 1028 1469 1101 quia
1487 1028 1842 1085 crediderunt

244 1132 305 1172 se
359 1117 679 1190 perdidisse,
738 1117 949 1175 dolent.
1007 1116 1453 1174 Sollicitudinem
1500 1135 1628 1191 ergo
1683 1134 1839 1175 suam

244 1202 507 1276 Ostendit,
537 1223 700 1282 quam
730 1206 965 1264 habebat
993 1221 1119 1280 erga
1148 1208 1382 1264 salutem
1414 1207 1664 1279 illorum,
1703 1224 1841 1281 pro-

247 1304 367 1369 pter
393 1296 618 1371 gloriam
665 1300 988 1374 promissam
1027 1318 1058 1357 a
1095 1301 1359 1369 Domino,
1387 1301 1531 1359 sicut
1559 1301 1697 1358 etin
1724 1301 1840 1374 lege

241 1383 451 1443 dictum
475 1395 557 1445 est
588 1406 601 1444 :
650 1413 668 1436 ι
693 1387 894 1445 Exalta
923 1390 1069 1447 sicut
1096 1390 1228 1447 tuba
1257 1406 1450 1447 vocem
1484 1396 1635 1446 tuam
1663 1408 1677 1457 ;
1711 1390 1756 1445 si
1788 1399 1839 1445 te

241 1474 541 1546 audierint,
562 1477 863 1534 lucraberis
891 1478 1103 1536 animas
1132 1479 1355 1536 illorum
1390 1481 1607 1553 (Ezech.
1631 1495 1835 1547 χχχιιι,

240 1562 325 1635 5).
359 1590 377 1613 ι
411 1564 497 1621 Ad
525 1565 630 1624 hoc
656 1564 951 1623 festinabat
981 1568 1281 1641 Apostolus
1308 1584 1524 1640 semper
1544 1567 1836 1635 sollicitus,

242 1660 305 1710 ut
335 1653 507 1726 gloria
541 1655 628 1712 illi
672 1663 938 1714 cresceret
984 1657 1131 1730 apud
1177 1659 1351 1714 Deum
1380 1656 1663 1731 acquisita
1691 1656 1837 1712 salu-

240 1741 316 1799 tis
346 1744 671 1801 multorum.

316 1833 500 1903 (Vers.
540 1833 659 1903 32.)
704 1856 723 1881 ι
760 1833 818 1889 Si
864 1833 1168 1891 secundum
1212 1834 1495 1890 hominem
1542 1834 1610 1891 ad
1638 1832 1842 1890 bestias

1952 671 2055 730 hac
2081 676 2335 746 praesenti
2365 674 2483 748 (56)
2515 676 2789 749 perfectus
2818 685 2920 735 est.

2037 787 2055 811 ι
2092 765 2459 837 Ignorantiam
2492 766 2639 822 enim
2669 766 2770 822 Dei
2800 766 3024 839 quidam
3054 766 3277 835 habent,
3298 769 3365 825 ad
3394 786 3544 826 vere-

1950 851 2209 909 cundiam
2240 854 2398 910 vobis
2437 856 2651 928 loquor.
2702 878 2720 902 »
2780 855 3131 929 Propositum
3159 857 3261 913 Dei
3291 858 3543 930 ignoran-

1948 952 2030 999 tes
2071 945 2130 1013 ii,
2174 944 2268 1018 qui
2318 945 2461 1001 inter
2502 962 2593 1001 eos
2624 946 3086 1003 convertebantur
3117 947 3258 1019 (57),
3298 954 3545 1005 mortuos

1949 1037 2351 1086 resurrecturos
2395 1029 2625 1086 stultum
2673 1047 2790 1088 esse
2835 1032 3091 1088 dicebant
3146 1032 3386 1089 credere.
3418 1033 3561 1090 Ideo

1948 1119 2211 1192 pudorem
2257 1120 2371 1176 illis
2419 1120 2621 1176 incutit
2651 1121 2805 1194 quasi
2836 1122 3315 1195 imprudentibus;
3346 1125 3546 1182 crede-

1946 1208 2081 1265 bant
2111 1211 2256 1266 enim
2287 1212 2366 1268 eis
2395 1211 2510 1285 qui,
2564 1212 2931 1283 ignorantiam
2957 1214 3057 1269 Dei
3088 1211 3370 1282 habentes,
3401 1228 3545 1270 cou—

1946 1303 2031 1353 tra
2058 1298 2158 1355 Dei
2187 1306 2389 1355 statuta
2415 1299 2704 1356 docebant.

2021 1388 2200 1459 (Vers.
2231 1388 2345 1459 35.)
2392 1413 2409 1437 ι
2448 1390 2552 1447 Sed
2581 1390 2728 1447 dicet
2769 1390 2970 1463 aliquis
3008 1406 3020 1445 :
3068 1390 3541 1457 Quemadmodum

1947 1487 2228 1549 resurgent
2286 1481 2536 1537 mortui?
2592 1481 2785 1548 Quove
2814 1495 3040 1553 corpore
3069 1479 3341 1537 venient?
3370 1505 3389 1528 ›
3433 1482 3543 1538 Hes

1947 1565 2093 1623 dixit
2119 1569 2485 1641 ignorantiam
2529 1572 2629 1627 Dei
2686 1571 2906 1640 habere,
2969 1587 3203 1645 quorum
3234 1572 3541 1646 depravatae

1946 1658 2230 1713 sententia
2257 1660 2424 1715 verba
2453 1662 2710 1732 protulit,
2739 1660 2928 1717 dicens
2961 1679 2972 1717 :
3020 1684 3039 1708 ι
3068 1661 3539 1729 Quemadmodum

1946 1757 2229 1822 resurgant
2277 1752 2527 1809 mortui?
2574 1769 2752 1826 quove
2781 1769 3007 1825 corpore
3035 1753 3309 1810 venient?
3346 1778 3366 1800 ι
3437 1752 3538 1811 Cui

1945 1855 2184 1910 congrue
2215 1840 2516 1913 respondit,
2545 1842 2735 1898 dicens
2760 1860 2771 1898 :

238 1921 482 1995 pugnavi
522 1921 748 2018 Ephesi,
781 1922 915 1996 quid
949 1922 1089 2018 mihi
1114 1922 1358 2018 prodest,
1385 1923 1443 2018 fi
1492 1923 1698 1980 mortui
1725 1939 1838 1979 non
1871 1958 1916 2018 Β
2021 1930 2201 2001 (Vers.
2232 1930 2346 2001 36.)
2383 1955 2401 1979 ι
2430 1932 2626 2001 Stulte,
2659 1940 2724 1988 tu
2753 1933 2900 2005 quod
2929 1931 3186 2000 seminas,
3214 1948 3329 1989 non
3358 1932 3538 1988 viviti-

238 2011 587 2083 resurgunt?
615 2034 634 2059 ι
681 2010 797 2068 Hoc
824 2018 926 2080 est,
975 2011 1022 2068 si
1050 2012 1351 2069 secundum
1384 2011 1689 2069 humanum
1718 2027 1838 2068 sen-

238 2115 363 2156 sum
399 2099 519 2173 (qui
548 2099 742 2157 videns
768 2100 874 2158 hoc
904 2102 963 2158 in
991 2117 1174 2158 rerum
1203 2109 1459 2158 naturam
1479 2117 1591 2158 non
1622 2101 1833 2170 cadere,

238 2198 303 2247 ut
332 2206 460 2247 caro
504 2190 618 2263 jam
662 2192 844 2247 soluta
888 2192 1218 2248 reformetur
1263 2193 1330 2249 ad
1382 2192 1575 2261 vitam,
1610 2193 1838 2249 minime

237 2278 415 2337 credit
460 2280 700 2337 futuram
756 2283 1212 2339 resurrectionem
1246 2282 1616 2354 mortuorum)
1646 2281 1839 2339 bestiis

238 2369 445 2439 oﬁ’erri,
478 2370 618 2427 mori
652 2387 764 2427 non
795 2370 958 2428 timui
991 2371 1133 2445 (53),
1166 2370 1312 2427 nihil
1338 2371 1566 2444 profeci.
1600 2372 1704 2428 Sed
1724 2387 1836 2427 non

238 2463 344 2521 hoc
396 2469 499 2532 est,
529 2464 657 2538 quia
708 2469 890 2520 certus
936 2464 1005 2521 de
1041 2464 1310 2538 promissa
1348 2464 1483 2533 vita,
1518 2481 1630 2521 non
1656 2464 1835 2520 solum

238 2568 352 2607 non
377 2551 584 2621 timuit,
619 2552 714 2610 sed
742 2559 797 2609 et
826 2551 1064 2610 libenter
1092 2551 1286 2610 bestiis
1338 2553 1523 2611 oﬁ'erri
1563 2569 1619 2610 se
1647 2569 1837 2627 passus

237 2650 342 2712 est,
374 2642 517 2700 sicut
560 2642 705 2701 inter
730 2652 925 2701 caetera
951 2644 1030 2701 ait
1059 2644 1118 2701 in
1148 2644 1382 2702 Actibus
1410 2646 1785 2718 apostolorum
1820 2656 1831 2695 :

252 2761 273 2785 ι
306 2736 419 2810 Ego
449 2738 595 2795 enim
646 2756 759 2796 non
798 2741 978 2796 solum
1020 2740 1199 2813 ligari,
1232 2740 1325 2797 sed
1354 2748 1407 2796 et
1437 2739 1579 2795 mori
1619 2746 1838 2811 paratus

236 2838 359 2880 sum
382 2825 440 2880 in
468 2823 849 2899 Hierosolyma
872 2843 971 2899 pro
990 2827 1217 2884 nomine
1235 2825 1461 2884 Domini
1482 2826 1610 2882 Jesu
1626 2824 1839 2884 Christi

239 2915 381 2987 (Act.
416 2930 538 2982 xm,
571 2914 686 2987 13).
718 2939 738 2964 ι

326 3037 345 3061 ι
382 3012 773 3070 Manducemus
830 3022 884 3072 et
937 3013 1233 3082 bibamus;
1277 3031 1397 3072 cras
1443 3013 1591 3071 enim
1639 3013 1835 3070 morie-

236 3116 383 3159 mur.
418 3128 437 3151 ι
485 3103 601 3160 Hoc
628 3102 697 3159 ab
729 3102 868 3160 Isaia
895 3104 1163 3177 propheta
1208 3103 1418 3162 dictum
1481 3110 1562 3160 est
1616 3111 1837 3177 propter

237 3191 470 3267 hosqui,
490 3194 644 3269 quasi
677 3192 820 3250 nihil
855 3194 1104 3250 futurum
1133 3202 1273 3251 esset
1302 3203 1423 3267 post
1443 3201 1834 3263 mortem,ven-

236 3285 309 3342 tri
336 3293 552 3379 tantum
608 3284 901 3379 studebant
958 3285 1233 3379 quomodo
1286 3300 1482 3379 pecora
1517 3285 1651 3356 (Isa.
1688 3300 1833 3355 xxxx,
1865 3318 1908 3379 Ο

238 3374 378 3446 (13)z
411 3372 553 3431 sicut
577 3384 631 3432 et
659 3373 699 3430 ii
728 3373 823 3448 qui
853 3372 1173 3433 Corinthios
1201 3372 1593 3445 depravabant.

310 3469 493 3541 (Vers.
524 3468 639 3540 33.)
694 3493 712 3515 ι
766 3469 949 3525 Nolite
991 3465 1200 3534 seduci,
1251 3474 1615 3538 corrumpunt
1654 3482 1834 3524 mores

234 3555 411 3613 bonos
457 3557 734 3630 colloquia
787 3555 949 3611 mala.
991 3579 1009 3602 ι
1060 3552 1346 3627 Signiﬁcat
1384 3553 1831 3612 confabulatione

234 3645 509 3701 malorum
564 3643 857 3700 hominum
908 3642 1082 3699 everti
1137 3658 1293 3716 posse
1348 3642 1556 3699 bonum
1586 3643 1830 3717 proposi-

231 3741 354 3791 tum
388 3733 542 3806 (54);
601 3733 891 3791 assiduitas
942 3732 1091 3789 enim
1141 3732 1300 3807 pravi
1357 3733 1621 3808 colloquii
1667 3734 1830 3791 vitiat

233 3829 499 3891 mentem,
544 3839 609 3881 ac
652 3838 749 3896 per
776 3822 881 3881 hoc
923 3821 991 3879 ab
1020 3822 1108 3879 his
1136 3821 1465 3879 cavendum.
1503 3823 1829 3898 Quicunque

231 3910 385 3968 enim
414 3920 689 3985 acceptam
725 3910 891 3968 ﬁdem
923 3912 1199 3969 custodire
1227 3912 1370 3979 vult,
1415 3913 1657 3970 maxime
1685 3913 1830 3971 inter

233 3999 354 4076 ipsa
380 4001 542 4059 initia
594 4004 970 4076 obstrepentes
1024 4002 1189 4060 debet
1227 4004 1423 4073 vitare,
1462 4011 1525 4060 ut
1578 4002 1825 4076 impleat,

231 4090 383 4166 quod
418 4091 555 4149 utile
578 4089 872 4164 judicavit.
1368 4090 1379 4097 “

308 4188 490 4261 (Vers.
523 4188 639 4261 34.)
685 4214 704 4238 ι
733 4188 992 4263 Vigilate,
1018 4189 1154 4264 justi
1187 4197 1382 4261 estote,
1422 4196 1476 4248 et
1504 4190 1677 4248 nolite
1707 4206 1826 4264 pec-

229 4295 415 4336 care.»
448 4278 808 4353 Vigilandum
840 4289 1045 4350 monet,
1082 4297 1150 4337 ne
1172 4279 1647 4338 circumventione
1670 4280 1825 4355 pravi

228 4383 426 4425 sensus
478 4369 643 4441 capti,
695 4378 748 4426 et
780 4385 813 4425 a
866 4370 975 4427 ﬁde
1012 4370 1235 4428 abducti
1262 4370 1651 4443 depravantur,
1684 4388 1827 4427 mor-

231 4468 458 4518 tuorum
503 4461 958 4518 resurrectionem
1015 4479 1127 4518 non
1166 4462 1463 4519 credendo.
1495 4463 1677 4519 Justos
1710 4478 1827 4519 esse

229 4549 510 4625 praecepit,
572 4558 634 4608 ut
681 4567 793 4608 non
850 4552 1028 4609 solum
1065 4560 1339 4608 terrenam
1363 4550 1635 4623 justitiam
1661 4567 1821 4609 exco-

231 4640 373 4708 lant,
402 4640 496 4697 sed
524 4650 578 4697 et
602 4641 909 4708 caelestem;
939 4640 1067 4714 quia
1090 4648 1307 4697 terrena
1316 4638 1534 4711 justitia
1562 4641 1819 4698 meritum

231 4746 347 4787 non
375 4729 527 4798 facit,
557 4732 700 4788 sicut
735 4738 790 4787 et
817 4746 928 4786 non
955 4730 1089 4787 facit
1113 4742 1315 4786 resum.
1348 4727 1492 4797 Quid
1516 4729 1663 4786 enim
1694 4746 1820 4786 ma-

231 4835 403 4893 gnum
432 4827 512 4878 est
540 4819 719 4878 aliena
747 4836 856 4877 non
889 4820 1102 4889 tollere,
1141 4819 1342 4893 quippe
1366 4834 1491 4876 cum
1523 4818 1629 4876 hoc
1664 4817 1822 4877 timo-

231 4908 312 4967 ris
339 4910 413 4967 sit
443 4910 560 4983 (55)
585 4910 613 4967 ?
637 4910 892 4983 Magnum
924 4917 1007 4967 est
1034 4918 1217 4967 autem
1249 4908 1316 4966 de
1344 4908 1567 4981 proprio
1597 4925 1709 4965 non
1730 4907 1822 4966 ha-

231 4999 387 5057 benti
428 5000 635 5072 largiri,
682 4999 798 5058 huic
828 5007 909 5056 est
938 5016 1069 5057 vera
1090 4998 1329 5072 j'ustitia.
1372 4999 1445 5055 Et
1468 5005 1531 5055 ut
1560 5014 1672 5056 non
1701 5016 1821 5072 pec-

230 5097 381 5159 cent,
423 5088 692 5163 subjecit;
739 5090 886 5147 unde
918 5090 1155 5162 intelligi
1199 5088 1378 5146 voluit
1410 5106 1521 5146 non
1546 5089 1819 5162 justitiam

230 5183 588 5257 temporalem
642 5181 965 5241 servandam
1010 5180 1312 5251 mandasse,
1378 5181 1473 5238 sed
1527 5178 1814 5250 div‘iuam;

307 5319 431 5443 (53?l
463 5319 727 5375 Nonnulli
758 5335 911 5386 mss.,
957 5333 1062 5372 non
1099 5315 1285 5443 οιῖεννὶ
1326 5315 1476 5397 timui
1504 5334 1524 5380 ;
1570 5324 1625 5372 at
1652 5316 1814 5375 Corb.

307 5409 352 5443 ιιι
435 5408 542 5443 nnc
590 5391 771 5443 locum
827 5391 902 5443 ita
949 5389 1245 5443 contraxit.
1278 5389 1461 5443 olferrz
1486 5404 1592 5441 non
1622 5388 1814 5443 timuit.

233 5386 352 5448 tum
394 5386 542 5448 hunc
590 5391 771 5448 locum
827 5391 902 5446 ita
949 5386 1245 5456 contrahit,
1278 5386 1461 5457 offerri
1486 5404 1592 5441 non
1622 5388 1815 5453 timuit,

229 5463 322 5517 sed
350 5470 395 5516 et
427 5464 640 5519 libenter
669 5462 841 5517 bestiis
870 5479 921 5516 se
946 5478 1134 5532 passus
1163 5466 1256 5526 cst,
1288 5468 1391 5515 etc.

307 5533 424 5602 (54)
465 5534 622 5590 Rom.
654 5532 811 5602 edit.,
842 5529 1001 5587 everti.
1018 5548 1171 5603 posse
1195 5532 1450 5586 bonorum
1463 5529 1812 5601 propositum.

236 5605 247 5610 ’
308 5606 425 5673 (55)
467 5604 628 5663 Cori).
662 5603 857 5672 codex,
887 5604 1076 5674 quippe
1104 5621 1219 5657 cum
1246 5619 1351 5656 non
1380 5607 1561 5674 temere
1586 5603 1664 5672 ﬁt.

309 5676 426 5745 (56)
462 5676 590 5733 Mss.
625 5675 793 5732 Laud.
829 5673 1079 5743 etVull.,
1108 5675 1162 5727 in
1192 5675 1287 5729 hac
1303 5673 1551 5745 prmsenti
1580 5674 1707 5727 vita.

332 5682 401 5733 56
464 5682 590 5733 Mss.
625 5682 793 5732 Laud.
829 5683 883 5730 et
916 5682 1079 5743 Vall.,
1108 5682 1162 5727 in
1192 5682 1287 5729 hac
1303 5682 1551 5745 prmsenti
1580 5682 1707 5727 vita.

330 5682 426 5813 57;
468 5748 625 5804 Rom.
657 5744 814 5814 edit.,
853 5747 945 5816 qui
975 5746 1108 5801 inter
1135 5763 1218 5801 eos
1247 5746 1708 5816 conversabantur.

330 5747 425 5813 57)
468 5748 625 5804 Rom.
657 5747 814 5814 edit.,
853 5747 945 5816 qui
975 5747 1108 5801 inter
1135 5763 1218 5801 eos
1247 5747 1708 5800 conversabantur.

306 5747 424 5891 (58)
465 5817 651 5875 Codex
701 5816 886 5887 Corb.,
906 5820 1187 5891 proprium
1246 5833 1437 5891 corpus
1488 5815 1814 5884 seminatur;

1945 2024 2119 2087 catur,
2147 2019 2255 2075 nisi
2296 2021 2449 2092 prius
2478 2021 2747 2077 moriatur
2771 2022 2800 2077 ?
2829 2046 2848 2069 ι
2888 2022 3027 2078 Cum
3057 2020 3283 2075 animali
3319 2019 3562 2076 homine”

1945 2124 2057 2165 non
2087 2110 2279 2182 utique
2322 2110 2458 2183 legis
2511 2112 2840 2167 auctoritate
2873 2111 3005 2184 agit,
3034 2117 3098 2168 ut
3125 2112 3394 2183 exemplis
3421 2127 3542 2167 sua-

1946 2198 2091 2266 deat,
2120 2214 2241 2271 quaz
2276 2199 2321 2254 si
2352 2198 2639 2271 reciperet,
2667 2215 2780 2255 non
2812 2207 3017 2256 erraret
3044 2217 3056 2256 :
3088 2199 3183 2255 sed
3210 2199 3441 2273 physica
3461 2215 3542 2255 ra-

1944 2287 2117 2357 tione,
2137 2288 2204 2344 de
2233 2305 2339 2361 qua
2366 2288 2473 2345 sibi
2496 2288 2799 2358 blanditur,
2828 2297 2891 2346 ut
2914 2306 3025 2346 non
3046 2289 3233 2347 credat
3262 2304 3543 2362 resurgere

1946 2377 2126 2433 soluta
2181 2386 2235 2433 et
2288 2382 2506 2434 mortua
2551 2394 2798 2451 corpora.
2857 2378 3114 2435 Ostendit
3147 2378 3293 2434 enim
3325 2376 3564 2434 mortua'

1945 2481 2161 2522 rursum
2198 2467 2437 2539 reparari
2467 2466 2536 2523 ad
2560 2468 2728 2524 vitam
2769 2475 2823 2523 et
2848 2467 3213 2540 multiplicata
3239 2486 3253 2536 ;
3309 2475 3372 2524 ut
3399 2483 3528 2543 con:

1945 2554 2211 2611 fundatur
2236 2572 2390 2612 error
2424 2557 2719 2614 humanus.

2020 2648 2201 2717 (Vers.
2235 2647 2325 2714 37,
2373 2648 2489 2717 38.)
2555 2673 2573 2695 α
2610 2650 2681 2704 Ει
2709 2648 2843 2721 quid
2871 2649 3111 2706 seminas
3131 2648 3160 2704 ?
3188 2649 3307 2704 Non
3335 2663 3539 2720 corpus

1946 2735 2094 2807 quod
2122 2736 2369 2791 futurum
2423 2744 2524 2804 est,
2569 2738 2851 2792 seminas:
2907 2735 3244 2823 sed‘nudum
3282 2751 3537 2807 granum,

1945 2831 2007 2880 ut
2036 2832 2164 2895 puta
2182 2822 2374 2891 tritici,
2403 2833 2498 2880 aut
2525 2824 2763 2897 alicujus
2787 2832 3112 2881 caeterorum
3137 2841 3149 2879 :
3186 2824 3335 2880 Deus
3353 2831 3536 2880 autem

1946 2921 2089 2980 265
2124 2924 2208 2982 illi
2238 2923 2330 2981 dat
2358 2939 2577 2995 corpus,
2621 2930 2781 2995 prout
2810 2925 2931 2979 vult
2977 2940 2988 2978 :
3040 2931 3093 2978 et
3134 2922 3432 2995 unicuique
3459 2937 3537 2977 se-

1944 3015 2157 3071 minum
2187 3013 2468 3087 proprium
2501 3028 2719 3085 corpus.
2753 3038 2772 3061 ι
2815 3013 2871 3068 Si
2902 3028 3031 3083 ergo
3058 3011 3271 3067 nudum
3301 3024 3534 3083 granum

1944 3105 2247 3160 seminatur
2267 3103 2410 3175 (58),
2440 3108 2495 3158 et
2526 3103 2622 3159 Dei
2650 3109 2791 3158 nutu
2814 3100 3220 3174 quodammodo
3239 3101 3532 3156 elemento.

1946 3212 2066 3251 rum
2098 3194 2406 3251 ministerio
2449 3193 2711 3249 vestitum
2739 3193 2993 3265 resurgit,
3026 3199 3179 3248 muta
3221 3206 3404 3248 secum
3435 3189 3532 3245 ha-

1943 3287 2078 3343 bens
2104 3287 2443 3343 incrementa
2470 3283 2730 3340 utilitatis
2757 3282 3009 3338 humanae
3035 3298 3049 3349 ;
3086 3297 3184 3338 cur
3211 3290 3323 3337 n'on
3351 3280 3535 3338 credi-

1944 3379 2054 3435 bile
2071 3380 2143 3436 sit
2171 3378 2271 3433 Dei
2301 3376 2510 3433 virtute
2539 3382 2819 3430 mortuum
2848 3387 3007 3444 posse
3022 3386 3322 3452 resurgere,
3345 3371 3530 3427 melio-

1941 3477 2054 3525 rata
2078 3475 2295 3526 tantum
2319 3465 2646 3533 substantia,
2674 3480 2787 3520 non
2806 3478 3038 3519 numero
3061 3463 3488 3535 multiplicatum
3503 3464 3535 3519 ?

1939 3557 2083 3626 Quid
2109 3574 2237 3631 ergo
2260 3555 2561 3629 requiritur
2588 3552 2656 3609 ab
2686 3552 2919 3621 inﬁdeli,
2952 3569 3060 3626 quo
3088 3562 3315 3623 corpore
3334 3554 3557 3608 resur-'

1939 3655 2067 3722 gant
2098 3647 2323 3714 mortui,
2343 3661 2467 3702 cum
2499 3644 2752 3716 exempla
2771 3642 3084 3716 praecedant
3116 3642 3232 3713 (59)
3265 3641 3332 3697 ad
3361 3641 3526 3698 ﬁdem

1937 3736 2079 3794 hanc
2106 3736 2403 3793 melioratae
2427 3733 2863 3802 resurrectionis,
2894 3749 3006 3789 non
3035 3732 3247 3789 amissas
3278 3731 3527 3788 substan-

1937 3827 2070 3905 tiae?
2099 3826 2239 3895 Quia
2265 3827 2549 3899 proprium
2586 3840 2783 3895 corpus
2809 3821 3054 3895 recipiet,
3092 3822 3150 3877 in
3181 3836 3290 3895 quo
3315 3827 3528 3878 creatus

1937 3924 2019 3974 est
2048 3918 2245 3987 Adam,
2269 3917 2433 3989 juxto
2467 3916 2717 3988 exempla
2747 3930 2909 3987 supra
2930 3913 3096 3971 dicta.

2011 4006 2193 4080 (Vers.
2242 4006 2358 4078 39.)
2415 4028 2433 4053 ι
2468 4006 2589 4061 Non
2616 4003 2797 4060 omnis
2824 4018 2969 4071 caro,
3001 4001 3191 4059 eadem
3220 4016 3346 4059 caro
3378 4020 3390 4057 :
3432 4000 3525 4057 sed

1936 4096 2044 4153 alia
2078 4094 2299 4169 quidem
2344 4093 2611 4163 hominis,
2661 4092 2769 4149 alia
2809 4108 2941 4149 vero
2986 4091 3233 4165 pecoris:
3262 4091 3372 4147 alia
3399 4107 3527 4147 caro

1938 4187 2269 4255 volatilium,
2291 4185 2399 4242 alia
2416 4200 2544 4242 caro
2573 4184 2826 4256 piscium.
2853 4209 2871 4234 ι
2889 4182 3027 4241 Cum
3048 4199 3118 4239 ex
3134 4181 3323 4239 eadem
3349 4197 3527 4237 massa

1934 4277 2116 4333 omnis
2142 4293 2267 4334 caro
2296 4277 2389 4345 sit,
2418 4276 2565 4332 unde
2594 4284 2648 4332 et
2676 4276 2950 4350 quomodo
2978 4274 3039 4331 in
3061 4273 3149 4331 his
3169 4280 3321 4330 tanta
3344 4272 3522 4329 diver-

1934 4367 2065 4423 sitas
2093 4374 2193 4437 est,
2234 4374 2295 4423 ut
2333 4382 2443 4422 una
2481 4366 2729 4439 impensa
2781 4366 2982 4422 faceret
3029 4380 3225 4437 genera
3252 4362 3469 4419 diversa
3497 4362 3528 4417 ?

1934 4457 2130 4514 Dicant
2158 4471 2307 4514 nunc
2334 4455 2595 4529 sophista:
2626 4455 2889 4512 mundiet
2908 4459 3238 4512 scrutatores
3255 4444 3521 4518 siderum,

1934 4547 1981 4603 si
2016 4548 2202 4603 valent
2249 4544 2711 4620 comprehendere
2761 4560 2884 4617 quin
2939 4550 3096 4600 extra
3129 4556 3184 4598 se
3212 4546 3363 4607 sunt,
3393 4553 3521 4594 cum

1932 4636 2067 4710 quid
2096 4637 2240 4693 intra
2268 4652 2323 4693 se
2344 4636 2436 4705 sit,
2466 4634 2730 4692 nesciant.
2766 4633 3013 4705 Denique
3038 4646 3226 4686 omnes
3254 4627 3520 4683 mundani

1934 4725 2270 4799 philosophi,
2294 4724 2388 4798 qui
2417 4732 2655 4781 mentem
2685 4738 2840 4779 suam
2872 4720 2978 4791 legi
3005 4720 3104 4775 Dei
3138 4716 3522 4784 humiliare,ut

1933 4815 2095 4873 fidem
2143 4815 2260 4889 ejus
2310 4815 2667 4886 susciperent,
2712 4811 3029 4875 noluerunt,
3059 4807 3278 4863 diversa
3303 4821 3522 4879 semper

1932 4912 1986 4962 et
2013 4905 2285 4963 contraria
2312 4910 2628 4969 asserentes,
2683 4898 3021 4955 inanissimis
3049 4894 3520 4971 diSputationibus

1930 4996 2169 5052 invicem
2189 5010 2245 5050 se
2272 4992 2675 5057 confuderunt;
2709 4988 2838 5061 quia
2868 4990 2927 5044 in
2954 4988 3110 5044 nullo
3138 4986 3339 5044 horum
3367 4985 3515 5043 testi-

1928 5086 2100 5142 ﬁcatus
2131 5083 2378 5139 veritatis
2409 5082 2625 5153 signum
2657 5080 2775 5150 (60)
2811 5079 3060 5150 agnitum
3085 5087 3189 5145 est,
3228 5077 3378 5151 quod
3408 5095 3519 5134 an-

1928 5175 2222 5248 tepositum
2254 5169 2436 5226 verbis
2474 5169 2883 5226 commendaret
2911 5167 3242 5236 doctrinam,
3289 5167 3432 5223 sicut
3461 5174 3515 5223 et

1925 5314 2111 5370 statim
2144 5326 2273 5368 vero
2293 5316 2436 5382 post,
2466 5308 2776 5382 Laud.,pro
2803 5310 3168 5364 elementorum
3197 5306 3509 5377 ministerio,

1926 5384 2151 5442 exhibet
2177 5381 2456 5438 eiecturum
2491 5381 2806 5436 ministerio.

2000 5456 2115 5527 (59)
2158 5456 2281 5512 Vet.
2310 5453 2447 5527 edit.
2482 5460 2535 5508 et
2568 5468 2696 5527 mss.
2739 5452 2830 5509 hic
2860 5468 2923 5507 eo
2950 5450 3237 5527 dissident,
3271 5452 3419 5527 quod
3451 5450 3509 5507 hi

1920 5523 2242 5599 Iit-recedant,
2302 5526 2412 5581 illa:
2460 5526 2753 5597 pradicant
2784 5540 2895 5597 prae
2922 5539 2979 5599 se
3007 5523 3190 5599 ferent
3214 5539 3226 5589 ;
3252 5523 3321 5599 at
3350 5525 3507 5599 Rom.

1925 5593 2005 5655 sic
2033 5598 2215 5665 habet,
2263 5614 2379 5671 cum
2424 5593 2664 5668 εεὶσηψῑα
2689 5593 3089 5671 resiiwectionis
3114 5593 3411 5671 pradicant
3434 5598 3512 5671 fl-

1925 5671 2039 5725 dem
2075 5671 2209 5725 hanc
2236 5669 2525 5724 meliorum:
2552 5665 2657 5723 rion
2682 5667 2890 5722 amissae
2918 5665 3238 5721 substantite.

1999 5741 2115 5813 (60)
2157 5740 2290 5797 Cod.
2311 5740 2505 5806 Laud.,
2537 5740 2662 5810 quia
2682 5739 2738 5792 in
2766 5739 2915 5791 nulla
2939 5739 3125 5793 horum
3156 5736 3509 5807 testiﬁcatione.

1929 5813 2161 5870 veritatis
2191 5813 2418 5887 signum,
2437 5818 2543 5868 etc.
