3976 6366
1456 394 1554 452 AD
1593 391 1830 451 OPERA
1866 393 1920 449 S.
1965 391 2302 452 AMBROSII
2347 391 2731 451 APPENDIX.

3649 391 3758 449 284

438 528 583 586 Deus
611 523 857 582 decrevit
910 521 1218 597 disciplinas
1261 527 1479 590 nostrae,
1520 536 1640 593 quae
1687 536 1798 576 non
1848 517 2032 574 verbis
2059 521 2110 580 A
2141 525 2485 574 mortuorum
2516 517 2759 574 futuram
2785 534 2799 585 ;
2821 525 2904 584 ut,
2941 522 3166 590 accepta
3191 515 3425 585 ratione,
3458 531 3620 573 nemo
3643 532 3757 572 am-

438 613 719 687 probatur,
775 612 869 670 sed
918 611 1146 680 virtute,
1176 611 1266 668 cui
1298 627 1408 667 non
1441 615 1667 682 possunt
1702 607 1870 664 verba
1900 606 2031 664 resi-

436 709 598 760 stere.
629 701 1103 771 Quemadmodum
1133 717 1262 771 ergo
1291 716 1362 755 ex
1400 715 1509 753 una
1539 697 1786 769 impensa
1814 697 2034 752 diversa

435 792 806 850 animantium
835 808 961 848 caro
989 799 1093 858 est,
1144 789 1222 844 ita
1272 797 1326 844 et
1357 787 1522 842 unius
1543 786 1724 842 carnis
1754 786 2030 855 homines,

435 880 641 938 diversi
696 886 858 936 erunt
911 877 1176 950 dignitate
1208 876 1265 932 in
1316 874 1753 944 resurrectione;
1811 882 1874 929 ut
1904 873 2032 930 talis

433 969 812 1042 unusquisque
843 973 1116 1040 appareat,
1147 964 1327 1039 qualis
1355 963 1521 1020 fuerit
1550 962 1733 1020 meriti
1775 981 1787 1020 :
1831 964 2034 1038 quippe

432 1075 559 1116 cum
592 1057 758 1114 etiam
788 1055 880 1114 hic
899 1054 1275 1112 diversitatem
1297 1070 1589 1126 corporum
1612 1052 1922 1110 videamus.

507 1149 690 1222 (Vers.
721 1147 838 1219 40.)
909 1171 927 1194 ι
981 1147 1053 1203 Et
1107 1161 1337 1218 corpora
1390 1145 1651 1213 coelestia,
1711 1151 1765 1201 et
1805 1161 2033 1217 corpora

433 1239 734 1307 terrestria,
796 1236 890 1294 sed
919 1236 1026 1292 alia
1079 1236 1302 1310 quidem
1356 1235 1666 1294 coalestium
1697 1235 1892 1308 gloria,
1926 1235 2034 1291 alia

435 1336 618 1386 autem
647 1327 1010 1384 terrestrium.
1061 1351 1080 1373 ι
1140 1326 1395 1385 Coelestia
1422 1342 1654 1399 corpora
1681 1333 1810 1382 sunt
1840 1341 2033 1381 resur-

437 1417 702 1491 gentium,
736 1416 1017 1473 terrestria
1045 1423 1226 1472 autem
1257 1425 1548 1488 antequam
1580 1414 1908 1482 moriantur,
1938 1421 2034 1470 aut

436 1515 722 1580 resurgant
755 1524 766 1563 :
801 1516 864 1564 ut
893 1507 1023 1582 quia
1049 1506 1302 1565 Christus
1321 1506 1559 1563 caelestis
1577 1515 1678 1575 est,
1710 1523 1779 1561 ex
1808 1523 1872 1562 eo
1901 1522 2032 1562 cor-

436 1614 571 1672 pora
597 1598 838 1656 calestia
866 1598 1121 1656 dicantur
1155 1615 1168 1653 :
1209 1613 1279 1653 ex
1309 1596 1483 1653 Adam
1545 1613 1694 1665 vero,
1754 1595 1882 1669 quia
1912 1603 2032 1652 ter-

434 1689 624 1748 restris
652 1698 755 1760 est,
786 1689 1065 1746 terrestria
1103 1704 1352 1762 corpora.

506 1782 688 1853 (Vera.
730 1781 846 1852 41.)
917 1803 936 1828 ι
1000 1780 1124 1836 Alia
1178 1779 1399 1835 claritas
1440 1777 1592 1849 solis,
1653 1779 1762 1835 alia
1812 1780 2034 1837 claritas

2141 609 2312 680 bigat.
2347 632 2365 656 ι
2401 609 2717 665 Seminatur
2755 607 2813 662 iu
2832 607 3170 681 corruptela,
3201 615 3387 680 surget
3419 607 3477 662 in
3506 605 3757 663 incorru-

2141 699 2628 772 ptela.-Seminare
2659 705 2740 753 est
2759 697 3013 770 sepelire,
3045 705 3107 753 ut
3140 704 3550 769 corrumpatur:
3577 707 3753 752 resur'

2143 805 2265 862 gere
2299 799 2479 846 autem
2513 790 2571 846 in
2601 790 2993 862 incorruptela,
3050 789 3178 860 jam
3210 789 3606 846 exsuscitatum
3637 801 3752 845 non

2141 896 2298 953 posse
2317 879 2720 953 corrumpi,sed
2743 879 2943 937 habere
2965 879 3275 936 claritatem
3294 877 3748 936 immortalitatis.

2217 971 2400 1043 (Vers.
2432 969 2550 1041 43.)
2606 996 2624 1017 ι
2672 968 2987 1025 Seminatur
3015 968 3074 1023 in
3104 968 3429 1041 ignominia,
3471 975 3655 1041 surget
3685 967 3748 1023 iu

2142 1059 2334 1131 gloria.
2369 1084 2385 1105 ι
2435 1060 2494 1115 In
2527 1058 2833 1132 ignominia
2854 1057 3194 1124 seminatur;
3239 1057 3370 1132 quia
3394 1057 3528 1114 dum
3559 1058 3618 1114 in
3652 1066 3752 1116 te-

2141 1148 2281 1205 trico
2311 1148 2555 1222 ponitur,
2593 1148 2656 1204 ﬁt
2684 1147 2943 1216 fetidum,
2993 1155 3048 1204 et
3076 1153 3244 1204 scatet
3274 1147 3557 1204 vermibus
3583 1165 3594 1203 :
3629 1163 3750 1203 sur-

2142 1247 2230 1312 get
2256 1249 2436 1296 autem
2477 1240 2532 1294 in
2563 1238 2771 1312 gloria;
2829 1239 2956 1312 quia
2986 1237 3287 1294 excitatum
3313 1247 3367 1294 et
3415 1240 3603 1295 lumen
3632 1237 3744 1294 erit

2141 1338 2196 1386 et
2219 1330 2427 1385 nullam
2459 1329 2728 1402 squaloris
2758 1328 3019 1402 injuriam
3051 1328 3308 1401 patietur.
3371 1352 3390 1376 ι
3429 1329 3750 1386 Seminatur

2143 1421 2201 1476 in
2237 1419 2576 1489 inﬁrmitate,
2625 1427 2810 1492 surget
2857 1419 2914 1475 in
2965 1419 3190 1476 virtute.
3235 1444 3253 1467 ι
3324 1419 3385 1476 In
3414 1417 3747 1474 inﬁrmitate

2140 1510 2463 1580 seminatur,
2493 1509 2623 1584 quia
2650 1509 2938 1566 immobile
2967 1518 3072 1577 est,
3101 1517 3155 1566 et
3187 1508 3468 1581 irregibile
3497 1525 3509 1563 :
3561 1515 3748 1581 surget

2141 1617 2324 1666 autem
2367 1608 2426 1664 in
2474 1609 2703 1679 virtute,
2741 1605 2882 1664 166
2911 1605 3043 1680 quia
3069 1605 3184 1678 jam
3219 1613 3400 1662 totum
3435 1619 3610 1661 unum
3637 1603 3747 1661 erit

2140 1716 2204 1757 ac
2232 1707 2506 1772 vegetum.

2216 1789 2400 1858 (Vers.
2430 1788 2546 1861 44.)
2603 1812 2626 1844 ι
2674 1789 2989 1846 Seminatur
3029 1803 3234 1861 corpus
3263 1786 3520 1856 animale,
3557 1792 3744 1859 surget

433 1871 598 1941 Ῑιιηωι
657 1879 712 1928 ει
758 1871 867 1927 alia
914 1869 1136 1928 οιδΐίῑδδ
1176 1871 1460 1926 Stellarum
1495 1887 1508 1937 ;
1571 1871 1731 1926 Stella
1785 1870 1931 1926 enim
1963 1869 2030 1925 ab
2061 1877 2108 1939 B
2139 1879 2686 1954 corpusspiritale.Si
2703 1887 2784 1936 est
2802 1877 3358 1951 corpusanimale,est
3374 1875 3727 1950 etspiritale.-

432 1964 593 2022 stella
618 1963 803 2020 differt
832 1961 889 2020 iu
920 1962 1172 2020 ctaritate
1195 1962 1336 2032 (61).
1369 1986 1386 2008 ι
1431 1961 1607 2019 Unius
1641 1969 1849 2018 naturae
1869 1979 2031 2019 com—

433 2053 715 2126 paratione
745 2052 922 2108 utitur
950 2050 1018 2108 ad
1067 2051 1379 2109 indiscreta)
1411 2051 1730 2109 substantia)
1785 2051 2029 2108 redden-

433 2144 558 2202 dam
596 2141 886 2210 rationem,
917 2142 1047 2216 quia
1075 2142 1216 2198 sicut
1261 2143 1339 2199 sol
1379 2150 1432 2198 et
1463 2143 1594 2198 luna
1619 2152 1673 2199 et
1701 2143 1872 2199 stellae
1900 2159 2028 2200 cum

349 2237 352 2239 ’
433 2232 546 2290 sint
567 2232 732 2289 unius
757 2231 980 2305 quidem
1012 2240 1240 2300 naturas,
1272 2231 1505 2290 diversae
1535 2239 1722 2290 tamen
1763 2231 2028 2289 claritatis

435 2330 565 2382 sunt
598 2341 610 2380 :
663 2323 739 2379 ita
775 2329 830 2378 et
862 2321 1114 2378 homines
1142 2339 1269 2379 cum
1299 2323 1412 2380 sint
1441 2323 1608 2378 unius
1638 2323 1870 2395 generis,
1903 2338 2030 2378 me-

434 2413 542 2471 rito
588 2421 770 2469 tamen
824 2411 1120 2469 dissimiles
1149 2421 1311 2470 erunt
1358 2413 1416 2468 iu
1448 2414 1658 2485 gloria;
1695 2423 1755 2470 ut
1787 2414 2026 2470 claritati

433 2503 566 2561 solis
617 2503 838 2562 illorum
888 2503 1128 2577 dignitas
1172 2510 1509 2576 exmquetur,
1541 2504 1635 2577 qui
1665 2505 2027 2562 centesimum

435 2610 727 2651 numerum
751 2593 974 2663 habent,
993 2595 1085 2668 qui
1109 2601 1169 2651 ut
1189 2594 1416 2666 perfecti
1437 2595 1807 2668 essent,primi
1829 2595 2028 2670 gradus

431 2685 617 2742 aemuli
636 2686 879 2756 fuerunt,
909 2687 977 2744 de
1006 2686 1207 2761 quibus
1236 2686 1448 2742 dictum
1475 2693 1554 2742 est
1587 2703 1600 2742 :
1649 2709 1668 2734 ι
1711 2687 1865 2745 Tunc
1887 2686 2026 2760 justi

431 2775 717 2850 fulgebunt
743 2778 886 2836 sicut
924 2778 1003 2834 sol
1034 2778 1091 2833 in
1122 2793 1289 2850 regno
1317 2776 1492 2833 Patris
1521 2775 1605 2834 sui
1655 2778 1868 2849 (Matth.
1903 2796 2026 2852 xui,

431 2862 545 2937 43).
578 2890 597 2914 ι
641 2867 845 2924 Lunari
876 2866 1098 2939 quidem
1129 2865 1367 2922 claritati
1399 2865 1459 2922 hi
1487 2867 1841 2941 comparandi
1871 2876 2023 2938 sunt,

431 2955 528 3028 qui
571 2955 969 3028 sexagesimum
1001 2970 1290 3010 numerum
1321 2954 1482 3011 bonis
1509 2955 1766 3026 operibus
1798 2958 2024 3014 mercati

430 3051 581 3110 sunt,
613 3050 674 3100 ut
701 3042 928 3099 secundi
959 3043 1158 3114 gradus
1195 3042 1452 3098 meritum
1501 3043 1785 3102 haberent.
1841 3048 2026 3104 Stellis

429 3139 612 3188 autem
673 3131 1000 3188 clarioribus
1025 3147 1212 3188 eorum
1246 3132 1440 3189 merita
1468 3136 1834 3207 comparanda
1871 3145 2022 3207 sunt,

2143 1969 2398 2026 Animale
2424 1986 2622 2044 corpus
2652 1969 2892 2037 est,dum
2923 1968 3062 2026 cibis
3098 1973 3539 2034 sustentatur,ut
3567 1965 3736 2021 vivat:

2138 2058 2383 2130 spiritale
2411 2067 2758 2127 autem,cum
2789 2059 2989 2114 horum
3022 2057 3168 2113 nihil
3201 2055 3493 2128 indigebit,
3515 2071 3740 2113 conver-

2137 2164 2258 2203 sum
2286 2147 2348 2204 in
2379 2148 2570 2204 vitam.
2619 2146 2817 2203 Omnia
2857 2145 3172 2218 supradicta
3227 2145 3332 2200 hoc
3370 2161 3534 2202 sensu
3574 2145 3739 2202 clau-

2137 2235 2346 2293 duntur
2382 2236 2534 2308 (63);
2568 2252 2680 2292 non
2708 2234 2853 2292 enim
2885 2233 3041 2300 aliud
3066 2234 3383 2291 continetur
3411 2234 3468 2290 in
3493 2233 3742 2306 superio-

2138 2325 2312 2393 ribus,
2343 2324 2446 2382 nisi
2471 2323 2618 2398 quod
2638 2323 2875 2380 animale
2903 2339 3102 2395 corpus
3130 2321 3386 2392 moritur,
3421 2331 3475 2379 et
3494 2330 3743 2395 resurget

2137 2415 2402 2489 spiritale,
2436 2416 2582 2489 quod
2604 2431 2780 2488 neque
2809 2414 2924 2488 jam
2954 2413 3270 2480 manducet,
3303 2429 3404 2469 nec
3441 2412 3614 2481 bibat,
3639 2429 3742 2470 nec

2137 2507 2466 2576 inﬁrmetur,
2501 2524 2602 2566 nec
2628 2507 2701 2564 sit
2729 2505 2986 2574 fetidum,
3019 2521 3121 2562 nec
3153 2512 3352 2560 tetrum
3386 2512 3600 2560 natura.

2212 2597 2394 2667 (Vers.
2413 2596 2530 2670 45.)
2549 2599 2770 2654 cFactus
2799 2604 2880 2652 est
2912 2596 3125 2668 primus
3152 2593 3322 2650 homo
3343 2593 3519 2649 Adam
3548 2593 3738 2650 inani-

2135 2687 2586 2745 mamviveutem.
2619 2713 2637 2737 ι
2685 2688 2800 2744 Hoc
2826 2687 2883 2743 in
2914 2685 3111 2742 Genesi
3141 2684 3353 2741 dictum
3383 2693 3464 2740 est
3486 2684 3640 2754 (Gen.
3665 2701 3731 2752 ιι,

2141 2776 2219 2849 7),
2253 2778 2401 2850 quia,
2434 2785 2656 2851 accepto
2699 2775 2900 2850 spiritu
2929 2775 3090 2832 ﬂatus
3116 2774 3215 2831 Dei
3245 2773 3421 2831 factus
3449 2780 3532 2830 est
3561 2771 3732 2829 homo

2136 2869 2192 2925 in
2227 2868 2467 2925 animam
2517 2869 2835 2933 viventem;
2887 2865 3130 2922 oﬂicium
3170 2863 3318 2920 enim
3347 2862 3574 2936 spiritus
3599 2863 3733 2919 aui—

2137 2979 2284 3019 mare
2313 2971 2394 3020 est
2417 2979 2636 3036 corpus,
2672 2963 2750 3019 ita
2782 2970 2962 3018 tamen
2994 2968 3055 3016 ut
3074 2957 3394 3017 continuam
3427 2956 3595 3014 vitam
3617 2973 3730 3014 non

2135 3050 2353 3117 habeat,
2384 3051 2488 3106 nisi
2520 3050 2659 3108 cibis
2687 3057 2741 3106 et
2768 3056 2928 3122 potus
2957 3047 3169 3104 auxilio
3201 3054 3412 3103 utatur.
3455 3068 3475 3094 ι
3522 3044 3733 3102 Novis-

2134 3139 2308 3196 simus
2336 3147 2518 3196 autem
2541 3138 2716 3195 Adam
2734 3138 2792 3194 in
2807 3137 3064 3210 spiritum
3082 3135 3478 3202 viviﬁcantem;
3497 3160 3515 3184 ι
3532 3134 3638 3192 hoc
3648 3143 3732 3192 est

429 3220 526 3296 qui
564 3220 902 3279 tricesimum
936 3238 1247 3293 numerum,
1285 3223 1438 3280 tertii
1474 3224 1672 3296 gradus
1700 3225 2023 3299 dignitatem
2057 3241 2098 3300 ί]
2136 3239 2194 3286 ιιι
2213 3227 2325 3301 jam
2357 3229 2450 3303 qui
2481 3235 2605 3284 ante
2633 3227 2814 3284 fuerat
2856 3227 3032 3282 factus
3062 3225 3119 3282 in
3149 3225 3412 3293 animam,
3443 3225 3619 3283 factus
3648 3232 3734 3282 est

422 3310 589 3384 justis
622 3310 906 3370 laboribus
935 3313 1287 3386 quaesierunt.
1347 3314 1715 3387 Sequentibus
1745 3331 1876 3372 vero
1905 3317 2030 3373 stel-

427 3400 518 3470 lis,
548 3417 669 3476 qua
722 3403 868 3462 inter
919 3404 1094 3462 claras
1141 3413 1196 3462 et
1251 3404 1601 3464 obscuriores
1629 3406 1826 3464 media
1877 3415 2026 3476 sunt,

425 3499 739 3566 peccatores
795 3493 1050 3552 homines
1103 3495 1396 3569 coaptandi
1437 3503 1591 3563 sunt,
1622 3497 1718 3572 qui
1749 3497 1817 3554 de
1849 3498 2028 3554 tribus

423 3580 632 3638 nullius
662 3581 858 3655 gradus
885 3583 1118 3656 adipisci
1147 3585 1414 3642 honorem
1442 3587 1762 3643 voluerunt.
1795 3586 2026 3644 Tetricis

423 3678 606 3728 autem
659 3672 853 3739 stellis,
905 3680 959 3728 et
1014 3674 1264 3729 omnium
1313 3673 1653 3744 novissimis,
1685 3675 2019 3746 perﬁdorum

425 3761 752 3818 resurrectio
782 3761 981 3818 similis
1008 3769 1126 3829 est;
1189 3763 1318 3835 quia
1348 3779 1590 3819 errorem
1621 3764 1818 3833 secuti,
1847 3765 2022 3821 stellis

425 3850 483 3907 in
517 3866 756 3906 errorem
793 3849 1124 3908 ducentibus
1151 3851 1505 3924 comparandi
1532 3862 1682 3922 sunt,
1713 3853 1857 3910 sicut
1885 3853 2018 3911 dicit

423 3939 481 3996 in
512 3939 760 4012 Epistola
785 3956 884 3996 sua
910 3940 1077 3997 Iudas
1114 3942 1394 4012 apostolus
1424 3942 1600 4014 (Iuda
1636 3943 1747 4014 l3).
1780 3943 2018 3999 Inﬁdeli-

423 4035 507 4086 tas
537 4029 684 4086 enim
716 4045 826 4086 non
851 4037 1027 4102 potest
1055 4032 1256 4088 claram
1287 4031 1741 4089 resurrectionem
1773 4033 1972 4090 habere
2002 4053 2014 4102 ;

423 4120 553 4193 quia
578 4121 723 4178 sicut
749 4121 912 4179 carbo
939 4121 1122 4178 cinere
1151 4139 1250 4178 suo
1272 4132 1559 4196 coopertus
1585 4123 1914 4194 obcaecatur,
1944 4125 2020 4180 ita

425 4217 480 4266 et
506 4211 564 4267 hi
597 4210 826 4284 perﬁdia
853 4228 952 4268 sua
987 4213 1188 4270 erroris
1220 4213 1337 4285 (62)
1390 4214 1633 4271 tenebris
1662 4214 2015 4280 circumdati,

427 4301 549 4357 luce
574 4300 858 4358 carebunt.

497 4401 681 4473 (Vers.
714 4400 830 4472 42.)
876 4424 894 4448 ι
922 4401 1003 4457 Ita
1032 4400 1137 4458 erit
1166 4409 1219 4457 et
1247 4402 1578 4460 resurrectio
1609 4410 2004 4459 mortuorum.-

423 4489 694 4564 Exempla
747 4491 860 4579 dat,
918 4499 979 4548 ut
1035 4507 1146 4548 non
1187 4491 1261 4547 sit
1294 4490 1526 4547 dubium
1560 4492 2018 4548 resurrectionem

497 4689 614 4762 (61)
648 4690 832 4749 Codex
886 4690 1074 4759 Corb.,
1134 4689 1265 4746 Atia
1309 4688 1482 4759 gloria
1524 4687 1672 4756 solis,
1703 4690 1817 4746 alia
1845 4689 2021 4761 gloria

429 4761 599 4834 lunia,
615 4762 792 4834 differt
816 4766 872 4818 in
899 4763 1098 4834 gloria.

499 4831 756 4906 (62)‘Ms.
813 4831 1003 4900 Corb.,
1053 4833 1292 4906 perﬁdiae
1338 4851 1451 4906 (sua:
1496 4849 1696 4888 errore.
1731 4832 1823 4906 ΔΕι
1851 4831 2014 4906 infra.

422 4903 687 4974 Exempla
715 4905 933 4972 dantur,
971 4911 1029 4960 ut
1054 4903 1174 4961 'non
1220 4905 1434 4961 dubiam
1461 4903 1892 4959 resurrectionem
1919 4903 2020 4973 fu-

424 4978 604 5049 turam
633 4982 963 5049 mortuorum
991 4977 1108 5046 quis
1136 4978 1383 5049 ambigat.

499 5045 626 5120 (63)
658 5047 780 5103 Vet.
813 5045 1040 5120 editae
1070 5049 1251 5120 plures
1280 5045 1435 5116 mss,
1466 5064 1596 5120 non
1643 5047 1782 5102 enim
1826 5064 2018 5118 corpus

421 5118 654 5172 animale
678 5135 881 5188 semper
907 5119 987 5173 hic
1015 5118 1200 5175 habere
1220 5127 1404 5190 potest.
1441 5119 1701 5191 Spiritum
1729 5126 1966 5175 sanctum
1999 5137 2015 5174 .'

424 5195 543 5243 tunc
573 5207 716 5263 vero,
750 5191 806 5244 id
835 5196 926 5257 est,
958 5191 1014 5244 in
1043 5192 1442 5257 resurrectione,
1483 5208 1683 5263 semper
1705 5191 1933 5263 manebit
1962 5191 2018 5245 in

421 5261 632 5334 sanctis.
668 5264 856 5334 Surget
881 5279 1071 5334 corpus
1099 5262 1506 5334 spiritale,quod
1518 5261 1688 5334 possit
1713 5263 1794 5318 ire
1811 5262 2019 5334 obviam.

427 5333 661 5406 Christo.
699 5336 830 5402 Quae
875 5333 1097 5406 quidem
1123 5333 1294 5406 verba
1323 5348 1435 5387 non
1469 5350 1608 5406 aegre
1627 5333 2019 5406 deprehendas

421 5405 802 5462 consarcinata
849 5402 964 5461 esse
1016 5420 1086 5459 ex
1149 5402 1557 5461 Commentario
1624 5402 2018 5461 Pseudo-Hie-

425 5475 641 5546 ronymi
672 5477 731 5548 in
767 5477 914 5548 hune
950 5477 1154 5548 locum.
1183 5473 1287 5548 §ed
1317 5491 1438 5546 quae
1466 5473 1648 5548 abhis
1676 5477 1808 5548 ipsis
1835 5476 2017 5533 verbis

421 5545 614 5628 usque_
640 5547 708 5603 ad
761 5547 866 5628 ill_a_
896 5545 1093 5628 capitis
1124 5547 1149 5602 l
1184 5545 1580 5626 Commentarii
1612 5546 1667 5602 in
1697 5545 2014 5628 sequentem

419 5617 708 5698 epistolam
743 5635 755 5671 :
805 5617 1145 5698 Manifestum
1191 5617 1462 5698 quiahpro
1506 5633 1608 5698 q_uo
1666 5617 1924 5698 patimur,
1958 5619 2015 5674 in

422 5687 699 5762 plerisque
729 5704 859 5744 mss.
886 5687 1227 5762 et'omnibus
1256 5687 1388 5745 edit.
1422 5687 1704 5762 Ambrosii
1736 5691 2014 5762 leguntur,

421 5755 568 5819 unde
608 5755 787 5818 'etiam
833 5755 1086 5817 nonnihil
1142 5760 1199 5818 in
1251 5776 1406 5818 suam
1436 5755 2015 5834 Paulinarum-'episto¥

2047 4599 2097 4656 D

2141 3317 2196 3373 in
2229 3319 2483 3392 spiritum
2515 3335 2610 3392 per
2638 3316 3113 3386 resurrectionem,
3135 3323 3197 3372 ut
3223 3317 3363 3373 mori
3397 3331 3509 3372 non
3533 3315 3729 3389 possit,

2138 3409 2268 3482 quia
2296 3409 2388 3466 ﬁet
2415 3417 2561 3466 totus
2591 3410 2804 3466 vivens.

2211 3499 2392 3570 (Vers.
2424 3498 2540 3570 46.)
2587 3523 2605 3546 ι
2635 3497 2739 3554 Sed
2760 3513 2871 3554 non
2902 3497 3054 3570 prius
3081 3496 3228 3570 quod
3259 3495 3506 3568 spiritale
3534 3502 3616 3552 est
3646 3511 3662 3563 ;
3695 3518 3713 3541 ι

2135 3604 2241 3661 qua
2261 3588 2496 3646 animale
2523 3605 2594 3646 ex
2634 3587 2833 3657 Adam,
2875 3586 3120 3660 spiritale
3151 3601 3280 3642 vero
3318 3601 3414 3658 per
3449 3584 3729 3643 Christum

2131 3685 2183 3732 et
2212 3679 2664 3736 resurrectionem
2696 3687 3060 3736 mortuorum.

2203 3767 2384 3838 (Vers.
2421 3767 2695 3839 47,128.)-
2735 3767 2952 3822 Primus
2983 3765 3149 3821 homo
3175 3765 3242 3821 de
3279 3772 3430 3821 terra
3459 3772 3728 3833 terrenus,

2129 3855 2399 3913 secundus
2417 3856 2584 3912 homo
2612 3857 2680 3912 de
2705 3856 2843 3913 coelo
2864 3853 3100 3910 caelestis
3127 3871 3139 3908 :
3170 3853 3349 3926 qualis
3381 3861 3730 3922 terrenus,ta-

2131 3953 2206 4007 les
2223 3959 2276 4008 et
2297 3952 2518 4009 terreni:
2543 3960 2596 4008 et
2614 3951 2792 4026 qualis
2807 3948 3213 4014 cmlestis,tales
3233 3955 3289 4004 et
3307 3948 3598 4004 caelestes.»
3618 3948 3731 4003 Pri-

2131 4057 2251 4097 mus
2271 4041 2439 4098 homo
2461 4041 2634 4098 Adam
2656 4047 2737 4096 est
2763 4039 2830 4094 de
2851 4046 2998 4094 terra
3030 4034 3466 4108 temporalis,cui
3485 4036 3734 4092 succedit

2130 4147 2305 4185 mors:
2325 4129 2596 4186 secundus
2620 4129 2788 4184 homo
2805 4125 3058 4185 Christus
3077 4133 3159 4181 est
3188 4125 3255 4180 de
3279 4124 3538 4197 cmlo,qui
3555 4140 3732 4181 resur-

2129 4234 2257 4287 gens
2289 4217 2428 4272 mori
2457 4217 2664 4272 nescit:
2700 4214 2924 4282 «Qualis
2959 4221 3039 4270 est
3062 4213 3158 4269 ille
3188 4212 3482 4282 terrestris,
3513 4212 3648 4268 tales
3677 4221 3732 4270 et

2128 4315 2441 4376 terrestres;
2476 4333 2492 4355 -
2545 4306 2650 4364 hoc
2678 4317 2779 4375 est,
2837 4307 2968 4379 quia
3020 4313 3273 4363 terrenus
3329 4305 3577 4362 mortalis
3624 4315 3724 4374 est,

2129 4401 2386 4458 mortales
2439 4408 2568 4457 sunt
2623 4408 2676 4458 et
2731 4400 2936 4456 terreni
2999 4417 3010 4454 :
3077 4416 3312 4473 peccans
3340 4410 3521 4458 autem
3551 4398 3727 4457 Adam

2130 4498 2359 4545 mortem
2394 4488 2627 4558 invenit,
2660 4496 2721 4546 ut
2747 4504 2939 4546 omnes
2963 4504 3032 4546 ex
3053 4504 3119 4546 eo
3149 4487 3407 4545 mortales
3429 4487 3566 4545 sint.
3609 4511 3628 4536 ι
3655 4488 3728 4544 Et

2134 4689 2727 4762 larumExpositiouem
2749 4689 2993 4762 doctoris
3005 4689 3178 4746 nostri
3197 4689 3420 4746 nomine
3442 4689 3728 4762 transtulit

2129 4762 2382 4819 Rabanus
2411 4761 2631 4818 Maurus
2664 4779 2703 4833 2,
2729 4761 3088 4833 eadem,_solo
3120 4763 3625 4833 prologoexcepto,
3667 4761 3727 4815 in

2126 4833 2452 4889 adulterinis
2500 4833 2612 4888 illis
2642 4831 2965 4904 Hieronymi
2997 4831 3527 4904 Commentariisad
3544 4832 3728 4904 apices

2127 4905 2493 4984 reperiuntur.
2550 4905 2689 4984 Hinc
2743 4905 2801 4959 in
2833 4902 3088 4984 promptu
3119 4904 3288 4984 fuerit
3312 4902 3722 4984 colligere‘folii

2051 5019 2054 5022 ι
2125 4973 2360 5047 alicujus
2413 4977 2609 5032 factam
2663 4974 2726 5047 in
2781 4973 2951 5047 veteri
2993 4973 3266 5047 quapiam
3325 4973 3506 5047 hujus
3544 4973 3726 5047 nostri

2126 5045 2516 5104 Commentarii
2575 5046 2762 5102 codice
2809 5045 3079 5118 jactura'm
3119 5045 3722 5118 veltranspositionem

2128 5119 2436 5175 librariose
2468 5115 3040 5188 Pseudo-Hieronymo
3097 5117 3297 5176 sarcire
3353 5115 3608 5172 valuisse.
3663 5115 3725 5171 ld

2126 5191 2252 5246 inde
2291 5188 2670 5257 conﬁrmatur,
2703 5189 2848 5261 quod
2878 5187 2986 5245 alia
3015 5189 3201 5244 omnia
3230 5187 3489 5261 exhibeat
3520 5201 3724 5261 exem-

2124 5262 2243 5334 plar
2299 5261 2671 5334 Corbeiense,_
2699 5257 2790 5317 sed
2820 5278 2940 5333 quae
2971 5259 3512 5334 multo‘conveniant
3539 5257 3726 5334 aptius

2123 5329 2248 5411 cum
2286 5332 2697 5411 Ambrosiastri,
2731 5339 2791 5386 ut
2817 5329 3034 5411 vocantz
3067 5331 3256 5411 stylo.‘
3259 5331 3377 5386 Huc
3403 5329 3541 5411 adde
3571 5329 3720 5411 quod

2126 5405 2182 5459 in
2229 5403 2407 5459 tribus
2457 5405 2582 5458 aliis
2638 5420 2766 5458 mss.
2827 5403 2895 5458 ad
2954 5401 3159 5458 calcem
3217 5401 3611 5460 Commentarii
3666 5401 3724 5456 in

2124 5475 2300 5547 Epist.
2350 5475 2416 5547 ad
2461 5473 3142 5547 Romanosfragmentum
3172 5472 3552 5547 Expositionis
3581 5470 3726 5547 ulti-

2124 5542 2338 5603 morum
2376 5545 2542 5618 hujus
2566 5542 3448 5618 epistolaversuumAmbrosio
3487 5542 3720 5618 attribu-

2127 5626 2244 5689 tum
2274 5613 2467 5674 exstat
2477 5613 2673 5689 iisdem
2692 5615 3406 5689 verbis,quibus_legiturin
3424 5613 3721 5689 cod._Corb.

2126 5688 2300 5763 Hujus
2319 5689 2503 5763 itaque
2523 5687 2812 5745 lectionem
2833 5685 3225 5746 admittendam
3247 5685 3717 5744 existimavimus.
