3976 6390
212 555 392 630 qualis
425 553 521 612 ille
545 552 805 623 cmlestis,
832 552 969 610 tales
1013 559 1067 608 et
1101 550 1347 609 caelestes
1386 549 1520 618 sint,
1548 575 1566 599 ι

213 647 344 721 quia
405 645 659 706 Christus
723 660 834 700 non
900 641 1170 716 peccavit,
1245 643 1474 699 vincens
1548 649 1804 714 mortem,

211 738 452 795 cmlestis
479 744 561 793 est
586 753 599 794 :
630 736 707 792 ita
754 733 866 790 sint
893 740 948 788 et
991 731 1278 788 credentes
1307 731 1391 787 illi
1425 750 1436 788 :
1471 731 1726 805 quamvis
1753 740 1808 788 et

215 844 326 884 non
355 827 639 884 credentes
667 823 938 898 spiritales
962 821 1134 877 futuri
1168 830 1318 890 sunt,
1346 820 1441 878 sed
1468 821 1612 878 sicut
1648 821 1807 894 spiri-

214 919 350 974 talia
379 915 662 990 nequitiae,
693 922 756 971 ut
803 913 915 968 sint
953 910 1250 968 tenebrosi.
1293 914 1372 968 De
1420 912 1626 968 sanctis
1656 910 1805 968 enim

217 1023 366 1063 nunc
427 1004 692 1079 loquitur,
746 1001 840 1075 qui
894 1008 1182 1073 resurgent
1228 1000 1298 1056 ad
1339 1001 1610 1073 gloriam;
1664 1000 1808 1057 sicut

214 1097 362 1152 enim
394 1095 489 1170 qui
536 1111 646 1150 non
674 1092 931 1162 credunt,
972 1091 1087 1164 jam
1132 1091 1371 1164 judicati
1422 1099 1573 1160 sunt,
1623 1098 1677 1146 et
1711 1090 1806 1164 qui

214 1186 468 1254 credunt,
489 1184 605 1257 jam
636 1183 884 1240 coalestes
923 1180 1186 1238 dicuntur
1219 1181 1401 1254 (Joan.
1430 1197 1514 1248 ιιι,
1550 1178 1662 1252 18).

289 1276 470 1346 (Vers.
502 1272 622 1345 49.)
659 1293 678 1319 ι
713 1270 886 1344 Igitur
934 1269 1080 1326 sicut
1127 1268 1471 1342 portavimus
1511 1267 1806 1340 imaginem

215 1365 369 1421 illius
414 1360 642 1431 terreni,
673 1367 957 1434 portemus
983 1366 1040 1416 et
1066 1358 1362 1432 imaginem
1411 1357 1578 1430 hujus
1605 1358 1808 1415 coales-

217 1453 318 1521 tis;
352 1477 369 1500 ›
414 1451 519 1510 hoc
549 1460 650 1520 est,
683 1450 828 1507 sicut
858 1449 1094 1506 formam
1122 1447 1423 1505 habuimus
1451 1446 1809 1503 mortalitatis

216 1559 311 1615 per
355 1549 639 1615 peccatum
677 1539 832 1608 Adae,
883 1538 1028 1595 servi
1055 1538 1262 1612 peccati
1297 1536 1466 1594 facti:
1512 1537 1591 1592 ita
1619 1545 1673 1592 et
1702 1535 1807 1590 for-

215 1647 359 1686 mam
384 1630 687 1687 habeamus
734 1628 864 1685 vita
888 1644 985 1701 per
1007 1626 1285 1699 justitiam
1326 1625 1648 1693 Salvatoris,
1679 1624 1808 1681 facti

214 1718 360 1775 servi
382 1717 640 1792 justitize,
667 1734 779 1774 non
807 1715 1024 1786 mundi,
1046 1716 1140 1773 sed
1167 1715 1266 1773 Dei
1285 1734 1299 1784 ;
1318 1715 1454 1772 dum
1482 1731 1546 1771 ea
1574 1714 1807 1787 agimus,

214 1823 335 1880 quae
365 1805 782 1862 immortalitate
812 1805 978 1879 digna
1003 1812 1154 1860 sunt.

290 1897 472 1967 (Vers.
501 1897 618 1966 50.)
665 1919 684 1942 ι
714 1895 829 1951 Hoc
875 1902 1057 1952 autem
1099 1893 1244 1962 dico,
1281 1893 1500 1958 fratres,
1530 1890 1660 1966 quia
1684 1906 1810 1948 caro

211 1996 270 2044 et
316 1986 539 2060 sanguis
586 2002 816 2058 regnum
859 1985 959 2042 Dei
1014 1984 1292 2058 possidere
1339 2000 1451 2040 non
1493 1989 1741 2056 possunt.
1774 2007 1792 2029 ι

212 2077 448 2136 Carnem
485 2075 774 2150 perfidiam
806 2074 930 2132 vult
958 2073 1216 2145 intelligi,
1239 2071 1561 2144 sanguinem
1591 2079 1806 2144 turpem

213 2175 272 2224 et
305 2166 652 2223 luxuriosam
702 2164 894 2232 vitam,
931 2163 1063 2236 quia
1091 2161 1365 2234 cupiditas
1393 2160 1512 2216 haec
1539 2176 1571 2216 a
1592 2160 1808 2216 fervore

211 2259 501 2334 sanguinis
517 2266 808 2332 generatur
831 2275 843 2313 :
869 2265 930 2313 ut
958 2254 1268 2312 ostenderet
1295 2270 1406 2310 non
1433 2253 1610 2309 solum
1636 2253 1808 2309 incre-

209 2351 407 2408 dulnm
450 2349 673 2422 dignam
716 2346 1172 2405 resurrectionem
1218 2361 1330 2401 non
1360 2343 1578 2412 habere,
1612 2358 1804 2398 verum

211 2442 379 2500 etiam
410 2441 568 2498 illum
600 2439 696 2513 qui
725 2437 1014 2496 desideriis
1041 2444 1094 2493 et
1123 2435 1278 2492 vitiis
1305 2435 1488 2492 carnis
1515 2433 1806 2507 obtempe-

213 2540 318 2590 rat.
353 2533 680 2592 Commonet
707 2545 835 2602 ergo
856 2536 911 2585 et
939 2527 1187 2596 instruit,
1210 2542 1318 2600 qua
1347 2525 1558 2582 ratione
1578 2539 1806 2598 regnum

209 2623 475 2680 caelorum
503 2619 764 2693 consequi
801 2635 1125 2675 mereamur.

302 2738 321 2762 ε
339 2713 525 2786 Neque
543 2709 824 2783 corruptio
848 2708 1277 2781 incorruptelam
1299 2705 1619 2779 possidebit.
1643 2729 1660 2752 ι
1692 2705 1808 2761 Hoc

209 2802 376 2870 dicit,
428 2801 559 2874 quia
615 2799 926 2871 corruptela
989 2804 1043 2854 et
1108 2793 1336 2852 lascivia
1397 2794 1526 2851 vita
1591 2809 1807 2867 poenam

212 2906 435 2949 necesse
466 2898 548 2947 est
575 2890 834 2963 patiatur.
866 2887 1180 2944 Passionem
1212 2885 1358 2941 enim
1398 2882 1806 2956 corruptionem

211 2983 433 3057 posuit;
453 2995 579 3036 nam
607 2985 821 3036 constat
848 2976 1039 3050 utique
1069 2990 1260 3032 omnes
1287 2973 1542 3030 homines
1571 2973 1811 3029 immor-

209 3074 350 3133 tales
378 3085 680 3143 resurgere.

289 3161 472 3234 (Vers.
504 3160 624 3232 51.)
669 3183 688 3207 ι
711 3159 855 3215 Ecce
882 3156 1212 3231 mysterium
1253 3155 1412 3213 vobis
1440 3153 1586 3222 dico,
1619 3168 1811 3209 omnes

211 3250 443 3326 quidem
491 3263 873 3320 resurgemus;
906 3271 926 3295 ι
971 3245 1027 3302 id
1065 3253 1166 3314 est,
1197 3254 1308 3302 tam
1338 3243 1619 3301 credentes
1647 3258 1810 3316 quam

219 3357 336 3398 non
384 3338 688 3397 credentes.
737 3361 755 3384 ι
786 3335 892 3393 Sed
939 3352 1051 3391 non
1081 3351 1272 3391 omnes
1301 3332 1741 3390 immutabimur.
1784 3355 1804 3381 ι

222 3431 387 3489 Nunc
425 3427 857 3500 uniuscujusque
897 3425 1156 3482 meritum
1203 3425 1263 3480 in
1304 3421 1704 3480 resurrectione
1736 3420 1823 3476 si-

223 3519 470 3593 gniﬁcat,
503 3517 685 3590 qualis
715 3516 774 3572 in
803 3514 1040 3587 singulis
1070 3513 1258 3568 futura
1288 3512 1380 3568 sit.

302 3618 486 3687 (Vers.
518 3615 636 3686 52.)
685 3638 702 3660 ι
729 3615 792 3669 In
821 3617 1120 3678 momento,
1156 3609 1214 3664 in
1243 3609 1358 3666 ictu
1384 3607 1552 3676 oculi,
1584 3631 1603 3656 ι
1638 3606 1696 3663 id
1721 3614 1820 3677 est,

223 3705 360 3775 cito,
412 3705 531 3759 sine
586 3701 770 3775 aliqua
829 3716 999 3757 mora.
1050 3722 1068 3746 ι
1107 3699 1170 3754 In
1234 3697 1539 3754 novissima
1593 3697 1749 3767 tuba,
1794 3724 1812 3747 ι

226 3794 357 3852 ideo
383 3791 688 3860 novissima,
719 3789 848 3864 quia
875 3797 1213 3863 postremum
1243 3787 1451 3844 bellum
1483 3787 1692 3860 geritur
1720 3787 1828 3844 ad-

227 3897 454 3940 versum
505 3881 806 3946 daemones,
859 3895 924 3936 ac
975 3877 1272 3951 principes,
1323 3885 1378 3933 et
1411 3884 1725 3951 potestates,
1773 3885 1830 3933 et

227 3972 415 4044 ipsum
463 3969 767 4026 diabolum.
815 3967 931 4024 Hoc
978 3964 1128 4022 enim
1169 3964 1264 4022 ﬁet
1295 3971 1418 4038 post
1458 3981 1632 4021 annos
1653 3965 1827 4034 mille,

231 4062 439 4137 quibus
467 4061 560 4117 hic
587 4057 839 4133 regnabit
864 4057 1134 4125 Salvator,
1159 4055 1434 4112 exstincto
1461 4055 1826 4125 Antichristo,

230 4169 362 4210 cum
392 4151 618 4206 Satanas
645 4148 964 4205 dimittetur
993 4145 1062 4202 de
1087 4161 1302 4202 carcere
1330 4161 1430 4201 suo
1458 4143 1526 4201 ad
1555 4145 1831 4202 seducen—

231 4241 334 4299 das
382 4249 568 4314 gentes
618 4239 734 4310 Gog
785 4246 840 4295 et
867 4239 1082 4310 Magog,
1125 4236 1219 4308 qui
1265 4243 1396 4292 sunt
1422 4222 1718 4304 daemones,
1770 4244 1832 4292 ut

233 4340 486 4407 pugnent
543 4330 807 4386 adversus
859 4337 1038 4386 castra
1096 4334 1449 4395 sanctorum;
1517 4344 1620 4385 nec
1680 4328 1831 4384 enim

233 4420 568 4494 temporales
619 4418 874 4474 homines
930 4423 1190 4489 poterunt
1245 4416 1538 4474 adversum
1599 4426 1836 4474 aeternos

233 4508 524 4567 dimicare.
570 4506 708 4563 Nam
763 4511 819 4562 et
879 4505 1115 4560 Joannes
1156 4504 1438 4575 apostolus
1475 4506 1590 4561 ait:
1637 4528 1656 4552 ε
1703 4503 1835 4562 Vidi

235 4597 470 4657 Michael
502 4604 556 4652 et
584 4593 804 4666 angelos
828 4590 947 4664 ejus
977 4592 1034 4648 in
1078 4593 1216 4649 caelo
1245 4601 1550 4666 pugnantes
1577 4595 1839 4652 adversus

243 4689 543 4746 draconem
583 4692 636 4740 et
665 4682 888 4755 angelos
921 4679 1039 4754 ejus
1071 4681 1260 4753 (Apoc.
1292 4698 1394 4750 xu,
1429 4684 1509 4755 7),
1541 4708 1560 4731 ι
1592 4715 1664 4726 -
1696 4709 1714 4732 α
1745 4686 1839 4759 qui

238 4785 325 4835 est
379 4774 634 4832 diabolus
688 4780 743 4828 et
793 4771 1018 4828 Satanas
1049 4771 1237 4843 (Apoc.
1288 4788 1386 4841 xx,
1424 4772 1504 4844 2).
1536 4797 1554 4821 ι
1599 4773 1835 4848 Ideoque

241 4865 337 4922 hic
368 4863 651 4920 novissima
681 4861 806 4916 tuba
833 4859 930 4928 ait,
958 4859 1090 4932 quia
1117 4875 1227 4916 non
1256 4861 1421 4916 semel
1455 4878 1580 4918 cum
1611 4863 1710 4920 illo
1740 4881 1836 4936 pu-

241 4961 468 5027 gnatum
497 4960 612 5007 est:
638 4950 768 5024 quia
795 4956 849 5006 et
875 4949 933 5004 in
951 4947 1297 5005 Antichristo
1327 4949 1836 5023 pseudoprophetm,

242 5042 341 5118 qui
392 5040 670 5098 faciebant
715 5054 898 5097 coram
932 5037 1032 5093 illo
1071 5037 1226 5110 signa
1250 5049 1304 5095 et
1332 5041 1598 5114 prodigia,
1631 5051 1684 5099 et
1723 5042 1837 5115 ipse

247 5132 452 5196 victor,
468 5137 522 5186 et
551 5130 656 5186 hoc
683 5130 804 5185 loco
835 5124 1138 5181 novissime
1157 5125 1419 5185 adversus
1445 5129 1603 5187 illum
1635 5147 1836 5204 pugna-

243 5223 419 5291 bitur,
449 5230 510 5278 ut
534 5219 648 5293 jam
688 5219 939 5276 mittatur
982 5222 1122 5280 167
1159 5217 1215 5273 in
1247 5220 1568 5291 gehennam.
1598 5225 1668 5279 Et
1710 5223 1840 5280 Sal-

248 5327 405 5374 vator
424 5318 566 5374 inter
591 5325 784 5374 caetera
813 5315 921 5371 ait:
952 5339 970 5362 ε
996 5316 1153 5372 Nunc
1175 5315 1428 5389 princeps
1453 5318 1618 5391 hujus
1645 5323 1839 5376 mundi

247 5408 498 5465 mittetur
530 5407 783 5464 deorsum
817 5405 998 5477 (Joan,
1042 5421 1146 5472 xu,
1197 5404 1310 5475 3t).
1352 5431 1370 5453 ι
1414 5407 1483 5462 Ει
1528 5414 1664 5464 tunc
1713 5423 1840 5479 ergo

246 5515 303 5562 et
333 5507 646 5580 frequenter
677 5504 859 5560 victus
886 5509 990 5569 est,
1003 5500 1148 5558 sicut
1176 5500 1342 5557 Isaias
1370 5499 1637 5573 propheta
1664 5499 1800 5555 dicit
1825 5517 1838 5556 ε

263 5623 282 5645 ι
322 5595 608 5665 Quomodo
638 5591 836 5650 cecidit
864 5590 931 5648 de
951 5591 1090 5648 coelo
1120 5591 1360 5660 Lucifer,
1390 5591 1485 5664 qui
1519 5607 1676 5646 mane
1705 5590 1840 5648 orie-

248 5686 413 5742 batur
443 5686 579 5756 (Isa.
617 5700 736 5750 xw,
773 5682 861 5751 12)
886 5681 914 5737 τ
943 5707 960 5726 ι

335 5801 356 5830 ι
387 5779 559 5840 (lauet
598 5777 746 5837 enim
791 5775 944 5843 tuba,
989 5783 1045 5834 et
1098 5775 1302 5836 mortui
1341 5787 1624 5853 resurgant
1649 5777 1843 5839 incor-

1287 425 1652 485 COMMENT.
1701 425 1778 484 IN
1819 424 2038 484 EPIST.
2077 427 2100 484 I
2135 425 2234 484 AD
2272 425 2430 486 COR.

3403 428 3512 487 286

1608 551 1666 607 id
1695 559 1796 622 est,
1828 553 1877 613 Α
1907 551 2077 624 rupti,
2133 559 2187 608 et
2239 568 2340 608 nos
2387 551 2825 630 immutabimur.
2869 575 2891 602 ι
2945 553 3304 626 Surgentibus
3355 555 3507 613 enim

1915 641 2314 718 peccatoribus.
2354 649 2409 699 et
2463 641 2670 715 impiis,
2728 641 2901 699 sancti
2952 643 3395 701 immutabuntur
3449 644 3508 701 in

1915 729 2181 798 claritate,
2229 736 2291 784 ut
2333 745 2459 786 caro
2508 730 2602 785 fiat
2651 729 2917 802 spiritalis
2956 746 3081 786 cum
3110 731 3303 804 gloria,
3351 733 3507 806 quasi

1916 820 2227 894 plumbum,
2271 818 2334 874 si,
2363 819 2458 876 ﬁat
2485 835 2702 875 aurum.
2753 819 2939 876 Sancti
2967 819 3114 876 enim
3164 820 3224 876 in
3265 821 3509 878 adventu

1914 909 2140 966 Domini
2167 914 2390 980 surgent
2421 908 2564 964 sicut
2593 908 2844 981 superius
2875 910 3043 980 (vers.
3078 908 3170 980 23)
3203 908 3282 965 ait
3308 927 3320 965 :
3359 932 3378 958 α
3401 910 3510 966 Ini-

1918 1001 2057 1057 tium
2087 999 2340 1058 Christus
2363 1017 2376 1056 :
2401 999 2600 1055 deinde
2625 999 2683 1055 hi
2705 999 2801 1073 qui
2820 1007 2949 1056 sunt
2968 999 3175 1058 Christi
3193 999 3252 1056 in
3266 999 3512 1057 adventu

1919 1090 2057 1164 ejus,
2089 1116 2106 1138 ι
2151 1091 2296 1148 sicut
2325 1091 2380 1146 in
2417 1091 2751 1164 Apocalypsi
2794 1092 3109 1148 continetur
3137 1091 3324 1164 (Apoc.
3353 1109 3394 1160 ι,
3424 1092 3508 1164 5),

1915 1190 2228 1257 peccatores
2275 1183 2425 1240 enim
2473 1199 2584 1240 non
2643 1191 2771 1240 sunt
2812 1182 3043 1251 Christi,
3071 1181 3166 1255 qui
3204 1181 3439 1240 audiunt
3479 1199 3510 1238 a

1915 1271 2152 1328 Domino
2179 1291 2190 1328 :
2235 1299 2252 1320 ι
2279 1273 2399 1330 Νοιι
2423 1273 2556 1329 novi
2586 1289 2685 1328 vos
2719 1273 2928 1345 (Matth.
2958 1289 3059 1338 vu,
3091 1270 3205 1343 23).
3228 1293 3248 1318 ι
3289 1271 3430 1340 Quia
3457 1278 3512 1328 et

1918 1362 1976 1418 in
2003 1364 2214 1435 psalmo
2255 1362 2436 1434 primo
2463 1362 2729 1435 scriptum
2761 1369 2878 1418 est:
2927 1383 2945 1408 ε
2975 1361 3104 1417 Ideo
3160 1375 3273 1418 non
3330 1376 3510 1417 resur-

1917 1461 2044 1524 gent
2072 1451 2231 1525 impii
2263 1451 2319 1507 in
2343 1451 2579 1523 judicio,
2613 1467 2789 1526 neque
2819 1459 3129 1524 peccatores
3164 1451 3223 1507 in
3271 1450 3512 1508 concilio

1912 1539 2188 1613 justorum
2214 1542 2391 1613 (Psal.
2415 1558 2454 1610 ι,
2476 1542 2557 1612 5).
2581 1566 2599 1588 ι
2634 1540 2720 1597 Ab
2741 1540 2928 1612 impiis
2951 1540 3100 1596 enim
3129 1555 3242 1596 non
3265 1547 3347 1596 est
3366 1538 3514 1613 quod

1919 1629 2266 1702 requiratur:
2299 1629 2394 1686 sed
2425 1629 2492 1685 ad
2535 1629 2641 1684 hoc
2667 1636 2914 1700 surgent,
2944 1635 3005 1683 ut
3032 1633 3275 1701 pereant,
3307 1626 3516 1683 viden-

1919 1725 2000 1774 tes
2051 1733 2244 1774 verum
2301 1733 2438 1786 esse,
2487 1716 2635 1790 quod
2690 1715 2910 1772 credere
2953 1717 3284 1771 noluerunt:
3334 1714 3515 1788 perire

1919 1814 2099 1862 autem
2155 1816 2238 1865 est
2282 1823 2314 1862 a
2349 1809 2462 1862 Deo
2504 1788 2622 1862 esse
2659 1805 2924 1873 alienum,
2968 1804 3114 1862 sicut
3161 1804 3241 1860 ait
3277 1803 3348 1860 ad
3396 1805 3519 1861 Ro—
3549 1788 3563 1796 ’

1922 1913 2139 1954 manos:
2174 1921 2192 1943 ι
2212 1896 2540 1969 Quicunque
2557 1896 2705 1952 enim
2735 1904 2893 1952 extra
2921 1895 3092 1967 legem
3125 1900 3511 1966 peccaverunt,

1921 1985 2040 2042 sine
2069 1986 2187 2058 lege
2229 1985 2490 2056 peribunt
2515 2003 2528 2051 ;
2559 1992 2616 2042 et
2643 1985 2738 2057 qui
2768 1983 2827 2040 in
2858 1984 2974 2055 lege
2999 1991 3386 2054 peccaverunt,
3416 1998 3516 2054 per

1920 2077 2096 2148 legem
2118 2074 2522 2147 judicabuntur
2544 2076 2720 2148 (Rom.
2746 2091 2808 2142 ιι,
2842 2074 2932 2145 12)
2957 2091 2972 2140 ;
3003 2099 3020 2121 ι
3059 2089 3125 2129 ac
3146 2088 3244 2144 per
3267 2071 3373 2128 hoc
3397 2088 3514 2145 pec-

1919 2173 2131 2222 catores
2175 2164 2537 2236 judicabunt;
2588 2162 2807 2236 indigni
2836 2162 3040 2219 etenim
3071 2169 3203 2218 sunt
3235 2177 3517 2235 resurgere

1919 2270 2045 2310 cum
2075 2253 2299 2322 sanctis,
2330 2253 2475 2311 sicut
2517 2252 2594 2308 ait
2619 2271 2631 2309 :
2680 2278 2697 2301 ·
2729 2253 2915 2326 Neque
2943 2259 3256 2326 peccatores
3284 2251 3342 2306 in
3373 2267 3519 2307 con-

1919 2343 2050 2401 cilio
2073 2343 2370 2416 justorum.
2404 2367 2422 2390 ι

1994 2442 2174 2514 (Vers.
2192 2441 2260 2499 53
2287 2444 2307 2513 )
2336 2466 2353 2488 ι
2371 2441 2597 2516 Oportet
2612 2441 2761 2498 enim
2781 2439 3142 2514 corruptibile
3160 2438 3266 2496 hoc
3285 2437 3524 2495 induere

1918 2531 2414 2605 incorruptionem,
2445 2541 2498 2589 et
2523 2533 2754 2588 mortale
2778 2530 2885 2588 hoc
2912 2530 3141 2588 induere
3170 2527 3516 2586 immortali-

1918 2631 2133 2679 tatem»
2149 2623 2324 2696 Supra
2341 2622 2508 2692 dixit,
2527 2631 2604 2678 «et
2624 2622 2826 2678 mortui
2849 2629 3137 2694 resurgent
3152 2617 3480 2691 incorrupti-
3504 2662 3518 2683 ,

1920 2713 1976 2769 id
2005 2721 2106 2782 est,
2138 2713 2473 2769 immortales
2501 2721 2682 2780 erunt,
2708 2729 2819 2768 non
2841 2719 3026 2768 tamen
3049 2709 3433 2782 impassibiles;
3458 2709 3516 2765 hi

1867 2825 1882 2838 '
1919 2803 2090 2871 enim,
2124 2819 2261 2875 quos
2289 2802 2446 2872 dicit,
2477 2818 2664 2876 poenas
2709 2801 2989 2873 patientur
3029 2816 3128 2872 pro
3157 2797 3516 2871 qualitatibus

1920 2893 2248 2950 delictorum
2277 2909 2524 2961 suorum,
2544 2893 2620 2947 ita
2638 2899 2699 2946 ut
2719 2898 2918 2947 exeant
2938 2889 3067 2946 inde
3095 2890 3277 2946 soluto
3292 2885 3509 2944 debito:

1922 2981 2081 3055 impii
2100 2989 2282 3038 autem
2299 2991 2501 3039 aeterna
2518 2997 2675 3053 poena
2690 2986 3018 3052 torquentur
3043 2997 3055 3034 :
3071 2978 3148 3034 ait
3166 2977 3316 3032 enim
3338 2994 3349 3030 :
3371 3000 3386 3022 ι
3406 2975 3513 3043 Qui

1922 3089 2032 3128 non
2062 3071 2256 3140 credit,
2281 3071 2395 3144 jam
2422 3070 2702 3143 judicatus
2726 3076 2808 3125 est
2835 3069 3017 3139 (Joan.
3054 3083 3135 3134 ιιι,
3163 3067 3274 3140 17).
3303 3090 3321 3114 ι
3365 3063 3518 3121 Unde

1923 3171 1974 3219 et
2027 3162 2191 3218 Isaias
2220 3161 2486 3234 propheta
2520 3159 2597 3216 ait
2625 3177 2636 3216 :
2684 3183 2702 3206 ι
2732 3158 2880 3232 Ignis
2909 3175 3102 3215 eorum
3150 3173 3261 3215 non
3290 3157 3514 3213 exstin-

1927 3262 2142 3328 guetur,
2186 3262 2241 3310 et
2281 3253 2488 3311 vermis
2519 3269 2710 3309 eorum
2742 3268 2853 3308 non
2886 3251 3156 3307 morietur
3179 3251 3321 3322 (Isa.
3363 3265 3518 3317 var,

1930 3344 2045 3417 24).
2079 3369 2095 3389 ι
2139 3345 2200 3400 In
2234 3343 2475 3399 adventu
2515 3350 2698 3398 tamen
2733 3339 2958 3397 Domini
3002 3347 3057 3394 et
3101 3337 3276 3394 sancti
3326 3353 3520 3394 resur-

1932 3443 2078 3507 gent,
2108 3444 2161 3491 et
2190 3435 2284 3509 qui
2317 3435 2432 3491 vivi
2464 3433 2672 3489 fuerint
2701 3431 2937 3498 inventi,
2967 3428 3189 3486 obviam
3236 3427 3524 3501 rapientur

1932 3526 2170 3583 Domino
2195 3526 2252 3581 in
2278 3541 2421 3594 aera,
2460 3530 2693 3579 mortem
2725 3520 2878 3596 quasi
2908 3535 3158 3593 soporem
3179 3517 3394 3592 passuri
3418 3536 3432 3586 ;
3464 3517 3523 3573 in

1934 3618 2053 3689 ipso
2095 3617 2241 3673 enim
2284 3625 2444 3689 raptu
2488 3623 2543 3671 et
2589 3623 2821 3671 mortem
2861 3621 2916 3669 et
2943 3610 3398 3668 resurrectionem
3429 3607 3524 3664 ha-

1934 3704 2166 3773 bebunt,
2213 3707 2358 3762 sicut
2399 3705 2468 3762 ad
2511 3701 3024 3760 Thessalonicenses
3053 3700 3198 3756 idem
3230 3698 3527 3771 Apostolus

1937 3795 2129 3852 scribit
2161 3795 2219 3866 (I
2251 3795 2428 3852 Thess.
2461 3811 2539 3862 xv,
2573 3793 2684 3864 16).
2719 3792 2984 3864 Tempore
3016 3790 3165 3846 enim
3194 3787 3527 3845 Antichristi

1936 3895 2031 3942 aut
2059 3892 2318 3959 apostataa
2347 3891 2529 3952 erunt,
2560 3891 2654 3939 aut
2679 3883 2778 3951 rei,
2811 3888 2910 3937 aut
2960 3880 3019 3936 in
3049 3878 3315 3947 latibulis,
3344 3885 3440 3935 aut
3468 3877 3527 3935 in

1939 3991 2098 4048 pmna
2142 3973 2309 4047 positi
2363 3971 2546 4030 caeteri
2593 3970 2845 4043 gentiles,
2873 3985 3010 4044 quos
3056 3968 3326 4026 Dominus
3355 3968 3530 4040 :Jesus

1938 4081 2063 4121 cum
2111 4061 2249 4118 duce
2281 4061 2521 4135 ipsorum
2555 4058 2901 4116 Antichristo
2928 4057 2987 4114 in
3017 4057 3260 4114 adventu
3305 4073 3406 4114 suo
3448 4056 3528 4112 in-

1939 4151 2171 4209 terficiet
2230 4175 2248 4198 ι
2290 4149 2490 4222 spiritu
2531 4149 2644 4205 oris
2698 4147 2784 4204 sui
2835 4149 2926 4219 (II
2981 4148 3156 4204 Thess.
3207 4163 3267 4215 ιι,
3298 4145 3378 4218 8),
3411 4171 3430 4193 ι
3474 4145 3529 4201 id

1940 4250 2040 4312 est,
2066 4241 2226 4315 jussu
2271 4239 2388 4312 ejus
2423 4239 2538 4313 igni
2580 4245 2884 4297 exurentur
2911 4255 3008 4312 per
3034 4237 3256 4310 angelos
3303 4235 3530 4293 virtutis

1940 4334 2078 4406 ejus.

2018 4432 2200 4505 (Vers.
2232 4430 2320 4499 54,
2338 4429 2456 4503 55.)
2493 4455 2511 4477 ι
2531 4429 2669 4489 Cum
2699 4435 2882 4486 autem
2913 4428 3143 4486 mortale
3163 4427 3270 4484 hoc
3288 4427 3533 4485 induerit

1947 4521 2440 4589 immortalitatem,
2471 4529 2605 4579 tunc
2651 4521 2748 4578 fiet
2778 4536 2978 4588 sermo,
3007 4518 3103 4592 qui
3142 4518 3380 4590 scriptus
3409 4527 3490 4575 est
3515 4535 3526 4572 :

1946 4610 2219 4682 Absorpta
2255 4616 2337 4666 est
2382 4627 2530 4666 mors
2575 4610 2634 4668 in
2663 4609 2916 4667 victoria.
2947 4607 3051 4664 Ubi
3079 4612 3181 4674 est,
3234 4621 3402 4674 mors,
3451 4606 3530 4661 vi-

1947 4700 2121 4756 ctoria
2162 4699 2307 4756 tua?
2348 4699 2444 4755 ubi
2477 4707 2579 4768 est,
2631 4716 2797 4767 mors,
2853 4697 3110 4756 stimulus
3138 4694 3312 4751 tuus?
3342 4717 3360 4740 ι
3405 4694 3532 4751 Post

1945 4794 2400 4851 resurrectionem
2441 4794 2587 4849 enim
2632 4792 2925 4864 impiorum
2970 4796 3024 4843 et
3065 4793 3408 4860 peccatorum
3441 4789 3532 4844 ah-

1944 4881 2256 4938 sorbebitur
2299 4906 2317 4928 σ
2355 4897 2504 4936 mors
2550 4880 2608 4935 in
2636 4876 2868 4934 victoria
2897 4899 2914 4922 ι
2937 4917 2950 4931 .
2978 4873 3302 4932 Insultantis
3329 4871 3533 4934 etenim

1946 4970 2295 5038 verba-sunt,
2326 4969 2560 5026 dicentis
2586 4985 2597 5023 :
2625 4991 2643 5013 ε
2666 4967 2768 5024 Ubi
2799 4973 2900 5036 est,
2934 4981 3102 5032 mors,
3131 4965 3368 5022 victoria
3393 4974 3488 5023 tua
3508 4966 3536 5022 ‘l

1945 5059 2042 5115 ubi
2085 5069 2187 5127 est,
2237 5075 2404 5125 mors,
2437 5057 2659 5113 aculeus
2693 5063 2824 5113 tuus
2847 5057 2875 5112 ?
2903 5081 2920 5102 -
2965 5054 3212 5112 Victoria
3239 5056 3388 5113 enim
3445 5056 3532 5112 de-

1947 5147 2108 5204 victae
2164 5147 2358 5204 mortis
2414 5144 2745 5202 resurrectio
2802 5154 3146 5202 mortuorum
3202 5152 3320 5202 est:
3388 5161 3535 5202 mors

1947 5245 2126 5292 autem
2158 5236 2414 5292 diabolus
2454 5245 2558 5305 est,
2593 5235 2685 5292 cui
2712 5236 3046 5302 insultatur;
3078 5243 3134 5292 et
3160 5234 3536 5291 contentiosus

1947 5326 2173 5393 dicitur,
2231 5326 2361 5399 quia
2407 5342 2502 5399 per
2549 5325 2884 5398 superbiam,
2932 5341 3058 5383 cum
3104 5324 3281 5396 impar
3321 5322 3535 5380 viribus

1949 5423 2108 5484 esset,
2155 5415 2463 5473 resistebat.
2495 5415 2632 5474 Cum
2661 5432 2793 5490 ergo
2833 5422 3124 5490 superatus
3151 5412 3442 5486 perimitur
3481 5420 3539 5469 et

1949 5505 2124 5577 spolia
2160 5505 2243 5562 illi
2273 5505 2657 5574 detrahuntur,
2696 5513 3049 5564 succensetur
3086 5502 3193 5571 illi,
3221 5501 3317 5576 qui
3345 5511 3540 5561 contra

1950 5610 2007 5650 se
2037 5595 2326 5668 pugnavit.

2025 5692 2206 5765 (Vers.
2257 5693 2375 5765 56.)
2422 5718 2440 5741 ε
2479 5694 2716 5752 Aculeus
2763 5699 2944 5748 autem
3005 5692 3199 5749 mortis
3258 5696 3535 5762 peccatum

1950 5787 2053 5842 est.
2084 5805 2102 5830 ι
2151 5781 2419 5842 Aculeum
2471 5781 2849 5840 auctoritatem
2893 5777 3188 5853 signiﬁcat,
3220 5778 3350 5853 quia
3391 5791 3538 5835 more
