3976 6370
447 385 549 448 287

1456 381 1552 437 AD
1593 379 1829 438 OPEBA
1867 379 1921 435 S.
1962 378 2296 440 AMBROSH
2335 379 2720 438 APPENDIX.

447 530 542 588 per
566 513 850 584 peccatum
877 507 1263 566 auctoritatem
1305 507 1534 581 accepit,
1569 507 1728 582 quasi
1757 515 2041 580 peccatum
2069 509 2124 570 Α
2151 513 2286 568 natu
2325 507 2562 580 proﬁcit,
2608 516 2664 564 et
2709 506 2911 581 egenis.
2959 505 3063 562 Per
3089 503 3379 578 epistolam
3426 503 3648 562 mittere
3692 521 3754 562 se

447 619 553 661 non
585 608 749 671 esset,
777 599 1032 658 diabolus
1057 597 1446 670 obtorpuisset,
1479 607 1534 656 et
1571 615 1720 654 mors
1744 615 1856 656 non
1881 605 2042 656 esset.

461 720 478 742 ι
509 693 702 751 Virtus
725 701 908 750 autem
936 689 1142 763 peccati
1171 689 1284 746 lex.
1306 716 1324 736 ι
1369 690 1496 746 Ideo
1525 690 1705 745 virtus
1725 689 1933 762 peccati
1953 691 2045 746 lex

452 792 556 854 est,
570 785 706 858 quia.
717 791 1000 858 peccatum
1021 797 1135 838 non
1164 781 1552 852 imputaretur,
1573 781 1620 837 si
1640 781 1730 836 lex
1746 797 1858 836 non
1881 789 2040 838 esset.

519 873 704 945 (Vers.
771 871 890 940 57.)
961 895 982 920 ι
1039 872 1152 927 Deo
1213 877 1396 926 autem
1459 870 1686 942 gratias,
1743 869 1837 941 qui
1890 869 2044 926 dedit

446 961 608 1020 nobis
669 963 959 1020 victoriam
1020 977 1118 1034 per
1182 959 1484 1018 Dominum
1553 966 1806 1016 nostrum
1857 960 2044 1017 Jesum

447 1053 751 1111 Christum.
781 1076 801 1100 ι
846 1050 1212 1124 Triumphum
1263 1051 1566 1108 Salvatoris
1615 1050 1674 1108 in
1719 1051 1880 1108 nobis
1909 1051 2046 1108 dicit

447 1143 764 1219 profuisse;
822 1157 942 1216 quae
1005 1143 1157 1200 enim
1223 1141 1388 1214 gessit
1437 1142 1710 1211 Salvator,
1766 1157 1878 1198 non
1937 1141 2046 1198 sibi

447 1233 640 1308 utique
683 1233 870 1306 gessit,
897 1231 994 1290 sed
1033 1231 1215 1290 nobis.
1249 1231 1614 1300 Quamobrem
1645 1239 1832 1289 nostra
1866 1231 2045 1288 victo-

448 1325 531 1382 ria
591 1331 720 1391 est;
779 1323 904 1380 ideo
969 1325 1121 1381 enim
1176 1323 1344 1382 homo
1409 1323 1592 1382 factus
1658 1331 1759 1390 est,
1821 1338 2048 1379 manens

446 1415 613 1483 Deus,
659 1422 721 1471 ut
771 1414 1002 1472 vincens
1055 1413 1362 1483 diabolum,
1408 1413 1540 1472 dum
1597 1419 1880 1487 peccatum
1934 1429 2046 1468 non

449 1502 600 1572 fecit,
632 1502 792 1560 nobis
836 1503 1126 1562 victoriam
1155 1505 1484 1578 acquireret,
1520 1505 1615 1578 qui
1645 1503 1856 1576 peccati
1885 1519 2048 1560 causa

449 1592 833 1653 detinebamur
880 1595 939 1651 in
966 1603 1184 1664 morte;
1234 1605 1296 1654 ut
1325 1595 1512 1653 victus
1556 1595 1830 1664 diabolus,
1865 1594 2046 1652 occiso

447 1681 689 1753 Christo,
734 1683 832 1756 qui
883 1693 1166 1757 peccatum
1219 1702 1328 1742 non
1388 1687 1611 1756 fecerat,
1669 1701 1861 1742 omnes
1910 1701 2048 1758 quos

432 1772 656 1856 peccati
709 1789 872 1832 causa
929 1775 1232 1846 detinebat,
1295 1777 1596 1834 amitteret.
1652 1779 1796 1834 Dum
1862 1783 2044 1832 autem

447 1860 677 1951 insultat
719 1859 957 1936 homini,
1013 1885 1138 1925 reus
1193 1868 1371 1926 factus
1425 1877 1528 1938 est,
1585 1875 1640 1925 et
1676 1867 1756 1924 sic
1800 1866 2042 1922 deletum
2075 1890 2122 1951 Β

454 1950 902 2025 chirographum,
935 1953 994 2012 id
1023 1965 1122 2023 est,
1155 1957 1335 2013 deleta
1363 1955 1661 2021 sententia,
1690 1971 1802 2028 qua
1829 1954 2048 2012 teneba-

447 2041 546 2096 tur
587 2054 758 2113 genus
803 2042 1108 2100 humanum
1152 2044 1211 2100 in
1242 2053 1498 2114 mortem,
1527 2045 1683 2101 ﬁeret
1712 2053 1950 2117 ereptus,
1997 2052 2053 2100 et

456 2127 750 2188 animabus
778 2131 838 2188 in
865 2132 1064 2189 coelum
1089 2132 1334 2190 inductis
1358 2151 1372 2201 ;
1402 2143 1463 2190 ut
1491 2150 1602 2190 non
1633 2149 1728 2205 per
1748 2133 2050 2206 potentiam

460 2217 546 2275 illi
576 2218 923 2290 tollerentur,
958 2221 1054 2279 sed
1083 2239 1179 2296 per
1199 2221 1478 2295 justitiam
1506 2240 1536 2280 a
1579 2225 1694 2281 Deo
1725 2239 1821 2296 per
1864 2223 2049 2280 Domi.

449 2327 586 2368 num
619 2319 869 2368 nostrum
891 2313 1077 2371 Jesum
1104 2315 1410 2372 Christum.

523 2402 709 2474 (Vere.
739 2403 856 2473 58.)
901 2427 920 2449 ι
953 2404 1160 2476 Itaque,
1191 2403 1388 2460 fratres
1416 2403 1524 2459 mei
1569 2402 1786 2472 dilecti,
1827 2401 2051 2460 stabiles

448 2500 622 2551 estote
666 2503 723 2552 et
769 2493 1103 2564 immobiles,
1134 2494 1482 2554 abundantes
1529 2495 1588 2552 in
1619 2511 1782 2566 opere
1810 2508 2046 2565 semper,

450 2582 686 2642 scientes
731 2585 878 2660 quod
924 2587 1079 2643 labor
1110 2597 1290 2645 vester
1335 2603 1448 2642 non
1493 2595 1577 2644 est
1611 2585 1794 2644 inanis
1823 2583 1884 2640 in
1929 2585 2051 2640 Do-

453 2675 624 2730 mino.
657 2702 678 2725 ›
717 2676 990 2738 Omnibus
1018 2693 1139 2750 quae
1167 2678 1238 2734 ad
1265 2677 1574 2734 doctrinam
1619 2675 2047 2734 ecclesiasticam

451 2763 814 2824 ordinandam
852 2767 1158 2824 necessaria
1196 2773 1326 2822 sunt
1355 2765 1644 2838 expositis,
1691 2773 1746 2822 et
1773 2774 1868 2822 aut
1915 2763 2048 2838 quid

450 2855 982 2930 vitandum,‘quidve
1007 2858 1348 2930 sequendum
1369 2857 1441 2916 sit
1469 2857 1881 2925 demonstratis,
1907 2855 2050 2911 ﬁxos

445 2942 562 3016 jam
591 2945 720 3003 illos
751 2961 867 3002 esse
892 2945 1146 3004 hortatur
1185 2948 1244 3002 in
1272 2947 1438 3016 bono,
1473 2957 1526 3004 et
1551 2948 1609 3003 in
1639 2945 1900 3020 cperibus
1928 2960 2048 3018 quae

450 3034 695 3092 fructum
738 3034 951 3092 faciunt
967 3036 1129 3107 ‘apud
1170 3039 1494 3105 Dominum,
1522 3053 1736 3109 semper
1765 3043 2049 3108 promptos

451 3130 506 3179 et
555 3121 834 3194 copiosos:
869 3122 999 3195 quia
1047 3140 1145 3196 per
1196 3125 1314 3182 haec
1343 3141 1462 3196 qua
1489 3142 1556 3182 ex
1590 3127 1768 3198 posita
1795 3135 1945 3192 sunt,
1977 3123 2045 3180 de

449 3222 646 3270 caetero
689 3217 1026 3283 accepturos
1087 3228 1143 3268 se
1213 3213 1346 3269 boni
1411 3215 1590 3285 operis
1655 3215 1960 3274 mercedem
2017 3233 2050 3272 a

449 3303 708 3374 Domino,
739 3319 809 3362 ne
836 3303 1024 3376 pravis
1057 3305 1354 3379 colloquiis
1381 3314 1604 3380 possent
1631 3306 1826 3365 everti.

953 3403 1093 3462 1.68
1136 3399 1364 3457 CAPUT
1404 3399 1555 3458 XVI.

519 3497 701 3567 (Vera.
735 3497 787 3566 1,
819 3496 902 3567 2.)
949 3521 968 3544 ι
994 3497 1074 3554 De
1119 3497 1368 3554 collectis
1410 3504 1616 3566 autem,
1667 3513 1788 3571 quae
1819 3497 1962 3554 ﬁunt
1989 3496 2046 3552 in

445 3596 682 3655 sanctos,
712 3585 858 3645 sicut
883 3585 1140 3643 ordinavi
1169 3586 1432 3644 Ecclesia:
1471 3587 1722 3657 Galatiae,
1755 3587 1834 3645 ita
1861 3596 1916 3644 et
1949 3605 2047 3643 vos

446 3675 628 3736 facite.
659 3675 762 3732 Per
781 3691 949 3732 unam
977 3674 1200 3731 Sabbati
1227 3677 1609 3749 unusquisque
1630 3686 1877 3734 vestrum
1901 3676 2048 3750 apud

445 3781 502 3823 se
555 3773 744 3838 ponat,
795 3761 1176 3820 thesaurizans
1232 3763 1601 3837 quodcunque
1658 3765 1935 3822 voluerit:
1987 3775 2047 3822 ut

444 3866 558 3910 non
615 3869 742 3910 cum
787 3868 1007 3922 venero,
1052 3860 1188 3910 timo
1215 3854 1461 3912 collecta
1491 3854 1648 3911 ﬁant.
1688 3879 1708 3902 ι
1751 3855 2046 3911 Dominico

443 3941 536 4000 die
561 3943 851 4000 collectam
869 3941 988 3998 ﬁeri
1020 3943 1288 4016 praecipit,
1311 3944 1455 4001 sicut
1470 3952 1524 4001 et
1549 3943 1762 4002 caeteris
1781 3943 2070 4001 Ecclesiis‘

443 4033 830 4106 disposuerat;
881 4040 944 4090 ut
987 4048 1052 4090 eo
1096 4032 1208 4102 die,
1241 4051 1352 4106 quo
1403 4034 1708 4092 resurrexit
1750 4034 2042 4103 Dominus,

445 4121 598 4196 plebs
651 4120 770 4194 ejus
815 4121 1106 4194 colligatur
1149 4123 1216 4178 ad
1276 4123 1495 4180 laudem
1543 4133 1597 4180 et
1646 4124 1876 4195 gloriam
1921 4125 2044 4189 Dei,

444 4215 665 4274 devicta
720 4221 932 4270 morte:
991 4221 1126 4272 tunc
1189 4225 1444 4288 sumptus
1509 4217 1920 4288 congregandos
1975 4217 2044 4272 ad

445 4304 816 4362 ministerium
847 4314 1187 4374 sanctorum,
1221 4305 1315 4378 qui
1348 4314 1568 4378 propter
1597 4322 1798 4362 nomen
1819 4307 2040 4363 Domini

443 4412 750 4470 pressuram
766 4394 1118 4468 patiebantur
1133 4395 1250 4452 zelo
1271 4395 1558 4467 gentilium
1573 4396 1690 4452 sive
1705 4396 2014 4453 Judaeorum
2026 4439 2040 4464 ,

443 4487 538 4562 qui
589 4503 700 4544 non
749 4486 1004 4543 sinebant
1050 4502 1142 4543 eos
1190 4485 1487 4571 praedicare
1517 4486 1744 4558 gratiam
1788 4485 1884 4542 Dei
1939 4485 2042 4542 sub

441 4585 668 4643 nomine
713 4583 955 4652 Christi;
1014 4592 1075 4640 ut
1122 4583 1386 4641 haberent
1440 4583 1784 4655 refrigerium
1832 4586 1898 4642 ab
1949 4585 2037 4654 iis,

442 4683 662 4748 propter
702 4689 843 4748 quos
871 4673 1230 4732 tribulantur.
1281 4672 1449 4728 Omni
1477 4689 1606 4744 ergo
1635 4672 1725 4729 die
1763 4673 2041 4732 dominico

435 4764 595 4838 jubet
647 4766 836 4838 colligi
889 4765 1125 4838 plebem,
1182 4773 1238 4822 et
1301 4765 1624 4838 congregari
1677 4765 1828 4832 illos,
1882 4774 2045 4838 prout

441 4855 742 4925 voluerint,
772 4855 831 4912 in
869 4855 1015 4913 dona
1044 4857 1164 4924 Dei,
1193 4863 1250 4912 et
1287 4855 1392 4912 hoc
1416 4853 1562 4928 apud
1586 4871 1644 4910 se
1677 4870 2043 4928 unumquem-

441 4967 548 5024 que
591 4963 852 5022 reponere
881 4951 1038 5024 quasi
1067 4951 1122 5006 in
1164 4951 1423 5008 thesauro
1449 4969 1461 5006 :
1491 4957 1553 5007 ut
1584 4949 1842 5006 veniente
1871 4950 2038 5021 Apos-

442 5039 576 5107 tolo,
625 5039 942 5096 inveniatur
987 5039 1056 5095 ad
1099 5056 1231 5096 usus
1262 5040 1598 5096 necessarios
1635 5047 2036 5113 praeparatum;

440 5129 570 5202 quia
611 5127 759 5202 quod
806 5128 1069 5201 paulatim
1114 5129 1416 5201 colligitur,
1477 5147 1578 5188 nec
1625 5145 1788 5203 grave
1835 5135 1934 5196 est,
1987 5137 2038 5184 et

441 5221 724 5278 invenitur
755 5221 1014 5278 multum.

512 5311 695 5382 (Vers.
729 5311 810 5383 3.)
858 5336 876 5359 ο
907 5311 1046 5370 Cum
1091 5321 1272 5368 autem
1315 5329 1542 5382 venero,
1571 5329 1710 5386 quos
1756 5311 2036 5386 probave-

440 5399 562 5454 ritis
606 5415 702 5473 per
728 5399 1007 5474 epistolas,
1041 5399 1144 5458 hos
1172 5401 1390 5460 mittam
1417 5402 1659 5474 perferre
1687 5401 1918 5473 gratiam
1946 5395 2034 5456 ve-

2075 4630 2124 4686 Ῐ)

2151 595 2274 664 hos,
2325 613 2466 670 quos
2518 595 2751 654 idoneos
2809 596 2878 652 ad
2935 592 3402 667 dispensationem
3463 593 3750 664 elegerint,

2153 684 2288 742 dicit
2312 703 2324 742 :
2357 703 2478 760 qua;
2507 685 2751 758 epistola)
2778 683 3158 741 testimonium
3188 681 3434 754 praebent
3461 681 3668 752 missis,
3689 688 3754 738 ut

2151 789 2275 834 cum
2309 776 2482 848 gratia
2507 776 2876 848 excipiantur.
3343 796 3346 800 λ

2229 867 2411 937 (Vers.
2446 865 2528 937 4.)
2573 891 2592 912 ι
2620 863 2777 932 Quod
2825 864 2871 920 si
2901 862 3131 935 dignum
3169 862 3357 932 fuerit,
3391 871 3458 918 ut
3489 878 3590 934 ego
3616 877 3752 937 quo-

2153 971 2258 1031 que
2287 971 2428 1022 eam,
2459 970 2673 1012 mecum
2703 953 2884 1010 ibunt.
2909 978 2927 1002 ι
2961 954 3076 1011 Hoc
3090 951 3250 1021 dicit,
3274 953 3320 1010 si
3341 953 3512 1009 fuerit
3529 952 3754 1025 copiosa

2153 1045 2429 1113 collectio,
2452 1061 2614 1118 posse
2640 1043 2806 1100 etiam
2855 1061 2912 1099 se
2937 1043 3054 1111 ire;
3088 1041 3320 1114 dignum
3353 1042 3502 1099 enim
3547 1047 3652 1108 est,
3697 1051 3755 1098 et

2155 1137 2234 1194 sic
2273 1154 2430 1210 opus,
2481 1145 2543 1193 ut
2593 1136 2640 1192 si
2687 1137 2944 1209 ipse'eat,
2991 1136 3228 1193 multum
3275 1153 3460 1193 secum
3513 1136 3756 1210 perferat

2153 1229 2222 1286 ad
2268 1227 2614 1300 refrigerium
2641 1237 2977 1285 sanctorum.
3021 1227 3136 1284 Hoc
3164 1235 3267 1296 est,
3298 1226 3446 1301 quod
3471 1225 3756 1300 signiﬁcat

2155 1319 2222 1375 ad
2251 1320 2526 1376 Romanos
2555 1318 2777 1375 dicens:
2841 1343 2860 1366 ι
2909 1317 2968 1375 Si
2998 1317 3143 1374 enim
3189 1317 3524 1390 spiritalium
3555 1333 3755 1374 eorum

2155 1408 2708 1466 communicaverunt
2755 1417 2964 1482 gentes,
3008 1408 3213 1465 debent
3241 1407 3302 1464 hi
3345 1407 3406 1464 in
3440 1405 3757 1464 carnalibus

2157 1500 2470 1557 ministrare
2527 1499 2608 1556 eis
2652 1501 2830 1571 (Rom.
2879 1516 2979 1568 xv,
3011 1499 3105 1572 27)
3133 1517 3146 1565 ;
3179 1523 3197 1546 ι
3240 1514 3310 1554 ex
3357 1496 3560 1554 ludatis
3601 1497 3755 1552 enim

2155 1599 2333 1661 erant,
2385 1589 2456 1646 de
2501 1588 2702 1662 quibus
2747 1588 2885 1644 dicit
2913 1588 3204 1655 Dominus,
3237 1587 3367 1661 quia
3391 1588 3538 1643 salus
3566 1601 3636 1643 ex
3662 1585 3759 1641 Ju-

2155 1681 2288 1738 daais
2316 1690 2418 1750 est,
2446 1681 2540 1755 qui
2572 1679 2972 1752 Hierosolymis
3019 1678 3077 1734 in
3121 1695 3314 1752 magna
3345 1675 3560 1734 invidia
3598 1683 3759 1734 erant

2155 1775 2300 1846 apud
2329 1774 2545 1830 Iudaeos
2575 1789 2684 1829 non
2716 1773 3019 1830 credentes.

2228 1863 2410 1935 (Vers.
2443 1864 2497 1932 5,
2541 1864 2626 1934 6.)
2681 1886 2699 1910 ι
2732 1864 2964 1922 Veniam
3017 1871 3197 1920 autem
3243 1862 3312 1920 ad
3343 1880 3463 1932 vos,
3491 1879 3616 1920 cum
3646 1863 3760 1919 Ma-

2160 1953 2448 2011 cedoniam
2479 1954 2750 2010 transiero
2775 1971 2786 2010 :
2821 1954 2964 2028 apud
2986 1970 3086 2010 vos
3104 1964 3285 2011 autem
3317 1953 3549 2010 forsitan
3570 1967 3760 2009 rema-

2161 2043 2321 2113 nebo,
2353 2053 2448 2100 aut
2475 2044 2641 2100 etiam
2671 2044 2945 2114 hiemabo,
2975 2051 3039 2099 ut
3078 2061 3164 2100 me
3190 2044 3478 2101 deducatis
3508 2057 3758 2118 quocun-

2161 2149 2265 2206 que
2307 2133 2441 2188 iero.
2475 2157 2493 2180 ι
2537 2134 2665 2189 Post
2709 2149 2930 2190 omnem
2988 2134 3434 2200 instructionem,
3495 2141 3558 2190 ut
3605 2133 3760 2190 laetos

2161 2221 2286 2277 illos
2315 2221 2536 2290 faceret,
2567 2221 2868 2278 adventum
2897 2237 3059 2279 suum
3092 2221 3208 2276 illis
3235 2220 3510 2294 promisit,
3530 2236 3630 2293 pro
3649 2237 3761 2294 quo

2160 2317 2214 2366 et
2259 2324 2450 2366 omnes
2491 2310 2902 2366 admonitiones
2939 2326 3086 2379 suas,
3118 2310 3320 2384 quibus
3348 2310 3476 2367 illos
3503 2309 3756 2382 corrigit,

2162 2401 2334 2473 magis
2375 2400 2578 2459 ﬁrmat.
2609 2401 2716 2470 Qui
2759 2401 2916 2458 audit
2957 2408 3254 2457 venturum
3299 2417 3448 2470 eum,
3480 2417 3513 2455 a
3545 2416 3656 2474 quo
3686 2401 3756 2456 le-

2160 2505 2281 2562 gem
2323 2492 2552 2566 accepit,
2611 2491 2906 2549 sollicitior
2961 2489 3087 2562 erit,
3141 2507 3210 2546 ne
3265 2489 3595 2548 adveniente
3651 2491 3751 2547 illo

2159 2579 2462 2638 erubescat.

2232 2677 2414 2751 (Vers.
2450 2675 2530 2751 7.)
2571 2705 2592 2727 ‹
2619 2681 2758 2737 Nolo
2807 2679 2956 2736 enim
3001 2695 3100 2736 vos
3129 2679 3294 2736 modo
3322 2679 3381 2736 in
3411 2679 3646 2737 transitu
3675 2680 3754 2736 vi-

2107 2767 2304 2824 ~dere.
2342 2793 2360 2816 ι
2399 2768 2590 2827 Sciens
2636 2771 2812 2826 multa
2855 2787 2911 2826 se
2961 2769 3181 2838 habere,
3231 2787 3351 2844 quae
3407 2776 3589 2842 ageret
3628 2785 3754 2826 cum

2161 2859 2290 2928 illis,
2324 2875 2437 2915 non
2497 2861 2619 2918 vult
2661 2861 2788 2917 illos
2843 2876 2938 2934 per
2987 2861 3283 2917 transitum
3338 2859 3548 2930 videre,
3587 2867 3643 2916 et
3687 2875 3757 2916 ne

2159 2949 2640 3020 contristarentur,
2688 2951 2925 3006 multum
2973 2959 3194 3024 tempus
3222 2967 3279 3008 se
3305 2951 3582 3025 promittit
3609 2965 3756 3008 com-

2113 3053 2117 3057 '
2163 3047 2504 3094 moraturum
2551 3039 2694 3112 apud
2745 3057 2872 3108 eos;
2907 3039 3038 3114 quia
3079 3058 3201 3114 quae
3249 3042 3381 3114 agit,
3421 3057 3546 3099 cum
3573 3039 3756 3115 provi-

2163 3127 2354 3184 dentia
2381 3129 2511 3201 agit.
2543 3155 2561 3176 ι
2584 3129 2753 3202 Spero
2767 3131 2916 3186 enim
2945 3147 3033 3186 me
3062 3131 3469 3204 aliquantulum
3497 3133 3758 3206 temporis

2084 3256 2126 3314 θ
2162 3233 2381 3273 manere
2423 3217 2566 3291 apud
2623 3235 2744 3287 vos,
2805 3220 2852 3276 si
2914 3221 3186 3277 Dominus
3242 3221 3571 3296 permiserit.
3617 3246 3636 3271 ι
3699 3224 3760 3279 Si

2160 3308 2437 3378 Dominus,
2469 3317 2605 3366 tunc
2635 3309 2784 3366 enim
2812 3311 3083 3368 Dominus
3111 3313 3408 3385 permittit,
3435 3321 3497 3370 ut
3514 3329 3762 3370 commo-

2158 3405 2308 3453 retur
2329 3399 2475 3472 apud
2503 3415 2596 3456 eos
2618 3417 2631 3468 ;
2651 3399 2728 3457 ait
2751 3401 3072 3472 permiserit,
3103 3403 3147 3459 si
3177 3403 3374 3476 dignos
3400 3419 3458 3460 se
3486 3403 3751 3478 praebent,

2157 3487 2510 3546 emendantes
2529 3489 2667 3546 vitia
2697 3507 2816 3564 quae
2838 3491 2894 3546 in
2925 3493 3006 3550 eis
3033 3493 3230 3566 arguit.

2229 3588 2410 3659 (Vers.
2443 3589 2496 3657 8,
2546 3589 2627 3662 9.)
2675 3589 3055 3648 uPermanebo
3102 3601 3282 3649 autem
3337 3591 3542 3666 Ephesi
3579 3607 3755 3664 usque

2154 3675 2222 3732 ad
2267 3679 2659 3748 Pentecosten;
2691 3681 2895 3737 ostium
2925 3681 3072 3736 enim
3123 3681 3262 3737 mihi
3298 3684 3553 3753 magnum
3601 3697 3755 3754 aper-

2156 3776 2271 3825 tum
2319 3778 2400 3826 est
2449 3779 2504 3827 et
2552 3787 2862 3844 operosum,
2913 3781 2967 3829 et
3003 3772 3304 3830 adversarii
3335 3773 3518 3828 multi.
3552 3797 3570 3820 ι
3633 3773 3756 3841 Qua

2153 3875 2314 3915 causa
2356 3861 2710 3918 remansisset
2737 3863 2940 3935 Ephesi
2973 3861 3248 3927 ostendit;
3288 3861 3574 3917 invenerat
3601 3865 3754 3918 enim

2154 3948 2271 4006 illic
2319 3949 2564 4008 sitientia
2593 3959 2813 4024 pectora
2850 3952 2948 4008 Dei
2979 3951 3230 4022 gratiam,
3261 3949 3463 4023 quibus
3494 3950 3755 4009 infunde-

2154 4047 2236 4096 ret
2267 4042 2593 4115 mysterium
2627 4041 2856 4099 Christi.
2889 4039 2995 4096 Sed
3041 4040 3170 4112 quia
3191 4039 3441 4096 diabolus
3471 4040 3760 4114 inquietus

2153 4141 2233 4186 est
2287 4149 2518 4206 semper,
2567 4140 2622 4188 et
2669 4131 2756 4186 his
2785 4129 2880 4202 qui
2911 4131 3085 4184 Deum
3133 4127 3466 4200 desiderant,
3501 4130 3750 4190 invidus.

2154 4221 2372 4293 Adjecit
2397 4235 2408 4275 :
2448 4245 2465 4268 ι
2493 4222 2564 4276 Et
2592 4217 2895 4275 adversarii
2923 4219 3139 4285 multi;-
3157 4227 3364 4291 quanto
3393 4219 3541 4275 enim
3564 4220 3750 4278 idonei

2152 4308 2581 4365 inveniebantur
2633 4307 2702 4362 ad
2755 4305 2942 4374 ﬁdem,
2975 4314 3130 4364 tanto
3159 4307 3334 4380 magis
3359 4323 3470 4363 non
3503 4308 3750 4378 deerant,

2151 4401 2246 4474 qui
2301 4401 2628 4468 zelarentur,
2663 4398 3103 4456 contradicentes
3156 4407 3210 4455 et
3247 4408 3612 4473 repugnantes
3637 4401 3750 4458 do-

2151 4491 2342 4547 ctrinae
2371 4489 2618 4546 Domini.

2229 4591 2411 4664 (Vers.
2473 4592 2680 4664 10-12.)
2731 4618 2747 4640 ι
2787 4592 2842 4648 Si
2891 4601 3074 4648 autem
3125 4590 3342 4647 venerit
3403 4587 3748 4646 Timotheusi

2155 4681 2335 4738 videte
2375 4691 2434 4738 ut
2463 4683 2582 4738 sine
2612 4683 2810 4738 timore
2842 4682 2912 4738 sit
2941 4680 3085 4754 apud
3111 4697 3210 4736 vos
3235 4698 3248 4748 ;
3281 4696 3420 4752 opus
3447 4679 3594 4736 enim
3627 4681 3748 4736 Do-

2155 4775 2313 4844 mini,
2359 4775 2502 4832 sicut
2547 4782 2601 4830 et
2646 4789 2766 4846 ego,
2816 4781 3092 4846 operatur.
3139 4772 3286 4844 Ergo
3335 4787 3403 4827 ne
3431 4770 3554 4842 quis
3583 4767 3743 4826 illum

2151 4876 2387 4940 spernat.
2422 4893 2439 4914 ι
2485 4867 2748 4935 Quamvis
2769 4867 2916 4924 enim
2951 4883 3012 4922 ea
3050 4866 3371 4937 praedicaret
3400 4861 3746 4930 Timotheus,

2150 4973 2270 5029 quae
2299 4957 2366 5014 ab
2395 4957 2660 5029 Apostolo
2707 4963 3007 5028 acceperat,
3040 4963 3093 5011 et
3123 4964 3263 5012 esset
3310 4953 3540 5012 idoneus
3567 4969 3749 5008 evan-

2150 5049 2360 5120 gelista,
2403 5057 2584 5104 tamen
2616 5047 2743 5122 quia
2775 5063 2887 5104 non
2935 5054 3051 5102 erat
3095 5043 3440 5101 auctoritatis
3473 5042 3744 5119 ejusdem,

2148 5141 2496 5198 commendat
2524 5140 2684 5194 illum
2705 5158 2717 5208 ;
2742 5156 2810 5194 ne
2827 5139 2893 5194 ab
2923 5139 3011 5195 his
3042 5139 3206 5205 forte,
3229 5137 3324 5210 qui
3345 5135 3747 5194 dissentiebant

2147 5231 2204 5286 in
2247 5231 2424 5304 plebe,
2472 5245 2606 5298 non,
2664 5237 2726 5284 ut
2769 5237 2885 5284 erat
2931 5227 3152 5300 dignus,
3187 5226 3552 5299 reciperetur:
3580 5235 3634 5282 et
3664 5226 3746 5282 ni-

2147 5317 2226 5375 hil
2259 5318 2546 5391 proliceret
2583 5315 2853 5374 adventus
2891 5313 3010 5386 ejus
3035 5313 3201 5370 saluti
3232 5313 3480 5370 illorum.
3515 5313 3747 5372 Possent

2144 5409 2291 5466 enim
2339 5417 2393 5465 et
2439 5409 2669 5479 gentiles
2697 5405 2927 5461 excitari
2959 5405 3026 5460 ad
3079 5403 3407 5460 seditionem
3436 5411 3491 5460 et
3519 5403 3746 5460 discor-

439 5497 605 5544 stram
637 5489 696 5545 in
717 5491 1070 5548 Jerusalem»
1105 5489 1422 5550 Consolatio
1453 5491 1570 5548 haec
1599 5491 1808 5564 duplici
1837 5507 2034 5564 genere
2141 5498 2290 5554 diam
2337 5497 2532 5572 plebis,
2584 5502 2804 5566 accepta
2844 5494 3131 5550 occasione
3170 5491 3419 5550 irruendi
3451 5493 3510 5548 in
3541 5492 3745 5550 Timo—

441 5581 744 5654 profectum
787 5584 1040 5654 habebat,
1089 5586 1234 5643 sicut
1261 5594 1315 5642 et
1359 5602 1508 5642 nunc
1535 5585 1701 5642 habet
1737 5604 1750 5641 :
1785 5587 1861 5643 ita
1888 5594 1948 5643 ut
1977 5595 2030 5642 et

439 5672 643 5730 sanctis
670 5673 958 5746 proﬁceret
985 5693 1148 5748 supra
1171 5675 1508 5743 memoratis,
1531 5683 1587 5730 et
1615 5677 1944 5748 pauperibus
1969 5676 2027 5732 in

2141 5588 2329 5644 theum
2357 5606 2370 5655 ;
2404 5588 2526 5644 ideo
2555 5603 2624 5643 ne
2651 5587 2774 5659 quis
2804 5585 2961 5642 illum
2991 5593 3231 5659 spernat,
3263 5583 3392 5658 quia
3435 5611 3454 5631 κ
3481 5599 3620 5657 opus
3633 5585 3742 5642 Do-

2139 5677 2276 5734 mini
2321 5685 2597 5748 Operatur,
2648 5677 2848 5751 inquit,
2902 5676 3045 5734 sicut
3083 5683 3136 5732 et
3174 5693 3294 5749 ego,
3334 5701 3352 5722 ι
3395 5675 3499 5732 hoc
3543 5683 3648 5744 est,
3682 5689 3742 5735 ut

439 5761 686 5823 Ecclesia
711 5762 1048 5832 constitutis,
1064 5781 1185 5837 qum
1212 5773 1268 5821 et
1286 5763 1451 5822 modo
1471 5772 1526 5822 et
1541 5764 1734 5822 usibus
1752 5764 2021 5838 majorum
2134 5783 2256 5824 mea
2293 5767 2618 5826 auctoritate
2669 5769 3062 5842 susciperetur,
3112 5781 3218 5842 qua
3267 5776 3382 5825 erat
3415 5767 3736 5841 apostolus:
