3976 6436
242 416 362 479 ’189

1346 416 1720 477 COMMENT.
1764 418 1833 477 IN
1872 421 2088 478 EPIST.
2134 423 2157 478 Ι
2195 424 2291 478 AD
2329 422 2484 479 COR.

3453 422 3558 485 290

250 556 365 602 erat
385 546 532 603 enim
561 547 677 619 ipse
706 547 1009 618 episcopus.
1056 568 1073 591 ι
1105 544 1366 602 Deducite
1414 546 1573 602 illum
1602 544 1659 601 in
1689 564 1839 619 pace,
1871 550 1920 607 Α
1951 555 2005 601 et
2038 563 2214 602 meum
2247 547 2500 619 spiritum
2531 556 2583 602 et
2614 557 2875 604 vestrum.
2913 550 3235 620 Coguoscite
3286 566 3414 622 ergo
3462 567 3557 608 eos

250 646 313 692 ut
342 636 531 697 veniat
580 636 648 693 ad
712 654 839 704 me;
887 643 1147 708 exspecto
1187 635 1334 693 enim
1369 636 1527 693 illum
1560 654 1684 692 cum
1744 638 1848 693 fra-

251 725 492 782 tribus.»
537 722 773 781 Tantum
814 722 1073 780 meritum
1120 723 1395 780 Timothei
1422 734 1740 789 memorat;
1789 733 1851 783 ut

251 829 365 870 non
395 815 574 870 solum
606 816 750 871 inter
785 831 877 869 eos
915 813 1298 870 honorandum
1349 814 1507 869 illum
1550 815 1848 887 prmcipiat,

251 903 348 959 sed
376 913 438 961 ut
462 896 768 977 apostolum
789 903 1011 960 Domini
1032 922 1159 961 cum
1183 903 1447 977 obsequio
1467 904 1848 961 deducendum

250 1010 381 1050 eum
408 995 649 1053 ostendit
675 1014 688 1064 ;
719 1005 780 1052 ut
808 995 973 1051 etiam
1008 996 1121 1068 ipse
1152 995 1311 1050 illum
1346 1004 1687 1068 exspectaret
1723 1012 1848 1051 cum

251 1083 519 1142 fratribus
550 1094 770 1159 propter
796 1086 1159 1157 Evangelium
1193 1084 1423 1142 Christi.

339 1226 356 1247 ι
386 1203 463 1257 De
510 1202 708 1273 Apollo
755 1210 936 1258 autem
981 1201 1147 1257 fratre
1178 1201 1427 1273 signiﬁco
1485 1201 1664 1270 vobis,
1723 1200 1852 1274 quia

248 1289 490 1346 multum
525 1288 685 1346 illum
714 1291 924 1364 rogavi,
955 1301 1016 1348 ut
1047 1290 1259 1347 veniret
1288 1291 1356 1347 ad
1390 1310 1483 1348 vos
1514 1309 1636 1347 cum
1671 1290 1851 1346 fratri-

249 1384 391 1455 bus;
425 1395 477 1443 et
506 1387 697 1462 utique
730 1407 839 1445 non
866 1390 975 1447 fuit
1010 1385 1148 1444 169
1179 1392 1434 1447 voluntas
1454 1388 1590 1461 ejus,
1624 1398 1685 1446 ut
1706 1406 1854 1446 nunc

248 1477 484 1533 veniret.
536 1478 735 1535 Veniet
778 1487 959 1536 autem
999 1498 1125 1537 cum
1173 1489 1543 1555 opportunum
1584 1480 1769 1537 fuerit.
1820 1505 1837 1526 ι

248 1569 368 1625 Hoc
396 1569 603 1639 dicens,
643 1579 697 1627 et
729 1574 1001 1629 voluntati
1034 1573 1256 1629 illorum
1288 1573 1374 1629 vel
1412 1571 1668 1645 petitioni
1698 1571 1851 1628 satis-

249 1656 444 1715 fecisse
481 1659 742 1729 ostendit,
776 1679 901 1716 cum
929 1671 1123 1718 votum
1173 1679 1333 1718 suum
1377 1662 1455 1718 eis
1492 1660 1769 1730 exhibuit,
1800 1668 1855 1717 et

248 1747 452 1820 Apollo
481 1749 769 1806 excusavit
793 1768 804 1805 :
839 1750 1058 1823 quando
1084 1768 1183 1808 cur
1211 1768 1321 1808 non
1354 1750 1457 1807 iret
1476 1750 1545 1806 ad
1568 1750 1715 1818 illos,
1740 1765 1853 1805 non

248 1834 641 1908 declaraverit;
680 1839 755 1894 ita
788 1848 970 1895 tamen
1000 1850 1060 1896 ut
1084 1840 1312 1896 omnino
1344 1856 1454 1896 non
1484 1855 1709 1896 excusm
1723 1839 1848 1907 erit,

1959 638 2055 709 qui
2083 636 2353 710 ejusmodi
2382 646 2530 695 sunt.
2569 662 2586 685 ι
2636 638 2805 695 Aliud
2831 637 2979 694 enim
3017 656 3131 696 esse
3175 642 3549 701 collationem.

1962 746 2124 802 quam
2156 729 2313 797 dicit,
2340 729 2465 785 ﬁeri
2500 730 2555 785 in
2582 737 2818 799 sanctos,
2850 738 2903 786 et
2921 728 3071 786 aliud
3091 731 3359 789 ministris
3375 734 3554 791 Evan-

1961 828 2088 901 gelii
2120 828 2343 883 reddere
2377 826 2519 882 170
2549 828 2747 897 vicem,
2776 829 2918 884 sicut
2944 828 3082 884 dicit
3102 829 3402 886 Dominus:
3426 856 3443 878 ι
3463 832 3555 888 Di-

1961 934 2098 989 gnus
2126 919 2275 974 enim
2298 925 2378 973 est
2407 918 2689 990 operarius
2722 919 2967 975 mercede
2997 935 3094 974 sua
3122 918 3273 989 (Luc.
3309 934 3368 987 x,
3407 918 3485 991 7).
3522 945 3539 966 ι

1958 1009 2194 1064 Domum
2224 1008 2372 1063 enim
2401 1008 2688 1080 Stephanaa
2726 1009 2781 1063 in
2815 1016 3048 1081 utroque
3081 1007 3354 1080 signiﬁcat
3392 1007 3555 1064 devo-

1957 1106 2093 1167 tam,
2137 1106 2190 1155 et
2231 1099 2289 1155 in
2332 1099 2642 1156 ministerio
2688 1108 3028 1169 sanctorum,
3059 1105 3113 1154 et
3144 1100 3201 1153 in
3231 1097 3317 1153 his
3348 1097 3438 1170 qui
3470 1097 3557 1154 de-

1960 1189 2273 1245 serviebant
2312 1190 2624 1247 Ecclesiis:
2679 1189 2756 1247 ita
2800 1198 2863 1245 ut
2914 1189 3177 1261 Apostolo
3232 1188 3562 1261 proﬁcerent

1960 1295 2084 1335 cum
2125 1280 2427 1336 Fortunato
2457 1288 2511 1335 et
2539 1279 2781 1335 Achaico
2822 1279 3102 1347 fratribus,
3134 1282 3196 1334 ut
3224 1284 3276 1335 et
3306 1278 3364 1335 hi
3399 1276 3559 1351 proﬁ-

1959 1378 2167 1438 cerent,
2199 1370 2292 1442 qui
2326 1378 2480 1425 erant
2507 1385 2576 1425 ex
2618 1369 2724 1425 his.
2770 1367 2923 1424 Unde
2955 1367 3092 1424 dicit
3124 1386 3136 1424 :
3183 1393 3202 1415 ‹
3233 1368 3560 1426 Refecerunt

1961 1460 2108 1514 enim
2139 1466 2195 1515 et
2224 1475 2407 1515 meum
2438 1460 2695 1533 spiritum
2733 1467 2787 1515 et
2812 1466 3078 1514 vestrum.
3104 1481 3120 1505 ι
3164 1457 3235 1513 Ει
3263 1474 3388 1515 cum
3418 1458 3561 1529 Apo-

1960 1551 2133 1607 stolus
2192 1558 2352 1621 negat
2398 1564 2453 1605 se
2500 1549 2567 1605 ab
2615 1547 2704 1604 his
2749 1557 3126 1621 accepturum,
3177 1546 3315 1602 dicit
3361 1545 3507 1601 enim
3544 1563 3557 1601 :

1978 1663 1996 1687 ι
2021 1638 2141 1695 Non
2171 1638 2506 1711 infringetur
2532 1638 2590 1693 in
2624 1653 2711 1693 me
2734 1636 2986 1710 gloriatio
3008 1636 3125 1693 haec
3156 1634 3212 1690 in
3245 1634 3562 1707 regionibus

1962 1728 2216 1796 Achaiae;
2249 1754 2266 1775 ι
2307 1726 2582 1801 quomodo
2626 1752 2643 1773 -
2673 1728 2983 1783 refecerunt
3012 1735 3065 1782 et
3089 1741 3271 1781 meum
3303 1725 3559 1797 spiritum

1961 1825 2015 1875 et
2040 1820 2329 1875 vestrum?
2375 1844 2393 1866 ιι
2452 1816 2557 1874 Sed
2594 1816 2778 1885 credo,
2813 1815 3049 1872 refectus
3075 1823 3157 1871 est
3189 1813 3416 1886 spiritus
3444 1813 3563 1886 ejus

248 1926 347 1982 sed
375 1902 671 1984 distulerit.
718 1928 901 1984 Potest
937 1938 991 1986 et
1018 1929 1098 1987 sic
1133 1929 1393 2002 intelligi,
1429 1938 1491 1986 ut
1519 1946 1616 2002 per
1652 1902 1852 2001 Apollo
1882 1911 1929 1971 Β
1960 1909 2019 1965 in
2059 1909 2165 2002 his,
2199 1908 2833 2002 quibusrrofegfarantr
2858 1904 2965 2002 sibi
3008 1903 3154 2002 enim
3183 1902 3557 2002 dicit_datum,

253 2021 440 2087 tangat
488 2014 635 2086 illos,
690 2015 1007 2090 signiﬁcans
1049 2018 1172 2076 ideo
1220 2018 1463 2076 noluisse
1501 2018 1580 2073 ire
1620 2015 1687 2073 ad
1726 2017 1853 2073 illos

249 2105 474 2177 Apollo,
505 2106 635 2179 quia
672 2106 1012 2164 dissidebant
1046 2127 1057 2165 :
1091 2117 1153 2165 ut
1180 2109 1368 2165 audito
1398 2107 1523 2174 hoc,
1573 2108 1694 2181 paci
1741 2114 1852 2163 stu-

250 2193 483 2261 derent;
527 2201 580 2250 et
625 2194 749 2251 ideo
789 2196 856 2253 de
893 2197 1182 2254 Timotheo
1216 2197 1421 2255 dixerit
1451 2217 1467 2252 :
1513 2220 1531 2244 ι
1565 2195 1761 2256 Videte
1792 2204 1853 2253 ut

249 2283 372 2341 sine
404 2284 600 2339 timore
629 2285 700 2340 sit
729 2285 872 2359 apud
902 2303 1018 2356 vos,
1064 2313 1082 2335 ›
1132 2287 1262 2361 quia
1305 2286 1478 2361 aliqui
1538 2285 1689 2343 missi
1740 2304 1850 2342 non

247 2374 391 2431 bene
410 2373 632 2431 fuerunt
652 2375 889 2447 suscepti
918 2393 928 2431 :
956 2393 1018 2433 ac
1048 2392 1143 2450 per
1168 2376 1277 2435 hoc
1302 2386 1595 2434 venturum
1628 2376 1847 2449 Apollo,

250 2481 381 2520 cum
407 2464 704 2521 concordes
734 2465 959 2522 fuerint.

329 2582 509 2655 (Vers.
551 2582 638 2651 13,
672 2580 785 2654 14.)
836 2607 852 2630 ε
877 2582 1135 2655 Vigilate,
1175 2591 1314 2641 state
1344 2585 1401 2640 in
1440 2583 1569 2652 ﬁde,
1614 2583 1853 2641 viriliter

252 2670 418 2743 agite,
458 2670 940 2729 corroboramini:
999 2672 1187 2729 omnia
1241 2680 1423 2729 vestra
1478 2672 1536 2727 in
1588 2672 1853 2729 cbaritate

252 2759 409 2816 ﬁant.
440 2784 459 2807 ι
512 2761 751 2831 Vigilate,
797 2760 895 2829 ait,
942 2778 1008 2817 ne
1054 2762 1562 2819 circumveniantur
1612 2762 1670 2818 in
1721 2762 1851 2819 ﬁde.

263 2850 501 2910 Viriliter
528 2852 685 2923 agile,
715 2850 820 2909 hoc
839 2859 922 2907 est
951 2868 1192 2921 monere,
1234 2861 1295 2909 ut
1337 2852 1505 2910 fortes
1550 2852 1662 2909 sint
1710 2853 1854 2909 circa

254 2956 319 2995 ea
345 2956 466 3014 quae
501 2939 606 2996 sibi
642 2940 840 2997 tradita
869 2949 1023 3011 erant
1054 2960 1067 2997 :
1101 2958 1212 2998 non
1242 2948 1305 2997 ut
1344 2942 1519 3014 pueri,
1571 2942 1665 3015 qui
1708 2942 1852 3015 quod

252 3038 574 3103 sequantur,
598 3031 872 3104 ignorant.
893 3031 1304 3102 Confortamini,
1322 3040 1385 3087 ut
1404 3040 1511 3087 tam
1535 3049 1668 3089 voce
1689 3049 1848 3105 quam

255 3138 419 3195 opere
450 3122 658 3180 robusti
688 3122 828 3189 sint;
861 3121 990 3195 quia
1020 3121 1283 3194 professio
1313 3131 1367 3177 et
1394 3120 1528 3177 boni
1558 3128 1710 3177 actus
1735 3136 1853 3193 per-

257 3213 430 3267 fectos
460 3210 687 3267 faciunt.
712 3210 783 3267 Ut
812 3218 994 3267 autem
1025 3210 1083 3265 in
1111 3210 1376 3268 charitate
1406 3209 1522 3267 hac
1552 3210 1666 3283 ipsa
1697 3210 1850 3278 ﬁant,

1960 2001 2108 2077 quod
2140 2000 2358 2081 proﬁcit
2398 2000 2485 2055 his
2515 1999 2717 2072 quibus
2745 1996 2942 2054 voluit.
3007 2020 3025 2043 ι
3078 1994 3401 2067 Cognoscite
3434 2008 3563 2067 ergo

1961 2106 2074 2160 eos,
2105 2090 2201 2162 qui
2230 2086 2553 2160 hujusmodi
2583 2095 2732 2155 sunt,
2754 2111 2771 2133 ι
2809 2085 2915 2141 hoc
2931 2091 3033 2153 est,
3063 2082 3382 2139 imitamini.

2034 2199 2216 2271 (Vers.
2253 2197 2365 2271 19.)
2412 2224 2429 2246 ι
2467 2196 2717 2253 Salutant
2747 2211 2845 2251 vos
2883 2192 3142 2250 Ecclesiae
3172 2191 3338 2248 Asiae.
3389 2217 3409 2241 ι
3457 2190 3562 2248 Ho-

1959 2307 2081 2347 rum
2126 2288 2453 2345 salutatione
2503 2294 2816 2343 commonet
2861 2284 2988 2340 illos
3031 2290 3092 2339 ut
3140 2279 3447 2339 efﬁciantur
3492 2280 3561 2339 si-

1960 2381 2119 2438 miles
2148 2379 2393 2447 illorum,
2426 2378 2521 2453 qui
2552 2377 2716 2433 unius
2740 2382 2874 2461 sunt
2900 2373 3217 2448 provinciae.
3264 2398 3282 2422 ι
3311 2373 3564 2453 Salutant

1960 2489 2057 2528 vos
2087 2470 2144 2525 in
2172 2468 2411 2526 Domino
2450 2468 2653 2541 Aquila
2700 2460 2753 2521 et
2800 2465 3051 2521 Priscilla
3093 2481 3219 2521 cum
3264 2460 3562 2521 domestica

1960 2578 2058 2618 sua
2086 2559 2353 2617 Ecclesia.
2392 2584 2409 2606 ι
2444 2558 2591 2613 Duas
2632 2555 2905 2612 Ecclesias
2952 2562 3239 2621 memorat,
3282 2553 3559 2627 publicam

1960 2660 2013 2707 et
2041 2650 2398 2706 domesticam
2436 2664 2447 2701 :
2486 2645 2762 2719 publicam
2795 2644 2951 2716 dicit,
2988 2663 3096 2719 quo
3126 2660 3320 2701 omnes
3364 2656 3561 2699 conve-

1961 2740 2123 2796 niunt
2148 2758 2159 2794 :
2193 2737 2571 2804 domesticam,
2604 2735 2662 2790 in
2684 2752 2791 2808 qua
2810 2750 2905 2807 per
2929 2734 3228 2790 amicitiam
3254 2731 3557 2802 colligitur.

1962 2828 2304 2903 Ubicumque
2334 2822 2639 2899 presbyteri
2673 2823 2938 2881 solemnia
2980 2822 3276 2890 celebrant,
3312 2818 3555 2877 Ecclesia

1961 2916 2185 2975 dicitur.

2036 3025 2216 3097 (Vers.
2252 3021 2368 3095 20.)
2417 3047 2434 3069 ε
2464 3022 2715 3078 Salutant
2739 3021 3062 3078 vosfratres
3090 3034 3301 3079 omnes.
3347 3042 3362 3065 ι
3406 3016 3558 3074 Rele-

1962 3125 2054 3173 vat
2082 3116 2296 3172 animos
2326 3114 2577 3181 illorum,
2633 3110 2852 3183 quando
2896 3126 3089 3168 omnes
3136 3107 3237 3165 bos
3291 3123 3559 3165 memores

1961 3206 2160 3262 horum
2190 3205 2433 3277 ipsorum
2466 3201 2727 3259 ostendit.
2774 3226 2792 3247 ι
2833 3199 3079 3257 Salutate
3105 3197 3341 3255 invicem
3372 3196 3432 3252 in
3460 3212 3559 3252 os-

253 3308 467 3367 monet;
502 3300 629 3374 quia
657 3318 777 3374 qua:
808 3317 935 3356 cum
975 3298 1245 3356 charitate
1288 3299 1450 3367 ﬁunt,
1499 3270 1597 3355 Dei
1647 3270 1852 3355 habent
1884 3270 1927 3330 δ
1960 3297 2086 3354 culo
2124 3270 2332 3351 sancto.
2366 3318 2383 3340 ι
2428 3292 2691 3349 Osculum
2723 3298 2971 3348 sanctum
3011 3289 3228 3361 signum
3273 3285 3421 3359 pacis
3452 3292 3557 3351 est,

252 3393 511 3450 timorem
538 3397 592 3446 et
619 3391 835 3458 zelum;
868 3389 1140 3464 quidquid
1186 3390 1334 3445 enim
1381 3406 1505 3445 cum
1553 3388 1852 3444 offensione

256 3480 444 3536 fratris
473 3480 556 3548 ﬁt,
589 3480 831 3537 fructum
856 3496 969 3536 non
994 3478 1176 3535 habet.
1202 3476 1682 3536 Provocandisunt
1703 3479 1849 3535 enim

251 3571 424 3644 aliqui
453 3570 522 3627 ad
556 3570 787 3637 bonum,
818 3585 931 3624 non
959 3567 1347 3635 contristandi,
1374 3575 1437 3623 ut
1466 3577 1597 3641 puta
1625 3568 1671 3625 si
1698 3569 1852 3626 mise-

254 3660 552 3719 ricordiam
578 3675 689 3714 non
713 3657 877 3714 facias
900 3655 1282 3713 dehortatione
1309 3658 1555 3727 alterius,
1581 3665 1673 3713 aut
1694 3656 1852 3713 inhu-

255 3765 452 3807 manus
482 3748 576 3817 sis,
609 3756 703 3804 aut
731 3749 930 3803 alteros
960 3754 1138 3815 notes,
1186 3754 1281 3802 aut
1322 3745 1534 3819 aliquid
1579 3746 1851 3815 comedas,

255 3838 530 3895 insultans
563 3836 634 3905 ei,
668 3836 761 3909 qui
791 3836 857 3892 ab
887 3835 992 3893 hoc
1022 3834 1280 3904 abstinet,
1311 3843 1373 3891 ut
1400 3834 1568 3890 facias
1593 3834 1676 3891 illi
1707 3852 1853 3892 scru-

256 3928 467 4001 pulum.
500 3925 698 3983 Omnia
726 3926 803 3981 ita
829 3926 1036 3996 agenda
1079 3932 1229 3993 sunt,
1280 3931 1342 3980 ut
1389 3924 1629 3981 hortatio
1668 3924 1740 3980 sit
1786 3922 1854 3979 ad

255 4015 500 4085 meliora,
540 4032 650 4071 non
684 4016 991 4085 insultatio,
1023 4024 1077 4072 et
1106 4024 1239 4072 tunc
1268 4023 1350 4071 est
1377 4032 1503 4088 pax.
1538 4014 1690 4071 Unde
1719 4014 1856 4072 dicit

254 4105 542 4174 Dominus,
575 4122 644 4161 ex
675 4105 779 4161 hoc
805 4105 1176 4178 cognoscitur,
1205 4104 1253 4161 si
1282 4105 1543 4177 discipuli
1574 4104 1679 4161 mei
1700 4104 1852 4173 estis,

253 4197 301 4254 si
332 4213 435 4253 vos
462 4197 707 4268 diligatis
742 4197 981 4254 invicem
1016 4198 1196 4270 (Joan.
1221 4214 1346 4265 x111,
1376 4197 1469 4268 35)
1498 4216 1509 4254 :
1543 4197 1641 4255 ubi
1672 4206 1853 4255 autem

254 4286 537 4346 contentio
566 4294 647 4342 est
676 4295 729 4343 et
762 4285 1051 4355 dissensio,
1083 4302 1236 4341 amor
1266 4302 1377 4341 non
1411 4294 1510 4341 est.

333 4404 514 4476 (Vers.
550 4404 638 4471 15,
662 4404 774 4476 16.)
820 4429 836 4451 ‹
865 4404 1103 4460 Obsecro
1132 4413 1311 4459 autem
1340 4419 1457 4471 vos,
1491 4403 1705 4471 fratres,
1734 4418 1857 4459 nos-

256 4494 332 4550 tis
374 4493 601 4548 domum
633 4492 918 4564 Stephants
965 4500 1019 4548 et
1060 4493 1369 4559 Fortunati,
1419 4494 1677 4565 quoniam
1729 4500 1857 4548 sunt

1960 3385 2019 3472 in
2039 3400 2168 3456 quo,
2200 3390 2261 3438 ut
2288 3381 2356 3438 ad
2384 3381 2623 3437 invicem
2654 3379 2761 3435 sibi
2788 3378 3103 3434 adhaereant
3121 3375 3335 3443 sublata
3352 3374 3557 3432 discor-

1960 3479 2071 3547 dia,
2106 3478 2282 3535 docet.

2035 3590 2215 3661 (Vers.
2250 3587 2366 3658 21.)
2410 3610 2428 3633 ι
2457 3584 2723 3641 Salutatio
2745 3598 2866 3640 mea
2893 3598 3058 3638 manu
3088 3579 3264 3637 Pauli.
3317 3602 3336 3628 ι
3386 3579 3454 3636 Se
3499 3577 3555 3634 in

1961 3679 2192 3753 epistola
2229 3676 2334 3733 ista
2373 3672 2757 3745 subscripsisse
2809 3670 3068 3739 ostendit,
3118 3675 3173 3725 et
3222 3684 3344 3742 quae
3392 3666 3558 3722 verba

1963 3774 2074 3829 sint
2105 3768 2545 3842 subscriptionis,
2577 3765 2812 3838 subjecit
2838 3764 3061 3823 dicens:

2037 3884 2217 3955 (Vers.
2253 3878 2369 3949 22.)
2422 3902 2443 3926 ‹
2492 3878 2547 3935 Si
2584 3878 2706 3950 quis
2733 3892 2845 3933 non
2874 3882 3020 3932 amat
3047 3873 3348 3931 Dominum
3376 3872 3555 3929 Iesum

1963 3973 2269 4040 Christum,
2297 3970 2370 4026 sit
2390 3969 2679 4025 anathema
2708 3965 3045 4034 maranatha,
3068 3989 3086 4013 ι
3121 3962 3269 4038 quod
3297 3964 3560 4034 interpre-

1963 4072 2156 4120 tatur:
2190 4059 2247 4117 Si
2296 4058 2421 4132 quis
2474 4057 2772 4115 Dominum
2821 4055 3026 4123 Iesum,
3075 4052 3172 4126 qui
3222 4052 3399 4120 venit,
3450 4064 3558 4106 non

1963 4161 2127 4221 amat,
2165 4150 2496 4208 abscidatur.
2529 4148 2854 4207 Maranatha
2885 4146 3054 4215 enim,
3087 4145 3357 4201 Dominus
3386 4141 3559 4210 venit,

1965 4242 2255 4314 signiﬁcat.
2288 4241 2403 4299 Hoc
2430 4248 2651 4313 propter
2668 4237 2888 4294 Iudaeos
2916 4236 3011 4311 qui
3041 4235 3223 4292 Iesum
3241 4250 3352 4291 non
3385 4231 3562 4288 venis-

1965 4350 2021 4392 se
2052 4331 2329 4398 dicebant,
2361 4328 2421 4385 hi
2450 4344 2578 4402 ergo
2610 4327 2903 4384 anathema
2932 4333 3061 4383 sunt
3103 4341 3135 4381 a
3176 4322 3435 4391 Domino,
3466 4321 3561 4394 qui

1966 4424 2137 4479 venit.

2040 4519 2222 4591 (Vers.
2270 4517 2358 4587 23,
2422 4516 2537 4588 2’s.)
2612 4542 2628 4564 ι
2685 4514 2873 4572 Gratia
2924 4512 3149 4570 Domini
3209 4509 3380 4565 nostri
3437 4507 3562 4563 Iesu

260 4582 484 4639 iunium
509 4581 756 4682 Aeh‘fiw’
786 4589 840 4637 ⁸⁸
866 4582 926 4637 in
967 4580 1337 4690 ministerii]?
1364 4589 1677 4682 ?a'3‘2‘°’!‘m
1708 4580 1852 4690 0r
1882 4631 1930 4690 ι)
1966 4580 2170 4668 Christi
2197 4580 2789 4663 vobiscumntlharitas
2808 4619 2930 4659 mea
2949 4617 3075 4659 cum
3102 4597 3359 4656 omnibus
3379 4594 3560 4661 vobis,

259 4680 533 4729 naverunt
563 4687 618 4726 se
650 4671 815 4743 ipsos,
850 4679 912 4727 ut
953 4677 1006 4725 et
1048 4686 1146 4726 vos
1174 4669 1381 4726 subditi
1410 4671 1532 4727 sitis
1558 4671 1851 4742 ejusmodi,

258 4770 313 4819 et
347 4761 501 4817 omni
535 4760 850 4834 cooperanti
879 4769 935 4817 et
965 4759 1254 4817 laboranti.
1291 4760 1554 4817 :Achaici
1580 4760 1855 4818 Corinthii

258 4858 408 4919 sunt,
442 4849 673 4923 ideoque
700 4850 769 4907 de
799 4849 887 4907 his
916 4849 985 4906 ad
1021 4867 1114 4907 eos
1144 4849 1406 4923 loquitur,
1440 4867 1535 4922 per
1571 4867 1707 4923 quos
1736 4867 1856 4923 pro-

262 4946 423 4997 vocat
452 4941 578 4997 illos
607 4942 676 4997 ad
706 4940 1028 5013 hujusmodi
1058 4958 1196 5014 opus
1223 4958 1235 4996 :
1273 4948 1400 4997 sunt
1447 4941 1593 4997 enim
1632 4958 1701 4997 ex
1747 4942 1854 4999 his.

263 5028 380 5085 Hoc
416 5030 562 5085 enim
588 5030 647 5086 in
679 5030 1007 5088 Christianis
1032 5047 1290 5101 magnum
1339 5038 1439 5098 est,
1482 5030 1609 5102 quia
1651 5032 1857 5088 calcata

263 5118 522 5186 avaritia,
549 5118 616 5173 de
656 5119 936 5176 laboribus
966 5120 1080 5174 suis
1109 5135 1220 5174 non
1252 5119 1585 5176 habentibus
1617 5121 1855 5192 largiun-

264 5215 375 5276 tur,
412 5208 716 5265 imitatores
745 5208 874 5265 facti
904 5208 1080 5265 Patris
1108 5208 1228 5277 Dei,
1258 5209 1351 5281 qui
1379 5209 1435 5263 in
1483 5210 1859 5267 misericordia

265 5296 421 5353 dives
456 5305 557 5354 est.
593 5298 729 5356 Cum
759 5308 943 5355 autem
978 5297 1116 5355 dicit
1148 5316 1161 5354 :
1209 5322 1228 5345 ι
1258 5298 1327 5354 Ut
1350 5297 1558 5355 subditi
1587 5299 1708 5356 sitis
1738 5300 1857 5356 tali-

264 5386 387 5455 bus,
419 5411 437 5435 ι
484 5387 654 5459 magis
684 5388 809 5444 illos
848 5388 1117 5456 hortatur,
1166 5395 1227 5443 ut
1272 5387 1460 5443 aemuli
1507 5387 1637 5444 facti
1679 5389 1859 5460 operis

271 5474 457 5548 hujus,
488 5477 628 5533 alios
666 5476 901 5533 habeant
932 5477 1035 5549 ipsi
1065 5477 1333 5534 subditos.

341 5593 523 5665 (Vers.
560 5595 643 5662 17,
676 5594 789 5665 18.)
834 5621 850 5641 ι
882 5594 1101 5651 Gaudeo
1136 5602 1318 5652 autem
1348 5594 1405 5650 in
1433 5594 1717 5667 praesentia
1745 5593 1856 5651 Ste-

269 5682 484 5757 phants,
518 5690 573 5739 et
597 5685 902 5753 Fortunati,
934 5692 988 5740 et
1015 5685 1281 5752 Achaici;
1313 5684 1572 5764 quoniam
1617 5683 1673 5740 id
1710 5684 1859 5757 quod

269 5774 428 5833 vobis
455 5774 662 5845 deerat,
720 5774 822 5848 ipsi
875 5778 1283 5850 suppleverunt.
1330 5776 1654 5835 Refecerunt
1708 5776 1853 5833 enim

1965 4702 2022 4758 in
2054 4699 2276 4756 Christo
2304 4697 2447 4753 Iesu.
2481 4722 2499 4745 ι
2540 4692 2669 4752 Ideo
2697 4695 2862 4750 talem
2891 4689 3348 4760 subscriptionem
3378 4684 3563 4757 posuit

1962 4797 2186 4865 propter
2216 4789 2339 4857 hos,
2373 4787 2467 4861 qui
2497 4784 2627 4842 dum
2658 4781 2986 4840 dissensioni
3015 4776 3327 4865 studebant,
3361 4775 3563 4832 Domi-

1963 4863 2098 4937 num
2132 4881 2315 4936 Iesum
2347 4893 2458 4933 non
2487 4873 2825 4945 diligebant;
2880 4867 3080 4940 quippe
3110 4881 3234 4922 cum
3265 4863 3509 4921 dicerent
3545 4883 3558 4921 :

1979 4971 2137 5041 «Ego
2167 4984 2287 5025 sum
2316 4964 2493 5032 Pauli,
2541 4978 2638 5033 ego
2672 4959 2891 5032 Apollo,
2942 4971 3040 5028 ego
3086 4964 3218 5012 vero
3266 4952 3567 5041 CephaafI

1969 5040 2094 5114 Cor.
2132 5075 2173 5123 ι,
2209 5056 2319 5126 13).
2354 5078 2371 5101 ι
2414 5052 2519 5120 Qui
2555 5049 2704 5105 enim
2734 5046 3012 5106 Christum
3056 5044 3261 5117 diligit,
3307 5058 3422 5099 non
3471 5040 3564 5098 dat

1966 5144 2291 5203 hominibus
2316 5141 2565 5214 gloriam,
2598 5138 2726 5213 quia
2756 5137 2911 5194 nulla
2939 5145 3021 5194 est
3047 5151 3170 5210 spes
3209 5135 3267 5191 in
3309 5131 3563 5189 homini-

1964 5235 2087 5291 bus.
2122 5258 2140 5281 ε
2164 5233 2352 5289 Gratia
2379 5229 2605 5289 Domini
2624 5228 2800 5285 nostri
2818 5228 2946 5285 Iesu
2962 5224 3169 5283 Christi
3186 5223 3471 5281 vobiscum
3492 5240 3505 5289 ;
3528 5246 3547 5270 ι

1965 5332 2020 5379 et
2075 5322 2427 5391 subauditur,
2473 5321 2570 5395 qui
2617 5319 2852 5392 diligitis
2896 5317 3194 5374 Dominum
3244 5314 3448 5369 Iesum.
3492 5312 3563 5368 Et

1965 5411 2226 5484 quoniam
2256 5428 2370 5467 non
2399 5426 2454 5467 se
2483 5409 2721 5466 invicem
2751 5407 3076 5480 diligebant,
3108 5403 3231 5459 ideo
3259 5400 3364 5457 hoc
3390 5398 3557 5479 dicit:

1982 5530 1999 5555 ‹
2037 5504 2289 5563 Charitas
2348 5520 2468 5559 mea
2532 5518 2658 5560 cum
2714 5498 2971 5557 omnibus
3022 5494 3180 5550 vobis
3235 5492 3293 5548 in
3342 5489 3562 5549 Christo

1966 5594 2113 5662 Iesu,
2142 5618 2161 5641 ι
2204 5601 2265 5649 ιιι
2293 5609 2474 5649 amare
2508 5608 2564 5648 se
2592 5592 2866 5647 discerent
2891 5603 2953 5643 ea
2985 5584 3175 5658 gratia,
3221 5597 3330 5655 qua
3355 5581 3561 5653 diligor

1964 5682 2168 5739 bantur
2189 5682 2257 5739 ab
2278 5682 2560 5756 Apostolo,
2580 5696 2690 5738 non
2705 5677 2887 5737 carnis
2905 5675 3124 5741 aﬁectu,
3145 5669 3243 5729 sed
3262 5670 3322 5726 in
3342 5669 3560 5730 Christo

1966 5774 2111 5834 Iesu.
