3976 6374
1449 367 1544 423 AD
1581 364 1816 424 OPERA
1853 365 1907 422 S.
1950 364 2286 424 AMBROSII
2323 361 2701 422 APPENDIX.

3449 491 3740 508 ﬂ

544 652 663 738 IN
733 622 1367 738 EPISTOLAM
1436 651 1537 739 B.
1615 649 1940 736 PAULI
2035 649 2192 734 AD
2266 647 2956 738 CORlNTHIOS
3026 645 3666 790 SECUNDAM.

903 951 1046 1011 169
1074 955 1436 1014 PROLOGUS
1465 955 1604 1029 (64).

519 1044 826 1104 Secundam
853 1047 1140 1120 epistolam
1171 1049 1469 1121 Apostolus
1493 1048 1688 1106 scribit
1712 1047 2044 1112 Corinthiis,

448 1134 607 1208 cujus
636 1135 753 1194 haec
783 1136 1107 1210 principalis
1133 1148 1215 1197 est
1242 1157 1404 1198 causa
1436 1159 1447 1197 :
1486 1141 1748 1214 quoniam
1780 1141 1839 1197 in
1866 1141 2045 1213 prima

449 1239 551 1296 pro
579 1226 944 1297 quorumdam
976 1227 1213 1299 peccatis
1245 1229 1496 1287 doctores
1539 1245 1729 1286 eorum
1777 1229 2048 1302 praecipue

447 1315 807 1388 corripuerat,
860 1324 915 1372 et
972 1317 1209 1374 multum
1253 1319 1472 1375 fuerant
1520 1319 1854 1387 contristati,
1903 1335 2052 1375 nunc

450 1418 544 1458 eos
593 1405 926 1474 consolatur,
956 1423 1117 1462 suum
1147 1407 1226 1463 eis
1253 1423 1563 1481 proponens
1609 1408 1947 1481 exemplum,
1997 1413 2052 1462 et

451 1489 655 1548 docens
680 1509 791 1548 non
839 1493 1036 1552 debere
1079 1512 1217 1568 aegre
1265 1496 1428 1565 ferre,
1479 1495 1624 1570 quod
1668 1513 1767 1570 pro
1813 1495 2050 1553 aliorum

451 1587 581 1636 sunt
607 1582 782 1638 salute
811 1584 1049 1657 correpti
1073 1603 1087 1653 ;
1119 1602 1244 1642 cum
1277 1586 1393 1658 ipse
1424 1603 1522 1659 pro
1549 1586 1732 1644 aliena
1758 1587 1935 1644 salute
1970 1601 2054 1658 pe-

451 1670 645 1730 riculis
669 1674 915 1746 quotidie
941 1682 995 1731 et
1015 1677 1180 1731 morti
1208 1675 1508 1748 subjaceat.

973 1816 1202 1876 CAPUT
1235 1817 1528 1875 PRIMUM.

521 1941 704 2012 (Vers.
734 1943 812 2014 1.)
853 1967 870 1988 ε
905 1943 1107 1999 Paulus
1135 1945 1416 2016 apostolus
1444 1944 1572 1999 Jesu
1595 1941 1825 1999 Christi.
1869 1965 1887 1989 ι
1930 1940 2051 2022 Jam

450 2046 676 2086 securus
729 2029 796 2086 de
850 2030 938 2087 his
981 2033 1322 2089 confidenter
1367 2050 1424 2089 se
1471 2031 1783 2104 apostolum
1828 2028 2055 2085 Dominl

451 2120 732 2194 praedicat.
761 2121 823 2175 In
851 2122 1028 2193 prima
1056 2122 1205 2178 enim
1236 2123 1468 2194 epistola
1511 2127 1766 2178 vocatum
1813 2135 1869 2175 se
1917 2134 2058 2190 apo-

453 2207 654 2262 stolum
684 2205 842 2276 dicit,
874 2207 952 2262 eis
980 2215 1164 2264 tamen
1206 2225 1318 2265 non
1361 2207 1675 2281 probatum,
1733 2206 1828 2280 qui
1873 2223 1906 2262 a
1951 2213 2055 2262 tra-

2081 951 2131 1010 Α
2162 947 2662 1005 misericordiarum
2687 949 2764 1006 ait
2793 957 3016 1023 propter
3043 948 3261 1006 diversa
3289 959 3531 1023 peccata,
3553 958 3615 1007 ut
3634 968 3765 1009 con-

2157 1036 2424 1092 solaretur
2466 1037 2819 1095 contristatos
2860 1055 3024 1096 causa
3076 1037 3410 1095 delictorum
3444 1056 3456 1096 :
3507 1037 3613 1097 hoc
3654 1049 3760 1110 est,

2156 1142 2306 1198 spem
2338 1143 2448 1182 non
2479 1143 2675 1200 negare
2702 1127 3008 1184 conversis.

2232 1217 2413 1288 (Vers.
2447 1218 2530 1286 4.)
2575 1242 2593 1264 ι
2624 1217 2730 1284 Qui
2759 1219 3075 1276 consolatur
3109 1235 3209 1276 nos
3239 1219 3296 1276 in
3325 1222 3480 1278 omni
3510 1237 3764 1295 pressura

2160 1316 2365 1364 nostra.
2399 1333 2416 1356 ι
2460 1307 2575 1364 Hoc
2603 1315 2704 1376 est,
2737 1308 2882 1381 quod
2917 1307 3065 1365 dixit
3095 1326 3108 1365 :
3155 1333 3173 1357 ε
3210 1311 3358 1366 Deus
3401 1311 3581 1367 omnis
3631 1327 3762 1368 con-

2159 1397 2464 1466 solationis,
2495 1397 2588 1470 qui
2624 1396 2775 1454 adest
2803 1395 2863 1452 in
2893 1396 3046 1452 omni
3075 1413 3328 1470 pressura
3354 1418 3365 1456 :
3397 1407 3457 1455 ut
3488 1399 3764 1471 possimus

2160 1495 2214 1543 et
2259 1503 2361 1542 nos
2405 1486 2678 1543 consolari
2720 1502 2833 1554 eos,
2874 1485 2968 1558 qui
3018 1493 3146 1542 sunt
3194 1486 3252 1542 in
3295 1489 3448 1544 omni
3488 1504 3762 1560 pressura,

2162 1592 2257 1648 per
2301 1574 2768 1644 exhortationem,
2801 1591 2910 1648 qua
2937 1574 3298 1632 exhortamur
3341 1593 3373 1632 a
3414 1578 3547 1634 Deo.
3580 1603 3596 1625 ι
3642 1579 3766 1634 Duo

2163 1680 2359 1738 genera
2385 1665 2825 1722 consolationum
2850 1663 3104 1722 induxit:
3138 1681 3312 1721 unum
3341 1683 3451 1739 quo
3481 1666 3767 1722 consolan-

2163 1761 2273 1822 tur,
2319 1753 2413 1827 qui
2461 1754 2664 1826 injuste
2711 1771 3017 1827 pressuram
3069 1755 3356 1828 patiuntur
3401 1765 3620 1829 propter
3669 1772 3769 1812 no-

2166 1858 2291 1898 men
2335 1842 2565 1912 Christi,
2615 1853 2678 1901 ut
2726 1843 3072 1900 liberentur:
3133 1844 3367 1901 alterum
3423 1862 3610 1901 eorum
3669 1843 3768 1917 qui

2165 1948 2511 2012 peccatorum
2568 1957 2732 1998 causa
2776 1940 3090 1999 contristati
3140 1941 3571 1998 consolationem
3625 1940 3762 1997 171

2165 2027 2462 2100 accipiunt,
2495 2028 2626 2085 dum
2650 2028 2764 2084 illis
2795 2028 3140 2102 promittitur
3177 2047 3299 2102 spes
3341 2027 3768 2088 em'endantibus

2165 2121 2233 2177 ab
2271 2120 2360 2177 his
2388 2119 2507 2193 qui,
2538 2120 2808 2177 consolati
2839 2137 2871 2175 a
2899 2121 3156 2188 Domino,
3181 2121 3355 2192 erepti
3380 2130 3511 2177 sunt
3537 2122 3606 2180 de
3626 2138 3772 2196 pres-

2165 2223 2310 2264 sura.

453 2294 667 2352 ditione
694 2294 812 2368 ejus
840 2294 1064 2354 abducti
1093 2305 1270 2354 erant.
1315 2324 1332 2345 ι
1369 2299 1470 2354 Per
1499 2298 1840 2354 voluntatem
1871 2295 1990 2352 Dei.
2022 2318 2041 2344 ι
2087 2309 2134 2368 Β
2239 2293 2422 2366 (Vers.
2457 2293 2539 2367 5.)
2581 2320 2599 2343 ι
2642 2293 2917 2364 Quoniam
2967 2295 3110 2354 sicut
3155 2295 3439 2354 abundant
3489 2296 3773 2370 passiones

457 2385 526 2444 Ut
552 2394 732 2444 ratum
763 2387 956 2460 probet
982 2387 1347 2461 apostolatum
1377 2405 1560 2457 suum,
1599 2387 1825 2444 Domini
1858 2387 2052 2443 volun-

454 2485 565 2534 tate
594 2476 799 2537 Christi
843 2478 1046 2534 factum
1093 2495 1150 2535 se
1195 2479 1504 2551 apostolum
1549 2477 1726 2534 dicit:
1779 2477 1855 2534 ita
1903 2476 2051 2533 enim

453 2567 723 2624 Dominus
754 2570 833 2623 ait
859 2565 1084 2637 Iudaeis,
1119 2567 1378 2642 quoniam
1443 2594 1460 2616 ε
1507 2584 1628 2642 quaa
1674 2567 1876 2640 placita
1925 2573 2054 2622 sunt

454 2654 526 2726 ei,
559 2683 576 2704 ι
622 2655 678 2714 id
708 2666 791 2715 est
823 2658 937 2714 Deo
962 2657 1133 2727 Patri,
1179 2683 1197 2705 ι
1241 2657 1386 2715 facio
1427 2673 1642 2732 semper
1697 2657 1880 2730 (Joan.
1928 2671 2051 2725 vm,

453 2741 605 2818 29).»
635 2745 822 2803 -Ειε
867 2771 886 2794 ι
915 2745 1237 2806 Timotheus
1259 2747 1446 2808 frater.
1478 2772 1497 2795 ι
1535 2747 1673 2805 Cum
1701 2746 1808 2804 hoc
1833 2745 2049 2814 scribit,

455 2848 552 2908 per
581 2851 741 2909 quem
785 2835 1072 2910 epistolam
1105 2837 1258 2904 misit
1290 2838 1524 2910 primam
1561 2835 1630 2893 ad
1682 2853 1794 2906 eos,
1845 2836 1902 2893 id
1948 2847 2052 2908 est,

454 2940 580 2982 cum
614 2925 923 2994 Timotheo,
954 2934 1016 2982 ut
1062 2925 1315 2983 ostendat
1355 2927 1434 2982 eis
1475 2926 1544 2982 ab
1583 2926 1688 2984 hoc
1735 2944 1790 2983 se
1837 2926 2053 2984 audisse

454 3013 524 3069 de
587 3013 730 3069 bona
789 3015 1072 3070 voluntate
1125 3031 1340 3083 eorum,
1401 3032 1510 3088 qua
1563 3013 1942 3088 corripiendos
1997 3031 2054 3071 se

455 3098 841 3156 subdiderunt.
890 3124 909 3148 ε
932 3099 1190 3157 Ecclesiae
1219 3117 1340 3174 qua
1372 3111 1454 3158 est
1481 3101 1736 3160 Corinthi
1764 3120 1893 3160 cum
1925 3119 2055 3158 om-

457 3189 623 3245 nibus
651 3189 854 3246 sanctis
902 3189 998 3263 qui
1037 3197 1165 3246 sunt
1212 3190 1272 3246 in
1323 3191 1552 3249 Achaia.
1597 3215 1618 3240 ›
1671 3191 1830 3249 Nunc
1882 3193 2054 3250 sociat

456 3278 590 3336 istos
617 3280 820 3338 sanctis
857 3287 1177 3340 ceterarum
1227 3281 1624 3354 Ecclesiarum,
1664 3291 1728 3340 ut
1775 3283 1952 3340 sciant
1998 3299 2056 3340 se

454 3369 767 3442 profecisse.

534 3466 674 3524 170
707 3469 889 3540 (Vers.
922 3469 1003 3542 2.)
1041 3495 1059 3518 ι
1078 3469 1267 3527 Gratia
1295 3469 1457 3526 vobis
1483 3477 1537 3526 et
1567 3487 1675 3543 pax
1702 3487 1733 3526 a
1759 3471 1874 3528 Deo
1893 3471 2053 3528 Patre

451 3567 661 3629 nostro,
700 3569 754 3616 et
796 3562 1035 3617 Domino
1062 3562 1190 3618 Jesu
1218 3562 1458 3621 Christo.
1499 3587 1517 3611 ›
1575 3561 1848 3630 Quoniam
1878 3580 2052 3620 unum

449 3647 659 3704 donum
703 3655 785 3703 est
813 3649 913 3703 Dei
951 3657 1006 3704 et
1044 3648 1272 3718 Christi,
1325 3651 1534 3708 idcirco
1579 3652 1876 3725 participes
1926 3652 2050 3709 illos
2082 3677 2127 3738 ο

451 3747 601 3813 optat
630 3756 746 3796 esse
775 3743 960 3813 gratiae
989 3742 1088 3798 Dei
1116 3758 1238 3815 quae
1266 3753 1348 3800 est
1377 3751 1432 3799 et
1464 3744 1692 3802 Christi.

525 3832 708 3904 (Vers.
756 3830 837 3904 3.)
903 3855 921 3879 ι
966 3831 1296 3890 Benedictus
1336 3835 1482 3890 Deus
1527 3844 1580 3892 et
1628 3837 1786 3893 Pater
1827 3835 2052 3893 Domini

451 3921 626 3978 nostri
679 3921 806 3976 Jesu
844 3919 1073 3978 Christi.
1124 3947 1143 3971 ι
1212 3921 1439 3997 Semper
1495 3925 1555 3980 in
1611 3925 1763 3981 omni
1821 3925 2052 3999 epistola

453 4011 704 4084 mysterii
735 4011 983 4069 ordinem
1032 4013 1200 4070 tradit
1251 4013 1319 4070 de
1376 4013 1489 4072 Deo
1536 4014 1695 4070 Patre
1743 4015 2047 4089 locuturus,

451 4109 506 4158 et
535 4100 602 4157 de
635 4100 781 4157 dono
810 4100 946 4172 ejus.
1004 4127 1022 4150 ι
1068 4103 1226 4160 Pater
1255 4103 1760 4160 misericordiarum
1809 4111 1862 4160 et
1903 4106 2049 4161 Deus

452 4193 624 4249 totius
649 4193 1061 4250 consolationis.
1102 4219 1120 4242 ι
1173 4193 1261 4250 Ab
1292 4194 1410 4267 ipsa
1439 4195 1606 4267 cmpit
1632 4195 1865 4264 ratione,
1893 4197 2049 4252 mul-

451 4290 570 4339 tum
601 4282 748 4339 enim
779 4281 1052 4354 refrigerii
1083 4281 1178 4340 dat
1206 4283 1306 4352 eis,
1350 4284 1444 4357 qui
1487 4285 1848 4358 correptionis
1885 4301 2048 4343 causa

451 4371 670 4428 fuerant
698 4372 1038 4441 contristati;
1087 4373 1374 4430 audientes
1411 4374 1560 4430 enim
1606 4375 1902 4430 Dominum
1933 4391 2046 4431 non

449 4461 626 4518 solum
657 4461 829 4518 totius
875 4462 1106 4535 originis
1149 4471 1382 4536 patrem,
1419 4463 1515 4519 sed
1547 4473 1602 4520 et
1632 4464 2047 4522 misericordia-

448 4568 594 4621 rum,
627 4552 855 4609 relevati
897 4561 1027 4610 sunt
1074 4569 1188 4626 spe,
1237 4570 1300 4612 ac
1353 4553 1488 4612 certi
1534 4555 1666 4612 facti
1713 4554 1781 4612 ad
1829 4554 1934 4612 hoc
1988 4571 2045 4612 se

446 4653 746 4720 correptos,
795 4653 858 4702 ut
902 4645 1154 4703 conversi
1201 4646 1302 4702 Dei
1344 4646 1776 4704 misericordiam
1831 4645 2045 4704 inveni-

448 4743 588 4790 rent.
619 4735 798 4802 Quare
845 4743 1028 4793 autem
1070 4734 1576 4793 misericordiarum
1618 4745 1827 4808 patrem
1873 4737 2038 4807 dixit,

447 4823 556 4880 nisi
611 4833 673 4880 ut
735 4834 1120 4898 agnosceretur
1166 4841 1263 4898 per
1320 4824 1757 4882 misericordiam
1822 4842 2040 4885 rursum

447 4926 765 4984 regenerare
812 4920 866 4969 et
919 4914 1217 4970 reformare
1273 4915 1618 4987 pmnitentes,
1670 4921 1732 4970 ut
1776 4931 1889 4972 non
1926 4917 2042 4973 sola

448 5000 522 5058 sit
550 5001 731 5068 venia,
763 4999 858 5056 sed
895 5009 1068 5060 status
1117 5003 1338 5076 pristini
1387 5003 1757 5062 restauratio?
1798 5005 1870 5062 Et
1916 5006 2039 5063 ideo
2070 5041 2118 5099 Ι)
2148 5024 2490 5081 speraremus
2546 5023 2646 5064 nos
2709 5007 2881 5064 etiam
2933 5007 3141 5066 vivere.
3197 5033 3217 5058 ι

522 5147 640 5223 (64)
670 5148 791 5225 Non
820 5147 1056 5225 habetur
1084 5149 1178 5206 ille
1215 5151 1472 5225 prologus
1498 5151 1555 5207 in
1585 5150 1749 5209 Corb.
1782 5149 1928 5225 cod.,
1953 5151 2041 5225 uti

444 5219 557 5296 jam
587 5219 627 5296 μ’
649 5220 810 5278 nobis
848 5219 1317 5296 observatum—est
1350 5219 1601 5280 :‘verum
1645 5239 1774 5280 cum
1815 5223 1872 5278 in
1916 5219 2042 5296 aliis

447 5293 813 5367 omnibus,et
840 5293 1220 5367 cunctismedit.
1255 5295 1576 5367 reperiatur,
1624 5310 1724 5367 nec
1766 5301 1948 5367 exstet
1983 5295 2041 5352 in

448 5366 1008 5492 Pseudozlliieronymi
1039 5365 1466 5436 Commentario,
1494 5382 1618 5422 eum
1639 5365 1903 5423 duximus
1925 5383 2042 5425 esse

449 5446 661 5492 retmen
707 5455 820 5492 um.

449 5446 820 5494 retinendum.

523 5507 639 5580 (65)
673 5510 800 5566 Mss.
841 5509 1076 5594 aliquot,
1123 5509 1398 5566 consulens
1434 5506 1583 5562 nobis
1627 5523 1726 5578 per
1775 5509 2040 5564 liberatio-

447 5594 640 5722 Μῖξδ)
667 5648 902 5722 Inhisce
930 5651 1086 5707 Pauli
1117 5648 1406 5722 versiculis
1443 5649 1657 5722 quoties
1681 5650 1758 5722 in
1805 5668 1934 5708 mss.
1987 5660 2043 5709 et

447 5719 625 5794 antiq.
665 5719 800 5776 edit.
853 5722 1050 5793 legitur
1101 5719 1476 5778 exhortatione
1509 5727 1563 5778 et
1605 5721 2041 5794 exhortationem,

2167 2381 2375 2440 Christi
2412 2383 2471 2439 in
2510 2383 2690 2454 nobis,
2725 2383 2806 2442 sic
2847 2400 2943 2457 per
2987 2381 3268 2442 Christum
3317 2383 3561 2441 abundat
3604 2387 3770 2443 etiam

2166 2473 2472 2531 consolatio
2510 2481 2716 2530 nostra.
2764 2497 2782 2521 ι
2845 2473 3196 2530 Manifestum
3242 2481 3326 2530 est
3371 2474 3502 2547 quia
3530 2491 3629 2546 pro
3658 2492 3770 2549 quo

2165 2563 2426 2638 patimur,
2461 2565 2576 2638 ipse
2605 2563 2767 2621 nobis
2794 2563 2969 2634 adest,
3012 2565 3302 2622 consolans
3345 2580 3446 2620 nos
3487 2581 3584 2638 per
3633 2566 3772 2622 libe-

2162 2655 2433 2712 rationem
2467 2654 2610 2727 (65),
2662 2653 2900 2727 eripiens
2943 2670 3045 2711 nos
3072 2653 3140 2710 de
3171 2670 3422 2726 pressura
3451 2653 3769 2712 interventu

2165 2743 2468 2817 majestatis
2495 2761 2626 2802 sum.

2237 2845 2416 2919 (Vers.
2467 2849 2522 2917 6,
2563 2846 2642 2920 7.)
2687 2869 2706 2894 ι
2764 2846 2893 2904 Sive
2947 2852 3128 2902 autem
3171 2860 3480 2918 pressuram
3527 2845 3771 2918 patimur

2163 2952 2262 3010 pro
2287 2944 2470 2994 vestra
2497 2934 2885 2992 exhortatione
2913 2944 2967 2993 et
2995 2935 3170 2992 salute
3211 2933 3329 3006 (66)
3357 2952 3370 2990 :
3422 2934 3539 2990 sive
3566 2932 3764 2988 exhor-

2161 3026 2430 3082 tationem
2459 3025 2852 3098 consequimur
2878 3041 2977 3098 pro
3006 3031 3187 3081 vestra
3213 3022 3616 3090 exhortatione,
3639 3038 3762 3096 quae

2163 3122 2420 3188 operatur
2448 3131 2544 3186 per
2573 3115 2892 3186 patientiam
2920 3113 3236 3170 earumdem
3266 3112 3603 3185 passionum,
3625 3127 3764 3184 quas

2163 3212 2216 3260 et
2264 3221 2364 3259 nos
2391 3203 2496 3276 ipsi
2531 3202 2791 3276 patimur,
2841 3211 2902 3259 ut
2947 3219 3069 3276 spes
3115 3210 3303 3259 nostra
3346 3211 3494 3259 certa
3547 3200 3618 3257 sit
3663 3215 3764 3272 pro

2161 3293 2350 3361 vobis;
2399 3293 2527 3367 quia
2567 3293 2684 3366 (67)
2725 3292 2929 3350 scimus
2957 3291 3104 3365 quod
3131 3292 3274 3350 sicut
3303 3291 3438 3349 socii
3467 3291 3598 3348 estis
3629 3305 3767 3363 pas-

2163 3383 2406 3452 sionum,
2438 3383 2518 3440 sic
2545 3392 2598 3440 et
2626 3382 3017 3440 consolationis
3045 3381 3220 3438 eritis.
3251 3406 3270 3430 ι
3314 3381 3651 3438 Generaliter
3679 3379 3758 3436 lo-

2162 3473 2371 3545 quitur,
2384 3479 2446 3528 ut
2462 3473 2590 3546 quia
2618 3489 2781 3529 causa
2803 3471 3144 3529 credentium
3166 3471 3568 3544 persecutiones
3589 3469 3760 3541 patie-

2161 3561 2417 3618 bantura
2446 3561 2691 3634 perfidis,
2721 3560 2955 3634 subjecti
2997 3560 3216 3632 injuriis
3265 3568 3320 3617 et
3372 3558 3633 3627 caedibus,
3681 3558 3764 3616 sic

2161 3649 2359 3707 iterum
2387 3650 2600 3707 auxilio
2653 3652 2752 3707 Dei
2796 3650 3163 3707 liberarentur
3207 3648 3275 3706 ad
3321 3648 3758 3706 consolationem

2160 3741 2525 3810 credentium,
2554 3757 2622 3797 ne
2651 3739 2968 3798 scandalum
3017 3740 3160 3813 passi
3189 3757 3222 3796 a
3250 3740 3358 3796 ﬁde
3391 3739 3712 3796 exciderent
3745 3758 3760 3808 ;

2160 3831 2290 3906 quia
2327 3831 2545 3905 injuriae
2573 3832 2948 3905 apostolorum
2978 3830 3309 3888 tentationes
3336 3838 3491 3886 erant
3532 3829 3759 3888 creden-

2158 3923 2320 3992 tium,
2377 3924 2523 3981 sicut
2575 3922 2841 3996 scriptum
2889 3927 2970 3978 est
3021 3921 3078 3976 in
3136 3919 3400 3993 propheta
3447 3919 3760 3978 Zacharia:

2171 4035 2189 4059 ι
2219 4011 2527 4069 Percutiam
2583 4019 2879 4084 pastorem,
2909 4016 2963 4064 et
2991 4008 3374 4078 dispergentur
3419 4022 3549 4063 oves
3579 4006 3759 4080 gregis

2159 4100 2415 4172 (Zachar.
2443 4119 2567 4172 xm,
2604 4101 2681 4174 7).
2723 4123 2741 4147 ι
2783 4097 3046 4165 Quamvis
3072 4096 3258 4153 futura
3285 4095 3509 4152 credant
3546 4095 3761 4166 fideles,

2155 4207 2338 4266 tamen
2370 4191 2513 4247 inter
2542 4190 2658 4262 ipsa
2677 4187 2980 4260 primordia
3003 4203 3264 4260 pressurze
3286 4187 3523 4242 novellis
3545 4185 3780 4269 faciunt,

2155 4279 2472 4337 scandalum
2508 4295 2519 4333 :
2576 4283 2769 4349 putant
2811 4275 2958 4333 enim
3001 4275 3221 4332 inanem
3271 4292 3386 4332 esse
3429 4275 3760 4347 promissio-

2154 4385 2303 4437 nem,
2335 4367 2382 4424 si
2412 4367 2468 4422 vi
2497 4382 2813 4439 oppressum
2846 4365 3092 4422 viderint
3117 4363 3528 4438 praedicantem.
3561 4363 3666 4421 Sed
3703 4365 3752 4421 si

2148 4457 2262 4530 jam
2293 4458 2486 4513 firmus
2515 4464 2596 4513 est
2634 4455 2881 4526 credens,
2913 4456 3246 4529 compatitur
3273 4471 3399 4512 cum
3430 4471 3529 4510 suo
3559 4453 3754 4526 magis-

2152 4556 2259 4618 tro,
2291 4547 2466 4605 ﬁdens
2492 4547 2559 4606 de
2592 4564 2686 4620 spe
2714 4548 2902 4604 futura
2930 4566 2942 4605 :
2975 4547 3233 4605 ut-simul
3262 4546 3594 4617 consoletur,
3625 4561 3752 4604 cum

2152 4655 2261 4712 quo
2289 4645 2342 4694 et
2367 4639 2701 4712 compatitur
2732 4639 2874 4712 (68).

2225 4737 2406 4808 (Vers.
2440 4737 2520 4811 8.)
2562 4761 2580 4786 ι
2611 4738 2732 4794 Non
2758 4737 2904 4792 enim
2935 4737 3194 4794 volumus
3222 4754 3324 4794 vos
3350 4737 3620 4810 ignorare,
3646 4736 3751 4794 fra-

2152 4838 2280 4898 tres,
2312 4827 2380 4884 de
2410 4843 2662 4901 pressura
2709 4843 2828 4898 quae
2873 4825 3034 4882 nobis
3059 4827 3202 4883 facta
3229 4836 3310 4884 est
3340 4827 3398 4882 in
3424 4826 3589 4884 Asia:
3621 4827 3754 4900 quia

2148 4935 2314 4990 supra
2341 4917 2566 4974 modum
2597 4915 2806 4987 gravati
2832 4914 3043 4972 fuimus
3070 4932 3236 4990 supra
3265 4916 3432 4985 vires,
3465 4915 3540 4972 ita
3573 4922 3636 4971 ut
3657 4914 3750 4972 de-

3287 5006 3415 5063 Ideo
3471 5004 3750 5078 passiones

2150 5153 2313 5210 toties
2339 5153 2497 5210 Rom.
2529 5152 2660 5211 edit.
2693 5153 2935 5227 reposuit
2963 5152 3316 5212 consolatione
3341 5158 3396 5209 et
3423 5150 3749 5207 consolatio-

2149 5243 2340 5366 πωῗέῚ)
2381 5297 2489 5354 Pro
2517 5297 2690 5370 vobis,
2712 5296 2996 5370 subjungit
3032 5298 3190 5355 Rom.
3231 5295 3389 5365 edit.,
3419 5298 3523 5353 sive
3551 5312 3748 5352 conso-

2151 5369 2420 5452 lationem,
2451 5369 2816 5440 consequimur
2838 5369 2942 5441 pro
2972 5370 3132 5425 vestri
3165 5370 3521 5426 consolatione
3563 5375 3610 5424 et
3646 5385 3749 5424 sa-

2153 5443 2274 5509 lute,
2307 5443 2454 5512 quia,
2484 5449 2588 5496 etc.

2224 5513 2340 5584 (68)
2377 5511 2539 5568 Corb.
2589 5511 2784 5578 codex,
2814 5516 2872 5584 Aet
2906 5511 3242 5584 compatitur.
3279 5513 3455 5584 Causa
3484 5509 3608 5583 ﬁdei
3631 5527 3747 5582 pa—

2151 5581 2436 5651 tiebantur,
2466 5589 2641 5637 utnon
2671 5582 2887 5655 gravius
2914 5581 3135 5654 ferient,
3168 5583 3214 5638 si
3243 5581 3744 5655 corriperentur’er-

2149 5671 2297 5712 rores
2323 5655 2562 5712 illorum.
2595 5655 2711 5712 Non
2741 5654 2879 5711 enim
2905 5656 3167 5724 volumus,
3207 5664 3312 5712 etc.
