3976 6410
253 393 357 452 293

1318 393 1678 453 COMMENT.
1720 394 1793 454 IN
1827 394 2058 454 EPIST.
2113 396 2161 454 ΙΙ
2199 397 2297 454 AD
2327 397 2485 457 COR.

3443 401 3549 461 τοι

250 535 624 594 pressurarum
657 517 867 577 indicat
897 533 1063 592 prope
1096 534 1268 593 usque
1315 521 1383 577 ad
1432 530 1663 596 mortem
1703 522 1838 578 illa-
1861 524 1912 584 A
1946 521 2118 579 lucris
2158 523 2471 580 carnalibus
2499 520 2801 578 studentes.
2854 524 3007 580 Unde
3055 528 3354 600 Apostolus
3386 545 3548 587 nun-

251 618 352 681 tas,
403 619 465 667 ut
512 610 765 668 ostendat
813 627 932 684 quae
984 612 1128 667 mala
1174 609 1368 668 salutis
1407 611 1634 668 illorum
1682 628 1844 670 causa

233 691 635 772 patiebantur;
669 707 731 756 ut
769 716 880 756 non
911 700 1130 772 gravius
1157 700 1382 769 ferrent,
1417 700 1462 756 si
1493 701 1844 774 corriperen-

249 797 341 845 tur
391 805 604 847 errores
660 789 886 847 illorum
934 789 1003 846 ab
1056 789 1125 846 iis
1172 790 1267 863 qui
1325 788 1441 847 haec
1491 798 1600 846 tam
1655 806 1843 863 aspera

247 879 556 937 tolerabant
607 899 706 955 pro
753 882 866 938 illis
921 880 1061 953 (69).
1116 879 1252 949 Quis
1300 880 1450 937 enim
1501 880 1840 938 medicorum

246 985 362 1026 non
397 978 585 1043 arguat
633 978 942 1043 susceptum
995 987 1156 1027 suum
1200 971 1570 1045 negligentius
1620 987 1676 1028 se
1721 979 1842 1028 tra-

246 1067 520 1129 ctantem;
555 1077 621 1119 ne
650 1076 782 1118 cura
812 1060 1101 1118 medicinas
1131 1060 1250 1134 ejus
1279 1062 1397 1118 sine
1426 1061 1624 1119 eﬁ‘ectu
1653 1075 1840 1118 rema-

249 1156 376 1206 neat
407 1148 436 1205 ?
1831 1151 1834 1154 ”

320 1235 500 1308 (Vers.
533 1237 614 1310 9.)
670 1262 688 1286 ι
737 1238 883 1307 Quin
929 1247 983 1296 et
1038 1238 1144 1312 ipsi
1197 1238 1254 1295 in
1302 1238 1464 1295 nobis
1511 1254 1835 1312 responsum

243 1325 439 1381 mortis
467 1326 800 1398 accepimus;
834 1337 896 1384 ut
943 1344 1056 1385 non
1104 1343 1346 1384 essemus
1376 1327 1607 1384 ﬁdentes
1639 1327 1695 1383 in
1726 1343 1836 1383 no-

240 1411 349 1482 bis,
392 1414 486 1470 sed
533 1413 591 1470 in
623 1417 759 1484 Deo,
809 1417 905 1490 qui
954 1416 1182 1474 suscitat
1228 1423 1495 1473 mortuos.
1537 1441 1555 1466 ι
1606 1417 1835 1472 Tantam

242 1499 591 1559 insolentiam
617 1502 930 1576 iniquitatis
959 1504 1232 1577 signiﬁcat
1261 1504 1626 1561 insurrexisse
1646 1511 1837 1560 contra

240 1589 370 1645 ﬁdei
423 1591 841 1663 praedicatores,
892 1603 954 1651 ut
1007 1601 1239 1650 mortem
1271 1601 1396 1650 ante
1439 1594 1630 1650 oculos
1671 1592 1835 1648 habe-

237 1685 397 1744 rent;
443 1680 681 1754 denique
711 1682 885 1754 erepti
915 1682 983 1739 de
1026 1683 1142 1755 ipsa
1171 1698 1440 1755 pressura,
1483 1681 1834 1738 resuscitatos

237 1782 296 1821 se
324 1767 540 1825 dicunt.
564 1770 653 1826 Sic
683 1770 869 1826 denim
900 1771 1092 1828 aﬁlicti
1122 1771 1358 1838 fuerant,
1392 1778 1454 1826 ut
1482 1769 1834 1842 desperarent

235 1854 307 1912 de
337 1859 593 1928 praesenti
624 1858 756 1915 vita.
806 1859 912 1916 Sed
951 1859 1082 1932 quia
1109 1862 1254 1916 Deus
1283 1859 1536 1932 praesidia
1583 1876 1680 1916 sua
1724 1875 1832 1916 non

235 1953 401 2017 negat
448 1945 505 2000 in
549 1947 872 2002 necessitate
909 1947 1124 2019 positis,
1173 1948 1412 2004 maxime
1446 1948 1579 2017 suis,
1629 1947 1832 2020 eripuit

235 2032 368 2090 illos
396 2034 745 2106 desperantes
783 2034 850 2092 de
899 2037 1227 2109 semetipsis,
1283 2037 1515 2094 ﬁdentes
1553 2045 1730 2093 autem
1763 2037 1831 2095 de

233 2122 373 2178 Deo.
405 2122 588 2179 Nimia
607 2125 756 2180 enim
786 2140 1040 2196 pressura
1059 2125 1292 2183 deﬁcere
1323 2141 1380 2181 se
1409 2126 1829 2199 proﬁtebantur,

234 2212 350 2269 nisi
379 2213 592 2270 adesset
623 2217 786 2272 Deus.

311 2302 492 2374 (Vers.
528 2302 613 2372 10,
651 2304 763 2375 11.)
820 2329 838 2354 ι
877 2304 983 2373 Qui
1013 2305 1082 2362 de
1110 2305 1280 2362 tantis
1310 2305 1581 2362 mortibus
1620 2305 1829 2363 libera-

233 2391 321 2447 vit
353 2407 473 2460 nos,
523 2401 576 2449 et
622 2390 853 2460 liberat;
907 2394 965 2449 in
996 2410 1158 2467 quem
1208 2394 1570 2468 speravimus,
1619 2396 1747 2468 quia
1775 2403 1830 2453 et

233 2479 512 2549 liberabit,
545 2480 825 2538 accidente
854 2498 952 2555 pro
975 2481 1140 2539 nobis
1161 2483 1325 2539 etiam
1347 2493 1528 2541 vestra
1547 2484 1825 2554 oratione;

233 2578 300 2626 ut
329 2569 476 2644 quod
508 2571 813 2628 multorum
837 2570 1080 2630 faciebus
1108 2571 1315 2628 donum
1346 2572 1404 2629 in
1435 2589 1534 2630 nos
1563 2574 1824 2631 collatum

233 2667 340 2729 est,
372 2675 468 2732 per
495 2660 698 2716 multos
728 2659 787 2716 in
817 2662 1116 2733 gratiarum
1146 2662 1362 2718 actione
1387 2661 1698 2718 celebretur
1729 2678 1828 2735 pro

236 2747 419 2804 nobis.
450 2773 468 2797 ι
514 2748 628 2805 Hoc
661 2747 817 2818 dicit,
851 2749 980 2822 quia
1007 2750 1180 2822 gratia
1207 2751 1306 2808 Dei
1337 2751 1638 2807 multorum
1665 2766 1828 2807 causa

232 2838 517 2896 consolata
546 2846 626 2894 est
671 2839 948 2910 apostolos
980 2839 1120 2913 (70),
1171 2840 1229 2897 id
1267 2848 1369 2910 est,
1419 2841 1671 2896 omnium
1699 2855 1827 2896 cre-

233 2926 510 2996 dentium,
544 2944 780 3000 quorum
811 2945 974 2985 causa
1002 2938 1056 2986 et
1090 2946 1355 3003 pressurae
1384 2930 1463 2986 eis
1494 2928 1828 3002 ingereban-

229 3025 367 3074 tur:
427 3032 491 3072 ac
521 3033 614 3089 per
645 3016 770 3086 hoc,
823 3018 952 3091 quia
997 3019 1245 3075 omnium
1294 3035 1458 3078 causa
1485 3027 1586 3089 est,
1637 3019 1826 3076 cuncti

234 3108 350 3162 Deo
390 3106 590 3178 gratias
628 3105 887 3174 referant,
921 3123 1045 3164 cum
1077 3116 1250 3165 cessat
1279 3108 1545 3166 tentatio:
1580 3116 1824 3167 autcum

232 3195 432 3264 oritur,
475 3195 641 3252 simul
669 3195 1042 3253 obsecrentur.

308 3295 490 3367 (Vers.
537 3295 650 3369 12.)
699 3322 716 3345 ι
764 3296 952 3354 Gloria
989 3296 1136 3354 enim
1177 3306 1365 3356 nostra
1394 3299 1512 3358 haec
1548 3309 1629 3357 est
1659 3300 1826 3358 testi-

231 3388 482 3444 monium
535 3388 882 3445 conscientia)
913 3399 1132 3448 nostrai.
1179 3417 1198 3440 ι
1243 3391 1360 3447 Hoc
1396 3390 1554 3459 dicit,
1602 3393 1731 3465 quia
1758 3391 1824 3450 de

229 3476 568 3534 conscientia
615 3495 713 3534 sua
758 3479 1182 3550 praesumebant,
1241 3495 1361 3551 quae
1411 3495 1548 3552 pura
1596 3489 1711 3536 erat
1756 3481 1824 3538 ab

229 3566 384 3622 omni
413 3565 798 3635 simulatione;
841 3566 1196 3639 quamobrem
1218 3568 1286 3623 de
1315 3568 1414 3625 Dei
1446 3569 1673 3624 auxiliis
1703 3569 1820 3642 (71)

230 3671 342 3711 non
372 3655 712 3713 difﬁdebant.
759 3681 776 3706 ‹
823 3657 966 3726 Quia
1010 3659 1069 3715 in
1107 3660 1463 3732 simplicitate
1501 3669 1555 3717 et
1591 3661 1821 3718 sinceri-

230 3752 361 3812 tate,
410 3759 522 3799 non
567 3745 626 3800 in
673 3745 944 3818 sapientia
972 3749 1198 3816 carnali,
1248 3749 1341 3806 sed
1392 3750 1449 3805 in
1496 3751 1670 3822 gratia
1700 3751 1820 3821 Dei,

227 3829 541 3885 conservati
574 3847 764 3887 sumus
807 3833 864 3887 in
895 3833 1000 3890 hoc
1027 3834 1236 3888 mundo
1271 3851 1283 3889 :
1325 3833 1700 3891 abundantius
1729 3851 1821 3892 au-

226 3926 339 3975 tem
366 3919 510 3989 apud
552 3936 667 3976 vos.
709 3945 726 3968 -
773 3921 900 3978 Haec
938 3930 1019 3978 est
1049 3923 1222 3995 gloria
1249 3922 1624 3994 conscientiae,
1657 3941 1820 3998 quam

226 4006 396 4075 dixit,
428 4007 755 4079 simplicitas
783 4017 837 4066 et
865 4010 1171 4068 sinceritas.
1218 4013 1289 4069 Et
1319 4013 1448 4086 quia
1479 4013 1595 4070 haec
1623 4014 1691 4071 de
1720 4015 1820 4072 Dei

225 4092 483 4151 doctrina
518 4104 670 4165 sunt,
700 4097 940 4170 adjecit:
983 4125 1002 4149 ι
1039 4101 1161 4158 Non
1201 4101 1259 4157 in
1298 4101 1563 4174 sapientia
1590 4103 1817 4172 carnali,

225 4183 322 4239 sed
368 4183 427 4240 in
474 4186 644 4256 gratia
687 4189 820 4258 Dei,
877 4215 894 4238 ι
938 4198 1000 4245 ut
1038 4190 1351 4247 ostenderet
1401 4207 1512 4248 non
1564 4191 1818 4248 humanae

223 4273 530 4344 sapientiae,
577 4275 672 4332 sed
711 4279 1041 4350 evangelicae
1074 4280 1453 4352 praedicationi
1502 4280 1732 4338 liberam
1763 4298 1819 4338 se

222 4363 620 4421 conscientiam
670 4366 1008 4426 exhibuisse.
1067 4371 1348 4429 Praeterita
1391 4372 1613 4430 refricat
1665 4370 1814 4444 (72);

224 4451 335 4510 hoc
362 4452 510 4510 enim
551 4454 860 4526 signiﬁcat,
899 4460 1046 4532 quod
1086 4460 1143 4515 in
1175 4461 1352 4533 prima
1380 4461 1611 4534 epistola
1639 4461 1820 4534 arguit

224 4543 468 4600 fucatam
521 4544 965 4617 praedicationem
1017 4546 1180 4618 juxta
1235 4549 1538 4604 humanum
1596 4565 1819 4606 sensum

1954 627 2116 684 quam
2147 628 2177 667 a
2205 611 2510 669 Corinthiis
2539 617 2792 684 sumptus
2821 611 3002 669 voluit
3036 616 3314 689 accipere;
3356 633 3429 675 ne
3456 617 3546 675 his

1953 701 2295 758 occasionem
2327 700 2500 771 daret,
2534 717 2598 758 eo
2629 699 2775 774 quod
2809 700 3009 758 similis
3037 703 3118 760 eis
3162 714 3301 763 esset
3345 707 3403 762 in
3443 707 3544 765 hac

1952 805 2030 846 re.
2081 790 2222 848 Hinc
2269 799 2350 850 est
2399 791 2545 865 quod
2574 791 2713 848 dicit
2745 808 2758 848 :
2806 815 2824 840 ε
2855 791 3246 851 Abundantius
3272 796 3417 868 apud
3447 813 3545 855 vos

1951 885 2284 960 simpliciter
2320 890 2651 959 conversati,
2693 916 2710 940 ι
2773 887 2914 946 1'72
2957 891 3087 966 quia
3131 907 3257 950 cum
3305 891 3372 948 ab
3418 892 3543 950 aliis

1949 977 2240 1050 acceperit,
2273 977 2341 1034 ab
2370 977 2458 1035 bis
2487 979 2690 1050 noluit,
2725 997 2794 1038 ne
2823 981 3086 1054 arguendi
3117 998 3209 1039 eos
3235 981 3542 1040 auctorita-

1948 1069 2060 1120 tem
2090 1065 2368 1124 amitteret
2401 1067 2540 1140 (73).

2022 1154 2206 1226 (Vers.
2244 1156 2356 1228 13.)
2409 1181 2426 1204 ε
2483 1157 2604 1214 Non
2657 1159 2805 1216 enim
2858 1158 2967 1216 alia
3019 1158 3314 1217 scribimus
3359 1159 3539 1231 vobis,

1947 1257 2110 1316 quam
2143 1259 2262 1317 quae
2293 1244 2502 1318 legistis
2529 1254 2583 1303 et
2610 1248 2960 1322 cognoscitis.
2996 1273 3014 1297 ι
3052 1248 3132 1304 Ea
3159 1265 3214 1306 se
3245 1248 3382 1306 dicit
3410 1249 3540 1307 scri-
3628 1299 3634 1306 .

1944 1330 2112 1398 bere,
2165 1350 2286 1408 quae
2324 1352 2435 1392 non
2485 1338 2665 1394 solum
2723 1339 2924 1396 litteris
2975 1347 3298 1406 cernerent,
3350 1338 3443 1396 sed
3487 1347 3542 1397 et

1945 1421 2206 1494 operibus
2243 1423 2363 1496 ejus
2407 1425 2696 1484 manifesta
2734 1427 2997 1484 baberent
3031 1445 3042 1483 :
3084 1436 3145 1483 ut
3174 1427 3426 1499 probaret
3455 1444 3537 1498 ea,

1944 1525 2064 1584 qua;
2094 1511 2362 1584 loquitur,
2398 1515 2564 1587 gestis
2593 1533 2650 1572 se
2680 1516 2930 1588 implere,
2961 1515 3162 1590 quibus
3191 1513 3542 1588 uniuscujus-

1944 1615 2050 1671 que
2079 1616 2237 1657 mens
2259 1610 2314 1658 et
2344 1605 2688 1676 propositum
2717 1604 2974 1661 discitur.

2017 1690 2199 1763 (Vers.
2237 1693 2351 1765 14.)
2399 1718 2417 1742 ι
2462 1695 2630 1768 Spero
2659 1705 2838 1752 autem
2885 1695 3032 1769 quod
3069 1711 3242 1770 usque
3274 1695 3342 1752 ad
3371 1695 3538 1754 ﬁnem

1943 1782 2301 1852 cognoscetis,
2335 1784 2479 1840 sicut
2505 1791 2559 1840 et
2589 1785 2928 1858 cognovistis
2964 1801 3074 1841 non
3105 1801 3172 1840 ex
3203 1792 3374 1856 parte,
3410 1785 3540 1859 quia

1861 1887 1907 1947 Β
1940 1870 2114 1941 gloria
2163 1879 2344 1930 vestra
2388 1889 2597 1944 sumus,
2648 1874 2791 1933 sicut
2833 1883 2888 1932 et
2937 1890 3037 1930 vos
3083 1880 3290 1942 nostra,
3342 1871 3398 1928 in
3447 1872 3539 1931 die

1941 1959 2164 2016 Domini
2212 1963 2388 2018 nostri
2435 1962 2561 2020 Jesu
2590 1963 2818 2021 Christi.
2869 1985 2888 2013 ι
2932 1962 3202 2020 Proﬁcere
3247 1961 3376 2017 illos
3418 1977 3538 2034 spe-

1940 2057 2052 2116 rat,
2111 2066 2180 2105 ex
2236 2067 2300 2107 eo
2355 2051 2503 2125 quod
2551 2051 2665 2124 jam
2723 2059 3001 2124 coeperant
3057 2051 3312 2108 meliores
3357 2049 3535 2122 eﬁici,

1941 2139 2163 2210 cognito
2194 2138 2393 2195 aﬁ'ectu
2422 2139 2570 2197 circa
2598 2156 2655 2196 se
2682 2139 2957 2212 Apostoli,
2989 2147 3044 2196 et
3072 2138 3448 2212 gloriabantur
3476 2139 3534 2197 in

1939 2241 2003 2281 eo
2047 2227 2200 2282 velut
2256 2226 2358 2283 ﬁlii
2407 2227 2466 2283 in
2506 2234 2658 2302 patre
2710 2229 3037 2286 charissima
3088 2227 3226 2300 (74).
3283 2227 3436 2285 Unde
3481 2237 3536 2287 et

1938 2316 2236 2386 Apostolus
2287 2317 2518 2389 gloriam
2573 2334 2726 2374 suam
2775 2318 2953 2375 videri
3002 2325 3234 2374 testatur
3284 2317 3342 2373 in
3389 2317 3534 2376 ﬁlios

1938 2404 2330 2473 obaudientes;
2368 2413 2422 2463 et
2449 2415 2584 2464 tunc
2603 2407 2800 2465 debere
2820 2408 3021 2477 videri,
3043 2406 3262 2481 quando
3290 2407 3531 2481 prodest,

1938 2493 1996 2551 id
2023 2501 2125 2564 est,
2161 2494 2216 2550 in
2254 2494 2346 2552 die
2385 2494 2585 2567 judicii
2633 2497 2754 2554 Dei.
2788 2497 2904 2556 Hoc
2932 2497 3145 2566 dicens,
3186 2512 3530 2570 perseveran-

1936 2584 2070 2640 dum
2103 2591 2309 2641 monet.

2011 2676 2193 2746 (Vers.
2232 2677 2322 2746 15,
2366 2679 2480 2751 16.)
2525 2702 2544 2726 ι
2581 2679 2653 2735 Et
2691 2679 2793 2736 hac
2830 2678 3033 2736 ﬁducia
3065 2681 3348 2736 volueram
3378 2679 3531 2752 prius

1936 2764 2128 2820 venire
2167 2765 2235 2821 ad
2265 2782 2384 2834 vos,
2420 2773 2483 2821 ut
2520 2767 2816 2823 secundam
2847 2768 3076 2837 gratiam
3117 2767 3390 2824 haberetis
3421 2788 3434 2824 ε
3475 2777 3530 2826 et

1937 2867 2035 2923 per
2062 2867 2162 2907 vos
2191 2851 2478 2908 transirem
2510 2853 2628 2925 (75)
2662 2853 2720 2908 in
2747 2853 3146 2920 Macedoniam,
3181 2861 3236 2910 et
3269 2855 3469 2911 iterum
3499 2873 3530 2913 a

1936 2939 2258 2998 Macedonia
2293 2942 2542 2999 venirem
2589 2941 2658 2999 ad
2686 2959 2806 3012 vos,
2851 2950 2906 2999 et
2955 2958 2986 2998 a
3021 2941 3181 2999 vobis
3223 2942 3420 3001 deduci
3469 2945 3527 3001 in

1939 3029 2206 3087 Iudaeam.
2264 3057 2283 3080 ι
2345 3032 2471 3089 Haec
2498 3031 2703 3089 ﬁducia
2731 3049 2801 3088 ex
2830 3032 3118 3089 emendata
3147 3041 3228 3090 est
3264 3033 3379 3106 (76)
3414 3035 3528 3092 vita

1934 3120 2192 3188 illorum;
2227 3119 2342 3192 jam
2374 3121 2523 3177 enim
2552 3129 2606 3177 et
2643 3121 2951 3178 desiderare
2980 3121 3108 3178 illos
3136 3137 3192 3178 se
3229 3121 3526 3194 signiﬁcat,

1934 3226 2072 3283 quos
2113 3219 2239 3267 ante
2268 3210 2558 3284 indignum
2589 3217 2706 3268 erat
2736 3212 2942 3270 videre.
2983 3213 3207 3269 Plenam
3235 3229 3364 3285 ergo
3396 3231 3528 3286 gra-

1934 3301 2068 3356 tiam
2119 3300 2437 3358 habuissent
2478 3302 2546 3358 de
2579 3301 2820 3358 adventu
2869 3301 3022 3373 ejus;
3056 3302 3186 3374 quia
3236 3303 3417 3374 imago
3445 3313 3527 3360 est

1935 3388 2184 3460 epistola,
2229 3390 2520 3462 praesentia
2546 3398 2731 3446 autem
2758 3389 2980 3445 veritas.
3036 3390 3158 3445 Non
3203 3397 3285 3445 est
3338 3391 3524 3465 itaque

1935 3476 2172 3532 otiosum
2203 3478 2333 3549 quia
2362 3479 2610 3534 voluerat
2633 3478 2732 3546 ire,
2755 3485 2810 3534 et
2840 3493 2950 3536 non
2979 3478 3072 3546 iit;
3106 3477 3341 3552 intelligi
3375 3483 3522 3538 enim

1933 3566 2057 3622 vult
2085 3581 2200 3622 esse
2237 3567 2452 3640 aliquos
2487 3567 2631 3624 inter
2671 3584 2784 3637 eos,
2815 3585 3048 3641 quorum
3077 3585 3240 3626 causa
3266 3572 3521 3628 volunta-

1933 3660 2044 3708 tem
2073 3670 2228 3710 suam
2258 3671 2370 3710 non
2401 3654 2674 3728 implevit,
2702 3663 2764 3712 ut
2791 3655 3039 3714 adhibita
3065 3672 3231 3731 opera
3263 3659 3518 3732 puriﬁca-

1933 3751 2144 3798 rentur.

2006 3831 2187 3902 (Vers.
2225 3832 2339 3905 17.)
2387 3857 2404 3881 ι
2454 3833 2570 3890 Hoc
2597 3828 3020 3906 ergo‘cogitans,
3071 3835 3345 3909 numquid
3375 3837 3522 3894 levi-

1931 3926 2042 3975 tate
2068 3935 2199 3976 usus
2225 3935 2347 3975 sum
2368 3920 2398 3976 ‘l
2423 3929 2520 3977 aut
2545 3919 2816 3992 numquid
2838 3937 2960 3993 quae
2987 3922 3191 3994 cogito,
3219 3926 3520 3983 secundum

1929 4025 2147 4066 carnem
2165 4010 2380 4082 cogito:
2414 4018 2476 4068 ut
2503 4011 2576 4068 sit
2605 4009 2749 4083 apud
2771 4027 2876 4080 me,
2901 4011 3019 4081 Est,
3037 4021 3137 4081 est,
3160 4030 3293 4082 non,
3314 4031 3425 4071 non
3441 4016 3470 4072 ‘l
3491 4040 3511 4066 ι

1930 4095 2199 4165 Quoniam
2231 4097 2404 4154 dixit:
2443 4123 2460 4146 ι
2487 4098 2784 4156 Volueram
2813 4099 3002 4156 venire
3030 4100 3098 4156 ad
3123 4117 3243 4171 vos,
3275 4127 3294 4152 ι
3325 4111 3380 4160 et
3410 4120 3520 4161 non

1930 4185 1998 4241 iit
2026 4187 2166 4258 (77);
2213 4186 2420 4244 idcirco
2466 4189 2725 4260 numquid
2765 4189 2969 4245 levitate
2990 4207 3118 4246 usus
3146 4208 3283 4262 sum,
3317 4193 3518 4266 inquit,

1929 4274 2058 4348 quia
2089 4275 2328 4346 videtur,
2364 4276 2459 4349 qui
2489 4276 2628 4334 dicit
2655 4278 2887 4352 aliquid,
2906 4288 2962 4336 et
2981 4296 3093 4336 non
3115 4282 3267 4352 facit,
3297 4283 3520 4341 levitate

1929 4363 2012 4419 uti
2040 4364 2068 4420 ‘l
2097 4365 2225 4421 Ideo
2256 4381 2325 4422 ne
2358 4366 2502 4424 forte
2529 4367 2680 4423 istud
2705 4366 2774 4424 de
2803 4370 3070 4442 Apostolo
3097 4371 3518 4443 arbitrarentur,

1929 4453 2035 4510 hoc
2062 4461 2276 4527 purgat,
2307 4455 2436 4527 quia
2465 4472 2578 4511 non
2608 4455 2757 4513 istud
2787 4457 3004 4526 leviter,
3049 4460 3144 4516 sed
3171 4476 3298 4517 cum
3327 4462 3520 4518 consi-

1931 4544 2008 4598 lio
2037 4543 2188 4612 fecit,
2222 4551 2285 4600 ut
2317 4560 2428 4600 non
2467 4545 2722 4618 impleret
2761 4546 2909 4618 quod
2953 4547 3312 4620 disposuerat.
3357 4572 3376 4598 ι
3405 4551 3518 4606 Aut

223 4639 464 4704 aptatam
505 4612 570 4702 1
598 4632 722 4690 Cor.
758 4652 818 4704 ιι,
857 4634 939 4707 4),
990 4612 1149 4710 cujus
1197 4638 1581 4710 praedicatores
1609 4637 1820 4711 duplici
1851 4612 1900 4672 D
1931 4631 2202 4705 numquid
2233 4648 2354 4705 quas
2385 4612 2588 4706 cogito,
2622 4612 2824 4707 inquit,
2855 4612 3156 4692 secundum
3181 4653 3398 4693 carnem
3427 4655 3516 4694 co-

225 4737 420 4794 genere
450 4721 508 4776 in
536 4722 806 4795 sapientia
841 4727 1050 4783 carnali
1080 4734 1340 4796 accusat;
1386 4728 1516 4800 quia
1558 4734 1611 4783 et
1654 4726 1816 4798 juxta

224 4810 422 4867 mundi
457 4827 677 4868 sensum
725 4813 1136 4886 praedicabant,
1179 4832 1248 4873 ne
1285 4815 1447 4873 facile
1475 4814 1816 4873 offenderent

223 4899 478 4958 homines
505 4910 558 4958 et
606 4911 848 4976 quaestus
895 4920 1058 4962 causa
1109 4905 1216 4963 hoc
1269 4905 1522 4979 agebant,
1580 4903 1815 4979 propriis

299 5089 414 5160 (69)
452 5087 618 5163 Corb.
669 5090 818 5159 cod.,
871 5091 1124 5163 quoniam
1172 5093 1318 5148 mala
1354 5093 1546 5150 salutis
1591 5092 1813 5150 illorum

221 5176 384 5243 causa
410 5161 476 5216 ab
503 5161 705 5243 qui
749 5164 854 5218 haec
878 5161 991 5220 tam
1015 5180 1208 5236 aspera
1250 5165 1572 5236 ingerebant,
1606 5167 1815 5223 tolera-

224 5232 352 5287 bant
380 5249 483 5303 pro
513 5232 644 5290 illis.
1079 5232 1094 5236 ’
1310 5232 1326 5236 ⁷
1557 5232 1566 5235 ⁷

297 5303 414 5378 (70)
457 5302 606 5361 Idem
655 5305 829 5362 codex
856 5351 870 5375 ,
921 5307 1116 5364 collata
1160 5314 1234 5363 est
1288 5309 1590 5378 apostolis;
1635 5308 1810 5377 Vall.,

221 5377 522 5430 consolatus
547 5382 622 5429 est
657 5378 958 5434 Apostolus.

296 5447 420 5525 (71)
454 5446 555 5525 Μξ.
587 5446 774 5525 (ἔοι-ὗε,
819 5451 1170 5525 simulatione,
1195 5452 1349 5525 ﬁdem
1372 5451 1627 5525 integrant
1653 5450 1813 5525 exhi-

221 5516 345 5644 bens
374 5516 481 5646 13:0
511 5517 568 5571 in
600 5516 1010 5589 pradicatione;
1049 5516 1392 5594 quamobrem
1425 5516 1497 5579 (ιε’
1513 5522 1612 5578 Dei
1638 5521 1814 5578 auxi-

245 5604 335 5646 us.
363 5605 392 5645 e
457 5633 468 5645 .

295 5631 680 5743 2335'l;r11._in
729 5681 896 5738 marg.
939 5673 993 5743 et
1022 5667 1344 5743 Rom._edit.
1393 5667 1452 5725 in
1482 5684 1632 5743 corp.
1684 5684 1812 5732 cum

220 5747 353 5788 mss.
385 5733 737 5806 quibusdam,
763 5733 1038 5808 prciterita
1065 5740 1304 5812 replicat.

1929 4721 2040 4793 gito
2066 4721 2094 4778 ?
2131 4745 2150 4768 ι
2194 4721 2300 4788 Qui
2345 4722 2492 4778 enim
2525 4723 2828 4780 secundum
2859 4740 3077 4780 carnem
3107 4724 3332 4796 cogitat,
3385 4735 3514 4784 tunc

1923 4826 2034 4865 non
2073 4810 2265 4884 implet
2293 4827 2413 4885 quae
2444 4811 2709 4884 disponit,
2753 4811 2973 4885 quando
3001 4821 3096 4870 aut
3125 4816 3374 4885 personis
3402 4831 3514 4872 am-

1923 4897 2191 4972 plioribus
2226 4898 2423 4969 defert,
2478 4906 2572 4955 aut
2610 4906 2755 4954 certe
2795 4897 2965 4956 lucris
3010 4908 3108 4957 aut
3161 4903 3515 4976 apparatibus

1995 5092 2112 5177 (73)
2153 5093 2288 5177 Cod.
2331 5091 2522 5163 Corb.,
2561 5106 2626 5148 ne
2678 5094 2952 5167 arguentis
3007 5110 3094 5153 eos
3146 5098 3512 5156 auctoritatem

1921 5173 2230 5223 omitterent.

1995 5237 2112 5312 (74)
2171 5239 2292 5293 Duo
2344 5252 2506 5305 mss.,
2562 5237 2622 5294 in
2680 5244 2836 5312 patre
2895 5239 3217 5299 clarissimo.
3283 5239 3510 5298 Minime

1893 5310 2109 5452 “(1785.)
2141 5379 2299 5461 Rom.
2330 5377 2500 5461 .edit.,
2538 5385 2601 5436 ut
2641 5381 2856 5453 plenam
2892 5383 3127 5455 gratiam
3175 5380 3430 5439 haberetis
3463 5391 3511 5440 et

1915 5466 2015 5523 per
2039 5468 2129 5506 vos
2169 5457 2418 5520 transire,
2445 5460 2550 5508 etc.

2021 5524 2112 5597 76)
2142 5523 2420 5597 ljlonnulli
2439 5539 2592 5592 mss.,
2616 5525 2736 5580 Haec
2763 5525 2961 5597 ﬁducia
2988 5525 3259 5582 emundata
3287 5532 3378 5594 est,
3401 5536 3506 5585 etc.

2023 5593 2113 5666 77)
2147 5595 2306 5652 Rom.
2331 5593 2495 5666 edit,
2526 5600 2575 5650 et
2609 5612 2716 5651 non
2743 5593 2860 5650 me
2879 5612 2902 5660 ;
2937 5603 3046 5652 vet.
3079 5611 3204 5652 cum
3231 5613 3360 5654 mss.
3393 5598 3510 5653 ali-

1920 5672 2074 5740 quot,
2093 5665 2154 5723 et
2180 5682 2288 5722 non
2318 5665 2396 5734 ii;
2439 5667 2623 5725 cateri
2652 5681 2807 5737 mss.,
2835 5672 2884 5724 et
2913 5683 3020 5724 non
3047 5667 3130 5726 iit.
3191 5699 3197 5704 -
