3976 6382
205 395 308 452 297

1262 407 1618 469 COMMENT.
1658 414 1731 470 IN
1765 413 1981 473 EPIST.
2022 420 2070 475 ll
2106 422 2203 477 AD
2242 420 2396 480 COR.

3364 435 3469 498 298

204 528 264 574 ut
302 520 393 592 qui
424 523 770 594 corripiendo
799 526 1213 586 contristaverat
1271 548 1381 602 eos,
1416 537 1783 597 lmtiﬁcaretur
1810 545 1861 603 A
1889 543 2088 614 quibus
2117 555 2372 617 gravatus
2413 548 2764 605 absorbeatur
2790 568 2821 607 a
2844 556 3082 613 secunda
3113 568 3303 617 morte.
3336 564 3467 622 Haec

201 622 270 663 ex
299 609 406 677 his,
437 611 566 668 dum
600 615 968 687 corriguntur.

274 698 452 769 (Vers.
485 701 567 772 3.)
614 727 632 749 ι
661 704 787 759 Ideo
816 714 869 761 et
908 708 1098 780 scripsi
1147 709 1251 767 hoc
1284 712 1483 784 ipsum,
1523 733 1625 773 nec
1651 736 1777 776 cum

197 787 492 858 venissem,
526 791 807 848 tristitiam
860 795 1137 866 haberem,
1166 816 1196 854 a
1226 802 1427 874 quibus
1464 814 1778 877 oportuerat

196 891 285 932 me
319 879 585 950 gaudere:
638 890 843 938 certum
884 884 1105 955 habens,
1140 889 1268 960 quia
1307 908 1487 949 meum
1519 896 1775 967 gaudium

194 966 445 1023 omnium
494 978 730 1026 vestrum
782 981 880 1027 est.
912 997 931 1020 ι
973 974 1183 1031 Idcirco
1231 977 1365 1035 dicit
1395 966 1602 1039 haecise
1632 985 1778 1041 scri-

194 1056 368 1126 psisse
389 1066 448 1114 ut
474 1069 653 1131 postea
672 1062 914 1131 veniens,
940 1081 1048 1121 non
1078 1077 1215 1124 esset
1243 1068 1388 1126 unde
1416 1074 1777 1132 contristare-

193 1155 306 1219 tur,
346 1151 573 1209 sublatis
604 1154 757 1211 vitiis
782 1174 793 1211 :
819 1158 909 1213 sed
934 1161 1189 1231 gauderet
1205 1181 1328 1220 cum
1351 1165 1448 1235 eis,
1478 1168 1629 1239 quasi
1649 1185 1774 1225 cum

191 1238 529 1298 charissimis
560 1244 722 1310 filiis;
758 1256 817 1303 ut
847 1249 976 1320 quia
1000 1252 1069 1307 ab
1108 1252 1426 1311 infidelibus
1455 1238 1777 1313 tribulatio-

191 1326 356 1383 nibus
385 1330 739 1401 aﬂiciebatur,
768 1335 835 1390 ab
867 1335 955 1392 bis
994 1339 1183 1411 utique
1216 1343 1491 1413 gauderet.
1526 1345 1619 1416 qui
1648 1362 1776 1402 cre-

190 1413 461 1474 diderant.
521 1420 793 1477 Gaudium
837 1425 983 1481 enim
1028 1429 1276 1499 Apostoli
1337 1413 1646 1502 purificatio
1696 1444 1776 1491 est

189 1506 377 1591 p0puli
403 1525 415 1562 :
451 1508 572 1564 ideo
602 1511 748 1566 enim
783 1513 1002 1583 gaudet,
1034 1518 1164 1588 quia
1196 1517 1529 1591 vituperatio
1557 1537 1669 1578 non
1696 1530 1778 1579 est

184 1590 247 1647 in
277 1592 373 1662 eis,
406 1613 540 1668 quos
568 1598 734 1654 simul
763 1610 975 1672 oportet
1007 1603 1260 1675 gaudere.

261 1681 440 1751 (Vers.
474 1684 553 1756 4.)
606 1710 624 1733 ι
654 1688 788 1743 Nam
828 1705 897 1744 ex
931 1692 1105 1747 multa
1138 1710 1390 1764 pressura
1429 1704 1483 1752 et
1528 1696 1778 1769 angustia

184 1770 366 1826 cordis
396 1773 587 1845 scripsi
625 1775 783 1832 vobis
824 1793 920 1848 per
970 1780 1168 1836 multas
1218 1783 1507 1855 lacrymas,
1566 1801 1678 1840 non
1717 1792 1778 1842 ut

1888 630 2032 685 enim
2091 650 2218 688 vera
2267 636 2587 706 pmniteutia
2629 648 2708 694 est
2753 637 2864 710 jam
2903 658 3108 699 cessare
3148 663 3177 699 a
3207 660 3460 717 peccato:

1887 721 1966 777 sic
2002 721 2146 777 enim
2174 723 2360 794 probat
2392 725 2576 781 dolere
2606 743 2661 782 se
2699 727 2828 795 sibi,
2850 730 2895 785 si
2926 730 2993 786 de
3020 741 3213 789 caetero
3233 736 3461 795 desinat.

1961 812 2141 883 (Vers.
2174 816 2229 881 8,
2253 815 2332 886 9.)
2379 840 2397 862 ι
2426 817 2653 890 Propter
2681 819 2826 892 quod
2856 821 3080 881 obsecro
3114 843 3233 895 vos,
3262 838 3322 883 ut
3341 846 3467 885 con-

1886 899 2116 957 firmetis
2143 902 2201 957 in
2228 903 2387 960 illum
2416 905 2736 964 charitatem
2766 927 2778 964 :
2802 925 2926 966 nam
2952 912 3020 968 ad
3040 913 3145 971 hoc
3171 917 3382 989 scripsi,
3407 927 3469 975 ut

1885 990 2170 1060 probarem
2217 1008 2285 1048 an
2316 994 2372 1049 in
2411 995 2669 1053 omnibus
2691 998 3005 1058 obedientes
3043 1003 3182 1060 sitis.
3214 1030 3231 1052 ι
3274 1005 3469 1073 Quan-

1884 1085 2003 1133 tum
2033 1079 2195 1136 datur
2223 1081 2476 1156 intelligi,
2500 1086 2816 1145 obedientes
2846 1089 2946 1146 hos
2967 1090 3139 1148 factos
3160 1093 3216 1148 in
3235 1095 3465 1165 caeteris,

1885 1167 2116 1238 probat;
2149 1170 2570 1229 emendaverant
2599 1176 2744 1231 enim
2767 1193 2886 1249 quae
2917 1178 2981 1234 ad
3006 1178 3251 1235 ordinem
3282 1183 3469 1238 eccle-

1884 1254 2164 1311 siasticum
2214 1259 2506 1329 pertinent.
2550 1262 2701 1319 Unde
2747 1266 2909 1320 etiam
2943 1265 2999 1320 in
3033 1265 3138 1324 hoc
3171 1270 3292 1324 vult
3344 1270 3468 1327 illos

1885 1358 1998 1398 esse
2028 1344 2363 1416 obedientes,
2396 1358 2458 1406 ut
2483 1349 2808 1408 confirment
2836 1353 3059 1410 fratrem
3082 1354 3140 1410 in
3176 1355 3463 1427 charitate,

1884 1431 2241 1501 suscipientes
2268 1451 2390 1491 eum
2422 1436 2481 1492 in
2510 1442 2974 1499 communionem.

1958 1519 2137 1607 (Vers.
2175 1522 2287 1593 10.)
2322 1548 2340 1570 ι
2371 1524 2426 1580 Si
2451 1526 2540 1581 cui
2571 1536 2749 1583 autem
2782 1530 2915 1602 quid
2937 1532 3198 1600 donastis,
3221 1541 3275 1590 et
3293 1551 3408 1607 ego.
3433 1561 3453 1585 ι

1884 1605 2232 1665 Manifestum
2281 1620 2361 1667 est
2401 1614 2530 1685 quia
2577 1616 2721 1687 quod
2764 1616 2921 1688 jubet
2973 1620 3112 1690 fieri,
3154 1622 3266 1694 ipse
3296 1605 3461 1679 facit:

1886 1709 1986 1750 nec
2027 1704 2201 1766 potest
2249 1697 2353 1755 hoc
2396 1700 2652 1769 abnuere,
2702 1705 2846 1777 quod
2895 1707 3057 1763 etiam
3089 1708 3376 1767 obsecrans
3404 1720 3466 1768 ut

1886 1782 2002 1849 ﬁat,
2041 1784 2250 1853 scribit,
2292 1803 2415 1842 cum
2473 1787 2694 1846 haberet
2732 1801 3049 1862 potestatem
3075 1794 3327 1866 jubendi.
3359 1797 3463 1854 Sed

182 1862 611 1931 contristemini,
645 1865 739 1920 sed
783 1873 845 1921 ut
889 1870 1229 1940 cognoscatis
1260 1887 1418 1943 quam
1451 1872 1774 1930 charitatem
1801 1889 1848 1950 Β
1883 1866 1943 1923 in
1972 1870 2147 1941 prima
2167 1872 2393 1944 epistola
2424 1891 2584 1947 grave
2605 1876 2721 1949 ejus
2748 1877 2946 1937 detulit
2973 1881 3201 1952 crimen,
3233 1894 3294 1941 ut
3323 1884 3463 1941 hor.

180 1946 414 2005 habeam
472 1951 842 2009 abundantius
896 1955 955 2011 in
1010 1957 1191 2015 vobis.
1222 1983 1241 2007 ι
1295 1960 1642 2018 Manifestum
1692 1969 1774 2018 est

187 2039 344 2111 quia,
376 2040 593 2111 quando
628 2042 733 2100 hoc
767 2044 962 2099 affectu
1010 2047 1134 2118 quis
1160 2048 1397 2120 aliquem
1426 2049 1671 2121 corripit,
1710 2056 1772 2105 ut

177 2127 307 2198 plus
344 2127 441 2183 illo
471 2129 651 2186 doleat
689 2133 927 2203 peccatis
957 2133 1110 2204 ejus:
1166 2153 1275 2192 non
1306 2138 1494 2210 utique
1522 2148 1584 2195 ut
1610 2138 1768 2193 illum

178 2215 491 2283 contristet,
522 2217 769 2289 corripit,
814 2220 907 2275 sed
937 2228 999 2276 ut
1029 2222 1277 2278 ostendat
1308 2224 1414 2292 illi,
1453 2241 1564 2297 quo
1586 2241 1768 2282 amore

178 2301 376 2375 diligat
404 2321 528 2360 eum
555 2306 693 2376 (83).
726 2306 994 2374 Quienim
1030 2326 1142 2366 non
1174 2310 1278 2368 hoc
1292 2313 1489 2367 affectu
1519 2313 1764 2385 corripit,

178 2391 406 2449 fratrem
434 2394 753 2463 contristat;
802 2396 1030 2455 insultat
1054 2399 1223 2469 enim,
1254 2400 1350 2474 qui
1374 2416 1488 2457 non
1513 2401 1769 2461 condolet

178 2481 357 2538 fratri.

262 2576 406 2633 174
435 2581 614 2652 (Vers.
643 2581 726 2654 5.)
772 2608 791 2632 ε
821 2585 877 2641 Si
906 2585 1030 2658 quis
1072 2596 1254 2643 autem
1284 2589 1635 2646 contristavit
1655 2608 1763 2661 me,

176 2682 290 2723 non
327 2685 411 2724 me
442 2672 809 2740 contristavit,
840 2673 933 2729 sed
972 2690 1041 2730 ex
1070 2682 1255 2746 parte;
1302 2684 1364 2731 ut
1401 2693 1512 2732 non
1542 2694 1762 2735 onerem

177 2772 279 2811 vos
322 2773 528 2813 omnes.
561 2783 581 2807 ι
637 2759 839 2815 Omnes
893 2759 993 2815 hos
1039 2777 1173 2833 quos
1212 2761 1302 2817 hic
1332 2762 1467 2819 dicit
1497 2781 1561 2818 ex
1589 2771 1761 2835 parte,

176 2844 353 2900 sancti
379 2854 542 2912 sunt;
576 2845 696 2902 dua:
730 2846 875 2901 enim
906 2855 1085 2918 partes
1126 2850 1185 2903 in
1210 2852 1415 2921 pOpulo
1445 2860 1593 2920 sunt,
1624 2842 1780 2908 sicut

177 2933 232 2989 in
268 2933 446 3005 prima
479 2934 710 3005 epistola
740 2936 1062 2991 memoravi.
1097 2935 1163 2991 Hi
1195 2953 1322 3009 ergo
1351 2954 1419 2993 ex
1449 2946 1599 3010 parte
1630 2956 1767 2996 san-

175 3031 394 3079 ctorum
454 3029 605 3090 sunt,
662 3038 797 3094 quos
852 3023 1202 3081 contristatos
1255 3025 1313 3080 in
1361 3042 1543 3082 errore
1582 3027 1764 3084 fratris

175 3109 472 3181 signiﬁcat,
503 3110 647 3165 sicut
675 3118 728 3166 et
756 3112 1126 3183 semetipsum.
1179 3113 1293 3169 Hoc
1334 3122 1513 3170 autem
1553 3113 1762 3182 dicens,
1798 3192 1801 3195 Α

175 3201 427 3257 oneravit
458 3212 790 3274 peccantem,
833 3205 919 3259 vel
946 3220 1070 3259 eum
1101 3205 1195 3278 qui
1246 3216 1580 3277 peccaverat.
1635 3211 1764 3266 Plus
1799 3238 1842 3299 ο

175 3280 322 3346 enim
352 3290 414 3347 fit
442 3308 585 3360 reus,
620 3293 677 3348 in
701 3291 858 3364 cujus
886 3293 1088 3352 delicto
1118 3295 1280 3351 multi
1305 3296 1639 3355 tribulantur
1661 3316 1673 3355 :
1697 3313 1762 3355 ac

174 3395 270 3451 per
299 3379 402 3436 hoc
435 3380 617 3452 inquit
648 3397 661 3436 :

247 3469 427 3539 (Vers.
459 3470 515 3537 6,
543 3468 621 3540 7.)
668 3492 686 3515 ι
716 3469 858 3533 Satis
885 3477 969 3526 est
996 3469 1047 3525 ei
1069 3470 1162 3542 qui
1183 3470 1309 3526 talis
1328 3479 1428 3538 est,
1452 3471 1757 3544 objurgatio

170 3555 313 3625 haec,
347 3574 467 3628 quas
497 3558 559 3613 fit
586 3573 618 3612 a
647 3557 917 3628 pluribus.
952 3581 971 3604 ›
1010 3557 1265 3628 Magnum
1294 3558 1536 3615 dolorem
1567 3561 1756 3633 utique

168 3645 429 3717 patietur,
449 3646 544 3717 qui
573 3645 833 3700 delictum
863 3660 1022 3700 suum
1055 3645 1206 3701 videt
1235 3646 1486 3717 pluribus
1512 3647 1751 3705 horrere.

182 3758 203 3782 ι
237 3734 321 3789 Ita
371 3740 432 3787 ut
474 3728 503 3787 ὸ
550 3739 740 3787 contra
785 3732 956 3804 magis
1003 3732 1237 3801 donetis,
1282 3743 1338 3790 et
1370 3735 1751 3806 consolemini,

165 3838 239 3879 ne
265 3820 539 3893 quomodo
569 3820 954 3876 abundantiori
1005 3810 1230 3877 tristitia
1258 3821 1626 3891 absorbeatur,
1658 3823 1754 3897 qui

166 3912 438 3985 ejusmodi
470 3919 571 3969 est.
601 3937 620 3960 ι
662 3912 881 3968 Aﬁlicto
912 3910 1126 3968 homini
1155 3914 1359 3985 peccati
1389 3914 1592 3986 proprii
1614 3930 1754 3970 cau-

167 4019 227 4059 sa
261 4001 378 4073 (84)
414 4001 703 4057 subvenire
750 4001 1021 4073 praecipit,
1061 4002 1191 4075 quia
1218 4003 1558 4075 poenitentia,
1596 4004 1640 4059 si
1684 4003 1751 4061 de

165 4107 299 4146 vero
325 4090 508 4146 animo
537 4100 640 4158 est,
673 4089 777 4146 hoc
803 4099 905 4159 est,
935 4090 981 4145 si
1009 4099 1290 4163 correptus
1319 4093 1504 4147 statim
1534 4091 1592 4147 in
1619 4092 1751 4148 ani-

164 4197 258 4235 mo
320 4179 522 4247 doleat,
581 4178 832 4251 protinus
883 4177 1048 4236 habet
1094 4178 1355 4238 fructum.
1403 4179 1649 4252 Denique
1688 4179 1749 4237 in

163 4268 472 4337 Regnorum
498 4264 641 4320 libro
670 4265 922 4333 habetur,
947 4265 1074 4338 quia
1097 4265 1307 4335 Achab,
1329 4282 1455 4323 cum
1487 4264 1751 4337 arguisset

162 4374 288 4412 eum
324 4354 605 4427 propheta,
648 4363 955 4410 commotus
984 4354 1169 4410 animo
1199 4357 1383 4411 statim
1415 4356 1617 4411 meruit
1645 4370 1752 4411 ve-

161 4446 316 4500 niam
351 4443 469 4512 (III
521 4444 643 4512 Reg.
705 4458 823 4509 xxr,
875 4440 1101 4513 27—29).
1152 4443 1223 4497 Et
1258 4442 1433 4499 David
1478 4442 1536 4499 in
1589 4458 1751 4501 causa

164 4532 307 4588 Urize
350 4529 560 4584 Hethzei
609 4536 892 4599 correptus
935 4528 1065 4599 quia
1108 4524 1365 4600 cognovit
1394 4545 1450 4586 se
1481 4546 1747 4605 peccasse,

164 4619 428 4676 delictum
471 4616 589 4688 ejus
634 4589 875 4672 deletum
918 4589 999 4671 ei:
1027 4589 1261 4689 (111229.
1306 4633 1409 4685 xu,
1443 4589 1555 4689 is».
1586 4620 1668 4676 Ita
1694 4589 1748 4678 ei
1778 4589 1826 4648 D

162 4708 457 4781 Apostolus
488 4707 667 4773 illum,
698 4705 793 4777 qui
824 4705 1094 4761 incestum
1142 4706 1509 4775 commiserat,
1542 4706 1747 4766 habens

163 4814 389 4853 uxorem
440 4795 627 4867 patris,
677 4792 1022 4866 objurgatum
1063 4803 1116 4850 et
1144 4793 1441 4866 abjectum,
1472 4794 1745 4854 dolentem

164 4885 405 4941 revocari
455 4883 656 4955 jubet;
717 4898 785 4938 ne
843 4882 940 4937 diu
997 4881 1191 4939 videns
1247 4901 1304 4940 se
1358 4884 1742 4944 contristatum

164 4975 363 5047 sperni,
395 4974 684 5045 desperans
709 4971 775 5028 de
804 4988 879 5040 se,
913 4970 1066 5028 daret
1096 4972 1343 5029 animum
1374 4974 1443 5030 ad
1473 4975 1744 5035 mundum

163 5062 477 5130 fruendum,
522 5061 675 5134 quasi
724 5060 819 5132 qui
848 5059 1029 5116 locum
1075 5059 1218 5132 apud
1264 5062 1436 5118 Deum
1478 5062 1592 5136 jam
1632 5082 1743 5124 non

164 5151 400 5207 haberet.
460 5151 574 5206 Hoc
626 5158 709 5206 est
752 5148 900 5205 enim
952 5147 1147 5220 majori
1176 5149 1402 5205 tristitia
1440 5150 1740 5224 absorberi,

162 5237 534 5313 desperantem
572 5238 639 5295 de
676 5254 733 5295 se
761 5236 1009 5294 converti
1037 5235 1105 5292 ad
1132 5235 1471 5295 admittenda
1499 5248 1741 5313 peccata,

231 5429 348 5501 (83)
381 5428 513 5486 Cod.
549 5427 1008 5501 Corb.,pcorripit,
1047 5426 1269 5482 ostendit
1310 5425 1397 5484 illi
1432 5442 1536 5498 quo
1563 5442 1743 5483 amore

161 5498 346 5584 diligat
373 5517 503 5584 cuin.
542 5500 642 5584 Qui
672 5498 826 5566 enim,
858 5506 969 5584 εἰς...
1005 5576 1015 5584 _
1227 5569 1240 5582 .
1470 5570 1501 5583 η
1704 5570 1740 5584 Δ,

229 5570 347 5643 (84)
403 5572 530 5628 Mss.
575 5570 806 5643 aliquot,
860 5570 1048 5642 afﬂicto
1094 5570 1240 5625 omni
1289 5570 1502 5644 proprii
1541 5570 1740 5643 peccati

162 5659 346 5787 ωἴδϐίὲ)
377 5710 563 5771 Codex
589 5710 785 5777 Laud.,
814 5716 874 5767 ut
899 5710 1173 5770 horrerent
1189 5711 1346 5772 illud.

406 5807 646 5865 Ρλτιιοιι.
685 5806 841 5867 XVII

1881 1966 2063 2013 rerent
2108 1960 2266 2015 illum
2310 1979 2500 2019 omnes
2532 1965 2679 2035 (85):
2727 1984 2874 2025 nunc
2918 1986 3042 2027 cum
3094 1972 3262 2044 recipi
3303 1973 3461 2029 illum

1880 2046 2022 2112 vult,
2038 2055 2155 2103 orat
2178 2065 2246 2103 ne
2263 2050 2443 2107 adhuc
2463 2054 2776 2110 exulcerato
2797 2058 2982 2113 animo
3005 2058 3266 2115 adversus
3282 2059 3459 2129 illum,

1880 2130 2079 2189 durum
2135 2135 2248 2191 illis
2305 2148 2444 2194 esset
2492 2139 2689 2196 habere
2732 2158 2855 2198 cum
2888 2143 2986 2219 illo
3015 2146 3460 2203 communionem

1878 2221 2154 2280 Ecclesiae.
2206 2226 2390 2299 Neque
2437 2228 2583 2284 enim
2632 2237 2783 2286 tanta
2819 2230 2875 2286 in
2906 2234 2984 2289 eis
3011 2242 3145 2303 erat,
3172 2245 3373 2308 quanta
3402 2236 3461 2294 in

1876 2313 2142 2383 Apostolo
2171 2315 2551 2386 providentia;
2595 2308 2657 2374 ut
2683 2319 2865 2377 statim
2900 2321 3267 2396 intelligerent
3317 2325 3462 2383 faci-

1877 2400 2079 2456 endum
2110 2420 2243 2472 esse,
2277 2405 2421 2476 quod
2453 2405 2667 2463 dicebat
2694 2410 2987 2482 Apostolus
3016 2412 3074 2467 in
3104 2430 3264 2471 causa
3295 2414 3459 2486 hujus

1877 2487 2175 2546 duntaxat:
2227 2491 2350 2549 ideo
2396 2493 2643 2551 obsecrat
2690 2503 2753 2551 ut
2783 2497 3066 2555 dimittant
3094 2501 3197 2569 illi,
3236 2500 3459 2574 signifi-

1875 2595 2005 2635 cans
2032 2583 2206 2637 Deum
2240 2584 2320 2638 illi
2346 2584 2653 2656 ignovisse;
2678 2589 2805 2660 quia
2827 2590 2966 2646 nihil
2984 2592 3101 2647 sine
3126 2593 3222 2649 Dei
3248 2595 3459 2666 Spiritu

1874 2666 2065 2736 agebat
2110 2670 2426 2740 Apostolus.
2474 2698 2493 2721 ι
2521 2674 2739 2731 Etenim
2788 2693 2886 2748 ego
2944 2679 3089 2750 quod
3143 2679 3364 2749 donavi,
3408 2684 3458 2740 si

1874 2753 2007 2824 quid
2044 2754 2270 2825 donavi,
2312 2768 2532 2831 propter
2560 2778 2657 2816 vos
2686 2762 2887 2818 donavi
2941 2764 2997 2819 in
3031 2781 3259 2836 persona
3285 2768 3457 2825 Chri-

1874 2840 1965 2895 sti.
1998 2866 2017 2889 ι
2059 2842 2173 2898 Hoc
2213 2844 2362 2900 dicto
2410 2855 2597 2917 gravat
2630 2848 2779 2917 illos;
2813 2851 2944 2923 quia
2988 2851 3032 2907 si
3066 2854 3324 2926 magister
3352 2874 3457 2929 pe-

1872 2929 2116 2987 tentibus
2131 2931 2419 3005 discipulis
2435 2935 2682 3006 donavit,
2700 2939 2788 2994 cui
2819 2942 3135 3011 voluerunt,
3152 2954 3451 3016 peccatum,

1873 3028 2078 3093 quanto
2102 3023 2274 3094 magis
2303 3024 2565 3081 obaudire
2612 3027 2812 3084 debent
2859 3029 3116 3102 discipuli
3148 3033 3405 3105 magistro
3424 3035 3454 3091 ?

1871 3107 1944 3165 Et
1972 3119 2033 3165 ut
2067 3118 2243 3166 ratum
2273 3114 2343 3181 ei,
2373 3114 2460 3171 cui
2483 3114 2729 3185 donavit,
2759 3118 3067 3176 ostenderet
3095 3121 3238 3192 apud
3256 3124 3452 3193 Deum,

1870 3197 1948 3252 ait
1988 3197 2046 3252 in
2094 3216 2320 3271 persona
2367 3202 2571 3261 Christi
2610 3220 2667 3261 se
2716 3205 2964 3275 donasse,
3009 3208 3155 3280 quod
3186 3208 3447 3268 donavit:

1872 3283 1978 3340 hoc
2020 3295 2119 3353 est,
2170 3296 2388 3360 accepto
2434 3292 2626 3347 tulisse
2663 3291 2965 3361 Christum,
2998 3294 3154 3366 cujus
3183 3297 3452 3368 legatione

1871 3373 2231 3446 fungebatur;
2262 3387 2323 3433 ut
2350 3380 2553 3435 factum
2586 3382 2857 3453 Apostoli,
2894 3383 3096 3438 factum
3123 3385 3195 3441 sit
3215 3386 3447 3455 Christi,

1870 3461 2013 3516 sicut
2055 3462 2236 3521 dixit:
2285 3487 2305 3511 ι
2330 3466 2678 3539 Quazcunque
2726 3468 3004 3524 solveritis
3034 3486 3195 3541 super
3224 3480 3446 3544 terram,

1869 3558 2031 3606 erunt
2059 3553 2237 3607 soluta
2259 3561 2312 3609 et
2340 3554 2395 3608 in
2418 3556 2556 3610 coelo
2588 3557 2800 3626 (Matth.
2832 3573 2995 3624 xvnr,
3036 3558 3148 3629 18).
3178 3585 3197 3609 ι
3235 3559 3292 3615 Si
3320 3577 3446 3634 ergo

1868 3637 2000 3695 huic
2049 3657 2146 3712 pro
2201 3657 2309 3712 quo
2362 3643 2636 3714 petierunt
2672 3659 2769 3715 per
2822 3646 3145 3718 Apostolum
3196 3646 3447 3707 Christus

1866 3725 2099 3798 ignovit,
2134 3738 2338 3801 quanto
2393 3732 2565 3803 magis
2594 3730 2725 3787 huic
2747 3730 2861 3803 jam
2916 3732 3161 3805 ignotum
3190 3742 3325 3804 erat,
3353 3737 3447 3794 cui

1865 3818 1929 3869 ut
1955 3813 2160 3871 donent
2187 3817 2303 3888 (86)
2338 3818 2451 3889 ipse
2470 3820 2631 3875 etiam
2663 3818 2914 3875 hortatur
2932 3820 2961 3876 τ

1938 3904 2117 3973 (Vers.
2154 3906 2266 3976 11.)
2311 3929 2330 3953 ι
2351 3908 2429 3963 Ne
2444 3908 2820 3979 possideamur
2846 3924 2878 3964 a
2901 3908 3126 3977 Satana;
3154 3926 3266 3968 non
3295 3914 3443 3970 enim

1864 3989 2176 4063 ignoramus
2233 3995 2460 4051 astutias
2515 3995 2651 4069 ejus.
2682 4021 2702 4044 ι
2745 3997 2861 4054 Hoc
2906 3996 3043 4054 dicit
3083 3999 3228 4071 quod
3281 4017 3445 4073 supra

1863 4080 2186 4150 memoravi,
2229 4084 2359 4155 quia
2408 4084 2708 4141 consolatio
2746 4083 2906 4141 debet
2933 4085 3189 4159 subsequi
3220 4087 3441 4148 fratrem

1863 4167 2124 4225 delictum
2164 4170 2416 4241 ﬂentem;
2451 4190 2519 4230 ne
2551 4174 2649 4231 diu
2697 4176 3074 4245 contristatus,
3106 4186 3159 4233 et
3186 4186 3442 4235 contem-

1862 4264 1988 4329 ptus
2019 4274 2050 4313 a
2075 4258 2338 4316 charitate
2380 4262 2659 4331 Ecclesiae,
2694 4264 2921 4337 incipiat
2946 4264 3229 4339 desperare
3265 4267 3332 4324 de
3361 4285 3440 4337 se,

1862 4355 1915 4403 et
1930 4346 2122 4405 videns
2138 4349 2231 4421 qui
2258 4367 2469 4423 semper
2488 4353 2545 4407 in
2571 4351 2791 4409 insidiis
2816 4361 2898 4410 est
2926 4354 3146 4411 subtilis
3165 4354 3438 4425 diabolus,

1861 4442 2097 4492 mentem
2124 4437 2239 4509 ejus
2270 4439 2385 4511 (87)
2419 4440 2584 4496 vilem
2611 4441 2880 4510 effectam,
2911 4442 3132 4500 accedat
3159 4451 3212 4499 et
3237 4460 3442 4515 sugge-

1860 4533 1945 4583 rat
1971 4527 2021 4582 ei
2038 4546 2052 4594 ;
2085 4535 2147 4583 ut
2177 4530 2263 4584 vel
2295 4531 2653 4600 praesentibus
2682 4532 2914 4601 fruatur,
2932 4531 3027 4604 qui
3056 4531 3123 4589 de
3152 4548 3244 4604 spe
3266 4533 3436 4589 futuri

1857 4614 2065 4687 praemii
2122 4615 2364 4687 dejectus
2418 4628 2518 4687 est,
2550 4627 2603 4675 et
2649 4628 2830 4691 pereat
2876 4619 3043 4675 frater
3087 4634 3362 4692 possessus
3406 4634 3438 4673 a

1855 4702 2096 4769 diabolo,
2125 4705 2214 4761 cui
2233 4705 2302 4761 ad
2332 4705 2436 4762 hoc
2461 4706 2783 4778 paenitentia
2806 4706 2932 4762 data
2955 4714 3090 4774 erat,
3114 4715 3175 4762 ut
3194 4722 3435 4761 conver-

1853 4806 1947 4847 sus
1994 4792 2315 4849 reformaret
2360 4810 2438 4860 se,
2473 4795 2615 4851 sicut
2658 4793 2796 4850 dicit
2823 4791 3077 4849 Ezechiel
3128 4793 3428 4865 propheta:

1866 4900 1887 4926 ι
1912 4879 2053 4936 Nolo
2082 4890 2308 4938 mortem
2336 4880 2640 4949 morientis,
2669 4886 2930 4953 quantum
2962 4888 3024 4936 ut
3052 4887 3356 4937 revertatur
3378 4889 3434 4938 et

1853 4970 2005 5027 vivat
2040 4973 2254 5045 (Ezech.
2286 4989 2446 5039 xvm,
2480 4972 2595 5040 23).
2626 4995 2646 5020 ι
2687 4970 2760 5026 Et
2789 4970 3024 5026 iterum:
3069 4994 3089 5018 ι
3123 4970 3434 5029 Converta-

1852 5067 1964 5129 tur,
2003 5061 2204 5135 inquit,
2235 5069 2288 5117 et
2315 5059 2630 5132 replantabo
2661 5059 2787 5115 illos
2820 5058 2981 5130 (Ibid.
3015 5058 3130 5131 27).
3160 5084 3180 5109 ι

1924 5148 2105 5220 (Vers.
2155 5148 2385 5218 12,13.)
2437 5146 2575 5205 Cum
2622 5154 2802 5203 autem
2859 5146 3127 5204 venissem
3166 5148 3428 5207 Troadem

1850 5243 2071 5308 propter
2111 5234 2475 5308 Evangelium
2528 5234 2755 5305 Christi,
2783 5242 2838 5292 et
2863 5235 3067 5293 ostium
3098 5236 3234 5293 mihi
3262 5251 3428 5308 aper-

1921 5422 2038 5495 (86)
2064 5424 2202 5497 Mss.
2245 5423 2443 5497 Corb.,
2471 5431 2667 5495 quanto
2702 5424 2869 5496 magis
2904 5424 3043 5491 huic,
3069 5438 3171 5493 pro
3199 5439 3301 5495 quo
3323 5440 3427 5497 pe-

1850 5495 2005 5566 tierat
2032 5496 2336 5566 Apostolus,
2362 5495 2447 5550 cui
2472 5503 2529 5551 ut
2554 5497 2760 5564 donent,
2797 5495 2901 5552 etc.

1920 5565 2037 5636 (87)
2070 5565 2218 5623 Idem
2265 5583 2394 5625 mss.
2446 5567 2633 5639 Corb.,
2663 5568 2762 5627 vili
2804 5567 2991 5639 a/feclu
3035 5567 3349 5637 ascenderet,
3378 5572 3430 5624 et

1846 5643 2160 5709 suggereret,
2185 5644 2291 5697 etc.

3052 5805 3122 5865 10
