3976 6390
484 443 603 502 ’299

1502 437 1597 493 ΑΙ)
1635 435 1868 493 ΟΡΕΒΑ
1909 434 1964 490 S.
2007 432 2338 492 AMBROSII
2381 429 2755 492 APPENDIX.

3668 433 3777 493 300

487 577 604 624 tum
636 567 776 618 esset
821 559 880 618 in
923 557 1181 627 Domino,
1212 573 1326 617 non
1361 558 1533 616 habui
1578 563 1818 634 requiem
1851 560 2073 634 spiritui
2103 561 2154 623 A
2187 567 2292 615 stat
2320 559 2647 632 fragrantem
2669 563 2800 617 Deo.
2827 558 3001 628 Quam
3041 557 3111 615 ob
3157 576 3374 618 causam
3403 561 3632 617 auxiliis
3657 563 3778 619 suis

491 667 636 718 meo,
653 668 718 708 eo
743 649 890 726 quod
917 666 1026 707 non
1057 650 1363 706 invenerim
1395 650 1580 706 Titum
1611 651 1834 706 fratrem
1869 667 2079 706 meum:

489 743 585 801 sed
616 741 736 797 vale
766 740 877 796 illis
906 740 1068 807 facto,
1093 739 1367 811 profectus
1399 757 1518 795 sum
1552 739 1606 794 in
1642 738 2067 794 Macedoniam.-

487 831 757 889 Troadem
803 846 860 886 se
907 827 1208 902 perrexisse
1247 829 1520 902 signiﬁcat
1561 827 1630 884 ad
1671 827 2080 900 prcedicandum

487 921 568 978 eis
594 919 956 992 Evangelium
990 924 1131 982 175
1161 917 1390 984 Christi,
1411 925 1466 974 et
1493 933 1616 977 cum
1651 916 1901 988 coepisset
1932 931 2082 987 pras-

487 1017 692 1084 dicare,
742 1015 908 1072 fuisse
943 1014 1040 1090 qui
1070 1021 1325 1089 caperent
1354 1014 1582 1072 verbum
1631 1012 1758 1070 ﬁdei
1786 1029 1798 1070 :
1835 1011 1928 1068 sed
1955 1010 2084 1084 quia

489 1105 745 1162 solatium
793 1103 906 1161 Titi
955 1104 1156 1176 defuit,
1205 1104 1574 1162 intolerabilis
1611 1110 1727 1160 erat
1769 1100 1922 1158 labor
1951 1116 2082 1172 per-

488 1193 852 1266 strepentium
897 1209 1079 1250 causa.
1123 1191 1390 1260 Quamvis
1442 1191 1588 1249 enim
1640 1189 1862 1263 quidam
1893 1203 2080 1244 eorum

486 1289 814 1354 aperuerant
862 1280 1030 1338 corda
1075 1295 1175 1336 sua
1227 1279 1297 1336 ad
1355 1278 1731 1352 recipiendum
1773 1291 2080 1334 sermonem

487 1373 588 1429 Dei
613 1390 628 1438 ;
660 1379 844 1428 tamen
872 1370 1217 1443 impudentia
1237 1370 1546 1426 inﬁdelium
1572 1371 1689 1441 (88)
1713 1385 1822 1424 non
1853 1367 2082 1423 minima

491 1463 813 1530 exsistebat,
833 1461 1120 1534 insurgens
1148 1461 1204 1517 in
1227 1461 1550 1534 Apostolum
1572 1463 1686 1516 zelo
1707 1459 2076 1524 credentium;

491 1559 546 1608 et
576 1551 694 1608 haec
719 1550 830 1606 duo
852 1549 920 1606 ab
950 1567 1062 1607 uno
1093 1550 1311 1622 impleri
1342 1567 1451 1606 non
1483 1558 1768 1622 poterant;
1802 1564 1992 1617 nempe
2023 1552 2081 1603 et

489 1639 680 1696 ﬁdeles
710 1640 1002 1707 instruere,
1035 1647 1090 1695 et
1138 1637 1438 1694 incredulis
1468 1654 1787 1709 repugnare.
1819 1636 2076 1708 Ideoque,

493 1729 619 1784 vale
648 1728 760 1784 illis
791 1728 955 1796 facto,
995 1726 1092 1801 qui
1137 1734 1485 1800 susceperant
1512 1743 1658 1797 eum,
1691 1727 1968 1802 profectus
1998 1730 2080 1781 est

483 1815 543 1872 in
573 1816 968 1873 Macedoniam.

2193 658 2338 706 tutos
2365 652 2652 723 praestabat
2697 654 2842 707 Deus
2898 651 3192 722 apostolos,
3232 661 3294 708 ut
3323 651 3487 709 verba
3519 655 3638 726 (70)
3672 671 3780 711 co-

2195 740 2454 810 gnitionis
2501 739 2618 810 ejus
2661 740 2976 796 infuderent
3024 741 3335 812 patentibus
3361 743 3603 811 auribus,
3658 743 3779 801 sive

2191 828 2414 895 Judaeis,
2443 829 2560 885 sive
2592 831 2910 901 gentilibus,
2953 830 3140 888 addito
3179 831 3265 888 his
3306 839 3642 890 sacramento
3681 849 3778 890 na-

2190 918 2424 974 tivitatis
2454 919 2676 974 Domini
2706 920 2832 976 Jesu
2869 920 3170 978 secundum
3207 923 3547 980 voluntatem
3597 923 3694 980 Dei
3721 928 3778 979 et

2192 1008 2366 1064 Patris
2393 1006 2510 1078 ejus
2538 1007 2595 1064 in
2622 1009 2832 1064 unitate
2863 1009 2992 1065 ﬁdei
3023 1011 3274 1067 salutaris
3301 1011 3368 1068 ad
3397 1014 3628 1070 salutem
3645 1026 3777 1069 cre-

2190 1097 2458 1166 dentium,
2498 1107 2554 1156 et
2582 1099 2944 1171 perditionem
2974 1099 3362 1160 diﬁidentium.

2263 1186 2444 1258 (Vers.
2479 1186 2591 1260 16.)
2642 1211 2661 1236 ι
2680 1187 2823 1244 Aliis
2850 1187 3071 1262 quidem
3101 1205 3290 1246 sumus
3318 1189 3456 1246 odor
3492 1189 3688 1246 mortis
3715 1189 3776 1248 in

2189 1284 2441 1334 mortem.
2475 1301 2495 1328 ι
2539 1277 2652 1335 Hoc
2704 1277 2861 1347 dicit,
2910 1279 3040 1352 quia
3097 1278 3398 1338 incredulis
3454 1279 3776 1353 praedicatio

2187 1367 2367 1424 crucis
2397 1367 2602 1425 Christi
2632 1367 2768 1424 odor
2788 1368 2982 1425 mortis
3010 1377 3128 1438 est;
3160 1369 3447 1426 audientes
3471 1371 3622 1426 enim
3655 1385 3777 1426 ver-

2187 1457 2320 1514 bum
2341 1457 2461 1527 Dei,
2491 1459 2572 1515 sic
2601 1459 2877 1532 accipiunt
2908 1462 3061 1534 quasi
3091 1470 3316 1534 pestem,
3349 1477 3418 1517 ex
3459 1477 3566 1534 qua
3595 1462 3778 1518 oritur

2189 1563 2373 1604 mors:
2427 1557 2480 1604 et
2509 1565 2726 1606 necesse
2768 1560 2848 1607 est
2884 1558 2947 1606 ut
2988 1551 3148 1623 juxta
3189 1551 3353 1607 ﬁdem
3409 1551 3631 1607 illorum
3679 1551 3778 1610 ﬁat

2187 1636 2285 1692 eis.
2332 1660 2350 1684 ι
2379 1638 2520 1693 Aliis
2563 1646 2743 1694 autem
2793 1637 2928 1695 odor
2968 1639 3096 1695 vitae
3140 1639 3208 1695 ad
3263 1641 3454 1696 vitam.
3488 1665 3508 1688 ι
3568 1640 3775 1696 Verum

2187 1730 2288 1790 est,
2343 1723 2470 1795 quia
2511 1724 2634 1780 ﬁdis
2667 1727 2783 1796 (91)
2812 1743 2990 1782 sermo
3037 1725 3258 1782 auditus
3289 1727 3384 1781 Dei
3416 1725 3644 1789 nuntius
3691 1733 3779 1782 est

2187 1813 2378 1867 salutis
2417 1820 2652 1882 aeterna,
2695 1822 2748 1870 et
2777 1815 3080 1872 secundum
3113 1814 3273 1870 ﬁdem
3308 1816 3529 1870 illorum
3557 1815 3774 1870 contin-

556 1906 741 1977 (Vers.
780 1902 895 1977 14.)
941 1929 961 1953 ι
989 1904 1104 1963 Deo
1131 1911 1310 1962 autem
1343 1904 1560 1979 gratias,
1599 1903 1692 1979 qui
1723 1919 1934 1976 semper
1963 1901 2076 1958 tri-
2107 1918 2156 1983 Β
2191 1910 2275 1974 get
2324 1903 2422 1958 eis.
2455 1903 2582 1960 Sive
2627 1919 2754 1975 ergo
2802 1903 2859 1959 in
2890 1904 2976 1960 his
3013 1903 3108 1977 qui
3139 1911 3388 1976 pereunt,
3437 1905 3550 1960 si\e
3579 1903 3635 1959 in
3685 1903 3778 1960 his

482 1992 718 2065 umphat
767 2007 864 2065 per
910 2008 1010 2049 nos
1056 1994 1115 2049 in
1161 1993 1381 2052 Christo
1409 1995 1554 2050 Jesu.
1587 2019 1606 2044 n
1649 1993 1766 2051 Hoc
1793 2000 1874 2048 est
1901 1995 2075 2049 Deum

481 2098 580 2155 per
625 2081 904 2154 apostolos
932 2081 1275 2153 triumphare
1305 2083 1362 2138 in
1393 2083 1635 2151 Christo,
1666 2083 1901 2140 victores
1950 2081 2076 2138 illos

484 2171 664 2228 facere
719 2170 776 2225 in
807 2169 913 2226 ﬁde
942 2170 1179 2228 Christi:
1214 2180 1274 2228 ut
1302 2174 1507 2230 calcata
1535 2171 1784 2244 perﬁdia,
1812 2179 2077 2243 tropaeum

485 2256 684 2314 habeat
717 2256 872 2325 ﬁdes,
912 2257 1043 2315 dum
1075 2275 1143 2314 ex
1178 2259 1402 2332 perﬁdis
1429 2261 1572 2316 ﬁunt
1601 2259 1809 2328 ﬁdeles,
1841 2266 1895 2314 et
1915 2259 2076 2315 male-

486 2345 604 2402 voli
636 2361 747 2403 non
770 2343 1067 2418 proﬁciunt
1096 2347 1152 2403 in
1185 2348 1563 2421 prosequendo
1592 2347 1895 2405 credentes.

559 2435 740 2508 (Vers.
776 2435 888 2507 15.)
934 2459 953 2482 ι
981 2435 1053 2492 Et
1082 2434 1304 2492 odorem
1337 2435 1549 2492 notitias
1587 2452 1698 2491 suae
1729 2434 2076 2492 manifestare

483 2539 586 2598 per
613 2540 714 2580 nos
744 2523 802 2580 in
829 2524 981 2580 omni
1011 2525 1166 2593 loco;
1201 2523 1329 2598 quia
1373 2523 1579 2580 Christi
1605 2525 1782 2582 bonus
1811 2523 1948 2581 odor
1979 2541 2078 2580 su-

479 2628 602 2670 mus
645 2614 760 2670 Deo
803 2611 863 2669 in
913 2612 1001 2668 his
1049 2612 1145 2685 qui
1175 2611 1314 2668 salvi
1344 2612 1506 2681 ﬁunt,
1534 2613 1674 2668 etin
1703 2613 1790 2669 his
1835 2612 1929 2686 qui
1972 2629 2078 2684 pe-

477 2712 658 2761 reunt.
689 2727 708 2752 ι
751 2703 904 2762 Odor
939 2701 1150 2759 notitiae
1183 2703 1284 2759 Dei
1326 2702 1383 2759 in
1412 2702 1651 2771 Christo,
1683 2711 1738 2759 et
1763 2717 1858 2775 per
1901 2700 2074 2759 Chri-

481 2799 628 2850 stum
685 2799 790 2850 est.
837 2790 1074 2848 Odorem
1122 2798 1305 2848 autem
1331 2790 1538 2848 idcirco
1567 2791 1726 2860 dicit,
1773 2789 1902 2864 quia
1932 2790 2076 2847 sicut

482 2882 730 2954 quaedam
766 2897 871 2947 res,
903 2897 1025 2953 quae
1055 2897 1178 2937 cum
1220 2898 1331 2936 non
1361 2881 1672 2950 videantur,
1705 2897 1800 2952 per
1849 2880 2072 2935 odorem

482 2976 669 3026 tamen
691 2975 1114 3039 cognoscuntur,
1137 2976 1191 3024 et
1220 2968 1482 3043 intelligis
1502 2971 1559 3026 in
1592 2971 1711 3026 loco
1732 2969 1917 3042 aliquo
1936 2983 2071 3038 esse,

487 3059 637 3134 quod
684 3074 797 3115 non
840 3057 1030 3114 vides:
1075 3058 1151 3115 ita
1178 3069 1230 3116 et
1259 3063 1424 3130 Deus,
1472 3061 1601 3134 quia
1630 3059 1932 3116 invisibilis
1968 3066 2070 3127 est,

487 3162 586 3222 per
641 3147 923 3207 Christum
994 3164 1050 3204 se
1099 3150 1275 3206 voluit
1339 3151 1598 3222 intelligi,
1641 3157 1704 3206 ut
1757 3147 2073 3222 praedicatio

485 3236 694 3296 Christi
751 3237 893 3310 (quae
949 3238 1140 3312 utique
1188 3238 1564 3304 invisibiliter,
1605 3237 1747 3293 sicut
1801 3237 1871 3292 ad
1916 3252 2073 3292 nares

479 3329 638 3398 odor,
661 3328 736 3386 ita
773 3327 840 3384 ad
871 3345 1028 3386 aures
1058 3329 1331 3404 pervenit)
1363 3330 1538 3384 Deum
1569 3329 1782 3383 Patrem
1812 3327 2074 3382 insinua-

446 3425 561 3487 ,ret
615 3427 910 3474 creatorem
953 3420 1096 3492 (89),
1153 3427 1208 3475 et
1262 3417 1465 3474 Filium
1519 3415 1636 3488 ejus
1699 3417 2070 3487 unigenitum.

477 3506 648 3580 Cujus
691 3508 772 3565 rei
812 3507 1080 3580 legatione
1128 3507 1415 3578 fungentes
1457 3506 1690 3579 apostoli
1740 3503 1908 3580 [sicut
1937 3505 2075 3562 dicit

475 3596 750 3652 Dominus
793 3594 864 3651 ad
905 3597 1101 3664 Deum,
1134 3596 1310 3654 Filius
1345 3596 1412 3653 ad
1443 3597 1657 3653 Patrem
1688 3614 1700 3652 :
1748 3619 1769 3644 ι
1799 3595 1954 3652 Sicut
1986 3609 2073 3651 me

475 3683 683 3740 misisti
731 3681 790 3738 in
839 3681 988 3739 hunc
1035 3681 1324 3752 mundum,
1356 3684 1434 3740 ita
1470 3692 1524 3740 et
1561 3701 1660 3756 ego
1689 3699 1781 3740 eos
1810 3684 1970 3741 mitto
2013 3683 2072 3738 in

475 3771 630 3828 hunc
657 3767 954 3844 mundum]
991 3770 1168 3841 (Joan.
1203 3785 1344 3840 xvu,
1380 3773 1492 3844 18),
1522 3798 1541 3823 ι
1583 3774 1806 3830 odorem
1856 3772 2071 3828 notitias

476 3859 578 3917 Dei
611 3867 665 3916 et
695 3858 903 3916 Christi
931 3875 1028 3932 per
1083 3860 1238 3933 signa
1265 3870 1318 3918 et
1359 3862 1609 3935 prodigia
1635 3861 2068 3918 manifestarent.

477 3949 624 4006 Vera
653 3947 771 4006 haec
807 3964 921 4006 esse
949 3948 1016 4007 de
1045 3951 1158 4007 Deo
1185 3960 1240 4008 et
1273 3951 1495 4011 Christo
1544 3949 1861 4026 praedicatio
1883 3950 2074 4005 virtu-

465 4037 542 4094 tis
586 4037 902 4094 testimonio
949 4039 1212 4112 probatur
1241 4060 1254 4098 :
1288 4059 1408 4116 quae
1438 4041 1564 4098 ideo
1601 4040 1658 4094 in
1687 4037 1855 4094 odore
1888 4035 2072 4109 signi-

471 4127 632 4186 ﬁcata
658 4135 760 4198 est,
800 4129 927 4202 quia
955 4146 1082 4187 cum
1127 4133 1274 4189 Deus
1314 4147 1427 4188 non
1475 4127 1750 4196 videatur,
1803 4143 1900 4198 per
1927 4126 2071 4186 hanc

476 4233 596 4289 qua:
627 4216 984 4276 invisibiliter
1013 4227 1290 4293 operatur,
1336 4219 1394 4275 in
1425 4216 1690 4288 apostolis
1719 4232 1832 4271 esse
1864 4215 2066 4271 intelli-

471 4307 635 4378 gitur,
676 4315 738 4364 ut
779 4309 984 4366 veritas
1033 4308 1298 4365 doctrinas
1340 4305 1740 4362 manifestetur.
1791 4303 1894 4372 Qui
1937 4321 2064 4378 ergo

467 4403 614 4453 recte
661 4398 856 4454 asserit
901 4396 1206 4464 Christum,
1255 4393 1434 4452 bonus
1464 4393 1600 4448 odor
1632 4401 1710 4449 est
1741 4394 1872 4462 Deo,
1905 4393 2064 4450 laude

463 4486 665 4558 dignus
710 4487 768 4544 in
815 4503 880 4543 eo
928 4485 1024 4560 qui
1063 4483 1259 4553 credit,
1310 4499 1411 4542 nec
1449 4480 1834 4553 vituperabilis
1863 4482 1919 4536 in
1962 4483 2061 4540 illo

465 4573 564 4647 qui
605 4590 718 4630 non
771 4571 984 4631 credit:
1029 4571 1124 4644 qui
1154 4587 1284 4628 vero
1331 4587 1444 4628 non
1475 4577 1619 4626 recte
1648 4571 1838 4626 asserit
1889 4570 2059 4628 Chri-

461 4670 634 4733 stum,
665 4663 842 4720 malus
870 4661 1006 4718 odor
1035 4669 1116 4718 est
1147 4663 1279 4730 Deo,
1312 4669 1423 4718 tam
1451 4662 1509 4717 in
1538 4660 1626 4718 his
1653 4663 1745 4734 qui
1775 4661 1870 4718 ﬁdi
1905 4668 2054 4731 sunt,

465 4767 629 4824 quam
685 4753 744 4810 in
801 4751 914 4812 illis
967 4751 1062 4826 qui
1112 4750 1404 4819 dilIidunt;
1465 4767 1563 4824 pro
1612 4750 1857 4825 utrisque
1906 4752 2054 4808 enim

465 4854 595 4896 reus
640 4843 763 4901 erit.
815 4842 922 4912 Qui
977 4841 1125 4899 enim
1173 4841 1397 4912 difﬁdit,
1428 4841 1634 4898 idcirco
1671 4842 1890 4898 videtur
1940 4856 2052 4898 non

457 4929 714 4997 credere;
760 4933 890 5006 quia
942 4949 1257 5004 perversum
1298 4941 1399 4998 est,
1454 4931 1600 5004 quod
1633 4931 1786 4988 audit
1819 4951 1830 4988 :
1864 4939 1917 4987 et
1955 4931 2050 5004 qui

459 5018 656 5086 credit,
708 5021 850 5078 male
903 5022 1095 5079 credit.
1128 5022 1426 5096 Apostolus
1455 5037 1579 5096 ergo
1606 5021 1874 5078 rationem
1905 5020 2040 5092 legis

454 5112 678 5169 locutus
717 5119 818 5180 est,
850 5121 913 5170 ut
958 5115 1101 5174 sicut
1135 5117 1193 5172 in
1224 5117 1342 5190 lege
1389 5117 1482 5192 qui
1512 5117 1718 5174 hostias
1747 5116 1890 5173 bono
1919 5123 2048 5173 voto

456 5201 741 5272 offerebat,
784 5200 962 5259 bonus
1000 5204 1136 5262 odor
1187 5213 1301 5262 erat
1328 5208 1440 5263 Deo
1470 5216 1524 5264 et
1553 5204 1935 5278 acceptabilis:
1971 5203 2049 5260 ita

452 5302 508 5352 et
535 5309 687 5352 nunc
715 5292 1120 5368 praedicationis
1149 5295 1326 5354 virtus
1363 5297 1629 5356 doctrinae
1662 5296 1882 5353 odorem
1913 5310 2046 5368 prae-

525 5477 646 5630 ,88)
668 5497 796 5554 Mss.
825 5497 1106 5566 nonnulli,
1131 5505 1304 5554 tamen
1331 5494 1689 5575 imprudentia
1725 5494 2040 5564 infidelium.

551 5566 619 5621 89
677 5570 800 5624 Vet.
841 5570 972 5624 edit.
998 5577 1052 5624 et
1078 5570 1200 5628 00d.
1236 5567 1424 5630 Corb.,
1448 5574 1744 5620 tnsmuaret
1763 5573 2038 5622 creatura.

551 5566 643 5632 89)
677 5570 800 5624 Vet.
841 5570 972 5624 edit.
998 5577 1052 5624 et
1078 5570 1200 5628 cod.
1236 5567 1424 5632 Corb.,
1448 5566 1744 5620 insinuaret
1763 5573 2038 5622 creatura.

523 5636 642 5706 (90)
677 5638 861 5694 Codex
891 5639 1087 5707 Laud.,
1123 5645 1257 5692 totus
1281 5636 1570 5708 praestabat
1601 5638 1740 5692 Deus
1767 5637 2040 5707 apostolis,
2079 5685 2085 5692 .

451 5709 512 5758 ut
539 5709 710 5776 verba,
739 5719 843 5766 etc.

2189 1990 2282 2062 qui
2309 1991 2446 2046 salvi
2478 1990 2638 2060 ﬁunt,
2682 1991 2890 2048 Christi
2928 1993 3106 2049 bonus
3150 1993 3287 2049 odor
3315 1995 3428 2050 Deo
3457 1999 3610 2049 erant
3647 2007 3776 2064 apo-

2187 2079 2351 2135 stoli:
2406 2080 2536 2152 quia
2575 2080 2862 2136 sinceriter
2904 2087 2958 2136 et
3003 2082 3123 2136 sine
3175 2081 3487 2137 adulatione
3518 2081 3777 2153 praedica-

2185 2166 2337 2222 bant.
2387 2168 2492 2234 Qui
2538 2166 2686 2222 enim
2718 2184 2829 2223 non
2858 2168 3172 2236 credebant,
3212 2169 3316 2240 ipsi
3351 2169 3459 2224 sibi
3515 2169 3773 2242 laqueum

2184 2254 2598 2312 circumdabant
2651 2255 2738 2312 his
2781 2256 2988 2325 liberis,
3019 2257 3163 2313 sicut
3209 2255 3346 2312 dicit
3389 2257 3661 2313 Dominus
3705 2255 3776 2315 ad

2185 2344 2530 2401 Ezechielem
2561 2345 2917 2418 prophetam:
2969 2370 2988 2393 ι
3015 2347 3097 2403 Tu
3127 2346 3363 2418 praedica
3395 2363 3406 2402 :
3431 2346 3478 2402 si
3509 2356 3562 2402 te
3589 2347 3774 2405 audie-

2186 2434 2320 2501 rint,
2357 2433 2654 2490 lucraberis
2683 2435 2892 2491 animas
2919 2451 3109 2492 eorum
3136 2453 3150 2503 ;
3184 2437 3270 2492 sin
3300 2452 3409 2508 quo
3439 2435 3644 2505 minus,
3667 2436 3774 2509 ipsi

2185 2523 2289 2579 sibi
2337 2523 2612 2580 viderint:
2662 2532 2724 2580 tu
2752 2532 2935 2581 tamen
2965 2525 3106 2582 liber
3131 2525 3239 2581 eris
3272 2541 3305 2581 a
3331 2524 3638 2597 perditione
3667 2541 3775 2582 eo-

2183 2627 2305 2668 rum
2329 2615 2544 2685 (Ezech.
2577 2630 2663 2684 ni,
2696 2615 2809 2686 19).
2849 2637 2870 2663 ι

2256 2700 2436 2771 (Vers.
2473 2701 2585 2773 17.)
2631 2727 2650 2750 ι
2677 2703 2748 2758 Et
2775 2703 2842 2759 ad
2872 2701 2989 2759 haec
3015 2701 3139 2776 quis
3172 2701 3448 2761 idoneus?
3475 2705 3593 2762 Non
3618 2703 3771 2762 enim

2183 2805 2371 2846 sumus
2394 2791 2536 2847 sicut
2567 2792 2786 2862 plurimi
2818 2792 3184 2848 adulterantes
3213 2794 3440 2849 verbum
3494 2795 3591 2850 Dei
3617 2813 3630 2850 :
3674 2793 3772 2850 sed

2183 2895 2252 2936 ex
2281 2880 2611 2947 sinceritate,
2664 2881 2808 2936 sicut
2851 2896 2921 2936 ex
2947 2883 3058 2937 Deo
3087 2897 3267 2937 coram
3315 2883 3428 2937 Deo
3456 2881 3513 2937 in
3544 2882 3772 2940 Christo

2183 2967 2482 3041 loquimur.
2514 2992 2532 3016 ι
2577 2969 3062 3040 Pseudoapostolos
3093 2969 3268 3042 tangit
3313 2969 3404 3026 hic
3431 2986 3638 3038 versus,
3671 2971 3770 3044 qui

2182 3069 2436 3130 corrupta
2466 3058 2736 3126 doctrina,
2769 3061 2932 3116 verba
2961 3061 3059 3116 Dei
3088 3076 3183 3132 per
3207 3063 3403 3116 malam
3434 3063 3773 3134 interpreta-

2183 3146 2389 3202 tionem
2421 3147 2820 3215 adulterabant,
2867 3157 2920 3204 et
2947 3150 3202 3205 tollentes
3231 3150 3480 3204 divinum
3522 3167 3765 3220 sensum,

2185 3234 2460 3305 ponebant
2495 3235 2820 3292 humanum.
2853 3236 2938 3291 Ex
2974 3238 3176 3310 quibus
3205 3239 3424 3310 quidam
3453 3243 3624 3295 zelum
3660 3241 3770 3296 lia-

2181 3323 2372 3379 bentes
2423 3324 2736 3380 traditionis
2783 3325 3042 3393 Iudaicae,
3097 3343 3199 3382 nec
3253 3329 3320 3382 de
3364 3329 3582 3385 Christo
3628 3329 3768 3385 bene

2183 3408 2468 3479 docebant,
2501 3413 2624 3468 ideo
2655 3413 2836 3469 minus
2882 3414 3106 3470 idoneos
3145 3415 3244 3471 hos
3274 3415 3440 3473 dicit:
3489 3421 3769 3489 apostolos

2181 3508 2361 3557 autem
2411 3503 2698 3558 sinceriter
2753 3503 3095 3576 praedicasse,
3131 3507 3274 3562 sicut
3316 3523 3384 3562 ex
3431 3510 3543 3562 Deo
3573 3508 3767 3564 datum

2182 3599 2284 3659 est,
2334 3599 2458 3646 ante
2500 3594 2698 3660 Deum,
2731 3591 2786 3648 id
2815 3603 2914 3662 est,
2959 3595 3234 3668 quomodo
3263 3598 3404 3651 Deus
3433 3596 3606 3663 dedit,
3647 3599 3768 3669 ipso

2180 3687 2338 3747 teste,
2372 3682 2428 3736 in
2469 3681 2689 3739 Christo
2721 3683 3103 3756 loquebantur,
3138 3702 3246 3741 non
3277 3701 3430 3741 suam
3461 3697 3768 3758 quaerentes

2183 3772 2432 3842 gloriam,
2474 3773 2565 3828 sed
2596 3775 2714 3830 Dei.
2750 3776 2862 3832 Hoc
2883 3784 2964 3832 est
2995 3777 3052 3831 in
3080 3777 3298 3835 Christo
3327 3778 3478 3852 loqui
3513 3777 3633 3850 ejus
3661 3777 3763 3836 ho-

2181 3875 2369 3918 norem
2407 3868 2462 3918 et
2487 3864 2788 3936 potentiam
2815 3866 3126 3937 praedicare.

2699 4015 2841 4074 176
2877 4015 3104 4076 CAPUT
3147 4017 3240 4074 ΠΙ.

2249 4135 2432 4210 (Vera.
2458 4135 2537 4211 1.)
2581 4160 2600 4184 ι
2630 4135 2929 4206 Incipimus
2971 4135 3169 4190 iterum
3221 4133 3588 4208 nosmetipsos
3613 4155 3762 4198 com-

2176 4226 2452 4282 mendare.
2487 4250 2505 4273 ›
2547 4225 2814 4292 Quoniam
2856 4220 3335 4294 pseudoapostolos
3379 4231 3554 4294 notat,
3592 4242 3763 4298 prava

2173 4332 2361 4374 eorum
2393 4322 2697 4372 commenta
2743 4312 3032 4386 designans
3056 4313 3196 4384 (92),
3227 4330 3282 4369 se
3326 4321 3505 4370 autem
3557 4333 3755 4377 verum

2172 4405 2582 4477 praedicatorem
2611 4408 2868 4469 testatur;
2902 4401 3124 4458 videtur
3151 4401 3347 4459 iterum
3371 4409 3758 4468 commendare

2169 4509 2246 4562 se,
2286 4494 2428 4547 sicut
2458 4490 2515 4545 in
2564 4490 2739 4562 prima
2768 4490 3014 4563 epistola.
3047 4491 3117 4545 Et
3145 4507 3214 4546 ne
3248 4491 3352 4548 hoc
3393 4496 3634 4550 versutia
3655 4497 3754 4552 ali-

2084 4633 2134 4694 D
2167 4597 2274 4655 qua
2318 4580 2590 4638 terrestris
2632 4580 2768 4637 lucri
2829 4580 2996 4652 gratia
3040 4581 3214 4637 facere
3271 4581 3566 4652 videretur,
3606 4583 3754 4656 adje-

2169 4671 2238 4694 -ΞΑ
2267 4691 2276 4694 -
2369 4669 2644 4694 λ’......,-.-2.1
2677 4669 2985 4694 ε...,ιε,.,,-η---
3032 4671 3171 4694 ,2-...ι
3208 4671 3420 4694 _.-2J-_-
3478 4689 3720 4694 -_._____.

2164 4671 2241 4730 cit
2267 4691 2278 4728 :
2320 4695 2340 4718 ι
2368 4669 2648 4742 Numquid
2675 4669 3008 4741 indigemus,
3031 4671 3173 4726 sicut
3205 4671 3448 4744 quidam,
3473 4689 3754 4730 commen-

2163 4759 2374 4818 datitiis
2403 4760 2649 4831 epistolis
2679 4758 2746 4814 ad
2777 4775 2894 4826 vos,
2916 4767 3010 4814 aut
3037 4774 3108 4814 ex
3137 4759 3363 4816 vobis‘l:
3395 4761 3508 4816 Hoc
3536 4761 3750 4834 dicens,

2163 4866 2323 4906 suum
2354 4865 2572 4904 sensum
2606 4853 2819 4918 purgat,
2850 4854 2902 4903 et
2933 4847 3112 4903 adhuc
3144 4849 3622 4921 pseudoapostolos
3651 4867 3750 4907 no-

2159 4946 2258 5008 tat,
2287 4955 2433 5011 .quos
2462 4936 2668 5010 proprii
2719 4935 2944 4990 honoris
2973 4943 3025 4992 et
3055 4946 3292 5009 quaestus
3319 4955 3482 4995 causa
3513 4939 3750 4998 circuire

2159 5027 2434 5084 Ecclesias
2482 5024 2695 5096 probat,
2725 5024 2792 5080 ad
2823 5025 3192 5095 auferendam,
3235 5043 3346 5082 non
3387 5027 3454 5084 ad
3483 5027 3749 5084 tribuen-

2158 5117 2283 5174 dam
2315 5118 2568 5173 salutem.
2606 5117 2692 5172 Ex
2724 5115 2811 5171 his
2836 5124 2991 5172 erant
3028 5117 3226 5191 quibus
3271 5117 3407 5174 dicit
3431 5121 3742 5179 Dominus:

2172 5203 2520 5262 «Comeditis
2561 5202 2754 5260 domos
2797 5204 3088 5261 viduarum
3129 5214 3182 5261 et
3227 5206 3562 5278 pupillorum
3603 5223 3745 5262 ora-

2154 5293 2304 5352 tione
2343 5293 2503 5366 longa
2531 5300 2768 5362 orantes,
2801 5302 3086 5368 propterea
3133 5294 3412 5368 accipietis
3451 5295 3628 5368 majus
3649 5295 3742 5369 ju-

2153 5509 2305 5562 mss.,
2344 5492 2471 5564 quia
2505 5491 2693 5564 ﬁdelis
2739 5507 2944 5558 sermo;
2982 5508 3110 5564 mss.
3143 5492 3418 5561 nonnulli,
3449 5494 3577 5564 quia
3604 5493 3738 5564 ﬁdas

2153 5581 2320 5622 sermo
2345 5563 2365 5622 ξ
2416 5563 2616 5637 reliqui
2670 5580 2798 5620 mss.
2851 5571 2907 5620 et
2951 5563 3084 5621 edit.
3138 5566 3355 5633 melius,
3407 5563 3532 5636 quia
3577 5563 3732 5637 ﬁdes,

2151 5645 2340 5783 modi?)
2373 5705 2544 5783 Corb._
2592 5706 2736 5776 cod.,
2783 5707 2966 5783 Praua
3008 5723 3188 5766 eorum
3231 5707 3504 5781 mandata,
3537 5707 3733 5783 quibus

523 5777 641 5852 (91)
672 5780 823 5859 Edit.
857 5778 1128 5854 quaedam
1182 5777 1354 5835 Paris.
1399 5793 1525 5836 cum
1569 5793 1681 5834 uno
1715 5783 1812 5834 aut
1861 5776 2036 5836 altero
2142 5776 2603 5852 pseudoapostolos
2631 5784 2800 5849 notat,
2831 5780 3134 5852 designans.
