3976 6396
259 454 357 515 301

256 583 461 639 dicium
500 589 711 653 (Matth.
742 605 907 659 xxrn,
944 593 1051 663 14).

253 776 443 817 eorum
479 765 745 835 tangebat,
779 777 831 823 et
870 770 1095 826 veritate
1125 772 1385 831 doctrinm
1416 778 1624 833 animus
1644 796 1834 837 eorum

252 850 521 907 salvabat.
556 855 674 909 Non
718 870 844 928 ergo
885 861 1193 931 carnaliter,
1240 865 1330 919 sed
1376 866 1737 937 spiritualiter
1775 888 1832 928 se

251 940 673 997 commendabat
718 944 785 999 ad
827 948 1129 1017 profectum
1177 954 1371 1011 salutis
1402 956 1643 1027 illorum,
1674 968 1737 1016 ut
1763 962 1831 1019 de

251 1028 352 1085 illo
396 1030 500 1086 hoc
533 1032 833 1103 crederent,
891 1040 1035 1109 quod
1086 1049 1233 1097 erat:
1273 1044 1403 1115 quia
1448 1048 1543 1119 qui
1589 1048 1657 1104 de
1687 1050 1832 1107 bono

250 1117 393 1172 male
412 1119 595 1187 sentit,
630 1130 846 1191 peccat;
916 1140 979 1182 ac
1023 1142 1119 1200 per
1157 1128 1262 1188 hoc
1289 1117 1691 1192 commendatio
1714 1135 1831 1194 haec

248 1204 371 1261 istis
402 1209 573 1280 magis
601 1210 819 1281 proﬁcit
850 1214 987 1287 (93).
1348 1229 1366 1239 ’

324 1295 508 1388 (Yers.
552 1299 633 1371 2.)
677 1323 697 1347 ι
728 1300 974 1373 Epistola
1002 1313 1186 1365 nostra
1232 1324 1331 1366 vos
1357 1312 1507 1382 estis,
1543 1315 1744 1388 scripta
1769 1315 1829 1372 in

244 1383 506 1441 cordibus
549 1390 769 1445 nostris.
796 1414 817 1439 ι
872 1392 1118 1464 Epistola
1147 1400 1394 1468 Apostoli
1440 1404 1633 1459 salutis
1653 1383 1828 1459 vindi-

243 1471 391 1526 cium
423 1480 522 1529 est.
557 1476 719 1533 Recte
745 1492 872 1550 ergo
926 1482 1003 1536 ait
1032 1484 1177 1555 quod
1221 1488 1366 1543 salus
1408 1489 1825 1548 Corinthiorum

242 1560 303 1615 in
330 1564 492 1619 corde
514 1572 627 1621 erat
655 1560 922 1638 Apostoli,
956 1578 1009 1627 et
1026 1587 1213 1629 eorum
1230 1575 1324 1647 qui
1353 1592 1478 1632 cum
1509 1578 1605 1633 illo
1621 1587 1774 1635 erant
1802 1596 1817 1647 ;

241 1665 454 1723 semper
479 1653 628 1710 enim
655 1656 721 1713 de
749 1661 923 1715 salute
952 1676 1139 1717 eorum
1168 1664 1499 1734 cogitabant.
1531 1666 1666 1723 Cum
1694 1683 1821 1737 ergo

239 1737 301 1793 in
338 1741 498 1797 corde
553 1745 665 1799 sint
716 1749 990 1817 Apostoli,
1044 1759 1097 1806 et
1152 1767 1341 1808 eorum
1392 1753 1486 1824 qui
1531 1771 1657 1811 cum
1701 1756 1819 1828 ipso

238 1836 414 1895 erant,
455 1831 685 1902 epistola
734 1843 863 1891 sunt
904 1838 1106 1907 scripta
1157 1838 1217 1892 in
1266 1840 1523 1895 cordibus
1579 1858 1815 1910 eorum;

237 1916 368 1975 auia
397 1920 491 1989 qui
528 1916 742 1992 semper
788 1923 1025 1996 alicujus
1071 1940 1279 1982 memor
1322 1934 1423 1997 est,
1465 1929 1699 2002 scriptus
1738 1938 1819 1988 est

237 2004 300 2059 in
330 2008 513 2063 animo
542 2008 677 2081 ejus.

313 2096 494 2163 (Vers.
521 2097 604 2168 3.)
661 2120 682 2145 ι
710 2099 840 2167 Quae
869 2103 1217 2172 cognoscitur
1259 2111 1313 2161 et
1355 2106 1554 2178 legitur
1603 2109 1669 2164 ab
1697 2124 1818 2165 om-

233 2182 403 2237 nibus
452 2184 805 2243 hominibus:
863 2191 1115 2247 manifest
1134 2192 1193 2247 uti
1238 2193 1366 2265 quia
1413 2195 1542 2250 estis
1586 2197 1820 2267 epistola

234 2267 466 2337 Christi,
510 2271 820 2329 ministrata
864 2292 894 2330 a
953 2278 1131 2334 nobis.
1164 2304 1184 2328 ι
1244 2282 1508 2352 Apertum
1556 2291 1636 2339 est
1683 2284 1815 2358 quia

232 2374 362 2415 cum
394 2358 652 2416 dicuntur
681 2361 1002 2430 Christiani,
1033 2366 1262 2437 epistola
1291 2368 1495 2424 Christi
1535 2380 1683 2437 sunt,
1720 2371 1819 2425 in-

232 2446 481 2503 dicantes
508 2450 761 2519 salutem,
791 2466 952 2523 quam
982 2453 1134 2509 dedit
1179 2457 1323 2512 Deus
1354 2456 1412 2512 in
1444 2457 1664 2514 Christo
1684 2476 1818 2514 om-

231 2534 401 2592 nibus
428 2536 762 2607 hominibus,
790 2540 1160 2599 scribentibus
1184 2546 1480 2616 apostolis;
1512 2546 1644 2602 dum
1669 2548 1816 2604 enim

232 2623 454 2692 docent,
518 2626 785 2684 scribunt.
839 2651 858 2677 ι
900 2630 1112 2701 Scripta
1178 2648 1289 2687 non
1346 2642 1667 2701 atramento,
1723 2634 1819 2691 sed

231 2711 444 2783 Spiritu
490 2714 591 2769 Dei
635 2715 773 2771 vivi.
802 2740 823 2765 ι
893 2720 1162 2784 Quoniam
1207 2736 1327 2791 quas
1376 2723 1645 2792 promissa
1691 2730 1818 2778 sunt

231 2808 438 2857 eterna
465 2812 632 2870 sunt;
673 2804 878 2862 idcirco
926 2808 1025 2862 Dei
1069 2808 1276 2878 Spiritu
1306 2809 1506 2881 scripta
1535 2810 1815 2877 dicuntur,

234 2890 334 2962 qui
390 2905 605 2962 semper
655 2900 736 2947 est
781 2910 794 2947 :
853 2896 1174 2964 temporalia
1237 2904 1421 2952 autem
1489 2907 1815 2967 atramento,

240 2983 392 3055 quod
429 2983 721 3041 obsolescit
749 2994 804 3042 et
849 2986 1027 3057 perdit
1056 2989 1395 3045 memoriam.
1443 3014 1463 3038 ι
1490 2992 1610 3046 Non
1639 2991 1695 3046 in
1720 2999 1816 3048 ta-

241 3070 395 3128 bulis
440 3072 687 3144 lapideis,
724 3073 819 3130 sed
849 3075 906 3130 in
954 3076 1155 3132 tabulis
1205 3078 1388 3134 cordis
1419 3080 1750 3137 carnalibus.
1780 3105 1800 3130 ο

238 3162 402 3218 Nunc
433 3162 603 3232 legem
656 3169 892 3217 veterem
923 3165 1123 3235 pulsat,
1177 3182 1295 3238 qua:
1344 3168 1580 3238 primum
1611 3169 1734 3225 data
1756 3168 1814 3225 in

235 3248 468 3321 lapideis
522 3249 722 3307 tabulis
775 3251 979 3307 abolita
1033 3261 1131 3321 est,
1189 3254 1377 3310 fractis
1431 3257 1635 3312 tabulis
1710 3261 1812 3316 sub

227 3345 418 3395 monte
444 3355 476 3395 a
504 3340 689 3412 Moyse
738 3342 941 3412 (Exod.
974 3358 1155 3410 χχχιι,
1190 3344 1300 3416 19).
1342 3346 1494 3401 Nova
1522 3355 1702 3402 autem
1723 3349 1813 3403 lex

234 3428 298 3484 in
324 3428 511 3483 animo
540 3429 821 3499 scribitur,
853 3430 957 3487 hoc
1002 3439 1083 3486 est
1132 3431 1191 3486 in
1219 3433 1401 3500 corde,
1444 3451 1554 3489 non
1608 3452 1701 3505 per
1728 3453 1813 3493 ca-

230 3517 463 3586 lamum,
495 3518 589 3573 sed
638 3535 734 3589 per
782 3519 1047 3589 Spiritum
1081 3538 1095 3586 ;
1150 3520 1279 3589 quia
1322 3521 1456 3576 ﬁdes
1488 3531 1686 3578 interna
1729 3539 1815 3579 res

226 3615 330 3674 est,
369 3607 436 3662 ab
456 3607 663 3679 Spiritu
694 3607 984 3675 scribitur,
1016 3618 1079 3665 ut
1106 3619 1323 3666 maneat
1355 3630 1367 3667 :
1417 3619 1600 3667 vetera
1629 3621 1812 3668 autem

226 3703 515 3766 prmcepta,
571 3695 858 3753 deﬁciente
904 3696 1131 3765 mundo,
1179 3699 1486 3756 cessabunt.
1529 3700 1814 3766 Quomodo

224 3800 357 3854 ergo
384 3782 568 3839 diﬁ'ert
614 3784 703 3840 lex
733 3801 765 3840 a
811 3786 944 3857 lege,
994 3786 1071 3841 ita
1117 3786 1379 3843 diiierunt
1413 3789 1814 3862 dispensatores

225 3868 383 3923 illius
421 3870 553 3941 legis
581 3886 612 3925 a
640 3870 1113 3942 dispensatoribus
1142 3872 1279 3944 legis
1306 3873 1458 3930 ﬁdei.

300 3967 481 4038 (Vers.
513 3967 593 4040 4.)
638 3991 657 4016 ‹
688 3968 971 4026 Fiduciam
1004 3977 1183 4026 autem
1227 3972 1393 4027 talem
1426 3971 1692 4029 habemus
1719 3989 1815 4046 per

222 4058 502 4118 Christum
531 4059 599 4115 ad
627 4061 821 4116 Deum.
853 4084 873 4109 ι
921 4060 1135 4128 Quanta
1178 4061 1419 4135 dignitas
1464 4064 1538 4119 sit
1585 4063 1643 4119 in
1686 4079 1812 4137 apo-

221 4152 402 4217 stolis,
460 4152 772 4208 manifestat
826 4168 951 4209 cum
1001 4152 1171 4209 dicit:
1241 4177 1260 4200 ι
1298 4155 1581 4212 Fiduciam
1627 4163 1811 4213 autem

219 4240 389 4297 talem
419 4239 684 4298 habemus
712 4242 779 4298 ad
803 4243 976 4298 Deum
1001 4258 1097 4315 per
1131 4243 1430 4301 Christum.
1472 4269 1491 4295 ι
1536 4246 1606 4302 Ut
1634 4253 1809 4302 osten-

220 4328 319 4385 dat
348 4338 557 4385 veteres
589 4347 699 4386 non
728 4330 870 4387 hanc
899 4332 1149 4388 habuisse
1181 4332 1439 4391 ﬁduciam
1488 4336 1557 4392 ad
1584 4337 1758 4393 Deum
1788 4354 1804 4406 ;

219 4417 353 4490 quia
378 4417 561 4474 minor
588 4417 696 4474 fuit
724 4419 1151 4475 administratio.

296 4517 476 4589 (Vers.
508 4516 561 4584 5,
588 4515 668 4587 6.)
716 4539 733 4563 ι
762 4516 880 4573 Νοιι
911 4517 1057 4591 quod
1086 4518 1416 4575 suﬁicientes
1460 4520 1634 4577 simus
1666 4521 1804 4579 resti-

1335 474 1691 533 COMMENT.
1736 482 1803 536 IN
1846 482 2053 539 ΙοῘΡΙῖῖἮ.
2090 489 2133 539 ll
2174 490 2267 543 AD
2308 491 2459 546 C(lll.

3410 500 3516 565 302

1086 619 1103 641 ι
1152 596 1219 650 lli
1250 600 1395 654 enim
1428 611 1479 657 et
1510 620 1593 657 res
1624 623 1833 674 comm,
1866 613 1914 668 Λ
1946 613 2138 683 Λυδοὶ,
2174 622 2232 669 ut
2262 624 2669 673 conaminmtes
2700 619 2867 690 legem
2900 625 3167 681 OCClLl-It‘c‘i
3213 630 3510 690 secundum

254 680 308 726 et
352 673 562 730 animas
624 677 985 737 invadebant:
1040 683 1332 753 Apostolus
1377 699 1557 745 autem
1609 709 1705 747 nec
1753 673 1838 750 res

1940 697 2033 768 jus
2069 710 2291 756 lthllll‘iU.
2344 705 2572 772 Spiritus
2617 714 2808 775 autem,
2867 708 2922 763 id
2953 719 3052 777 est,
3086 712 3172 767 lex
3219 713 3344 769 ﬁdei
3382 734 3501 789 quae

1946 808 2054 846 non
2085 792 2359 861 scribitur,
2389 794 2480 849 sed
2510 796 2691 852 animo
2746 800 3078 869 continetur,
3130 804 3358 873 viviﬁmt
3387 824 3505 863 reos

1946 881 2171 947 mortis;
2223 892 2598 940 convertentes
2645 894 2825 941 tamen
2877 904 2954 954 se,
2999 897 3060 944 ut
3111 890 3415 961 justiﬁcati,
3446 895 3511 951 de

1944 977 2137 1023 caetero
2175 987 2283 1025 non
2338 981 2576 1043 peccent.
2631 975 2793 1031 Recte
2844 993 2969 1047 ergo
3025 977 3150 1034 (lata
3191 979 3367 1037 fuerat
3398 983 3508 1051 lex,

1943 1063 2005 1111 ut
2031 1056 2197 1113 timor
2224 1069 2360 1115 esset
2403 1062 2658 1132 peccandi
2687 1081 2697 1118 :
2731 1065 2823 1119 sed
2853 1067 2981 1137 quia
3019 1067 3207 1140 fragile
3236 1077 3313 1125 est
3343 1087 3510 1140 genus

1941 1145 2261 1215 humanum,
2314 1150 2685 1206 misericordia
2730 1153 2829 1207 Dei
2861 1153 2985 1209 data
3016 1164 3095 1210 est
3140 1156 3197 1210 in
3242 1157 3510 1228 przedica—

1940 1234 2087 1290 tione
2116 1236 2373 1306 apostolis
2426 1246 2485 1293 ut
2514 1239 2728 1295 donatis
2760 1244 3012 1313 peccatis,
3046 1245 3338 1302 evaderent
3368 1265 3508 1304 mor-

1937 1331 2049 1379 tem
2073 1324 2350 1381 credeutcs
2383 1326 2440 1381 in
2469 1328 2705 1385 Christo.
2741 1330 2866 1387 Haec
2917 1340 2996 1388 est
3038 1333 3350 1405 praedicatio
3376 1337 3506 1393 novi

1937 1411 2287 1481 Testamenti,
2312 1415 2453 1486 quod
2482 1417 2805 1485 promiserat
2832 1420 2974 1475 Deus
3002 1435 3097 1491 per
3124 1423 3433 1493 prophetas.

2007 1499 2185 1568 (Vers.
2229 1501 2279 1568 7,
2309 1503 2391 1571 8.)
2439 1527 2459 1550 ι
2491 1504 2647 1569 Quod
2676 1506 2723 1560 si
2752 1506 3152 1564 administratio
3184 1511 3373 1565 mortis
3419 1510 3504 1567 lit-

1935 1586 2063 1641 teris
2088 1587 2316 1643 formata
2345 1592 2401 1647 in
2424 1593 2714 1661 lapidibus,
2747 1594 2855 1649 fuit
2882 1594 2939 1649 in
2962 1597 3167 1666 gloria;
3202 1598 3276 1653 ita
3308 1606 3368 1653 ut
3395 1614 3506 1655 non

1932 1681 2148 1743 possent
2176 1676 2376 1731 intueri
2405 1680 2505 1732 ﬁlii
2543 1681 2705 1735 Israel
2741 1682 2799 1735 in
2829 1683 3021 1738 faciem
3061 1684 3257 1757 Moysi,
3288 1694 3506 1758 propter

1930 1765 2156 1836 gloriam
2188 1767 2370 1822 vultus
2399 1768 2533 1838 ejus,
2563 1787 2683 1842 qua:
2714 1781 3006 1828 evacuatur
3040 1793 3054 1829 :
3094 1776 3369 1847 quomodo
3388 1792 3500 1831 non

1929 1854 2098 1924 magis
2126 1853 2524 1910 administratio
2577 1858 2812 1928 Spiritus
2861 1861 2967 1916 erit
2993 1860 3051 1916 in
3081 1862 3299 1931 gloria?
3333 1886 3353 1911 ι
3395 1864 3502 1920 Ma-

1847 1958 1894 2018 B
1928 1940 2185 1997 nifestum
2225 1952 2305 1998 est
2336 1944 2593 2014 majorem
2625 1963 2741 2002 esse
2768 1950 2994 2019 gratiam
3039 1950 3154 2019 (94)
3188 1951 3322 2020 legis
3351 1950 3499 2018 ﬁdei,

1926 2045 2087 2101 quam
2118 2031 2250 2101 legis
2277 2034 2448 2103 Moysi
2484 2053 2498 2100 ;
2530 2037 2780 2105 quamvis
2836 2038 2983 2092 enim
3013 2037 3080 2092 ad
3125 2037 3228 2093 hoc
3256 2039 3383 2093 data
3430 2039 3503 2094 sit

1927 2118 2017 2172 lex
2046 2119 2239 2189 Moysi,
2271 2130 2329 2175 ut
2358 2121 2650 2190 prodesset,
2676 2131 2990 2195 contempta
3018 2132 3224 2193 tamen,
3256 2124 3395 2181 facta
3420 2135 3503 2182 est

1927 2206 2016 2259 lex
2059 2208 2269 2262 mortis.
2320 2210 2462 2279 Ergo
2509 2211 2637 2282 quia
2680 2212 3050 2282 peccatoribus
3079 2213 3364 2284 providere
3390 2228 3500 2270 non

1926 2295 2124 2367 potuit,
2155 2296 2306 2351 venit
2337 2298 2421 2352 lex
2445 2299 2591 2367 ﬁdei,
2624 2318 2741 2372 quae
2774 2301 2874 2357 bos
2901 2302 3153 2369 salvaret,
3186 2320 3294 2358 non
3323 2305 3500 2361 solum

1928 2384 2233 2453 ignescens,
2263 2386 2355 2441 sed
2391 2395 2445 2441 et
2468 2387 2776 2458 justiﬁcans
2827 2406 2937 2446 eos.
2992 2391 3226 2447 Multum
3261 2409 3388 2464 ergo
3418 2394 3499 2448 in-

1928 2482 2089 2529 terest
2125 2480 2250 2535 1'77
2282 2480 2423 2534 inter
2471 2480 2640 2547 legem
2685 2488 2739 2535 et
2782 2482 2952 2551 legem
2984 2498 2998 2547 ;
3036 2490 3163 2538 tunc
3191 2482 3337 2536 enim
3393 2498 3499 2537 ma-

1928 2577 2092 2633 culati
2145 2584 2363 2648 peccato
2408 2577 2464 2630 in
2506 2578 2721 2631 vultum
2777 2578 2971 2649 Moysi,
3014 2577 3388 2634 descendentis
3430 2578 3500 2634 de

1928 2673 2110 2719 monte
2154 2682 2275 2719 cum
2318 2666 2430 2734 lege
2487 2674 2701 2734 accepta
2749 2663 2805 2718 in
2858 2667 3084 2733 tabulis,
3140 2666 3341 2721 intueri
3387 2684 3498 2723 non

1926 2758 2174 2822 poterant
2230 2752 2428 2819 (Exod.
2470 2767 2669 2817 xxxiv,
2715 2751 2847 2819 30);
2905 2752 3033 2822 quia
3080 2753 3312 2821 gloriosa
3360 2755 3499 2809 facta

1926 2845 2038 2893 erat
2068 2837 2229 2891 facies
2255 2836 2371 2906 ejus
2403 2855 2467 2892 ne
2496 2854 2524 2890 a
2554 2838 2925 2907 peccatoribus
2956 2846 3132 2909 posset
3182 2841 3369 2910 aspici,
3401 2842 3497 2913 qui

1927 2927 2074 2997 digni
2102 2934 2254 2981 erant
2293 2934 2484 2980 morte.
2517 2926 2645 2990 Qua:
2676 2941 2822 2981 nunc
2859 2926 3029 2996 gloria
3071 2937 3363 2983 evacuatur
3404 2943 3497 2998 per

1926 3016 2095 3085 legem
2135 3013 2388 3084 Spiritus,
2437 3031 2561 3069 cum
2618 3022 2833 3084 accepta
2887 3013 3203 3069 remissione
3258 3025 3498 3086 peccato-

1925 3120 2046 3159 rum
2077 3102 2206 3158 facti
2228 3101 2384 3173 justi,
2417 3101 2571 3171 digni
2609 3109 2737 3156 sunt
2765 3101 3003 3172 aspicere
3048 3110 3102 3157 et
3135 3111 3361 3174 possunt
3387 3105 3497 3175 glo-

1924 3193 2057 3247 riam
2087 3194 2201 3258 Dei,
2236 3192 2377 3246 sicut
2412 3190 2669 3244 vidcrunt
2698 3190 2753 3244 in
2801 3199 2983 3245 monte
3007 3192 3217 3259 Petrus,
3245 3200 3298 3246 et
3326 3192 3500 3247 Joan-

1925 3297 2039 3349 nes,
2072 3290 2123 3335 et
2143 3280 2370 3335 Jacobus
2402 3280 2625 3348 gloriam
2657 3278 2857 3333 Christi
2891 3280 3102 3346 (Matth.
3136 3295 3277 3347 xvn,
3307 3280 3386 3349 2).

1996 3373 2177 3441 (Vers.
2210 3372 2291 3441 9.)
2334 3395 2353 3417 ι
2381 3371 2437 3425 Si
2483 3370 2630 3424 enim
2673 3370 2729 3422 in
2776 3368 3248 3423 administratione
3276 3371 3497 3427 damna-

1922 3460 2088 3515 tionis
2138 3466 2218 3513 est
2254 3458 2443 3527 gloria,
2503 3458 2675 3509 multo
2706 3456 2875 3524 magis
2920 3456 3220 3511 abundabit
3262 3458 3494 3514 adminio

1922 3547 2115 3603 stratio
2140 3545 2371 3616 justitize
2404 3545 2463 3598 in
2497 3544 2686 3613 gloria.
2720 3567 2738 3589 ι
2775 3544 2887 3597 lloc
2909 3543 3064 3610 dicit,
3106 3543 3235 3614 quia
3260 3546 3495 3615 amplius

1922 3642 2002 3691 est
2048 3634 2254 3688 donum
2298 3632 2524 3703 justitize
2574 3630 2673 3686 Dei
2735 3647 2829 3701 per
2880 3631 3041 3685 ﬁdem
3073 3631 3297 3699 Christi,
3330 3650 3492 3703 quam

1922 3724 2057 3795 legis
2090 3723 2322 3789 veteris;
2354 3723 2481 3793 quia
2521 3722 2690 3791 magis
2717 3721 2886 3791 gloria
2915 3721 2968 3773 in
3000 3721 3171 3776 salute
3200 3729 3299 3786 est,
3332 3739 3491 3791 quam

1920 3813 1981 3869 in
2010 3821 2213 3868 morte:
2248 3812 2496 3884 quamvis
2519 3811 2664 3881 juste
2693 3809 2931 3877 damnet,
2964 3817 3144 3865 tamen
3175 3810 3242 3863 ad
3277 3811 3490 3867 laudem

1921 3900 2137 3973 proﬁcit
2172 3900 2363 3971 magis,
2411 3898 2458 3954 si
2508 3898 2786 3969 indulgeat
2818 3916 2833 3965 ;
2866 3905 2927 3954 ut
2954 3900 3123 3970 possit
3176 3915 3301 3955 reus
3326 3901 3491 3956 corri-

1923 4004 2043 4060 gere
2069 4004 2146 4043 se.

1991 4086 2171 4157 (Vers.
2208 4084 2318 4154 10.)
2363 4108 2381 4131 ι
2417 4085 2525 4140 Nec
2552 4082 2697 4138 enim
2728 4083 3023 4153 gloriosum
3074 4083 3277 4140 factum
3305 4093 3387 4141 est
3412 4086 3485 4156 id,

1919 4173 2065 4247 quod
2117 4172 2476 4245 gloriﬁcatum
2521 4181 2602 4227 est
2652 4171 2709 4225 in
2754 4172 2854 4226 hac
2905 4178 3053 4242 parte
3102 4174 3240 4243 (95),
3276 4184 3491 4244 promer

1918 4262 2271 4316 excellentem
2327 4263 2625 4331 gloriam.»
2685 4260 3032 4315 Manifestum
3082 4268 3164 4316 est
3214 4278 3319 4315 non
3374 4280 3488 4319 esse

1917 4350 2120 4407 factum
2151 4352 2469 4421 gloriosum,
2519 4351 2662 4424 quod
2694 4353 2872 4407 visum
2918 4359 2999 4407 est
3024 4353 3080 4406 in
3113 4354 3268 4408 vultu
3314 4348 3486 4422 Moysi

1917 4441 2210 4512 gloriosum
2269 4441 2470 4511 (Ea-od.
2528 4456 2723 4507 xxxrv,
2760 4444 2874 4510 29).
2918 4442 3143 4507 Quando
3172 4443 3316 4495 enim
3349 4442 3485 4495 nulli

1915 4528 2121 4599 profuit
2150 4528 2319 4598 gloria
2356 4530 2543 4583 vultus
2597 4528 2733 4598 ejus,
2792 4529 2884 4583 sed
2916 4532 3084 4598 magis
3114 4529 3313 4593 obfuit,
3376 4546 3483 4583 non

222 4622 371 4662 mare
422 4603 633 4677 aliquid
680 4621 711 4659 a
763 4604 942 4673 nobis,
999 4614 1255 4678 tanquam
1284 4624 1314 4662 a
1357 4608 1517 4665 nobis
1563 4611 1632 4665 sit
1666 4628 1677 4665 :
1712 4611 1805 4669 sed
1833 4657 1884 4717 D
1914 4616 2108 4672 habuit
2136 4618 2373 4672 fructum
2400 4619 2612 4687 gloriae,
2639 4619 2765 4672 licet
2794 4634 2904 4671 non
2933 4633 3032 4671 suo
3062 4616 3220 4681 vitio,
3243 4616 3333 4669 sed
3369 4634 3483 4683 pec-

228 4693 551 4717 -..ﬂ!‘!....s:-
581 4699 759 4717 ...κρυ-..ι
796 4708 859 4717 Α..
904 4694 1012 4717 “AA
1053 4700 1128 4717 --Δ
1185 4693 1273 4717 ...κζ
1328 4702 1376 4717 Δι.
1430 4694 1649 4717 2.1-____
1706 4715 1793 4717 ,_,,
2020 4706 2051 4717 _.
2248 4715 2255 4717 ξ
2458 4707 2467 4716 .
2560 4706 2570 4717 ι
2817 4713 2825 4717 -
2932 4706 2941 4717 1
3018 4704 3027 4713 ι
3316 4710 3325 4717 .
3390 4705 3447 4717 ιι.

224 4693 557 4751 suﬂicientia
581 4699 765 4748 nostra
793 4708 863 4748 ex
903 4694 1016 4748 Deo
1049 4700 1149 4762 est,
1182 4693 1276 4767 qui
1324 4702 1379 4750 et
1430 4694 1654 4752 idoneos
1704 4715 1804 4757 nos

220 4784 354 4840 fecit
404 4781 684 4838 ministros
726 4780 858 4836 novi
887 4782 1239 4851 Testamenti,
1297 4798 1409 4838 non
1468 4784 1672 4853 littera,
1705 4786 1801 4844 sed

220 4872 441 4945 spiritu.
475 4870 680 4925 Littera
709 4868 856 4924 enim
886 4868 1107 4939 occidit,
1140 4869 1367 4942 spiritus
1411 4879 1592 4927 autem
1622 4873 1801 4930 viviﬁ-

218 4966 327 5018 cat.
354 4982 375 5007 ι
436 4956 699 5025 Quamvis
750 4956 999 5028 praeferat
1051 4958 1407 5030 apostolicam
1454 4960 1798 5032 dignitatem,

220 5050 281 5106 in
308 5047 406 5105 Dei
436 5055 621 5103 tamen
652 5045 868 5101 laudem
897 5047 1225 5118 prorumpit,
1273 5065 1387 5105 non
1416 5050 1561 5105 istud
1591 5051 1801 5107 meritis

219 5136 478 5195 humanis
524 5136 818 5204 ascribens,
867 5136 960 5191 sed
1007 5134 1122 5206 ejus
1174 5137 1378 5207 gratiae,
1423 5138 1518 5210 qui
1547 5139 1802 5210 dignatus

219 5233 302 5283 est
330 5241 427 5297 pro
458 5225 574 5280 vita
604 5223 842 5280 humana
882 5224 1175 5279 salutarem
1226 5225 1666 5295 praedicationem
1712 5243 1796 5283 or-

219 5311 429 5381 dinare,
457 5328 574 5384 quae
607 5328 741 5383 quos
769 5312 860 5366 lex
890 5319 1044 5365 vetus
1090 5327 1207 5365 reos
1248 5310 1486 5379 tenebat,
1542 5314 1798 5383 salvaret,

219 5404 345 5461 data
397 5401 713 5458 remissione
769 5408 1112 5473 peccatorum
1160 5418 1255 5473 per
1286 5401 1468 5457 Jesum
1518 5402 1799 5460 Christum

217 5488 516 5547 Dominum
542 5497 811 5547 nostrum.
833 5488 1057 5545 Littera:
1079 5488 1228 5546 enim
1256 5488 1325 5544 ad
1365 5488 1470 5547 hoc
1500 5488 1638 5546 datae
1668 5498 1801 5547 sunt

282 5712 405 5786 (93)
444 5712 508 5786 Ut
555 5711 627 5786 de
674 5712 769 5786 illo
799 5712 890 5786 hoc
943 5711 1225 5767 crederent.
1269 5752 1284 5768 .
1330 5752 1345 5768 .
1372 5710 1541 5782 magis
1563 5709 1794 5784 proﬁcit,

217 5782 413 5841 desunt
444 5784 502 5840 in
531 5782 653 5841 cod.
687 5783 848 5841 Corb.

1911 4706 2153 4761 cautium
2192 4722 2206 4770 ;
2245 4715 2421 4761 tamen
2456 4707 2511 4759 in
2557 4706 2657 4760 hac
2715 4713 2862 4775 parte
2894 4704 3065 4773 gloria
3118 4710 3351 4757 nonest.
3384 4705 3485 4759 ιιιι

1910 4803 2089 4851 autem
2129 4804 2209 4849 est
2239 4795 2406 4865 magis
2436 4794 2606 4863 gloria
2655 4809 2772 4863 quas
2816 4791 3054 4844 abundat
3094 4791 3149 4843 in
3178 4791 3341 4860 grati.
3379 4810 3391 4856 ;
3425 4801 3486 4848 ut

1909 4883 2180 4954 puriﬁcati
2209 4882 2455 4938 homines
2484 4881 2627 4934 dono
2659 4881 2772 4945 Dei,
2805 4879 3046 4932 abstersa
3075 4878 3331 4949 caligine,
3364 4896 3481 4951 pos-

1908 4970 2019 5027 sint
2048 4970 2230 5026 videre
2262 4970 2486 5040 gloriam
2517 4965 2740 5023 Christi.

1979 5060 2158 5130 (Vers.
2202 5058 2312 5126 11.)
2371 5082 2388 5104 α
2418 5055 2473 5109 Si
2521 5053 2666 5108 enim
2711 5052 2857 5124 quod
2903 5060 3219 5122 evacuatur,
3262 5054 3367 5109 fuit
3423 5054 3483 5112 in

1909 5148 2096 5220 gloria,
2126 5147 2299 5201 multo
2327 5144 2494 5213 magis
2522 5141 2666 5213 quod
2699 5149 2998 5212 permanet,
3026 5142 3082 5196 in
3115 5143 3287 5213 gloria
3318 5153 3415 5199 est.
3445 5170 3465 5193 ι

1907 5240 2025 5295 Non
2076 5244 2233 5307 negat
2286 5235 2513 5307 gloriam
2554 5233 2721 5289 fuisse
2781 5234 2838 5288 in
2877 5234 3013 5305 lege,
3071 5234 3156 5287 vel
3213 5234 3270 5287 in
3325 5234 3483 5288 vultu

1906 5325 2102 5395 Moysi,
2163 5323 2256 5379 sed
2311 5341 2419 5378 non
2466 5323 2808 5394 permansit;
2865 5324 2990 5394 quia
3048 5322 3216 5390 ﬁgura
3266 5329 3377 5372 erat
3423 5320 3481 5374 in

1906 5415 2111 5485 Moyse,
2176 5427 2288 5471 non
2343 5411 2561 5467 veritas.
2618 5410 2744 5466 Ideo
2800 5408 3125 5464 adveniente
3182 5406 3478 5476 Salvatore,

1907 5504 2138 5561 cessavit
2211 5501 2437 5573 ﬁgura;
2498 5502 2625 5573 quia
2694 5502 2943 5574 apparuit
3000 5496 3201 5552 veritas
3259 5514 3481 5555 manens

2004 5707 2095 5778 94)
2121 5707 2221 5764 Ms.
2252 5707 2435 5781 Corb.,
2476 5707 2730 5781 majorem
2766 5718 2868 5781 esse
2893 5700 3140 5781 gloriam.

2004 5708 2095 5778 94)
2121 5708 2221 5764 Ms.
2252 5708 2435 5776 Corb.,
2476 5708 2730 5776 majorem
2766 5718 2868 5781 esse
2893 5708 3140 5781 gloriam.

1981 5708 2096 5852 295)
2124 5781 2282 5837 Rom.
2313 5778 2469 5847 edit.,
2490 5778 2629 5848 quod
2666 5775 2865 5829 claruit
2894 5789 2950 5826 tn
2979 5773 3073 5827 hac
3095 5776 3269 5843 parte.
