3976 6368
473 425 578 488 303

1457 417 1552 480 AD
1589 421 1823 480 OPEBA
1859 421 1915 480 S.
1958 417 2291 481 AMBROSII
2326 422 2704 480 APPENDIX.

467 562 712 620 semper;
735 554 798 603 ut
826 551 1094 618 quantum
1125 543 1354 604 interest
1384 545 1530 602 inter
1557 546 1850 620 imaginem
1881 555 1934 602 et
1954 561 2046 601 ve-
2083 549 2135 608 Α
2161 555 2242 603 est
2271 563 2364 618 per
2391 547 2552 604 ﬁdem
2580 547 2785 606 Christi
2813 546 3062 604 aufertur
3083 545 3365 614 velamen;
3395 555 3580 604 amoto
3599 549 3750 606 enim

467 640 710 705 ritatem,
740 643 957 692 tantum
987 635 1205 693 intersit
1231 636 1376 692 inter
1403 636 1632 708 gloriam
1663 637 1852 693 vultus
1875 634 2051 707 Moysi

465 734 522 783 et
575 724 803 797 gloriam
853 723 1079 780 Christi.
1139 723 1266 780 Ideo
1323 739 1488 796 supra
1537 724 1726 781 dixit:
1773 748 1793 772 ι
1823 724 2052 793 Propter

467 815 828 872 excellentem
857 811 1106 884 gloriam.
1133 837 1152 861 ι
1204 813 1305 868 Illa
1342 813 1490 869 enim
1519 821 1670 869 tanta
1697 820 1812 869 erat
1857 811 2051 884 gloria,

468 912 672 976 quanta
699 902 888 958 debuit
917 901 1066 958 credi
1084 915 1244 956 servo
1272 919 1285 958 :
1333 901 1451 958 haec
1492 919 1623 958 vero
1647 908 1819 969 tanta,
1850 909 2056 974 quanta

467 995 549 1046 est
602 987 860 1061 genitoris
889 986 1006 1059 ejus
1033 1005 1047 1054 ;
1098 985 1226 1058 quia
1257 1010 1276 1034 ι
1307 987 1574 1044 Dominus
1621 988 1776 1044 Jesus
1803 985 2056 1044 Christus

468 1075 528 1133 in
567 1075 738 1148 gloria
790 1083 872 1130 est
921 1075 1019 1130 Dei
1075 1073 1251 1130 Patris
1281 1074 1543 1146 (Philipp.
1571 1093 1630 1144 ιι,
1671 1075 1784 1146 11).
1813 1099 1832 1124 ο
1899 1074 2055 1130 Sicut

469 1164 617 1222 enim
659 1179 879 1234 vespere
928 1163 1098 1218 stellae
1127 1162 1374 1233 gloriosae
1429 1171 1580 1231 sunt,
1634 1161 1846 1218 oriente
1872 1169 2054 1216 autem

469 1253 586 1310 sole
641 1258 938 1307 evacuatur
967 1266 1152 1305 earum
1182 1250 1400 1306 claritas
1435 1268 1449 1317 ;
1499 1251 1576 1306 ita
1603 1257 1657 1305 et
1688 1249 1867 1322 Moysi
1885 1247 2056 1321 gloria

469 1349 784 1408 evacuatur,
805 1347 1098 1412 apparente
1127 1341 1299 1410 gloria
1327 1339 1530 1398 Christi
1565 1341 1704 1413 (96).

544 1449 726 1520 (Vers.
760 1445 875 1516 12.)
919 1468 940 1492 ι
970 1444 1242 1500 Habentes
1281 1445 1448 1516 igitur
1474 1447 1638 1502 talem
1679 1461 1852 1518 spem,
1885 1445 2056 1499 multa

471 1533 678 1592 ﬁducia
715 1540 952 1588 utamur.
981 1555 1000 1580 ι
1052 1533 1210 1602 Spem
1263 1531 1462 1589 habere
1507 1549 1608 1588 nos
1657 1532 1794 1588 dicit
1831 1530 2053 1586 videndi

468 1623 718 1697 gloriam,
749 1637 860 1678 non
890 1621 1053 1675 talem
1088 1618 1264 1692 qualis
1294 1619 1398 1674 fuit
1417 1619 1478 1674 in
1508 1621 1670 1676 vultu
1700 1621 1876 1693 Moysi
1909 1639 1922 1676 :
1953 1620 2052 1677 sed

466 1729 586 1770 eam
612 1728 775 1785 quam
805 1709 1064 1765 viderunt
1109 1715 1219 1764 tres
1259 1708 1496 1780 apostoli
1535 1709 1594 1764 in
1624 1719 1832 1778 monte,
1890 1726 2055 1768 reve—

466 1801 614 1856 laute
641 1814 696 1854 se
727 1795 963 1853 Domino
993 1796 1206 1866 (Matth.
1256 1813 1396 1864 xvn,
1427 1796 1506 1867 2).
1558 1797 1700 1854 Hinc
1729 1797 1898 1869 igitur
1925 1813 2054 1856 con-

2160 635 2385 706 delicto,
2423 635 2691 708 incipient
2744 635 2932 694 videre
2985 635 3161 709 quod,
3217 634 3471 693 obstante
3507 644 3750 709 peccato,

2161 721 2346 779 videre
2376 739 2485 779 non
2514 732 2785 794 poterant.

2244 817 2386 875 1'78
2417 812 2598 884 (Vers.
2631 813 2744 885 15.)
2775 836 2794 860 ι
2813 813 2920 871 Sed
2939 829 3110 886 usque
3135 812 3195 870 in
3219 811 3550 870 hodiernum
3578 814 3750 884 diem,

2162 925 2288 965 cum
2326 907 2526 980 legitur
2556 909 2790 980 Moyses,
2822 909 3071 966 velamen
3097 916 3180 966 est
3203 909 3445 981 positum
3473 925 3638 983 supra
3654 926 3752 968 cor

2163 1011 2352 1052 eorum
2399 995 2604 1066 (Exod.
2633 1012 2835 1064 xxxrv,
2873 994 2988 1068 33).
3021 1022 3041 1047 ι
3097 997 3449 1056 Manifestum
3477 1005 3578 1067 est,
3619 996 3753 1070 quia

2164 1100 2290 1140 cum
2320 1083 2518 1156 legitur
2542 1083 2659 1141 haec
2689 1101 2813 1156 pars
2863 1086 3017 1158 legis,
3045 1086 3318 1144 sententia
3341 1085 3568 1144 illorum
3596 1085 3750 1145 reci—

2164 1179 2329 1239 tatur,
2356 1172 2451 1244 qui
2473 1179 2603 1228 sunt
2630 1171 2731 1228 sub
2760 1173 2894 1244 lege.

2237 1260 2418 1332 (Vers.
2453 1260 2565 1332 16.)
2636 1283 2656 1307 ι
2695 1259 2830 1316 Cum
2883 1268 3066 1318 autem
3119 1276 3418 1320 conversus
3473 1263 3643 1321 fuerit
3679 1262 3750 1320 ad

2162 1349 2483 1418 Dominum,
2511 1349 2790 1405 auferetur
2819 1349 3088 1406 velamen.
3121 1375 3142 1400 ι
3184 1351 3442 1408 Converti
3469 1351 3537 1409 ad
3563 1352 3749 1408 Domi-

2164 1453 2318 1506 num,
2350 1437 2456 1494 hoc
2483 1445 2585 1503 est,
2637 1437 2856 1494 credere
2894 1438 2954 1494 in
3001 1437 3316 1506 Christum;
3361 1449 3424 1496 ut
3453 1456 3750 1512 agnoscens

2165 1525 2486 1595 Dominum,
2523 1525 2743 1582 veniam
2775 1535 3048 1583 mereatur
3075 1526 3339 1599 accipere.
3383 1528 3500 1585 Hoc
3527 1536 3611 1584 est
3636 1545 3750 1585 au-

2164 1613 2294 1669 ferri
2325 1615 2595 1685 velamen,
2633 1617 2962 1674 sententiam
2991 1617 3268 1686 evacuari,
3311 1633 3422 1692 qua
3461 1619 3750 1678 tenebatur

2161 1716 2287 1758 reus
2307 1701 2411 1759 sub
2439 1703 2574 1776 lege.

2234 1791 2416 1861 (Vere.
2453 1792 2568 1862 17.)
2621 1814 2642 1840 ι
2676 1793 2946 1851 Dominus
2993 1803 3174 1853 autem
3221 1795 3450 1869 spiritus
3489 1803 3590 1856 est.
3636 1794 3748 1854 Ubi

459 1888 630 1962 jicere
682 1886 961 1952 debemus,
1004 1893 1270 1958 quantum
1327 1885 1491 1942 nobis
1538 1887 1835 1945 contulerit
1864 1887 2054 1945 divina
2078 1899 2126 1960 Β
2161 1884 2339 1934 antem
2395 1879 2632 1950 δρίΐίῐιιδ
2681 1881 2928 1950 Domini.
2986 1881 3063 1938 ibi
3116 1883 3356 1942 libertas.
3395 1910 3416 1936 ι
3474 1883 3749 1953 Quoniam

467 1977 780 2044 clementia,
802 1983 1176 2048 quantumque
1204 1991 1304 2032 nos
1348 1976 1646 2048 superioris
1684 1979 1871 2049 gratiae
1898 1979 2044 2036 dono

469 2067 650 2123 ditare
703 2065 926 2136 dignata
970 2072 1071 2132 est,
1120 2080 1282 2136 quam
1329 2063 1550 2120 dederat
1597 2065 1818 2122 Iudaeis.
1879 2066 2052 2124 Judaei

470 2155 643 2222 enim,
697 2169 822 2210 cum
875 2151 1058 2207 minor
1079 2159 1220 2208 esset
1264 2151 1438 2223 gloria
1469 2154 1657 2211 vultus
1703 2153 1902 2226 Moysi,
1931 2171 2052 2211 eam

455 2242 732 2318 (speculari
760 2256 870 2297 non
901 2249 1186 2312 poterant:
1245 2257 1345 2298 nos
1374 2257 1505 2297 vero
1548 2258 1662 2298 non
1717 2241 1893 2312 Moysi
1925 2242 2053 2314 glo-

465 2331 624 2400 riam,
655 2347 776 2403 quae
811 2329 1040 2385 inferior
1065 2337 1166 2397 est,
1196 2329 1292 2385 sed
1336 2330 1696 2388 excellentem
1746 2331 2048 2388 Salvatoris

465 2423 692 2492 gloriam
749 2420 962 2477 visuros
991 2436 1092 2476 nos
1147 2419 1439 2476 credimus.
1493 2419 1668 2476 Judaei
1723 2435 1848 2491 ergo
1903 2419 2050 2476 servi

465 2511 692 2582 gloriam
721 2526 832 2566 non
859 2515 1176 2565 meruerunt
1204 2509 1391 2564 videre
1424 2527 1436 2564 :
1469 2525 1570 2566 nos
1600 2516 1779 2565 autem
1813 2508 2042 2565 Domini

465 2598 777 2657 communis
825 2599 1055 2670 gloriam
1111 2614 1300 2654 sumus
1354 2597 1548 2654 visuri.
1606 2597 1840 2671 Ideoque
1869 2605 1922 2653 et
1949 2614 2050 2654 nos

466 2689 645 2746 vicem
709 2687 954 2756 reddere,
1001 2703 1060 2744 in
1113 2695 1377 2762 quantum
1423 2703 1731 2759 possumus,
1789 2687 2050 2744 debemus

467 2778 863 2834 benevolentiae
891 2777 1031 2844 Dei;
1091 2783 1154 2832 ut
1200 2776 1574 2848 propensiores
1623 2775 1792 2830 simus
1822 2774 1880 2830 in
1934 2773 2051 2846 ejus

459 2883 682 2935 amore,
725 2867 821 2938 qui
878 2864 1037 2920 nobis
1083 2863 1340 2920 ﬁduciam
1387 2863 1562 2928 dedit,
1613 2861 1842 2918 abluens
1882 2879 1984 2918 nos
2019 2879 2052 2918 a

466 2953 728 3028 peccatis,
781 2951 1010 3007 videndi
1053 2951 1280 3021 gloriam
1327 2951 1445 3006 Dei.
1503 2951 1660 3006 Nunc
1703 2949 1884 3023 itaque
1913 2966 2052 3022 opus

472 3049 578 3108 est,
609 3047 674 3094 ut
699 3045 904 3095 crescat
926 3038 983 3091 in
1011 3035 1169 3091 nobis
1189 3035 1388 3090 ﬁducia
1406 3035 1566 3091 bonis
1593 3036 1807 3092 actibus
1836 3045 2047 3109 parata;

479 3135 697 3184 tantum
727 3125 875 3180 enim
903 3123 1235 3192 videbimus,
1265 3130 1532 3196 quantum
1558 3123 1850 3180 credimus.

539 3234 726 3306 (Vers.
751 3232 864 3304 13.)
899 3255 918 3279 ι
951 3232 1024 3288 Et
1051 3247 1163 3288 non
1214 3231 1356 3288 sicut
1383 3232 1597 3303 Moyses
1624 3233 1856 3304 ponebat
1883 3233 2046 3290 vela-
2070 3243 2114 3305 ο

466 3339 592 3380 men
621 3339 784 3396 super
835 3321 1029 3380 faciem
1075 3338 1252 3390 suam,
1281 3338 1350 3377 ne
1377 3321 1720 3378 intuerentur
1747 3322 1848 3378 ﬁlii
1879 3324 2043 3380 Israel

465 3412 527 3468 in
555 3411 749 3469 faciem
797 3410 936 3484 ejus,
985 3411 1133 3484 quod
1163 3421 1476 3468 evacuatur.
1511 3437 1530 3461 ι
1568 3413 1836 3480 Quoniam
1883 3413 2043 3484 digni

461 3499 595 3556 facti
629 3515 819 3557 sumus
839 3517 933 3572 per
962 3501 1189 3572 gratiam
1213 3500 1312 3556 Dei
1337 3500 1524 3556 videre
1559 3501 1787 3572 gloriam
1816 3500 2041 3571 Christi,

461 3589 668 3646 idcirco
695 3589 805 3644 ait:
850 3611 870 3635 ι
898 3590 971 3644 Et
989 3603 1099 3644 non
1119 3589 1260 3646 sicut
1287 3590 1501 3662 Moyses
1531 3588 1765 3660 ponebat
1795 3589 2042 3645 velamen

459 3691 623 3746 super
674 3674 872 3729 faciem
937 3691 1112 3740 suam,
1189 3691 1257 3730 ne
1321 3675 1666 3732 intuerentur
1721 3675 1824 3730 ﬁlii
1878 3676 2042 3732 Israel

462 3761 668 3832 (Exod.
700 3777 900 3830 xxxrv,
930 3761 1044 3833 33).
1075 3787 1096 3812 ι
1136 3762 1263 3819 Ideo
1318 3764 1551 3836 ponebat
1580 3763 1852 3832 velamen,
1895 3778 2043 3835 quo-

460 3849 615 3906 niam
670 3849 1012 3922 splendorem
1060 3853 1249 3908 vultus
1294 3851 1412 3924 ejus
1445 3851 1587 3908 ferre
1632 3867 1742 3908 non
1768 3859 2039 3926 poterant,

459 3951 624 3994 causa
653 3937 878 4008 peccati,
925 3954 1032 4010 quo
1060 3939 1295 4008 sublato,
1327 3947 1563 4013 potestas
1609 3939 1770 3996 datur
1814 3938 2040 3996 videndi

457 4025 689 4096 gloriam
716 4025 815 4082 Dei
843 4041 1012 4098 usque
1039 4026 1108 4082 ad
1137 4025 1302 4083 ﬁnem
1353 4027 1503 4099 ejus;
1535 4027 1664 4100 quia
1711 4026 1904 4084 tandiu
1927 4043 2038 4088 non

459 4115 754 4184 revelatur,
799 4117 1040 4190 quandiu
1092 4118 1284 4174 relicta
1344 4119 1478 4192 lege,
1533 4127 1930 4177 convertantur
1968 4120 2038 4178 ad

455 4204 683 4276 gratiam
711 4205 859 4275 ﬁdei,
883 4216 937 4263 et
963 4207 1043 4264 sic
1072 4214 1367 4263 evacuatur
1397 4208 1714 4278 indignitas.

528 4311 706 4383 (Vers.
742 4312 853 4384 14.)
897 4336 917 4359 ι
947 4311 1052 4368 Sed
1099 4309 1282 4366 obtusi
1327 4317 1456 4365 sunt
1496 4328 1688 4368 sensus
1715 4329 1904 4370 eorum
1934 4331 2038 4372 us-

464 4415 567 4473 que
596 4402 653 4458 in
702 4401 1029 4459 hodiernum
1086 4398 1252 4456 diem.
1286 4422 1305 4446 ι
1369 4398 1582 4455 Tandiu
1627 4401 1850 4458 obtusos
1877 4402 2032 4474 dicit,

453 4489 696 4562 quandiu
762 4505 873 4544 non
926 4487 1178 4544 credunt.
1238 4485 1370 4553 Qua:
1425 4486 1642 4543 obtusio
1691 4489 2033 4548 infidelitatis

447 4592 610 4636 causa
662 4576 926 4632 obvenit:
985 4574 1110 4629 ideo
1156 4573 1434 4630 conversis
1477 4574 1547 4630 ad
1601 4574 1765 4633 ﬁdem
1821 4580 2036 4636 acuitur
2062 4584 2112 4644 D

445 4665 592 4723 acies
635 4662 856 4732 mentis,
906 4669 969 4718 ut
1015 4659 1238 4718 videant
1279 4659 1459 4716 divini
1502 4661 1732 4721 luminis
1762 4666 2030 4738 splendo-

444 4767 564 4810 rem
573 4795 586 4808 .

533 4882 554 4906 ι
582 4859 700 4916 Hoc
725 4861 904 4934 ipsum
962 4861 1209 4917 velamen
1264 4859 1324 4916 in
1374 4860 1608 4917 lectione
1655 4861 1772 4932 (97)
1833 4863 2034 4920 veteris

452 4948 786 5006 Testamenti
840 4959 1041 5019 manet,
1099 4950 1228 5006 dum
1284 4965 1396 5006 non
1442 4949 1753 5018 revelatur;
1808 4951 1938 5023 quia
1971 4951 2030 5008 in

445 5037 668 5097 Christo
716 5046 1070 5094 evacuatur.»
1153 5039 1402 5109 Obtusio,
1434 5039 1531 5110 ait,
1565 5040 1682 5098 haec
1711 5041 1769 5097 in
1799 5041 2031 5098 lectione

445 5123 632 5183 Exodi
677 5132 880 5192 manet,
928 5125 1173 5196 quandiu
1203 5127 1444 5185 credant.
1477 5129 1599 5185 Non
1626 5127 1776 5186 enim
1807 5129 2031 5186 revela-

444 5221 558 5284 tur,
587 5211 699 5270 nisi
734 5211 961 5270 credant
996 5230 1010 5280 ;
1042 5212 1102 5268 in
1153 5212 1372 5271 Christo
1407 5217 1556 5272 enim
1605 5225 1904 5276 evacuatur
1921 5215 2031 5275 hoc

516 5409 632 5488 (96)
684 5407 818 5488 Cod.
850 5407 1058 5488 Corb._,
1104 5406 1249 5488 Sicut
1289 5411 1426 5464 enim
1475 5426 1576 5484 per
1615 5419 1879 5471 noctem...
1919 5431 2030 5488 ap-

438 5480 655 5550 parente
682 5480 890 5536 Christo
917 5481 973 5534 in
1000 5480 1196 5550 gloria.

444 5549 451 5550 ⁷
505 5549 632 5629 ,(97)
678 5550 836 5605 Rom.
895 5549 1028 5607 edit.
1090 5549 1224 5616 sola,
1282 5549 1405 5605 Haec
1465 5550 1584 5624 ipsa
1637 5554 1839 5612 obtusio
1866 5557 1926 5612 in
1959 5559 2024 5614 le-

444 5623 629 5684 ctione,
661 5625 766 5672 etc.

519 5687 634 5759 (98)
687 5687 892 5744 Eadem
942 5691 1100 5748 Rom.
1131 5689 1287 5760 edit.,
1347 5690 1421 5748 ad
1470 5690 1703 5748 eamdem
1746 5697 2026 5768 imaginem

2161 1967 2306 2024 Deus
2337 1967 2574 2040 Spiritus
2621 1977 2723 2038 est,
2777 1986 2874 2043 per
2909 1970 3188 2029 Christum
3219 1973 3392 2046 legem
3435 1973 3588 2030 dedit
3615 1972 3750 2046 Spi-

2162 2055 2302 2112 ritus
2333 2074 2346 2114 :
2397 2073 2506 2112 non
2551 2057 2750 2114 litteris
2777 2059 2968 2131 utique
2997 2061 3280 2131 scriptam,
3326 2064 3421 2120 sed
3458 2081 3554 2137 per
3580 2065 3749 2122 ﬁdem

2161 2144 2361 2200 animis
2412 2144 2760 2213 intimatam;
2811 2163 2922 2202 non
2966 2164 3086 2220 qua;
3122 2148 3367 2206 visibilis
3410 2151 3622 2222 doceat,
3653 2151 3750 2210 sed

2160 2229 2464 2289 invisibilia
2492 2233 2641 2290 credi
2677 2235 2936 2304 suadeat;
2987 2251 3108 2308 quae
3154 2237 3370 2294 animus
3413 2240 3748 2310 spiritaliter

2159 2324 2400 2398 colligat,
2429 2343 2542 2384 non
2571 2343 2692 2399 quae
2719 2329 2911 2386 oculus
2940 2338 3146 2388 cernat.
3180 2331 3305 2388 Haec
3333 2331 3424 2387 lex
3451 2329 3546 2386 dat
3569 2329 3750 2386 liber-

2159 2421 2348 2482 tatem,
2379 2416 2551 2472 solam
2577 2416 2740 2473 ﬁdem
2773 2434 3020 2490 poscens,
3049 2429 3110 2476 ut
3135 2421 3265 2490 quia
3286 2436 3408 2494 quae
3430 2434 3544 2478 non
3570 2417 3744 2489 videt,

2158 2503 2353 2572 credit,
2383 2505 2451 2562 de
2479 2505 2793 2564 conditione
2822 2509 2941 2564 erui
2965 2517 3256 2566 mereatur.

2231 2593 2412 2660 (Vers.
2449 2595 2562 2664 18.)
2628 2619 2649 2643 ι
2676 2597 2786 2653 Nos
2836 2598 3021 2670 itaque
3065 2615 3275 2667 omnes,
3329 2599 3566 2656 revelata
3605 2597 3748 2656 facie

2160 2679 2388 2752 gloriam
2416 2683 2641 2739 Domini
2670 2686 3032 2756 speculantes,
3062 2688 3130 2744 ad
3163 2687 3408 2744 eamdem
3451 2687 3743 2759 imaginem

2159 2767 2461 2826 formamur
2491 2771 2609 2844 (98)
2649 2788 2680 2828 a
2709 2775 2883 2844 gloria
2912 2774 2970 2830 in
2999 2775 3249 2848 gloriam,
3295 2776 3438 2833 sicut
3463 2792 3496 2832 a
3519 2775 3744 2834 Domini

2159 2855 2390 2928 Spiritu.
2425 2883 2444 2908 ι
2499 2860 2609 2916 Nos
2654 2860 2792 2918 dicit
2836 2879 3046 2931 omnes,
3087 2866 3181 2936 qui
3219 2864 3524 2922 libertatem
3553 2881 3744 2922 sumus

2159 2947 2436 3003 consecuti
2490 2949 2636 3006 dono
2682 2951 2868 3024 gratiae
2909 2952 3032 3021 Dei,
3089 2953 3318 3025 gloriam
3369 2953 3592 3011 Domini
3649 2968 3744 3024 per

2157 3032 2322 3090 ﬁdem
2352 3039 2714 3108 speculantes,
2754 3039 2823 3095 ad
2870 3040 3116 3096 eamdem
3148 3041 3440 3114 imaginem
3469 3041 3742 3099 transfor-

2158 3124 2318 3193 mari,
2349 3141 2511 3198 quam
2541 3143 2820 3200 speramus
2852 3145 2866 3184 :
2916 3127 2974 3184 id
3001 3136 3104 3199 est,
3148 3138 3216 3186 ut‘
3237 3131 3447 3188 similes
3483 3129 3742 3187 invenia-

2157 3227 2302 3280 mur,
2355 3221 2629 3271 transacta
2673 3215 2777 3272 hac
2827 3215 2962 3284 vita,
3017 3217 3243 3290 imagini
3289 3218 3474 3290 glorias
3511 3217 3742 3288 Christi,

2152 3298 2294 3356 sicut
2348 3299 2486 3359 dicit
2537 3303 2774 3359 Joannes
2825 3306 3148 3376 apostolus:
3202 3329 3223 3354 ι
3261 3305 3480 3375 Scinus,
3535 3305 3740 3379 inquit,

2150 3387 2279 3460 quia
2335 3405 2460 3446 cum
2518 3393 2852 3464 apparuerit,
2907 3393 3116 3451 similes
3161 3394 3212 3452 ei
3247 3395 3454 3452 erimus
3498 3394 3556 3467 (ι
3578 3397 3737 3453 Joan.

2150 3491 2235 3544 ιιι,
2262 3477 2340 3549 2).
2382 3504 2402 3528 ι

2235 3590 2254 3613 ι
2291 3569 2340 3622 Α
2370 3568 2544 3639 gloria
2573 3568 2631 3625 in
2661 3571 2913 3642 gloriam,
2942 3571 3085 3628 sicut
3113 3589 3145 3628 a
3169 3572 3393 3628 Domini
3427 3571 3670 3646 Spiritu;
3705 3597 3728 3622 ι

2150 3651 2207 3708 id
2231 3661 2333 3724 est,
2375 3656 2576 3712 sublati
2620 3657 2886 3714 beneﬁcio
2912 3658 3008 3714 Dei
3037 3676 3068 3713 a
3097 3659 3270 3730 gloria
3309 3659 3542 3732 Moyssis
3583 3661 3738 3731 (99),

2150 3757 2312 3812 quam
2344 3753 2523 3800 reatus
2555 3761 2719 3800 causa
2773 3763 2992 3803 cernere
3043 3749 3426 3820 nequibamus,
3464 3749 3741 3804 transfor-

2149 3843 2365 3886 mamur
2409 3831 2478 3888 ad
2523 3833 2775 3904 gloriam,
2826 3851 2987 3906 quam
3036 3837 3309 3892 credimus
3355 3837 3474 3893 dari
3506 3835 3668 3893 nobis
3707 3855 3742 3894 a

2147 3917 2370 3976 Domini
2426 3921 2656 3994 Spiritu.
2736 3924 2972 3982 Tantum
3027 3926 3172 3983 enim
3237 3926 3457 3982 dabitur
3509 3927 3697 3998 gloria!
3719 3967 3738 3994 ,

2146 4017 2411 4079 quantum
2467 4011 2695 4085 dignum
2752 4022 2833 4072 est
2895 4015 3024 4072 dare
3079 4019 3250 4072 Deum
3315 4031 3411 4086 per
3465 4015 3738 4086 Spiritum

2147 4117 2348 4170 suum;
2380 4102 2508 4158 ideo
2535 4103 2681 4160 enim
2707 4103 2885 4162 dixit:
2923 4129 2942 4154 ι
2966 4105 3119 4162 Sicut
3139 4103 3408 4161 aDomini
3441 4103 3720 4176 Spiritu;.

2143 4199 2208 4248 ut
2235 4190 2544 4248 ostenderet
2589 4193 2753 4248 talem
2799 4194 3027 4267 gloriam
3055 4192 3194 4260 dari,
3244 4208 3364 4264 quas
3402 4190 3736 4251 sublimitati

2144 4287 2410 4352 congruat
2437 4279 2642 4337 dantis.
2673 4283 2878 4354 Moysis
2915 4282 3062 4338 enim
3100 4281 3271 4354 gloria
3297 4296 3400 4337 nec
3425 4289 3576 4338 tanta
3601 4282 3732 4353 fuit,

2143 4385 2244 4425 nec
2287 4369 2572 4440 perennis;
2622 4387 2720 4444 pro
2751 4371 2914 4428 modo
2941 4371 3090 4429 enim
3119 4370 3255 4444 legis
3283 4377 3338 4426 et
3364 4371 3598 4442 gloriam
3627 4388 3733 4428 ac-

2140 4457 2314 4528 cepit;
2367 4457 2444 4514 ita
2470 4467 2524 4514 et
2567 4475 2666 4531 pro
2697 4461 2859 4517 modo
2889 4461 3023 4532 legis
3060 4458 3212 4528 ﬁdei,
3261 4459 3322 4514 in
3359 4474 3468 4532 qua
3495 4459 3734 4531 Spiritus

2145 4543 2244 4600 Dei
2275 4552 2375 4612 est,
2424 4545 2649 4602 dabitur
2675 4548 2848 4618 gloria
2893 4546 3264 4604 credentibus.
3317 4545 3552 4602 Tantum
3581 4549 3729 4604 enim

3641 413 3762 482 30L.

2142 4635 2412 4690 concessit
2439 4637 2586 4692 Deus
2614 4635 2889 4706 ﬁdelibus,
2937 4646 2998 4694 ut
3025 4636 3294 4709 Spiritum
3323 4653 3484 4696 suum
3510 4636 3602 4696 det
3627 4639 3729 4710 eis,
3779 4675 3783 4683 -

2141 4724 2340 4798 pignus
2368 4725 2524 4785 illius
2551 4729 2738 4802 gloriae
2769 4730 2874 4800 (1),
2911 4744 3073 4801 quam
3101 4726 3376 4802 promisit.

2723 4832 2950 4890 CAPUT
2987 4833 3085 4890 IV.

2211 4936 2394 5006 (Vers.
2425 4939 2506 5010 1.)
2549 4961 2569 4986 ι
2607 4937 2786 5006 Quare
2824 4937 3086 4997 habentes
3114 4939 3258 5000 hanc
3283 4939 3732 5000 administratio-

2139 5037 2288 5092 nem,
2339 5033 2502 5096 prout
2543 5025 2974 5083 misericordiam
3023 5029 3306 5087 consecuti
3357 5046 3566 5100 sumus,
3615 5047 3727 5090 non

2139 5109 2476 5170 deﬁciamus.
2520 5139 2540 5164 ι
2602 5115 2830 5173 Tantam
2863 5133 3013 5190 spem
3063 5119 3201 5176 dicit
3245 5117 3450 5176 habere
3477 5119 3732 5176 admini-

2139 5199 2422 5258 strationis
2449 5201 2636 5276 hujus,
2682 5211 2746 5262 ut
2775 5222 2888 5264 non
2915 5204 3138 5266 deﬁciat
3163 5207 3224 5265 in
3253 5207 3544 5281 pressaris,
3583 5223 3732 5266 con-

2137 5399 2605 5470 transformamur.

2210 5471 2326 5570 (99.)
2371 5473 2638 5531 Nonnulli
2671 5489 2826 5544 mss.,
2871 5475 3076 5534 sublato
3123 5475 3362 5550 beneﬁcio
3407 5475 3502 5534 Dei
3539 5477 3733 5550 gloria!

2135 5559 2458 5701 Μίῗῧῑᾟεε.
2485 5631 2716 5704 aliquot,
2739 5635 2934 5706 pignus
2963 5635 3114 5693 illius
3131 5637 3340 5709 gratim.

3773 4817 3781 4858 l

3777 4889 3792 4961 i
