3976 6400
1352 408 1714 469 COMMENT.
1754 414 1828 470 IN
1862 413 2078 471 EPIST.
2119 416 2169 472 II
2206 415 2303 471 AD
2341 415 2497 475 COR.

3460 420 3568 481 306

292 536 527 592 fortatus
578 530 686 591 ﬁde
734 532 1179 606 promissionum.
1213 534 1366 591 Unde
1397 537 1648 607 superius
1677 539 1822 595 dixit
1851 558 1863 596 :
1897 544 1948 602 Α
1972 554 2098 594 cum
2144 540 2215 595 sit
2258 541 2436 613 imago
2490 543 2609 609 Dei,
2640 558 2958 615 corporeum
3014 554 3228 603 tantum
3256 556 3510 604 asserunt
3544 565 3557 604 :

303 648 322 671 ι
352 626 521 681 Multa
548 624 750 681 ﬁducia
774 632 997 680 utantur
1035 624 1125 691 (Il
1155 624 1278 680 Cor.
1315 642 1396 693 ru,
1427 626 1517 694 12)
1542 645 1556 693 ;
1586 652 1605 675 ι
1646 627 1873 685 ﬁdentes

293 716 442 772 enim
474 715 533 770 in
564 714 671 783 his,
703 731 820 784 quae
833 714 1098 786 promissa
1126 722 1272 782 sunt,
1301 714 1568 785 quidquid
1581 716 1870 774 adversum

291 803 576 868 acciderit,
604 804 856 859 tolerant.
889 802 1046 869 Quod
1076 819 1186 857 non
1215 803 1472 859 humanis
1522 806 1733 863 meritis
1785 807 1875 863 de-

293 900 467 963 putat,
499 891 593 948 sed
624 890 1010 947 misericordiae
1038 891 1156 958 Dei,
1190 908 1309 963 qua:
1352 891 1634 949 hominem
1696 896 1872 965 primo

292 980 489 1048 abluit,
553 979 748 1036 deinde
800 978 1084 1051 justiﬁcat,
1134 979 1397 1050 adoptans
1456 982 1658 1039 Filium
1714 986 1825 1040 Deo
1854 1028 1868 1052 ,

290 1080 354 1128 ut
408 1070 574 1126 donet
618 1085 743 1126 eum
794 1068 967 1141 gloria
1019 1068 1189 1125 simili
1229 1070 1415 1140 gloriae
1456 1071 1586 1127 Filii
1659 1074 1868 1145 proprii

291 1158 409 1215 Dei.

363 1255 543 1325 (Vers.
576 1254 659 1326 2.)
702 1254 842 1312 cSed
874 1256 1255 1313 renuntiamus
1282 1257 1515 1314 occultis
1539 1257 1863 1316 dedecoris.-

290 1344 359 1401 Ut
387 1343 538 1399 illius
568 1342 754 1415 gloriae
794 1343 994 1415 dignus
1048 1344 1120 1400 sit
1164 1342 1352 1413 homo,
1395 1346 1581 1402 omnia
1610 1347 1793 1418 turpia
1821 1356 1875 1404 et

289 1431 518 1503 polluta,
560 1447 680 1505 quas
731 1430 850 1487 ﬁeri
899 1439 953 1486 et
1003 1433 1232 1502 cogitari
1276 1442 1522 1505 possunt,
1577 1434 1879 1491 amovenda

288 1518 487 1585 docet;
528 1527 590 1576 ut
638 1535 749 1575 non
792 1520 971 1575 solum
1018 1520 1085 1576 de
1136 1538 1317 1593 opere,
1350 1522 1444 1578 sed
1498 1530 1554 1579 et
1585 1524 1652 1579 de
1680 1523 1876 1595 cogita-

293 1608 442 1664 tione
505 1608 795 1680 pellantur.
870 1608 1162 1666 Invitantis
1208 1610 1373 1667 verba
1414 1618 1584 1678 sunt;
1629 1611 1731 1667 sub
1781 1627 1878 1667 sua

285 1698 432 1754 enim
458 1704 513 1754 et
542 1714 767 1753 suorum
808 1713 1038 1769 persona
1063 1698 1132 1754 ad
1164 1699 1446 1756 meliorem
1480 1701 1655 1756 vitam
1685 1699 1870 1756 horta-

285 1796 397 1856 tur,
422 1796 644 1861 propte;
683 1787 994 1858 supradicta
1040 1788 1196 1855 vitia,
1230 1805 1349 1861 quae
1397 1789 1455 1844 in
1485 1789 1573 1845 his
1604 1789 1688 1859 (2)
1728 1804 1871 1859 saepe

1979 633 2034 682 et
2101 629 2470 701 relinquentes
2515 639 2660 702 gesta
2715 630 2853 701 ejus,
2902 633 3070 689 solius
3110 636 3290 691 carnis
3349 636 3564 691 faciunt

1980 717 2337 786 mentionem,
2384 718 2451 774 de
2497 719 2695 791 quibus
2740 719 2884 775 dixit
2923 721 3128 779 Isaias:
3194 747 3212 771 ι
3247 722 3561 794 Οιιοερεεινὶι

1981 804 2171 860 oculos
2216 821 2427 871 eorum,
2476 821 2543 860 ne
2579 806 2837 863 videant:
2879 817 2933 864 et
2977 825 3153 878 aures,
3195 826 3263 866 ne
3304 810 3561 880 audiant,

1983 908 2154 966 usque
2183 895 2241 950 in
2273 894 2601 953 hodiernum
2625 896 2770 952 diem
2804 898 2918 969 (Isa
2936 916 3014 966 v1,
3047 898 3184 969 10).-

2056 983 2255 1054 (Vers.
2288 985 2367 1056 5.)
2412 1009 2431 1032 ε
2453 986 2562 1043 Nec
2589 986 2735 1042 enim
2766 1002 2864 1043 nos
2886 988 3031 1059 ipsos
3060 989 3439 1060 praedicamus,
3469 992 3563 1048 sed

1983 1069 2260 1128 Christum
2286 1074 2470 1129 Jesum
2492 1076 2787 1131 Dominum
2819 1086 3086 1133 nostrum.
3119 1102 3138 1125 ι
3180 1078 3295 1134 Hoc
3322 1086 3423 1147 est,
3454 1096 3563 1134 non

1988 1166 2224 1217 nostram
2270 1162 2497 1233 gloriam
2544 1164 2955 1232 annuntiamus,
2994 1181 3062 1221 ne
3106 1165 3229 1237 quis
3270 1182 3368 1222 nos
3418 1167 3563 1222 dicat

1985 1256 2203 1321 propter
2230 1266 2330 1305 nos
2377 1251 2522 1322 ipsos
2575 1254 2962 1323 evangelizare,
3007 1261 3069 1310 ut
3109 1254 3267 1311 nobis
3314 1254 3563 1327 proﬁciat

1987 1337 2125 1394 forte
2153 1338 2221 1393 ad
2249 1347 2462 1412 tempus
2486 1357 2497 1395 :
2530 1340 2624 1396 sed
2652 1342 2834 1397 Jesum
2862 1342 3157 1399 Dominum
3187 1352 3435 1398 nostrum
3469 1358 3561 1399 an-

1986 1426 2327 1491 nuntiamus,
2380 1426 2734 1498 subjicientes
2782 1446 2883 1486 nos
2936 1430 3129 1485 virtuti
3181 1430 3562 1502 majestatique

1988 1511 2123 1583 ejus.
2155 1513 2384 1580 Quando
2413 1531 2539 1586 ergo
2569 1518 2783 1571 nullum
2810 1534 3117 1587 gravamus,
3162 1519 3376 1573 nullum
3435 1534 3563 1575 con-

1986 1601 2242 1670 cutimus,
2275 1610 2329 1659 et
2357 1602 2638 1661 Christum
2676 1605 2970 1662 Dominum
2993 1613 3240 1663 nostrum
3288 1607 3558 1674 fatemur;

1986 1691 2119 1765 quid
2163 1701 2336 1749 estut
2376 1695 2505 1749 elati
2536 1694 2848 1765 judicemur
2882 1698 3033 1769 quasi
3071 1714 3169 1768 pro
3211 1706 3394 1753 nostra
3444 1714 3564 1769 pro-

1985 1780 2103 1851 pria
2130 1781 2365 1837 utilitate
2395 1782 2709 1853 praedicare,
2754 1792 2815 1839 ut
2872 1785 3092 1855 gloriosi
3146 1803 3500 1857 appareamus
3532 1787 3563 1842 ?

287 1875 663 1948 reprehendit.
706 1874 939 1930 Possunt
968 1883 1022 1931 et
1050 1874 1167 1931 haec
1195 1878 1410 1932 occulta
1438 1876 1720 1934 dedecoris
1775 1894 1870 1934 es-
1905 1887 1951 1947 B
1994 1892 2013 1915 ι
2041 1869 2151 1925 N08
2187 1878 2367 1927 autem
2420 1887 2605 1927 servos
2646 1880 2853 1928 vestros
2900 1883 3117 1945 propter
3158 1874 3361 1930 Jesum.
3405 1900 3424 1923 ι
3499 1876 3561 1931 In

285 1980 364 2032 se,
397 1981 518 2037 quae
556 1979 725 2036 pravo
765 1978 927 2018 sensu
970 1961 1037 2017 ad
1081 1962 1489 2034 praedicandum
1535 1965 1872 2022 meditantur

287 2060 349 2108 ut
393 2052 630 2108 fallant:
693 2050 838 2107 unde
885 2050 1161 2121 subjecit:
1218 2076 1237 2099 ι
1265 2052 1385 2107 Νοιι
1414 2053 1758 2111 ambulantes
1808 2054 1868 2111 in

284 2140 503 2207 astutia,
534 2155 709 2211 neque
737 2138 1107 2195 adulterantes
1141 2140 1367 2196 verbum
1398 2141 1515 2196 Dei.
1566 2161 1596 2194 ι)
1644 2141 1731 2197 Ad
1780 2142 1870 2199 de-

286 2226 452 2284 decus
510 2226 656 2281 enim
710 2231 764 2282 et
809 2224 1257 2281 deformationem
1311 2226 1429 2299 ejus
1494 2228 1727 2300 proﬁcit,
1775 2228 1870 2302 qui

287 2316 521 2373 subdola
546 2322 725 2370 mente
753 2313 1018 2386 conﬁngit
1051 2314 1356 2372 doctrinam
1380 2316 1448 2372 ad
1485 2317 1867 2389 decipiendum

283 2405 453 2463 corda
502 2404 873 2476 simplicium;
923 2403 1100 2475 turpis
1127 2405 1273 2460 enim
1322 2404 1640 2462 invenietur
1674 2407 1732 2462 in
1776 2406 1868 2463 die

283 2492 484 2565 judicii
516 2492 635 2549 Dei.
677 2493 811 2548 Nam
855 2491 1056 2549 astutia
1089 2492 1244 2547 malas
1276 2493 1494 2560 mentis,
1523 2502 1586 2549 ut
1625 2493 1681 2549 id
1720 2494 1866 2567 quod

284 2580 390 2637 sibi
426 2580 643 2637 libitum
677 2588 779 2648 est,
828 2580 1064 2652 expleat,
1114 2579 1281 2636 verba
1322 2580 1422 2636 Dei
1464 2580 1755 2650 adulterat,
1804 2589 1867 2638 ut

282 2684 503 2723 sensum
529 2667 786 2724 invertat.
819 2667 1141 2723 Adulterare
1171 2675 1251 2723 est
1271 2677 1452 2724 autem
1498 2686 1689 2724 verum
1747 2686 1864 2725 sen-

285 2772 407 2814 sum
437 2773 533 2829 per
586 2757 784 2813 falsum
836 2756 978 2811 velle
1015 2755 1324 2811 excludere.
1367 2778 1386 2802 ι
1414 2755 1518 2811 Sed
1547 2757 1605 2810 in
1641 2756 1866 2813 manife-

283 2847 519 2903 statione
575 2846 823 2902 veritatis
885 2844 1329 2902 commendantes
1383 2846 1743 2917 nosmetipsos
1795 2846 1866 2902 ad

280 2953 500 2993 omnem
530 2936 921 2993 conscientiam
949 2935 1236 2990 hominum
1267 2951 1447 2992 coram
1478 2937 1765 2993 Deo.»Hoc
1783 2935 1863 2994 di-

279 3025 381 3091 cit,
405 3024 534 3095 quia
555 3024 613 3079 in
636 3022 1021 3095 praedicatione
1042 3022 1352 3093 evangelica
1369 3022 1510 3078 nulli
1539 3039 1594 3079 se
1614 3024 1748 3080 fecit
1775 3040 1862 3081 su-

278 3120 527 3184 spectum
578 3111 684 3182 (3),
732 3109 935 3165 addens
964 3110 1220 3181 amplius,
1251 3127 1376 3165 cum
1408 3110 1579 3165 dicit:
1627 3134 1644 3156 ι
1666 3110 1861 3167 Coram

278 3199 431 3265 Deo;
464 3223 483 3245 ι
524 3206 585 3254 ιιι
619 3196 725 3254 hoc
748 3198 926 3269 ipsum
957 3213 1069 3253 non
1096 3198 1272 3252 solum
1323 3197 1640 3253 hominibus
1694 3198 1863 3255 mani-
1893 3232 1937 3291 ο

282 3287 485 3344 festum
516 3288 729 3360 probet,
772 3287 867 3344 sed
903 3288 1068 3344 etiam
1116 3289 1247 3355 Deo,
1292 3287 1382 3342 cui
1422 3287 1564 3342 nihil
1582 3289 1860 3344 occultum

279 3382 383 3432 est.
434 3375 832 3432 Testimonium
886 3391 1012 3447 ergo
1068 3373 1165 3429 Dei
1211 3373 1488 3443 implorat,
1534 3382 1595 3429 ut
1629 3376 1714 3430 vel
1755 3374 1861 3430 sibi

279 3462 535 3520 credatur
566 3463 672 3535 (4),
705 3462 833 3535 quia
862 3462 941 3518 ita
966 3460 1246 3533 praedicat,
1269 3459 1412 3515 sicut
1439 3459 1628 3515 datum
1676 3468 1757 3515 est
1793 3459 1860 3515 ab

278 3550 549 3609 Auctore:
584 3560 638 3606 et
658 3553 804 3607 Deus
835 3550 940 3605 hoc
972 3547 1134 3601 modo
1180 3546 1337 3601 testis
1365 3554 1464 3613 est,
1504 3546 1635 3603 dum
1672 3546 1766 3603 dat
1791 3547 1861 3604 si-

279 3656 385 3713 gna
411 3649 465 3696 et
495 3637 741 3711 prodigia
767 3637 886 3692 ﬁeri
917 3652 1012 3708 per
1048 3650 1242 3690 manus
1271 3633 1408 3705 ejus.

358 3736 539 3809 (Vers.
568 3735 649 3806 3.)
697 3733 840 3789 -Sed
886 3740 940 3790 et
995 3732 1042 3787 si
1082 3731 1262 3787 adhuc
1300 3739 1548 3803 Oper-tum
1581 3740 1660 3788 est
1686 3733 1863 3789 Evan-

283 3823 486 3897 gelium
517 3829 788 3890 nostrum,
819 3821 878 3877 in
908 3819 996 3877 his
1039 3820 1135 3892 qui
1168 3829 1416 3891 pereunt.
1448 3844 1466 3867 ι
1518 3819 1721 3876 Verum
1762 3830 1863 3889 est,

280 3912 410 3986 quia
463 3909 735 3967 increduli
830 3924 941 3965 non
1002 3907 1215 3975 vident,
1264 3907 1490 3978 perﬁdia
1538 3908 1863 3976 obcaecante,

279 3999 630 4073 splendorem
672 3997 897 4053 virtutis
952 3996 1084 4064 Dei;
1132 3995 1381 4051 velamen
1421 3996 1568 4051 enim
1600 4004 1680 4051 est
1706 4013 1869 4068 supra

277 4105 375 4148 cor
432 4102 644 4158 eorum,
703 4093 758 4144 et
820 4083 1039 4142 obtusio
1102 4081 1466 4153 inﬁdelitatis,
1525 4083 1581 4138 in
1645 4084 1864 4153 Iudaeis,

278 4178 537 4237 maxime.

353 4274 532 4346 (Vers.
562 4271 652 4343 4.)
697 4295 716 4320 ι
746 4272 808 4328 In
847 4271 1048 4345 quibus
1075 4272 1220 4327 Deus
1247 4269 1431 4327 saeculi
1479 4269 1644 4344 hujus
1698 4273 1868 4330 obcae-

278 4360 428 4418 cavit
468 4374 658 4415 sensus
700 4359 1043 4416 inﬁdelium:
1098 4361 1238 4419 179
1288 4366 1350 4415 ut
1398 4374 1510 4414 non
1553 4360 1871 4431 pervideant

281 4459 474 4515 lumen
528 4455 814 4526 Evangelii
872 4455 1173 4526 majestatis
1202 4454 1409 4512 Christi
1460 4456 1567 4525 (5),
1632 4456 1726 4528 qui
1790 4464 1871 4513 est

278 4546 460 4615 imago
488 4544 607 4599 Dei.
633 4568 652 4591 ι
694 4544 865 4598 Deum
896 4542 1031 4598 dicit
1059 4543 1402 4598 saecularium
1426 4542 1870 4618 hominum,quia
1902 4582 1949 4639 Β

280 4633 541 4691 malevoli
574 4642 703 4689 sunt
735 4650 861 4704 erga
892 4632 1053 4688 ﬁdem
1092 4631 1299 4689 Christi
1344 4648 1538 4687 sensus
1568 4634 1863 4703 obcmcare,

282 4737 355 4779 ne
384 4721 608 4777 videant
658 4722 943 4777 veritatem
998 4720 1278 4791 Evangilii
1319 4719 1613 4790 majestatis
1636 4722 1859 4779 Christi.

284 4811 400 4867 Hoc
449 4825 575 4880 ergo
626 4809 738 4865 illis
780 4818 1018 4881 praestat,
1067 4808 1211 4881 quod
1255 4809 1465 4863 volunt.
1516 4808 1655 4876 Quia
1717 4810 1861 4865 enim

281 4898 541 4955 malevoli
571 4906 699 4954 sunt
729 4898 1001 4967 homines,
1031 4906 1084 4954 et
1112 4898 1479 4968 intelligentes
1529 4915 1742 4967 verum,
1768 4898 1865 4955 di-

282 4996 417 5045 cunt
441 5002 554 5042 esse
586 4987 805 5055 falsum,
850 4987 907 5042 in
945 5004 1007 5042 eo
1040 4987 1157 5060 ipso
1194 4986 1564 5060 adjuvantur;
1611 5003 1678 5042 ne
1730 5004 1865 5059 pos-

281 5075 396 5134 sint
424 5075 661 5145 credere,
728 5075 875 5149 quod
920 5076 1117 5131 nolunt
1184 5075 1287 5146 (6).
1338 5074 1619 5132 Christum
1660 5083 1861 5145 autem,

372 5294 453 5365 (2)
492 5295 647 5350 Rom.
682 5293 839 5360 edit.,
867 5308 982 5362 qua:
1008 5292 1063 5345 in
1084 5292 1163 5345 his
1190 5291 1439 5362 epistolis.

359 5366 441 5438 (3A)
472 5366 583 5438 Cod
630 5366 813 5438 C0rb..
848 5366 1053 5438 nullum
1080 5365 1225 5438 e/[iigit
1259 5368 1570 5438 sus/motum.

360 5435 442 5506 (4)
474 5437 599 5490 Mss.
632 5437 857 5506 aliquot,
894 5441 950 5487 ut
980 5437 1055 5488 vel
1084 5435 1184 5503 ipsi
1213 5436 1477 5506 credatur.

362 5504 443 5577 (5)
484 5506 616 5563 Cod.
646 5504 786 5561 Vall.
816 5506 981 5572 solus,
1015 5505 1283 5559 obcu'cavit
1331 5521 1453 5577 erga
1484 5505 1636 5577 ﬁdem
1668 5504 1867 5560 Christi

290 5575 472 5633 sensus
502 5578 755 5648 ﬁdelium.
813 5577 883 5631 Et
924 5592 1046 5631 cum
1103 5592 1230 5631 mss.
1291 5575 1638 5646 quibusdam,
1698 5578 1867 5630 lumen

294 5649 729 5722 gloriw‘Christi.

366 5721 452 5792 (6)
483 5718 611 5774 Mss.
644 5718 1090 5795 frequentissimi,
1121 5718 1261 5789 quod
1290 5716 1513 5772 volunt:
1544 5718 1746 5774 rectius
1790 5723 1866 5775 ta-

1980 1964 2190 2014 tantum
2231 1976 2287 2015 se
2331 1977 2549 2016 servum
2605 1961 2811 2017 Christi
2851 1978 2966 2018 esse
3013 1962 3222 2034 probat,
3254 1971 3313 2018 ut
3330 1962 3560 2033 jubente

1981 2043 2119 2117 ipso,
2152 2046 2463 2102 ministrum
2487 2064 2542 2102 se
2573 2048 2768 2104 horum
2800 2049 2856 2104 in
2896 2050 3279 2120 praedicatione
3310 2059 3557 2120 testetur,

1980 2140 2043 2188 ut
2072 2150 2171 2205 pro
2195 2135 2433 2192 utilitate
2480 2135 2676 2191 horum
2730 2136 2962 2207 subjecti
3009 2138 3120 2193 sint
3165 2139 3222 2192 in
3253 2140 3560 2196 ministerio

1981 2220 2287 2293 Evangelii.
2322 2223 2516 2279 Servos
2546 2240 2672 2296 ergo
2709 2224 2915 2290 dicens,
2950 2226 3231 2282 ministros
3258 2227 3551 2299 signiﬁcat:

1979 2309 2079 2381 sed.
2119 2317 2181 2365 ut
2237 2310 2521 2367 humiliter
2562 2313 2893 2385 loqueretur,
2933 2314 3012 2369 sic
3076 2314 3256 2381 dixit;
3314 2324 3376 2371 ut
3435 2334 3561 2373 vere

1980 2398 2289 2453 ostenderet
2337 2416 2446 2454 non
2504 2400 2572 2455 ad
2643 2418 2794 2456 suam
2853 2403 3080 2473 gloriam
3144 2420 3200 2458 se
3268 2406 3561 2475 przedicare

1980 2484 2362 2556 Evangelium,
2396 2486 2489 2542 sed
2517 2487 2586 2543 ad
2626 2488 2927 2545 claritatem
2979 2490 3200 2545 Domini
3247 2492 3419 2547 nostri
3453 2494 3559 2565 (7),

1977 2571 2067 2627 cui
2097 2572 2301 2640 obedit,
2328 2574 2416 2630 cui
2448 2575 2639 2642 servit,
2704 2576 2846 2632 sicut
2883 2584 2936 2631 et
2970 2577 3084 2649 ipse
3132 2580 3399 2636 Dominus
3444 2582 3556 2638 ait:

1990 2683 2008 2705 -
2039 2660 2153 2731 Ego
2177 2677 2297 2715 sum
2328 2663 2385 2716 in
2408 2662 2588 2716 medio
2616 2671 2862 2718 vestrum
2894 2680 3005 2719 non
3036 2673 3097 2720 ut
3127 2668 3423 2735 ministrer,
3464 2669 3559 2726 sed

1977 2755 2039 2802 ut
2061 2748 2366 2803 ministrem
2402 2750 2552 2819 (Luc.
2584 2767 2727 2817 χχιι,
2767 2752 2857 2821 27)
2885 2770 2899 2817 ;
2928 2778 2946 2799 ι
2985 2768 3095 2808 non
3126 2756 3319 2810 merito
3360 2757 3558 2814 horum

1976 2836 2174 2908 quibus
2190 2837 2486 2904 ministrat,
2519 2839 2612 2894 sed
2637 2847 2856 2911 propter
2884 2840 3174 2911 imperium
3191 2845 3433 2901 Domini.

2048 2934 2227 3005 (Vers.
2260 2935 2349 3004 6.)
2389 2959 2408 2983 ι
2441 2936 2581 3002 Quia
2608 2938 2752 2992 Deus
2791 2938 2883 3008 qui
2907 2938 3050 2993 dixit
3076 2940 3143 2995 de
3189 2943 3427 2998 tenebris
3478 2944 3558 3000 lu.

1973 3038 2099 3078 men
2143 3022 2372 3094 fulgere,
2406 3023 2591 3078 illuxit
2617 3026 2673 3079 in
2700 3025 2957 3081 cordibus
2991 3028 3191 3082 nostris
3215 3030 3283 3085 ad
3354 3032 3559 3088 illumi-

1973 3110 2249 3166 nationem
2284 3112 2616 3183 cognitionis
2660 3113 2844 3183 gloriae
2890 3114 2987 3169 Dei
3045 3116 3101 3169 in
3142 3116 3278 3171 facie
3352 3119 3559 3178 Christi

1971 3199 2115 3255 Jesu.
2148 3225 2167 3248 ι
2216 3200 2332 3255 Hoc
2373 3200 2529 3266 dicit,
2588 3201 2715 3273 quia
2763 3202 3148 3258 misericordia
3198 3206 3296 3261 Dei
3354 3207 3557 3264 factum

1973 3297 2073 3355 est,
2103 3295 2165 3343 ut
2193 3304 2311 3355 nos,
2345 3288 2548 3361 inquit,
2579 3290 2673 3360 qui
2707 3289 2914 3344 fuimus
2946 3291 3295 3349 incredibiles
3324 3295 3380 3349 in
3410 3297 3559 3364 igno-

1973 3375 2149 3430 rantia
2176 3376 2280 3445 (8),
2327 3375 2432 3431 hoc
2474 3383 2555 3429 est
2588 3376 2645 3431 in
2675 3377 2932 3443 tenebris,
2967 3393 3061 3447 per
3096 3395 3195 3434 nos
3233 3380 3383 3437 daret
3413 3385 3557 3440 Deus

1973 3463 2156 3517 lumen
2176 3463 2385 3519 caeteris
2414 3463 2683 3534 gentibus.
2726 3464 2999 3529 Quantum
3031 3480 3087 3518 se
3127 3465 3305 3522 adhuc
3361 3467 3558 3527 humi-

1973 3549 2091 3615 liat,
2124 3558 2186 3604 ut
2215 3551 2312 3605 Dei
2361 3551 2530 3605 solius
2572 3558 2626 3605 et
2668 3549 2868 3606 Christi
2905 3552 3128 3621 gloriam
3164 3554 3460 3623 praeferat?
3487 3559 3555 3615 Il.

1972 3637 2275 3693 luminatur
2301 3638 2468 3703 enim,
2500 3646 2563 3693 ut
2589 3639 2955 3709 cognitionem
2993 3640 3224 3696 habeant
3246 3643 3431 3710 gloria:
3456 3646 3557 3701 Dei

1973 3742 2069 3799 per
2097 3726 2397 3783 Christum.
2432 3726 2559 3782 Ideo
2588 3728 2773 3798 glorim
2804 3727 2902 3782 Dei
2944 3727 3019 3783 ait
3050 3730 3441 3801 cognitionem,
3498 3734 3557 3790 id

1974 3824 2075 3881 est,
2107 3831 2216 3871 non
2256 3816 2355 3872 Dei
2397 3816 2584 3882 solius,
2617 3816 2711 3872 sed
2763 3823 2817 3871 et
2870 3816 3096 3884 Chrisii,
3129 3819 3224 3888 qui
3257 3827 3337 3875 est
3385 3820 3557 3891 gloria

1975 3903 2119 3975 ejus;
2150 3912 2213 3960 ut
2267 3902 2598 3976 signiﬁcaret
2645 3919 2754 3959 non
2807 3905 2984 3960 solum
3050 3906 3220 3959 Deum
3278 3910 3551 3977 cognosci,

1978 3994 2071 4050 sed
2094 4002 2147 4050 et
2175 4010 2336 4065 opera
2360 3994 2478 4065 ejus
2507 4002 2560 4049 et
2585 3994 3013 4051 misericordiam
3048 4003 3100 4051 et
3126 3997 3550 4069 providentiam,

1979 4099 2084 4156 qua
2110 4082 2356 4139 condidit
2383 4090 2437 4139 et
2477 4083 2710 4138 salvavit
2741 4100 2909 4153 genus
2956 4083 3284 4155 humanum,
3315 4088 3466 4146 visus
3493 4089 3553 4146 in

1979 4172 2197 4230 Christo
2223 4188 2316 4244 per
2337 4172 2561 4243 gloriam
2584 4173 2806 4229 virtutis
2836 4192 2965 4232 suae.

2051 4272 2229 4344 (Vers.
2258 4272 2338 4344 7.)
2387 4296 2405 4319 ι
2430 4272 2697 4330 Habentes
2736 4283 2916 4330 autem
2946 4276 3260 4333 thesaurum
3292 4279 3373 4350 (l)
3404 4279 3554 4336 hunc

1979 4363 2036 4419 in
2066 4361 2212 4417 vasis
2238 4359 2518 4429 ﬁctilibus,
2577 4369 2638 4417 ut
2682 4364 3005 4420 excellentia
3060 4366 3131 4420 sit
3162 4367 3382 4422 virtutis
3428 4368 3547 4436 Dei,

1980 4460 2033 4507 et
2059 4466 2167 4506 non
2197 4465 2266 4505 ex
2292 4450 2469 4505 nobis.
2506 4475 2524 4497 ι
2562 4450 2895 4507 Thesaurum
2940 4462 3333 4508 sacramentum
3386 4454 3550 4521 signi-

1979 4538 2166 4595 ﬁcavit
2188 4540 2283 4594 Dei
2315 4539 2372 4593 in
2392 4539 2630 4606 Christo,
2667 4540 2809 4611 quod
2848 4541 3194 4596 credentibus
3245 4541 3549 4595 manifesta-

1980 4636 2087 4695 tur,
2116 4628 2413 4684 incredulis
2446 4643 2573 4683 vero
2602 4628 2834 4700 quodam
2869 4638 3067 4684 tectum
3122 4636 3202 4683 est
3239 4628 3543 4695 velamine;

1971 4715 2100 4788 quia
2128 4716 2271 4772 sicut
2312 4716 2598 4773 thesaurus
2636 4715 2692 4771 in
2735 4717 2950 4772 occulto
2995 4716 3234 4787 ponitur,
3262 4716 3337 4769 ita
3360 4722 3413 4769 et
3467 4732 3547 4770 sa~

1970 4811 2307 4859 crumentum
2351 4804 2445 4859 Dei
2505 4804 2645 4858 intra
2680 4802 2978 4869 hominem,
3029 4801 3080 4855 id
3124 4809 3226 4867 est,
3275 4801 3331 4857 in
3385 4800 3547 4857 corde

1973 4890 2213 4948 humano
2241 4891 2609 4947 absconditur.
2644 4891 2799 4945 Hunc
2823 4905 2949 4961 ergo
2981 4889 3296 4948 thesaurum
3328 4891 3384 4946 in
3432 4896 3550 4950 ani-

1975 4996 2064 5037 mo
2108 4991 2162 5038 et
2206 4996 2429 5055 corpore
2471 4979 2605 5035 dicit
2663 4994 2777 5033 esse
2824 4995 2856 5034 a
2910 4981 3021 5036 Deo
3065 4981 3275 5050 datum,
3325 4988 3386 5036 ut
3416 4982 3546 5039 emi-

1974 5070 2160 5126 nentia
2179 5069 2400 5124 virtutis
2439 5067 2555 5139 ejus
2593 5076 2844 5139 appareat
2873 5085 2966 5140 per
2997 5069 3248 5126 homines
3293 5071 3546 5142 praedica-

1972 5305 2096 5346 men
2115 5288 2230 5353 alii,
2260 5296 2312 5342 et
2332 5286 2489 5351 edit.,
2518 5283 2655 5354 quod
2683 5286 2888 5340 nolunt.

2046 5364 2128 5431 (7)
2161 5358 2320 5415 Corb.
2358 5353 2564 5431 Codex,
2595 5356 2809 5431 seduper
2835 5353 3367 5431 charitatetrt_0hris_ti.

2049 5424 2129 5501 (8)
2163 5432 2316 5485 Rom.
2348 5430 2503 5494 edit.,
2546 5428 2638 5496 qui
2672 5427 2871 5501 fuimus
2902 5426 3219 5480 increduli...
3280 5424 3543 5480 Humilia-

1977 5499 2065 5558 tut‘
2091 5504 2222 5555 enim
2248 5508 2302 5554 ut
2328 5501 2680 5570 cogitationem
2706 5499 2943 5570 habeant,
2974 5507 3075 5551 etc.

2050 5574 2129 5645 (9)
2176 5566 2561 5645 Eademiedit.
2611 5570 2793 5645 Rom,
2828 5569 3097 5645 gubernas
3133 5571 3304 5620 autem
3345 5566 3543 5645 thesau-

1974 5640 2163 5701 ruin...
2211 5650 2270 5699 ut
2320 5642 2597 5699 eminentia
2640 5640 2772 5694 sit...
2826 5640 3086 5693 Thesauro
3139 5644 3541 5706 sacramentum,

1975 5723 2081 5778 etc.
