3976 6398
207 336 316 398 309

1270 339 1624 398 COMMENT.
1667 339 1738 395 IN
1775 339 1988 397 EPIST.
2030 341 2078 395 Il
2116 342 2212 396 AD
2251 340 2405 398 COR.

3374 345 3480 407 310

206 464 544 537 Opulentam,
599 479 663 522 ac
717 465 920 523 multos
958 466 1218 533 invitans,
1272 483 1471 539 paucos
1514 466 1676 521 habet
1724 466 1784 520 in
1812 467 1991 530 Aluti
2056 467 2340 535 fuerimus,
2406 467 2723 523 aediﬁcatam
2784 471 3124 528 inveniemus
3187 473 3246 528 in
3317 473 3473 530 caelis

208 568 422 610 summa
445 553 471 610 ?

285 642 465 713 (Vers.
504 642 615 713 16.)
676 666 694 688 ι
725 641 1062 715 Quapropter
1088 659 1195 698 non
1230 642 1532 700 deﬁcimus.
1563 668 1584 692 ›
1625 642 1796 700 Mani-

206 728 407 789 festum
442 740 523 786 est
567 731 683 787 haec
728 730 795 786 ad
849 730 1179 802 superiorem
1228 748 1444 788 sensum
1482 731 1791 802 pertinere;

206 830 277 877 ut
315 821 461 876 enim
496 820 840 877 devotionem
887 836 1037 877 suam
1078 820 1257 877 adhuc
1288 822 1695 894 propensiorem
1738 820 1795 875 in

206 905 312 963 Dei
350 908 514 963 rebus
558 908 825 976 ostendat,
870 907 987 963 hinc
1015 906 1264 978 subjecit,
1297 908 1495 980 quibus
1524 907 1678 961 nullo
1712 922 1797 978 ge-

212 1010 348 1050 nere
384 995 610 1052 deﬁcere
641 1014 695 1051 se
732 995 923 1068 probat
965 996 1256 1068 quominus
1284 994 1340 1050 id
1371 994 1517 1068 quod
1544 997 1657 1050 Deo
1686 993 1797 1065 pla-

208 1081 390 1139 citum
431 1093 531 1149 est,
582 1083 914 1156 impleatur;
960 1100 1180 1140 securus
1226 1092 1407 1140 tamen
1459 1082 1525 1139 de
1564 1096 1797 1138 resurre-

209 1172 397 1228 ctione
428 1173 710 1244 promissa.
757 1197 776 1219 ι
806 1174 876 1229 Et
905 1173 1033 1229 licet
1062 1175 1105 1228 si
1138 1173 1376 1229 exterior
1405 1172 1572 1228 homo
1613 1178 1799 1226 noster

209 1261 626 1332 corrumpitur;
660 1256 750 1315 sed
793 1261 1022 1317 interior
1053 1261 1167 1331 (18)
1202 1269 1495 1316 renovatur
1524 1258 1590 1313 de
1619 1258 1706 1313 die
1742 1258 1800 1312 in

211 1345 383 1404 diem.
414 1374 432 1396 ι
495 1349 788 1417 Pressuris,
837 1350 1028 1421 plagis,
1064 1350 1227 1418 fame,
1270 1350 1383 1417 siti,
1433 1348 1654 1419 frigore,
1702 1359 1801 1402 nu-

210 1433 382 1492 ditate
430 1453 554 1492 caro
583 1439 969 1509 corrumpitur,
1004 1438 1097 1493 sed
1129 1438 1311 1493 anima
1339 1452 1432 1510 spe
1463 1436 1634 1491 futuri
1666 1449 1798 1507 prae-

211 1525 313 1581 mii
364 1532 679 1591 renovatur,
728 1526 857 1598 quia
904 1526 1137 1583 assiduis
1183 1525 1635 1582 tribulationibus
1678 1538 1802 1595 pur-

219 1624 393 1688 gatur.
428 1615 654 1672 Proﬁcit
682 1615 829 1671 enim
860 1615 917 1671 in
948 1632 1217 1687 pressura,
1259 1631 1371 1671 non
1401 1612 1608 1679 interit,
1640 1611 1715 1665 ita
1741 1618 1805 1665 ut

219 1703 600 1760 accedentibus
664 1703 1061 1760 tentationibus
1127 1702 1373 1777 quotidie
1431 1700 1680 1773 acquirat
1738 1695 1806 1751 ad

216 1792 476 1848 meritum
505 1812 519 1860 ;
552 1792 681 1866 quia
710 1800 764 1847 et
791 1791 1008 1864 corpori
1037 1793 1317 1864 corruptio
1358 1793 1492 1851 181
1536 1787 1652 1843 hinc
1684 1802 1803 1861 Pl‘O‘
1830 1811 1881 1875 Β

221 1886 344 1945 ﬁcit
373 1888 439 1945 ad
469 1888 938 1946 immortalitatem
966 1889 1160 1944 merito
1187 1889 1402 1943 animae.

298 1978 479 2049 (Vers.
516 1978 627 2050 17.)
688 2001 707 2025 ι
747 1977 808 2033 Id
850 1978 997 2033 enim
1022 1977 1167 2050 quod
1197 1979 1254 2032 in
1293 1974 1543 2049 praesenti
1573 1980 1654 2029 est
1691 1987 1803 2028 mo-

214 2074 579 2122 mentaneum
611 2074 664 2122 et
694 2067 813 2122 leve
844 2081 1106 2139 pressura:
1138 2074 1357 2132 nostrae,
1389 2079 1553 2136 supra
1581 2061 1804 2117 modum

212 2152 274 2212 in
325 2153 665 2209 sublimitate
712 2161 973 2207 aeternum
1042 2152 1225 2223 gloriae
1279 2152 1494 2223 pondus
1552 2157 1804 2221 operatur

214 2242 277 2302 in
312 2242 491 2299 nobis.
525 2266 543 2291 ι
609 2240 896 2295 ΡΓῖὉΒΟΠῒὶΒ
936 2240 1195 2311 temporis
1244 2239 1650 2304 tribulationes,
1685 2252 1804 2307 quae

214 2347 381 2391 causa
412 2330 537 2385 ﬁdei
568 2330 913 2401 ingeruntur,
945 2334 1350 2385 momentaneas
1378 2336 1431 2383 et
1470 2328 1617 2382 leves
1645 2324 1801 2393 dicit,

217 2421 349 2496 quia
378 2427 505 2474 sunt
548 2418 911 2491 temporales;
960 2432 1123 2489 supra
1165 2416 1386 2471 modum
1421 2425 1602 2471 tamen
1632 2415 1687 2470 in
1718 2431 1805 2469 su-

214 2508 495 2567 blimitate
525 2518 787 2564 mternum
828 2506 1009 2580 gloriae
1042 2505 1255 2577 pondus
1288 2506 1499 2578 operari
1543 2503 1806 2577 patienti-

214 2596 341 2654 bus.
397 2597 586 2655 Parvis
632 2596 777 2651 enim
824 2594 1099 2651 laboribus
1150 2611 1345 2667 magna
1382 2593 1629 2649 redditur
1670 2607 1803 2646 mer-

217 2704 329 2755 ces,
356 2696 408 2744 et
437 2704 535 2760 pro
564 2687 669 2743 levi
697 2685 1049 2742 tribulatione
1072 2700 1233 2758 supra
1254 2683 1477 2739 modum
1499 2681 1806 2739 sublimitas

220 2776 409 2851 gloriae
441 2775 756 2851 pensabitur
780 2783 1069 2847 perpetuas.

296 2867 478 2941 (Vers.
515 2866 627 2937 18.)
674 2889 691 2911 ι
720 2866 839 2922 Non
870 2860 1365 2936 contemplantibus
1392 2876 1510 2934 quae
1527 2857 1805 2926 videntur,

220 2953 317 3012 sed
346 2971 465 3027 quae
500 2971 610 3009 non
660 2952 959 3019 videntur;
1013 2967 1131 3024 quas
1179 2950 1325 3006 enim
1368 2948 1645 3014 videntur,
1676 2954 1807 3001 tem-

223 3044 438 3121 poralia
492 3048 655 3098 sunt:
713 3058 832 3114 quae
889 3056 1020 3096 vero
1075 3056 1186 3096 non
1238 3044 1555 3105 cernuntur,
1610 3044 1811 3091 aeterna

224 3143 374 3191 sunt.
407 3157 423 3178 ι
481 3130 824 3187 Desiderium
873 3128 1176 3185 cmlestium
1224 3135 1278 3182 et
1303 3125 1671 3198 spiritualium
1716 3122 1808 3177 ha-

227 3221 440 3291 bentes,
497 3220 612 3276 haec
664 3218 951 3293 przesentia
999 3226 1053 3272 et
1108 3225 1323 3272 terrena
1381 3228 1631 3287 spernere
1687 3228 1808 3285 pro-

228 3311 453 3376 ﬁtetur;
502 3308 631 3382 quia
663 3307 731 3363 ad
779 3305 1237 3380 comparationem
1286 3302 1658 3376 spiritualium
1693 3298 1811 3356 haec

226 3402 381 3458 nulla
454 3405 602 3454 sunt.
669 3397 759 3454 Sic
828 3395 975 3453 enim
1045 3402 1173 3450 sunt
1237 3393 1354 3450 haec
1418 3392 1485 3447 ad
1556 3405 1806 3462 superna,

226 3486 502 3563 quomodo
534 3487 706 3558 ﬁgura
732 3485 799 3541 ad
843 3485 1129 3543 veritatem
1166 3500 1178 3538 :
1214 3480 1385 3552 ﬁgura
1413 3476 1641 3551 deperit,
1671 3476 1809 3532 veri-

221 3587 308 3637 tas
354 3583 572 3641 manet;
621 3591 684 3631 ac
738 3588 832 3646 per
877 3571 983 3626 hoc
1030 3567 1181 3625 exire
1229 3567 1298 3625 de
1326 3568 1431 3626 isto
1470 3565 1669 3625 saeculo
1698 3578 1810 3620 non

226 3670 482 3724 metuunt
505 3660 664 3737 justi,
695 3659 787 3716 sed
817 3658 1070 3733 gaudent.

852 3799 1080 3862 CAPUT
1115 3799 1187 3859 ν.

304 3933 488 4009 (Vers.
543 3932 622 4006 1.)
690 3953 710 3979 ι
754 3930 970 3987 Scimus
1020 3934 1200 3985 autem
1256 3922 1387 4001 quia
1440 3922 1489 3981 si
1537 3922 1812 3979 terrestris

227 4023 428 4085 domus
459 4031 643 4079 nostra
688 4018 854 4090 hujus
884 4015 1241 4072 habitationis
1286 4013 1633 4081 dissolvatur,
1684 4012 1813 4087 quia

223 4112 643 4173 aediﬁcationem
680 4124 748 4163 ex
776 4109 887 4162 Deo
916 4104 1198 4170 habemus,
1221 4102 1445 4159 domum
1478 4118 1585 4157 non
1624 4116 1811 4156 manu—

222 4200 447 4267 factam,
473 4206 728 4253 aeternam
779 4195 837 4249 in
868 4194 1039 4251 coelis.
1072 4218 1090 4241 ι
1141 4193 1265 4247 Haec
1296 4188 1498 4244 ﬁducia
1526 4188 1663 4246 dicit
1700 4204 1810 4244 non

222 4287 535 4344 timendum
569 4283 797 4342 dissolvi
824 4282 891 4338 de
927 4296 1153 4353 corpore
1190 4278 1454 4335 violentia
1483 4276 1810 4345 inﬁdelium,

224 4385 324 4433 aut
381 4382 524 4429 sorte
579 4373 755 4437 vitae;
820 4370 947 4443 quia
1014 4377 1313 4441 praeparata
1369 4375 1449 4423 est
1495 4365 1810 4437 hujusmodi

224 4458 851 4531 hominibusbabitatio
880 4457 938 4511 in
970 4457 1124 4512 caelis
1170 4463 1390 4522 reterna,
1422 4463 1483 4511 ut
1514 4455 1578 4509 de
1608 4464 1810 4527 tempo-

225 4554 328 4610 rali
385 4558 439 4605 et
496 4557 709 4604 terrena
785 4544 1021 4616 expulsi,
1097 4543 1156 4599 in
1220 4550 1534 4614 perpetuam
1588 4544 1811 4601 domum

227 4640 585 4711 recipiantur.
636 4634 789 4692 Unde
843 4640 897 4689 et
947 4631 1051 4688 hoc
1098 4630 1396 4703 optandum
1456 4638 1554 4701 est,
1599 4631 1645 4687 si
1696 4633 1815 4689 ﬁeri

226 4736 409 4811 potest
442 4747 455 4796 ;
489 4726 581 4782 sed
615 4726 743 4799 quia
771 4723 876 4779 hoc
919 4720 1217 4794 optandum
1251 4735 1360 4775 non
1410 4728 1510 4787 est,
1542 4736 1611 4776 ne
1637 4720 1695 4775 in
1723 4729 1817 4777 tua

232 4821 406 4896 gloria
434 4818 575 4873 alius
606 4822 819 4889 pereat;
855 4813 901 4868 si
922 4820 1104 4868 tamen
1133 4809 1393 4867 acciderit
1420 4810 1559 4881 (19),
1586 4810 1817 4866 libenter

231 4912 521 4968 ferendum
577 4914 676 4964 est.
734 4906 1063 4963 Terrestrem
1121 4902 1268 4958 enim
1318 4901 1542 4957 domum
1599 4916 1815 4957 carnem

230 5000 375 5058 hanc
416 4999 581 5068 dixit,
613 4998 742 5072 quia
782 4992 1030 5051 mortalis
1069 4998 1181 5048 est:
1223 5000 1287 5047 ut
1314 4989 1361 5045 si
1406 4989 1473 5045 de
1519 4988 1621 5045 hac
1649 4989 1816 5045 disso-

315 5180 430 5251 (18)
462 5181 619 5236 Rom.
651 5175 916 5251 edit.,_Et
945 5174 1057 5231 licet
1079 5171 1172 5242 qui
1200 5170 1337 5243 foris
1364 5176 1437 5226 est
1466 5171 1615 5229 homo
1645 5175 1818 5228 noster

241 5247 639 5322 corrunzpulur,
672 5247 894 5322 interior
925 5254 1113 5322 tanien,
1134 5251 1238 5322 etc.

311 5326 424 5395 (19)
456 5316 806 5395 llom._cd_it.,
829 5318 947 5395 jam
975 5316 1307 5395 ewluslisest.

318 5385 433 5466 (21))
467 5392 599 5449 Cod.
633 5391 801 5466 Vall.,
834 5385 876 5442 ai
898 5396 1067 5466 tamen
1099 5385 1358 5466 occiderit.

319 5452 435 5537 (21)
471 5466 616 5520 Mors
645 5452 835 5537 enim;
864 5461 930 5537 ab
962 5459 1106 5513 hisce
1151 5456 1330 5537 verbis
1360 5470 1528 5537 usque
1559 5454 1645 5537 ad,
1686 5452 1820 5509 Nam

244 5525 359 5595 cuin
394 5525 594 5601 sumus,
624 5540 728 5587 etc.
764 5531 901 5586 nihil
935 5537 1216 5601 reperitur
1240 5530 1294 5581 in
1326 5525 1456 5601 mss.
1483 5525 1642 5601 Corb.

344 5607 435 5731 22)
469 5596 595 5665 Mss.
627 5603 856 5678 aliquot,
887 5596 1177 5676 quicunque
1202 5599 1525 5673 baptizatur,
1557 5596 1823 5656 Christum

352 5696 404 5731 ut
434 5721 446 5731 .

249 5695 446 5735 mauu.

1905 556 2127 612 domum
2186 569 2461 613 aeternam.
2524 559 2645 612 Haec
2691 560 2884 613 domus
2930 579 3124 632 corpus
3172 563 3479 621 immortale

1905 646 2193 719 signiﬁcat,
2227 649 2283 702 in
2315 664 2422 720 quo
2453 656 2808 717 resurgentes,
2847 664 3054 719 semper
3082 650 3303 718 erimus,
3323 654 3482 724 cujus

1906 734 2081 789 forma
2104 734 2217 805 jam
2267 735 2325 790 in
2371 734 2521 791 caelis
2566 743 2645 792 est
2685 736 2742 792 in
2784 737 3005 791 Domini
3057 753 3280 811 corpore
3309 739 3481 798 decla-

1906 832 2021 879 rata
2053 823 2190 894 (20).

1982 929 2161 1004 (Vers.
2218 929 2274 997 2,
2330 930 2411 1003 3.)
2481 954 2498 978 ε
2547 931 2764 988 Etenim
2810 931 2868 987 in
2916 929 3023 989 hoc
3078 932 3484 1006 ingemiscimus

1908 1018 2223 1077 babitaculo
2278 1029 2484 1089 nostro,
2535 1022 2679 1095 quod
2726 1022 2791 1078 de
2834 1025 2970 1077 cmlo
3014 1032 3112 1092 est,
3164 1027 3484 1097 superindui

1909 1112 2218 1183 cupientes;
2241 1111 2511 1183 siquidem
2544 1112 2744 1179 induti,
2776 1129 2886 1169 non
2916 1112 3050 1169 nudi
3081 1114 3470 1174 inveniamur.-

1909 1200 2195 1272 Propterea
2253 1201 2387 1257 dicit
2442 1202 2497 1256 in
2545 1201 2798 1273 precibus
2848 1202 3156 1273 ingemisci,
3211 1214 3271 1261 ut
3315 1206 3486 1278 gloria

1910 1289 2175 1361 promissa
2204 1288 2269 1344 de
2298 1289 2449 1345 caelis
2494 1290 2661 1362 possit
2694 1298 3032 1362 resurgentes
3080 1291 3322 1349 induere.
3372 1295 3485 1349 Hoc

1912 1394 2038 1449 ergo
2092 1377 2457 1435 desiderantes
2530 1379 2791 1433 insistunt
2856 1379 3132 1450 precibus;
3192 1398 3258 1437 ne
3314 1399 3484 1438 resur-

1914 1475 2118 1540 gentes,
2150 1475 2363 1540 recepto
2394 1468 2581 1541 utique
2623 1483 2867 1538 corpore,
2899 1468 3056 1533 nudi,
3108 1467 3164 1523 id
3203 1477 3283 1526 est
3321 1471 3486 1527 alieni

1912 1571 1945 1612 a
1971 1556 2234 1627 promissa
2274 1556 2445 1625 gloria
2491 1555 2862 1612 inveniantur.
2899 1556 3012 1611 Hoc
3057 1556 3204 1614 enim
3246 1574 3381 1628 opus
3409 1567 3488 1615 est

1912 1652 1975 1701 ut
2006 1645 2195 1700 induta
2220 1643 2402 1698 anima
2428 1658 2671 1713 corpore,
2704 1642 2800 1698 Dei
2826 1642 3041 1714 judicio
3068 1645 3489 1716 superinduatur

1912 1743 1967 1791 et
2014 1736 2203 1805 gloria,
2237 1748 2356 1806 qua:
2411 1738 2492 1788 est
2529 1730 2842 1787 immutatio
2886 1732 2944 1787 in
2992 1734 3312 1790 claritatem.
3344 1736 3489 1790 Mors

2100 1822 2214 1894 (21)
2263 1821 2329 1878 de
2376 1828 2518 1877 terra
2547 1826 2643 1889 est,
2683 1820 3006 1876 resurrectio
3036 1836 3166 1877 vero
3194 1822 3261 1878 de
3296 1824 3483 1889 caelis;

1918 1915 1964 1970 si
2011 1920 2192 1968 tamen
2231 1912 2547 1968 immutetur
2593 1910 2651 1967 in
2697 1910 2946 1979 gloriam.
2993 1910 3106 1967 Alii
3147 1911 3362 1967 codices
3409 1912 3489 1967 sic

1916 2004 2151 2061 habent:
2195 2026 2215 2051 ι
2243 2003 2521 2075 Siquidem
2571 2001 2880 2072 exspoliati,
2927 2017 3039 2056 non
3066 2000 3198 2055 nudi
3247 2002 3487 2056 invenia-

1917 2112 2077 2152 mur:
2108 2119 2130 2146 ι
2188 2093 2245 2150 id
2289 2101 2390 2160 est,
2435 2092 2481 2149 si
2527 2099 2786 2147 exeuntes
2826 2090 2894 2146 de
2939 2106 3163 2162 corpore
3209 2089 3488 2148 Christum

1917 2184 2102 2241 vestiti
2131 2182 2395 2239 fuerimus
2423 2199 2436 2248 ;
2472 2180 2599 2253 quia
2631 2180 2946 2251 quicunque
2974 2179 3032 2234 in
3063 2178 3280 2235 Christo
3316 2179 3491 2250 bapti-

1916 2282 2128 2340 zantur,
2186 2272 2464 2331 Christum
2515 2269 2754 2325 induunt
2796 2267 2909 2339 (22)
2968 2267 3173 2339 (Galat.
3234 2283 3316 2336 nr,
3372 2268 3487 2340 27).

1918 2365 2104 2437 Itaque
2133 2363 2179 2419 si
2209 2363 2266 2418 in
2302 2362 2475 2417 forma
2503 2357 2757 2430 baptismi
2787 2366 2841 2413 et
2881 2355 3195 2412 traditionis
3234 2355 3491 2413 manseri-

1918 2470 2061 2521 mus,
2092 2450 2380 2525 exspoliati
2410 2464 2657 2519 corpore,
2686 2462 2798 2503 non
2826 2444 2962 2502 nudi
2992 2444 3341 2512 invenimur;
3364 2445 3492 2517 quia

1918 2543 1977 2598 in
2026 2542 2283 2596 interiore
2330 2538 2552 2592 homine
2586 2534 2795 2592 habitat
2848 2532 3118 2600 Christus,
3167 2549 3326 2605 quem
3364 2550 3489 2589 cum

1918 2629 2122 2693 induti,
2152 2629 2267 2684 sive
2319 2626 2526 2697 Spiritu
2563 2631 2751 2679 sancto
2794 2621 2921 2680 dato
2956 2621 3115 2677 nobis
3156 2621 3488 2689 videbimur,

1920 2717 2125 2775 erimus
2151 2713 2303 2785 digni
2332 2710 2649 2785 superindui
2683 2710 2948 2781 promissa
2974 2707 3180 2763 omlesti
3210 2708 3399 2778 gloria.
3429 2710 3491 2765 In

1913 2808 2078 2865 illum
2108 2806 2253 2862 enim
2284 2802 2497 2858 decidet
2529 2800 2794 2870 promissa
2821 2796 3060 2866 claritas,
3094 2812 3256 2870 quem
3290 2797 3491 2861 viderit

1920 2897 2135 2967 signum
2167 2890 2475 2964 adoptionis
2504 2889 2721 2947 habere.

1994 3011 2174 3084 (Vers.
2220 3009 2301 3080 4.)
2346 3032 2365 3055 ι
2394 3008 2527 3063 Nam
2568 3021 2693 3062 cum
2723 3018 2913 3061 sumus
2950 3003 3010 3060 in
3048 3000 3156 3059 hoc
3182 3018 3428 3076 corpore,
3455 3031 3477 3056 ι

1918 3100 1978 3159 id
2032 3108 2134 3168 est,
2181 3099 2420 3166 mortali,
2489 3122 2507 3145 ε
2537 3096 2943 3168 ingemiscimus
3001 3095 3114 3166 (23)
3148 3099 3394 3168 gravati:
3428 3113 3493 3156 eo

1921 3189 2067 3264 quod
2096 3190 2352 3244 nolumus
2368 3185 2521 3253 exui,
2552 3185 2646 3241 sed
2666 3183 2985 3255 superindui
3013 3201 3027 3250 ;
3056 3192 3118 3239 ut
3140 3185 3493 3242 absorbeatur

1919 3278 2149 3335 mortale
2176 3277 2282 3333 hoc
2317 3292 2349 3331 a
2398 3275 2531 3330 vita.
2564 3297 2584 3323 ι
2627 3268 2774 3327 Idem
2817 3286 3007 3327 sensus
3049 3280 3161 3339 est;
3193 3273 3317 3329 ideo
3344 3278 3492 3329 enim

1921 3367 2057 3425 dicit
2105 3373 2352 3437 gravatos
2390 3377 2499 3417 non
2538 3360 3175 3437 passionibus_oorporis,
3223 3369 3277 3414 et
3324 3362 3494 3431 ipsius

1919 3432 2129 3513 mundi.
2152 3432 2582 3523 tempestatibus,
2615 3432 3008 3519 postulationes
3048 3446 3117 3501 ad
3158 3448 3330 3502 Deum
3361 3449 3492 3504 diri-

1921 3560 2064 3617 gere,
2091 3558 2159 3597 ne
2206 3541 2559 3596 immutemur
2608 3534 2763 3601 victi,
2796 3541 2849 3589 et
2888 3532 3098 3603 indigni
3143 3528 3487 3592 efﬁciamur:

1920 3633 2015 3691 sed
2064 3640 2130 3687 ut
2185 3626 2478 3698 contigerit
2535 3624 2737 3690 exitus,
2793 3630 3197 3693 perseverantes
3249 3623 3307 3677 in
3362 3624 3489 3693 ﬁde,

1920 3721 2100 3779 induti
2129 3718 2474 3775 inveniamur
2500 3721 2686 3770 sancto
2715 3711 2946 3783 Spiritu,
2978 3711 3073 3783 qui
3104 3711 3161 3765 in
3191 3710 3493 3769 substantia

1920 3811 2170 3869 Christus
2198 3815 2298 3864 est.
2331 3806 2484 3860 Tune
2512 3804 2657 3858 enim
2688 3798 3006 3871 superindui
3032 3799 3295 3870 promissa
3323 3801 3495 3871 gloria

1920 3900 2242 3974 poterimus,
2286 3896 2331 3950 si
2362 3893 2515 3949 exuti
2547 3906 2794 3962 corpore,
2827 3905 2937 3945 non
2969 3889 3254 3959 despoliati
3284 3905 3315 3944 a
3343 3900 3492 3947 sanc-

1919 3998 1977 4045 to
2004 3988 2211 4060 Spiritu
2248 3983 2529 4037 fuerimus.
2564 3979 2652 4035 Sic
2704 3978 2931 4033 mortale
2956 3976 3276 4032 absorbetur
3298 3994 3327 4032 a
3355 3978 3490 4046 vita,

1920 4078 1977 4134 id
2006 4086 2107 4144 est,
2140 4082 2202 4131 ut
2228 4079 2567 4141 resurgentes
2602 4067 3059 4139 superinduamur
3087 4065 3493 4126 immortalitate

1919 4182 2045 4225 cum
2077 4164 2283 4237 gloria;
2316 4177 2386 4217 ne
2422 4160 2568 4214 ultra
2605 4156 2743 4212 mori
2782 4155 2972 4227 possit,
3017 4161 3112 4209 aut
3153 4154 3495 4225 passionibus

1922 4253 2191 4327 implicari
2222 4269 2234 4307 :
2274 4258 2330 4305 et
2375 4249 2479 4303 hoc
2519 4254 2599 4301 est
2649 4243 2926 4301 absorberi
2957 4259 2989 4298 a
3035 4243 3150 4297 vita
3187 4241 3299 4312 (21.)
3334 4260 3348 4308 ;
3383 4258 3493 4298 non

1921 4346 2067 4402 enim
2097 4339 2360 4397 dicendus
2389 4344 2469 4392 est
2496 4334 2774 4391 absorberi
2801 4349 2834 4388 a
2867 4332 3000 4399 vita,
3031 4331 3123 4403 qui
3152 4329 3221 4385 ad
3248 4330 3353 4387 hoc
3380 4346 3493 4386 sur-

1921 4434 2021 4506 git,
2049 4438 2109 4485 ut
2128 4428 2304 4501 pmnis
2331 4434 2537 4496 agatur.
3454 4420 3459 4425 ‘

1997 4538 2175 4611 (Vers.
2209 4535 2291 4605 5.)
2338 4556 2356 4581 ε
2379 4532 2483 4598 Qui
2514 4538 2689 4585 autem
2714 4526 2926 4599 perﬁcit
2953 4540 3055 4580 nos
3076 4524 3133 4578 in
3163 4525 3269 4578 hoc
3293 4524 3492 4594 ipsum,

1924 4631 2069 4686 Deus
2097 4633 2202 4682 est:
2236 4623 2330 4696 qui
2361 4621 2523 4675 etiam
2555 4617 2709 4672 dedit
2739 4616 2896 4669 nobis
2926 4613 3124 4684 pignus
3161 4610 3479 4680 Spiritum.

1924 4718 2039 4773 Hoc
2068 4713 2213 4788 quod
2259 4709 2674 4781 ingemiscentes
2719 4702 3010 4773 poscimus,
3054 4699 3111 4753 id
3147 4706 3246 4764 est,
3280 4714 3387 4751 non
3434 4708 3497 4755 ut

1925 4783 2184 4872 exui,sed
2200 4808 2261 4856 ut
2276 4817 2336 4855 su
2345 4795 2594 4869 perindui
2612 4803 2933 4854 mereamur,
2947 4786 3107 4856 juxta
3122 4783 3495 4855 supradictum

1925 4911 2162 4961 sensum,
2212 4892 2269 4946 in
2299 4889 2389 4944 die
2432 4882 2628 4957 judicii
2658 4882 2830 4935 Deum
2876 4874 3136 4946 perﬁcere
3165 4873 3335 4939 dicit;
3368 4874 3497 4945 quia

1924 4985 2179 5058 promisit
2204 4982 2345 5053 (25),
2364 4985 2419 5032 et
2436 4972 2613 5028 ﬁdelis
2629 4976 2732 5034 est,
2760 4965 2897 5021 dans
2918 4962 3083 5034 hujus
3105 4962 3184 5018 rei
3206 4961 3497 5034 implendas

2000 5162 2115 5233 (23)
2144 5162 2302 5215 Rom.
2334 5152 2493 5218 edit.,
2522 5149 2660 5205 Nam
2700 5144 2792 5217 qui
2831 5160 3008 5200 sumus
3039 5143 3095 5197 in
3133 5143 3226 5197 hoc
3261 5157 3494 5211 corpore,

1925 5234 2351 5303 ingeniis-nimiis;
2420 5295 2434 5303 _
2552 5294 2613 5303 ___
2663 5292 2672 5302 ι
2938 5293 2971 5303 ιν
3040 5301 3079 5303 Η
3122 5291 3151 5303 ι
3182 5284 3270 5303 Η),

2148 5300 2279 5355 Cod.
2314 5295 2498 5360 Corb.,
2546 5294 2617 5367 Et
2654 5292 2769 5359 ipsa
2815 5293 2978 5340 morte
3018 5284 3392 5367 postulationes
3428 5281 3500 5335 ad

1928 5357 2110 5433 Dein",
2146 5371 2389 5438 dirigere,
2436 5357 2493 5419 ut
2540 5357 2709 5432 ipsum
2749 5375 2936 5438 corpus
2976 5357 3497 5438 nonnalieneturpo-

2088 5444 2171 5497 sed
2207 5424 2482 5507 ntusmnpvr
2511 5424 2793 5507 imitamur
2820 5424 3232 5507 iininontalitute,
3264 5440 3325 5507 ne
3354 5424 3501 5507 ult-ret

1929 5496 2067 5573 iis};
2126 5514 2305 5584 possit,
2358 5496 2449 5563 alii
2495 5505 2822 5578 passionilms
2884 5498 3147 5584 implicari
3197 5513 3213 5549 :
3273 5496 3367 5551 hoc
3427 5499 3503 5547 est

1931 5573 2199 5644 absorberi
2222 5603 2253 5637 α
2287 5573 2407 5636 rita.
2434 5573 2571 5652 Quis
2600 5583 2773 5652 autent
2800 5573 3020 5652 perficit,
3051 5575 3160 5652 etc:
3332 5636 3344 5649 ι
3363 5636 3380 5652 ¹
3462 5596 3471 5652 2

2168 5636 2315 5712 Iidem
2347 5636 2478 5709 cod:
2500 5649 2687 5715 Corb.,
2717 5636 2823 5700 Hoc
2852 5636 2992 5712 quod
3013 5637 3293 5712 poscimus,
3322 5636 3381 5694 id
3406 5641 3497 5704 est,
