3976 6374
515 361 637 420 ’311

1539 349 1636 409 AD
1673 352 1906 409 OPERA
1941 352 1996 407 S.
2038 348 2368 409 AMBROSII
2409 345 2782 413 APPENDIX.

3707 347 3820 405 3I2

514 483 732 556 ,pignus
771 475 1073 549 Spiritum;
1125 476 1244 551 ipse
1287 480 1373 534 est
1423 475 1572 535 enim
1600 476 1941 549 signaculum
1971 475 2114 533 ado-
2138 479 2189 538 Α
2215 473 2434 548 quando
2471 471 2793 544 poenitentia
2837 470 3078 528 fructum
3125 484 3238 526 non
3267 466 3434 526 habet
3461 467 3606 538 (29).
3647 495 3667 520 ι
3693 474 3818 530 Deo

531 564 740 644 ptionis
759 572 976 621 nostra).

517 657 523 665 “
602 656 788 728 (Vers.
824 653 878 720 6,
909 653 989 718 7.)
1026 678 1046 704 ι
1072 654 1330 712 Fidentes
1358 654 1529 727 igitur
1556 671 1788 728 semper,
1810 664 1863 712 et
1881 657 2114 713 scientes

509 752 662 828 .quia
707 749 1078 808 inhabitantes
1107 750 1166 807 in
1203 749 1342 806 182
1373 751 1479 808 hoc
1507 768 1752 821 corpore,
1794 753 2114 823 peregrina-

510 857 658 920 ;mur
682 857 714 896 a
742 838 1012 907 Domino;
1061 855 1158 912 per
1200 840 1364 898 fidem
1411 841 1557 898 enim
1596 841 1962 904 ambulamus.
2001 857 2115 898 non

509 945 628 1004 :per
654 929 911 1000 speciem.
941 953 960 977 ι
1009 927 1361 986 Manifestum
1388 937 1469 986 est
1501 927 1631 1000 quia
1658 945 1752 1002 per
1793 929 1957 986 fidem
1987 947 2113 988 cum

511 1011 770 1084 iDomino
811 1033 1023 1086 sumus,
1065 1033 1177 1075 non
1223 1035 1318 1092 per
1347 1019 1730 1091 praesentiam:
1762 1035 1826 1076 ac
1870 1035 1964 1088 per
2010 1019 2116 1077 hoc

509 1107 945 1190 fperegriuamur
988 1123 1099 1162 non
1129 1107 1258 1172 ﬁde.
1289 1108 1382 1164 sed
1413 1108 1614 1180 specie.
1652 1109 1722 1164 Et
1760 1123 1947 1179 quare,
1988 1125 2114 1165 cum

510 1191 677 1256 fidem
714 1194 859 1251 dicat
888 1194 946 1249 in
976 1194 1206 1252 Actibus
1232 1197 1606 1268 apostolorum
1631 1213 1645 1252 :
1691 1218 1712 1243 ι
1742 1197 1804 1252 In
1830 1195 1949 1268 ipso
1967 1195 2112 1252 enim

512 1283 798 1352 lvivimus,
825 1290 880 1338 et
926 1299 1234 1355 movemur,
1267 1293 1322 1341 et
1349 1301 1538 1340 sumus
1571 1285 1713 1352 (Act.
1747 1299 1890 1352 xvu,
1919 1283 2012 1350 28)
2037 1302 2051 1347 ;
2081 1308 2100 1332 ι

513 1371 640 1430 ιιῑοο
669 1373 788 1429 loco
819 1372 1152 1444 peregrinari
1182 1388 1282 1427 nos
1311 1389 1343 1427 a
1370 1375 1607 1428 Domino
1636 1372 1884 1429 dicit?Si
1913 1374 2116 1446 ubique

513 1468 634 1533 ,est,
671 1459 946 1532 quomodo
985 1460 1078 1516 hic
1107 1461 1292 1532 positi,
1323 1461 1733 1533 peregrinamur
1758 1478 1790 1517 a
1827 1462 2062 1516 Domino
2086 1463 2116 1518 ?

514 1523 662 1606 .Sine
712 1548 882 1605 dubio
922 1548 1146 1620 ubique,
1197 1549 1309 1604 imo
1354 1551 1541 1605 omnia
1582 1549 1640 1604 in
1686 1551 1799 1606 Deo
1826 1559 1990 1605 sunt:
2019 1550 2112 1606 sed

515 1638 662 1711 quia
687 1638 842 1693 sedes
869 1636 963 1692 Dei
1001 1637 1053 1692 in
1082 1637 1235 1693 caelis
1263 1645 1362 1705 est,
1399 1647 1453 1693 et
1479 1638 1596 1694 illic
1619 1654 1831 1709 semper
1861 1638 2110 1695 videtur:

511 1724 660 1780 ‘ideo
700 1724 791 1780 hic
833 1724 1020 1795 positi,
1053 1724 1146 1778 ubi
1183 1739 1291 1779 non
1323 1724 1562 1793 videtur,
1595 1725 1928 1798 peregrinari
1953 1726 2022 1782 ab
2049 1743 2114 1782 eo

2220 573 2399 622 autem
2451 563 2724 618 manifesti
2777 577 3001 627 sumus;
3036 585 3054 609 ι
3095 558 3202 616 hoc
3248 559 3396 614 enim
3453 559 3820 632 praedicabat,

2222 651 2368 722 quod
2423 652 2565 706 Deus
2606 650 2880 720 jusserat:
2939 655 2993 704 et
3047 647 3153 704 hoc
3201 647 3339 704 scire
3385 647 3592 704 dicitur
3640 651 3820 720 Deus,

2223 740 2368 806 quod
2414 740 2620 796 bonum
2665 749 2768 796 est.
2821 739 3068 806 Denique
3122 738 3264 794 male
3293 738 3600 809 agentibus
3628 739 3817 796 dicit:

2236 852 2256 875 ι
2287 829 2480 885 Nescio
2527 846 2625 884 vos
2657 829 2867 898 (Matth.
2900 845 3036 895 xxv,
3071 827 3183 893 12).
3211 851 3231 875 ι
3267 859 3336 869 -
3370 851 3389 874 ι
3428 827 3596 899 Spero
3626 838 3820 887 autem

2224 925 2278 974 et
2332 918 2390 973 in
2445 917 2800 974 conscientiis
2853 917 3052 973 vestris
3102 916 3424 973 manifestos
3471 934 3572 974 nos
3609 935 3748 976 esse.
3785 944 3808 968 ι

2222 1010 2510 1068 Manifesta
2565 1016 2679 1066 erat
2731 1009 2939 1081 puritas
3007 1025 3197 1065 eorum
3252 1009 3611 1076 Corinthiis;
3684 1012 3820 1078 quia

2224 1113 2400 1169 neque
2427 1097 2722 1170 aliquando
2749 1097 2808 1153 in
2855 1097 3169 1154 adulatione
3217 1097 3436 1155 fuerant
3462 1099 3815 1168 deprehensi,

2224 1203 2399 1259 neque
2430 1186 2742 1257 praedicatio
2772 1186 2995 1242 illorum
3050 1186 3405 1257 displicuerat
3433 1190 3657 1253 sanctis,
3713 1206 3819 1247 nec

2223 1276 2292 1333 ab
2345 1275 2530 1347 aliquo
2577 1276 2797 1331 illorum
2854 1275 3176 1348 quidquam,
3225 1284 3286 1332 ut
3312 1276 3540 1344 adsolet,
3597 1279 3818 1335 occulte

2224 1364 2419 1436 ejicere
2445 1372 2826 1432 tentaveraut;
2856 1373 2919 1422 ut
2946 1365 3082 1422 foris
3116 1365 3394 1438 simplices
3422 1366 3568 1438 apud
3600 1367 3814 1434 turbas,

2224 1452 2372 1509 intus
2427 1469 2556 1509 vero
2612 1454 2935 1526 impostores
2987 1461 3185 1510 essent.
3235 1454 3361 1511 Ideo
3417 1457 3814 1512 conscientiam

2225 1540 2444 1597 illorum
2504 1543 2704 1614 pulsat,
2767 1551 2830 1601 ut
2885 1543 2990 1616 ipsi
3033 1544 3254 1602 sibimet
3298 1551 3461 1602 testes
3506 1553 3688 1603 essent
3740 1545 3814 1604 de

2223 1628 2454 1684 veritate
2483 1646 2692 1687 eorum.

2297 1718 2476 1789 (Vers.
2541 1717 2654 1787 12.)
2719 1743 2738 1767 ι
2779 1719 2899 1776 Non
2952 1719 3151 1776 iterum
3208 1736 3308 1778 nos
3365 1721 3821 1780 commendamus

528 1811 788 1869 dicimur.
836 1810 1068 1878 Quando
1117 1811 1264 1867 enim
1325 1827 1436 1868 non
1483 1829 1608 1868 eum
1661 1813 1932 1883 videmus,
1987 1815 2109 1874 licet

2229 1803 2398 1861 vobis.
2432 1830 2452 1854 ι
2493 1805 2762 1874 Quoniam
2818 1809 3070 1880 superius
3127 1825 3310 1864 veram
3368 1811 3819 1882 praedicationem

507 1914 768 1974 :prznsens
805 1899 895 1966 sit,
927 1899 1179 1956 absentes
1205 1899 1274 1956 ab
1305 1915 1369 1956 eo
1397 1917 1606 1958 sumus.

603 1988 786 2059 (Vers.
816 1987 898 2058 8.)
953 2011 973 2036 ι
999 1986 1280 2044 Audemus
1307 2005 1433 2060 ergo
1459 1998 1514 2046 et
1540 1989 1917 2048 consentimus
1945 1991 2118 2064 magis

529 2075 864 2150 peregrinari
893 2091 926 2131 a
958 2092 1204 2148 corpore,
1249 2085 1304 2133 et
1350 2085 1640 2150 praesentes
1677 2095 1792 2135 esse
1822 2080 1890 2136 ad
1918 2082 2114 2137 Deum.

509 2164 696 2221 ‘Becte
743 2163 841 2231 ait,
906 2185 926 2210 ι
969 2163 1267 2232 audemus;
1300 2189 1319 2214 ι
1362 2163 1624 2222 habentes
1661 2167 1810 2222 enim
1859 2167 2116 2224 fiduciam

529 2250 915 2326 promissionis
944 2252 1064 2321 Dei,
1093 2261 1147 2310 et
1176 2254 1408 2310 scientes
1437 2254 1673 2312 multum
1703 2255 1961 2327 expedire
1999 2257 2116 2314 illic

529 2355 670 2408 esse,
699 2356 864 2412 quam
896 2339 955 2396 in
985 2342 1209 2410 saeculo,
1243 2341 1596 2399 consentiunt
1624 2350 1678 2398 et
1728 2351 1920 2414 optant
1947 2359 2118 2401 exce-

531 2428 660 2487 dere
697 2430 763 2486 de
791 2447 1020 2503 corpore
1050 2431 1166 2502 (26)
1193 2449 1208 2499 ;
1245 2440 1307 2488 ut
1334 2432 1676 2505 requiescant
1704 2433 1949 2505 usquein
1969 2433 2117 2490 diem

531 2520 954 2576 resurrectionis
982 2520 1086 2576 sub
1113 2522 1282 2578 altare
1311 2521 1430 2578 Dei.

604 2608 786 2680 (Vers.
813 2609 894 2679 9.)
941 2633 960 2656 ε
989 2610 1060 2664 Et
1087 2609 1209 2666 ideo
1239 2610 1627 2668 contendimus
1654 2609 1772 2666 sive
1801 2619 2114 2683 praesentes,

531 2697 652 2754 sive
678 2699 1086 2771 peregrinantes
1124 2699 1334 2772 placere
1363 2700 1467 2756 illi.
1501 2725 1521 2750 ι
1579 2699 1641 2756 Id
1669 2699 1937 2772 agendum
1959 2699 2116 2770 dicit,

529 2797 586 2845 et
611 2787 770 2845 bonis
789 2789 1047 2862 operibus
1068 2787 1432 2844 insistendum
1456 2806 1470 2855 ;
1493 2796 1556 2844 ut
1579 2788 1696 2844 sive
1724 2788 1782 2843 in
1812 2788 1914 2845 hac
1937 2789 2119 2845 adhuc

529 2877 648 2932 vita
703 2878 890 2948 positi,
930 2877 1048 2933 sive
1085 2885 1209 2932 ante
1249 2877 1495 2932 tribunal
1543 2877 1751 2935 Christi
1801 2887 2114 2950 praesentes,

519 2966 843 3038 placeamus
886 2964 957 3020 ei.
1003 2963 1157 3019 Unde
1202 2964 1250 3019 si
1297 2963 1590 3035 disciplina
1634 2973 1902 3034 servetur,
1931 2974 1985 3021 et
2026 2966 2118 3022 hic

534 3061 592 3109 et
620 3053 738 3109 illic
767 3055 816 3110 ei
841 3051 1198 3126 placebimus,
1231 3052 1361 3124 quia
1387 3053 1483 3126 qui
1512 3052 1604 3112 hic
1631 3056 1830 3127 placet,
1859 3055 1978 3113 illic
2003 3071 2116 3114 non

533 3140 869 3215 displicebit.

607 3231 790 3304 (Vera.
825 3229 939 3304 10.)
975 3229 1209 3288 -0mnes
1237 3230 1383 3288 enim
1414 3247 1514 3291 nos
1544 3232 1881 3292 manifestari
1904 3243 2116 3308 oportet

527 3326 656 3377 ante
676 3321 914 3378 tribunal
933 3319 1160 3389 Christi,
1173 3329 1235 3378 ut
1254 3321 1484 3396 recipiat
1503 3325 1877 3399 unusquisque
1899 3327 2118 3398 prepria

526 3409 794 3483 corporis,
824 3416 987 3483 prout
1015 3405 1198 3482 gessit,
1231 3411 1349 3467 sive
1377 3411 1542 3480 bona,
1585 3414 1700 3469 sive
1731 3416 1872 3470 mala
1911 3417 2051 3487 (27).
2084 3439 2104 3463 ι

505 3498 701 3570 ,‘Igitur
745 3497 793 3554 si
843 3497 1128 3568 judicante
1171 3499 1412 3568 Christo,
1445 3502 1819 3576 unusquisque
1867 3511 2116 3560 nostrum

507 3584 674 3653 facta
716 3586 962 3656 corporis
1007 3587 1268 3658 recipiet;
1325 3605 1436 3646 non
1489 3591 1680 3664 utique
1717 3591 1834 3647 sine
1891 3607 2117 3664 corpore

524 3670 938 3742 adjudicabitur
982 3671 1130 3728 bono
1157 3683 1253 3731 aut
1305 3679 1467 3734 malo.
1501 3679 1573 3734 Et
1599 3694 1709 3735 non
1748 3680 1914 3749 dixit,
1975 3683 2118 3740 facta

527 3759 734 3828 carnis,
786 3759 917 3832 quia
966 3760 1148 3818 carnis
1207 3763 1344 3819 vitia
1375 3765 1492 3837 (28)
1522 3767 1802 3839 punienda
1862 3785 2112 3841 semper:

527 3847 628 3906 sed
653 3847 800 3904 facta
830 3849 1108 3920 corporis;
1133 3849 1474 3924 spiritaliter,
1495 3855 1793 3929 aliquando
1822 3858 2116 3916 carnaliter

523 3944 800 4010 operatur.

597 4031 786 4104 (Vers.
840 4031 952 4106 11.)
997 4033 1287 4096 «ὃοίθῐιῑθε
1340 4039 1531 4112 igitur,
1578 4041 1836 4098 timorem
1888 4041 2112 4100 Domini

523 4121 846 4180 hominibus
869 4121 1160 4182 suademus
1182 4144 1194 4181 :
1222 4127 1335 4183 Deo
1356 4137 1539 4185 autem
1561 4129 1835 4186 manifesti
1853 4145 2060 4188 sumus.
2080 4157 2100 4182 ι

525 4209 796 4278 Quoniam
861 4227 988 4285 ergo
1062 4212 1338 4284 judicium
1390 4217 1490 4272 Dei
1557 4216 1804 4274 futurum
1870 4229 1951 4277 est
2017 4236 2112 4292 per

503 4297 803 4358 .Christum
873 4299 944 4356 ad
1019 4299 1362 4372 singulorum
1429 4303 1862 4364 discriminanda
1925 4326 2104 4382 opera,

523 4390 732 4449 idcirco
760 4391 1057 4464 Apostolus
1076 4391 1300 4449 suadere
1321 4409 1376 4450 se
1401 4393 1536 4451 dicit
1563 4395 1632 4451 ad
1661 4396 1865 4455 bonum
1887 4416 2106 4460 sensum

501 4492 573 4558 τοι
623 4484 832 4552 vitam;
881 4491 944 4540 ut
987 4483 1266 4541 auditores
1307 4484 1425 4557 ejus
1470 4490 1646 4546 securi
1687 4491 1799 4547 sint
1826 4492 1893 4549 de
1945 4510 2105 4566 poena

2226 1909 2379 1950 suam
2408 1895 2706 1965 obtestans,
2753 1897 2973 1954 laudare
3007 1915 3063 1954 se
3093 1901 3246 1955 visus
3273 1907 3390 1967 est;
3426 1899 3631 1957 idcirco
3661 1915 3821 1956 nunc

2226 1983 2412 2040 eadem
2471 1984 2760 2057 significat,
2793 2003 2902 2042 non
2945 1988 3012 2043 ad
3061 1987 3279 2044 laudem
3311 2005 3466 2044 suam
3497 1989 3603 2044 hoc
3634 1987 3820 2044 dicere

2226 2086 2303 2138 se,
2333 2073 2426 2127 sed
2472 2072 2540 2127 ad
2591 2089 2779 2130 eorum
2829 2074 3098 2146 gloriam;
3137 2083 3198 2131 ut
3229 2077 3497 2147 gaudeant
3545 2077 3819 2147 integram

2227 2161 2665 2232 praedicationem
2720 2179 2778 2220 se
2809 2163 3157 2231 addidicisse,
3194 2163 3282 2220 his
3327 2165 3814 2222 annuntiantibus.

2239 2273 2259 2298 ι
2287 2249 2392 2306 Sed
2417 2252 2761 2308 occasionem
2791 2252 2984 2307 damus
3017 2252 3172 2308 vobis
3203 2251 3472 2325 gloriandi
3505 2253 3576 2309 de
3607 2255 3774 2309 nobis
3799 2272 3813 2320 ;

2225 2347 2289 2395 ut
2339 2340 2548 2412 aliquid
2613 2341 2861 2398 habeatis
2918 2342 3178 2398 adversus
3234 2358 3326 2398 eos
3390 2341 3488 2416 qui
3555 2342 3616 2398 in
3679 2343 3817 2398 facie

2227 2429 2550 2500 gloriantur,
2580 2437 2634 2485 et
2681 2447 2790 2487 non
2841 2431 2898 2486 in
2939 2433 3121 2488 corde.
3154 2457 3172 2480 ι
3218 2432 3334 2488 Hoc
3361 2431 3520 2500 dicit,
3551 2433 3814 2505 quoniam

2227 2518 2385 2573 multi
2417 2535 2509 2590 per
2538 2519 2827 2580 elationem
2861 2520 3233 2592 gloriabantur
3264 2521 3321 2575 in
3342 2537 3398 2576 se
3429 2522 3496 2576 de
3523 2525 3810 2595 apostolis,

2226 2607 2542 2678 profitentes
2571 2625 2626 2664 se
2646 2608 2714 2664 ab
2743 2609 2813 2665 iis
2841 2609 3052 2678 doctos,
3073 2611 3167 2683 qui
3193 2625 3408 2682 semper
3431 2627 3556 2666 cum
3575 2613 3816 2668 Domino

2224 2692 2482 2759 fuerunt;
2517 2695 2746 2770 ideoque
2794 2696 2886 2754 hic
2937 2698 3074 2754 dicit
3112 2698 3240 2755 dare
3288 2715 3346 2755 se
3393 2699 3480 2756 bis
3514 2702 3813 2772 rationem,

2213 2798 2322 2854 ~per
2359 2799 2523 2856 quam
2571 2793 2624 2840 et
2670 2785 2776 2858 ipsi
2826 2787 3192 2858 gloriarentur
3233 2791 3494 2845 adversus
3523 2806 3652 2858 eos;
3681 2793 3815 2864 quia

2225 2871 2521 2942 Apostolus
2569 2880 2702 2941 erat,
2732 2889 2765 2928 a
2793 2891 2902 2947 quo
2941 2885 2995 2932 et
3044 2876 3132 2930 isti
3183 2876 3505 2933 didicerant.
3556 2879 3708 2935 Unde
3752 2882 3811 2936 in

2225 2961 2334 3016 alio
2364 2961 2482 3018 loco
2512 2960 2678 3018 dicit:
2725 2987 2743 3009 ι
2772 2964 2922 3019 Nihil
2972 2965 3154 3021 minus
3204 2966 3305 3022 feci
3339 2967 3470 3039 (fui)
3504 2971 3572 3023 ab
3601 2967 3690 3024 his
3714 2969 3810 3042 qui

2225 3048 2384 3105 valde
2428 3057 2557 3105 sunt
2595 3052 2826 3122 apostoli
2877 3053 2964 3124 (II
2993 3054 3116 3109 Cor.
3149 3071 3253 3120 xn,
3283 3054 3394 3126 11).
3427 3081 3446 3104 ι
3489 3057 3642 3124 Quod
3674 3057 3813 3130 qui-

2225 3136 2351 3192 dem
2398 3146 2618 3195 coactus
2665 3137 2820 3207 dicit,
2854 3155 2922 3195 ne
2969 3141 3250 3198 silentium
3281 3147 3398 3214 ejus
3428 3142 3548 3199 istis
3573 3145 3808 3202 obesset.

2145 3202 2195 3266 Ο
2226 3225 2332 3293 Qui
2379 3243 2506 3298 ergo
2552 3227 2610 3281 in
2655 3202 2816 3283 corde
2865 3230 3147 3300 gloriatur,
3181 3202 3488 3304 superbiam
3535 3234 3811 3304 reprimit,

2225 3315 2405 3372 sciens
2446 3316 2575 3388 quia
2622 3315 2924 3372 humilibus
2971 3319 3119 3375 Deus
3160 3325 3253 3376 dat
3281 3325 3530 3392 gratiam,
3559 3324 3813 3396 superbis

2225 3413 2406 3460 autem
2464 3404 2668 3460 resistit
2722 3407 2923 3475 (Jacob.
2984 3425 3064 3476 ιν,
3095 3409 3186 3480 6);
3244 3411 3602 3482 superborum
3657 3413 3808 3468 enim

2226 3509 2379 3549 mens
2413 3493 2651 3550 fructum
2685 3509 2792 3550 non
2825 3495 2956 3551 facit
2982 3498 3096 3552 Deo
3133 3497 3383 3571 dignum.

2325 3583 2506 3655 (Vers.
2545 3583 2657 3654 13.)
2703 3608 2722 3630 ι
2751 3583 2877 3640 Sive
2897 3585 3045 3641 enim
3078 3596 3257 3644 mente
3287 3589 3620 3658 excedimus,
3653 3592 3806 3650 Deo:

2225 3673 2340 3729 sive
2387 3690 2578 3730 sanum
2631 3675 2892 3747 sapimus,
2943 3677 3120 3734 vobis.
3150 3703 3168 3726 ι
3217 3680 3329 3737 Hoc
3378 3681 3530 3750 dicit,
3584 3683 3716 3755 quia
3759 3685 3808 3740 si

2225 3761 2362 3818 elate
2390 3763 2477 3817 vel
2524 3763 2753 3835 superbe
2783 3773 3006 3836 putatur
3052 3767 3300 3836 locutus;
3344 3771 3471 3842 quia
3503 3770 3724 3828 laudare
3751 3789 3810 3830 se

2224 3849 2378 3906 visus
2405 3857 2504 3919 est,
2537 3868 2727 3908 verum
2780 3853 2988 3924 dicens,
3024 3857 3132 3911 Deo
3165 3861 3266 3912 hoc
3299 3858 3688 3918 remittendum
3716 3879 3728 3917 :
3763 3863 3807 3919 si

2223 3946 2403 3994 autem
2439 3957 2550 3996 non
2577 3943 2808 4014 superbe
2842 3945 3167 4016 intelligitur
3197 3945 3336 4015 (30),
3363 3945 3454 4000 sed
3477 3947 3546 4001 ad
3577 3949 3804 4020 gloriam

2222 4027 2561 4085 audientium
2591 4048 2703 4087 esse
2735 4034 2968 4102 locutus,
3001 4033 3306 4089 Corinthiis
3343 4034 3606 4105 proficere
3629 4039 3800 4107 dicit;

2221 4134 2284 4183 ut
2311 4135 2442 4185 tunc
2475 4145 2668 4203 sanum
2702 4126 2839 4183 183
2870 4129 2942 4184 sit
2991 4128 3192 4184 dictum
3241 4127 3615 4203 audientibus,
3647 4138 3692 4193 si
3726 4138 3804 4196 ita

2219 4217 2578 4290 intelligatur,
2633 4227 2693 4275 ut
2757 4219 2962 4275 dictum
3013 4225 3137 4275 est:
3201 4219 3245 4275 si
3302 4229 3481 4276 autem
3534 4223 3806 4296 iactanter

2219 4313 2439 4377 putetur
2467 4306 2697 4373 dictum,
2727 4306 2882 4401 velut
2928 4305 3178 4361 insanum
3220 4309 3332 4363 Deo
3365 4309 3802 4401 dimittendum;

2216 4395 2396 4452 omnis
2423 4397 2568 4451 enim
2599 4393 2851 4466 superbia
2879 4395 3030 4450 velut
3062 4399 3269 4452 insania
3300 4397 3551 4457 habetur.

2288 4484 2467 4556 (Vers.
2521 4483 2634 4554 14.)
2678 4506 2696 4531 ε
2744 4483 2992 4543 Charitas
3054 4486 3195 4540 enim
3236 4485 3440 4543 Christi
3492 4498 3643 4561 urget
3673 4507 3798 4560 nos,

500 4573 726 4644 .futm-a,
765 4580 822 4632 et
870 4574 986 4646 ipse
1031 4575 1316 4646 glorietur,
1373 4576 1431 4632 in
1473 4576 1558 4635 his
1609 4579 1815 4638 habens
1859 4561 2100 4640 {ru-ctum
2131 4561 2179 4620 D
2210 4571 2316 4629 hoc
2340 4572 2672 4644 judicantes,
2706 4572 2850 4646 quod
2874 4573 2918 4629 si
2952 4589 3094 4629 unus
3131 4589 3230 4646 pro
3260 4576 3516 4633 omnibus
3547 4587 3800 4637 mortuus

511 4662 766 4721 laborum
787 4677 1043 4729 suorum;
1068 4663 1198 4736 quia
1223 4664 1584 4736 quorumdam
1617 4669 1960 4743 praviloquio
1985 4670 2102 4728 dies

508 4750 711 4822 judicii
755 4751 855 4809 Dei
901 4751 961 4810 in
1009 4752 1241 4811 dubium
1289 4754 1616 4814 deducitur:
1664 4781 1684 4806 ι
1732 4758 2102 4832 Corrumpunt

514 4840 664 4896 enim
695 4857 872 4899 mores
905 4842 1080 4901 bonos
1105 4845 1384 4918 colloquia
1412 4849 1552 4902 mala
1585 4849 1642 4920 (Ι
1669 4848 1794 4905 Cor.
1817 4866 1914 4916 xv,
1947 4850 2086 4921 33).-

511 4955 588 4973 --
625 4952 647 4979 ι
677 4931 1005 4992 Hominibus
1059 4935 1369 5005 suademus,
1399 4961 1418 4985 ι
1461 4937 1576 5004 ait;
1637 4943 1700 4992 ut
1754 4937 2000 5006 credant,
2046 4946 2100 4995 et

509 5017 840 5093 provideant
908 5037 978 5079 ne
1051 5024 1352 5094 incurrant,
1429 5033 1483 5082 et
1558 5033 1689 5082 tunc
1775 5027 2094 5099 posuiteant,

504 5196 616 5238 non
663 5186 1329 5262 stt-corporeneeugmur
1380 5185 1841 5262 inperpetuum:
1901 5188 1990 5242 sed
2025 5194 2099 5262 ut

495 5258 710 5326 recepta
734 5251 794 5308 in
821 5251 1119 5326 diejudiﬁcii
1158 5253 1253 5310 Dei
1297 5251 1744 5326 superinduamur
1768 5259 2097 5314 immortali—

495 5323 758 5406 Itate:_cum
783 5323 976 5396 gloria.
1026 5325 1196 5382 Deum
1241 5323 1478 5400 conﬁteri
1529 5329 1742 5400 dicitur,
1795 5331 1922 5403 quia
1953 5348 2097 5404 pro-

496 5397 672 5466 misit,
701 5405 806 5454 etc.

516 5466 697 5548 ...(26)
725 5469 882 5526 Rom.
915 5467 1075 5548 edit.,
1107 5470 1182 5526 Et
1208 5471 1418 5525 scientes
1443 5471 1606 5526 multo
1640 5474 1804 5545 magis
1853 5474 2096 5545 expedire

497 5534 631 5611 ‘t'llt'c
643 5534 770 5611 esse
787 5557 946 5609 quam
974 5534 1298 5611 incorpore.

729 5605 944 5686 Eadem
965 5610 1123 5676 edit.,
1146 5605 1542 5686 "Unusquisque
1577 5609 1733 5682 factis
1781 5615 2090 5686 corporis...

503 5674 903 5749 adjudicabt'tur
925 5680 1089 5736 bonus
1105 5674 1214 5738 aut
1240 5674 1434 5736 matus.

2214 4673 2314 4724 est.
2347 4691 2366 4715 ι
2411 4667 2680 4735 Quoniam
2715 4667 2964 4725 Christus
3015 4666 3248 4738 diligens
3275 4685 3444 4739 genus
3472 4668 3799 4744 humanum,

2213 4766 2276 4814 ut
2303 4773 2392 4812 eos
2422 4758 2732 4824 redimeret,
2777 4757 2942 4812 morti
2972 4773 3028 4811 se
3060 4755 3246 4824 dedit;
3301 4757 3425 4813 ideo
3452 4760 3707 4830 apostoli,
3737 4770 3803 4818 ut

2213 4847 2388 4903 vicem
2417 4846 2467 4902 ei
2515 4845 2766 4912 reddant,
2797 4844 3046 4901 homines
3074 4861 3143 4900 ex
3166 4845 3348 4920 aliqua
3395 4856 3549 4920 parte
3579 4849 3796 4905 exhor-

2212 4946 2399 4996 tantur
2450 4935 2517 4994 ad
2563 4934 2682 5006 ejus
2736 4934 3096 5008 obsequium;
3157 4945 3210 4993 et
3250 4943 3312 4991 ut
3358 4951 3451 4993 eos
3499 4937 3796 5008 attrahant,

2212 5041 2429 5082 necesse
2476 5031 2557 5080 est
2601 5031 2663 5080 ut
2708 5040 2900 5080 verum
2927 5040 2984 5080 se
3026 5024 3322 5098 praedicare
3352 5032 3642 5094 testentur,
3672 5027 3800 5083 aliis

2284 5185 2402 5257 (28)
2440 5184 2702 5242 Nonnulli
2758 5200 2911 5251 mss.,
2968 5184 3108 5252 Quia
3155 5183 3333 5239 carnis
3398 5185 3508 5242 vita
3525 5204 3548 5254 ,°
3599 5185 3788 5255 Corb.,

2214 5257 2350 5326 Quia
2376 5257 2610 5312 carnalis
2638 5257 2789 5326 vita.
3574 5260 3578 5266 '

2285 5329 2400 5402 (29)
2435 5327 2622 5386 Codex
2650 5325 2845 5394 Laud.,
2871 5327 3083 5398 quando
3106 5327 3421 5400 pcenitentiw
3437 5327 3672 5398 fructum
3689 5345 3800 5385 non

2209 5403 2412 5460 habent.

2281 5474 2396 5545 (30)
2427 5473 2582 5529 Rom.
2615 5470 2943 5545 edit.,Quia
2973 5471 3021 5545 si
3053 5473 3202 5545 elate,
3231 5471 3311 5545 vel
3338 5470 3522 5524 insane
3542 5477 3792 5545 putatur

2212 5542 2476 5601 locutus...
2521 5542 2904 5596 remittendum.
2968 5543 3148 5598 Omnis
3193 5542 3328 5594 enim
3381 5543 3626 5612 superbia
3661 5543 3800 5597 velut

2208 5615 2419 5672 insania
2447 5614 2682 5670 habetur.
2717 5613 2774 5668 Si
2803 5619 2976 5685 autem
3004 5628 3112 5668 non
3139 5612 3432 5685 superba...
3465 5613 3575 5670 Deo
3601 5613 3799 5673 dimit-

2210 5687 2437 5744 tendum.
2474 5685 2721 5742 Charitas
2741 5684 2898 5755 enim,
2931 5691 3036 5742 etc.
