3976 6384
296 390 396 451 313

1354 399 1711 463 COMMENT.
1753 408 1825 466 IN
1859 410 2080 470 EPIST.
2126 415 2176 470 Ιῐ
2211 415 2307 470 ΑΙ)
2347 414 2502 474 COR.

2997 382 3056 398 μοι

3450 435 3554 495 314

294 534 460 629 prava
500 517 861 629 docentibus;
913 538 1015 583 nec
1045 539 1207 584 suum
1254 531 1512 588 meritum
1542 540 1776 603 taceant,
1811 544 1875 593 ut
1905 541 1955 601 Α
1991 548 2248 596 renovata
2291 550 2420 600 sunt
2467 543 2672 614 omnia,
2703 544 2749 602 si
2777 547 3213 610 animadvertant
3239 555 3563 629 dignitatem

293 611 562 666 malorum
615 610 903 668 doctorum
960 631 1171 686 plenam
1226 617 1530 691 designent.
1583 624 1702 678 Non
1750 642 1876 696 ergo

292 700 532 755 elatione
559 708 759 757 mentis
789 701 903 758 haec
929 704 1180 774 agebant,
1220 707 1314 763 sed
1344 718 1405 763 ut
1435 710 1639 767 donum
1671 713 1876 770 Christi

293 786 692 858 intelligeretur
742 789 810 844 ab
857 792 1130 859 omnibus,
1179 802 1232 850 et
1285 795 1524 853 ﬁdeliter
1567 799 1775 869 devoti,
1824 802 1874 858 ei

291 877 590 947 gratiarum
634 877 874 933 actiones
906 880 1189 938 referrent.
1245 885 1472 957 Propter
1500 886 1705 944 Christi
1748 907 1874 962 ergo

290 964 613 1020 charitatem
678 964 813 1036 (31),
859 982 978 1038 quae
1024 976 1077 1023 et
1125 980 1327 1041 quanta
1377 973 1520 1029 dona
1562 974 1681 1047 ejus
1729 977 1875 1033 circa

289 1052 581 1125 diligentes
628 1071 752 1111 eum
795 1055 949 1123 sint,
994 1072 1105 1112 non
1153 1064 1363 1115 tacent:
1427 1077 1537 1117 non
1593 1061 1873 1133 jactantiae

288 1159 471 1211 causa,
502 1142 593 1199 sed
643 1151 705 1198 ut
734 1144 970 1199 invitent
1015 1145 1297 1202 audientes
1327 1148 1396 1203 ad
1452 1148 1569 1220 ejus
1613 1150 1872 1206 devotio-

287 1248 441 1288 nem:
475 1249 542 1288 ne
572 1249 717 1289 mors
742 1232 948 1290 Christi
978 1234 1317 1293 infructuosa
1344 1238 1645 1307 videretur,
1681 1256 1790 1295 non
1809 1247 1872 1295 ut

287 1321 406 1376 laus
449 1323 818 1392 apostolorum
849 1332 1250 1393 agnosceretur.
1306 1328 1407 1382 Per
1438 1330 1691 1385 meritum
1722 1329 1871 1383 enim

286 1419 342 1466 et
373 1411 598 1481 gloriam
631 1413 1000 1484 apostolorum
1030 1416 1343 1486 agnoscitur
1367 1416 1575 1475 Christi
1617 1417 1789 1491 gratia
1817 1425 1872 1472 et

282 1499 611 1556 beneﬁcium
644 1501 761 1557 Dei.

296 1614 305 1622 -
359 1590 539 1661 (Vers.
583 1589 690 1645 15.)
733 1615 751 1637 ι
780 1591 925 1663 Ergo
972 1608 1162 1650 omnes
1218 1596 1423 1651 mortui
1470 1603 1617 1663 sunt,
1665 1604 1719 1652 et
1772 1611 1871 1667 pro

280 1679 543 1734 omnibus
585 1688 834 1735 mortuus
871 1689 952 1736 est
995 1682 1265 1752 Christus,
1314 1693 1376 1739 ut
1410 1691 1464 1739 et
1510 1683 1603 1755 qui
1651 1683 1869 1752 vivunt,

273 1765 391 1837 jam
438 1784 549 1823 non
580 1768 683 1824 sibi
716 1769 926 1837 vivant,
977 1770 1071 1825 sed
1100 1772 1148 1825 ei
1182 1773 1275 1844 qui
1316 1788 1415 1843 pro
1444 1771 1576 1843 ipsis
1624 1781 1873 1827 mortuus

279 1864 365 1911 est
406 1866 460 1912 et
502 1858 820 1911 resurrexit.
852 1881 872 1904 ι
933 1857 1072 1924 Quia
1110 1875 1298 1913 omnes
1350 1875 1565 1914 necesse
1614 1866 1696 1914 est
1730 1859 1860 1914 mori

1979 1879 2245 1934 mundum
2274 1881 2635 1936 reconcilians
2663 1882 2905 1949 sibi,non
2936 1894 3191 1957 reputans
3219 1888 3333 1944 illis
3358 1889 3560 1946 delicta
3644 1866 3661 1877 ’

278 1960 446 2000 causa
475 1943 626 2012 Adae,
660 1960 758 2015 pro
795 1944 1052 2000 omnibus
1082 1954 1331 2002 mortuus
1373 1954 1454 2003 est
1496 1946 1766 2015 Christus,
1809 1954 1871 2002 ut

278 2048 376 2088 eos
401 2048 432 2087 a
458 2031 696 2087 secunda
732 2042 904 2088 morte
937 2034 1224 2100 liberaret;
1277 2033 1503 2106 ideoque
1533 2036 1627 2107 qui
1673 2035 1871 2089 vivunt

278 2119 343 2175 in
388 2137 646 2191 corpore,
695 2122 932 2177 scientes
989 2121 1266 2177 Christum
1299 2130 1578 2177 mortuum
1609 2139 1722 2179 esse
1770 2139 1868 2193 pro

276 2225 359 2276 se,
393 2209 504 2264 sint
528 2208 575 2264 ei
597 2208 827 2277 subditi,
859 2208 1175 2280 proﬁtentes
1203 2209 1352 2266 hunc
1381 2211 1698 2266 Dominum.
1730 2209 1870 2276 Quia

276 2297 427 2353 enim
460 2296 680 2369 prodest
719 2298 798 2353 eis
827 2314 973 2352 mors
1012 2297 1147 2368 ejus,
1203 2299 1581 2354 testimonium
1613 2298 1868 2371 perhibet

276 2387 605 2443 resurrectio
636 2385 774 2456 ejus.
824 2386 996 2456 Igitur
1041 2384 1133 2441 hic
1158 2385 1264 2441 sibi
1317 2403 1426 2441 non
1466 2386 1616 2455 visit,
1650 2386 1744 2458 qui
1772 2402 1865 2459 pa-

274 2482 432 2531 ratus
459 2481 539 2530 est
566 2472 779 2528 domini
808 2472 896 2527 sui
929 2472 1106 2528 facere
1134 2474 1496 2531 voluntatem.

354 2572 534 2645 (Vers.
557 2570 670 2641 16.)
718 2594 737 2618 ι
764 2571 951 2644 Itaque
970 2587 1072 2626 nos
1096 2571 1370 2627 neminem
1400 2589 1469 2629 ex
1497 2574 1601 2631 hoc
1623 2582 1866 2646 tempore

276 2661 537 2718 novimus
594 2659 893 2715 secundum
953 2676 1193 2716 carnem.
1258 2662 1331 2716 Et
1390 2663 1435 2717 si
1507 2662 1865 2734 cognovimus

275 2750 579 2805 secundum
610 2764 829 2805 carnem
859 2747 1160 2817 Christum,
1212 2766 1357 2805 nunc
1379 2747 1491 2819 jam
1533 2766 1643 2805 non
1692 2750 1863 2805 novi—

275 2855 421 2893 mus.
477 2861 497 2885 ι
568 2838 775 2893 Verum
830 2844 938 2904 est,
997 2836 1125 2908 quia
1185 2835 1401 2893 Christo
1458 2844 1771 2907 resurgente
1831 2854 1864 2893 a

277 2928 535 2993 mortuis,
573 2924 687 2997 jam
714 2933 886 2980 cessat
931 2924 989 2979 in
1020 2940 1084 2980 eo
1113 2928 1348 2981 carnalis
1380 2927 1661 2993 nativitas,
1692 2935 1863 2983 cessat

273 3013 575 3070 inﬁrmitas
615 3014 879 3084 corporis,
927 3020 1099 3069 cessat
1157 3021 1210 3069 et
1256 3014 1432 3085 passio
1482 3014 1674 3070 mortis
1721 3015 1859 3085 (32).

277 3102 461 3173 Usque
490 3100 558 3157 ad
586 3117 804 3157 crucem
850 3101 997 3156 enim
1025 3101 1264 3172 suspicio
1293 3101 1399 3156 fuit
1438 3101 1773 3157 inﬁrmitatis
1804 3103 1861 3157 in

275 3190 532 3249 Christo:
582 3199 767 3262 postea
824 3198 1002 3244 autem
1046 3189 1297 3261 apparuit
1363 3206 1514 3258 esse,
1559 3192 1703 3263 quod
1751 3209 1861 3248 non

271 3278 619 3345 credebatur,
660 3279 803 3333 sicut
839 3283 893 3331 et
932 3277 1047 3348 ipse
1087 3277 1190 3332 ait:
1253 3300 1272 3325 ι
1304 3278 1439 3335 Cum
1488 3282 1861 3338 exaltaveritis

273 3369 477 3425 Filium
509 3365 769 3433 hominis,
799 3374 932 3420 tunc
956 3366 1292 3437 cognoscetis
1323 3367 1579 3439 quoniam
1610 3385 1707 3439 ego
1737 3385 1859 3425 sum

268 3460 462 3531 (Joan.
492 3473 616 3523 vnn,
646 3455 763 3525 28).
795 3478 814 3501 ι
859 3455 974 3511 Hoc
1019 3470 1144 3525 ergo
1181 3454 1385 3511 idcirco
1414 3459 1704 3526 Apostolus
1734 3473 1859 3519 me-

270 3554 468 3613 morat,
500 3553 561 3600 ut
589 3542 840 3599 ostendat
870 3557 977 3613 qua
1019 3540 1312 3595 devotione
1338 3542 1748 3615 obsequendum
1777 3555 1859 3603 est

270 3635 513 3696 Christo.
559 3632 664 3687 Pro
697 3631 873 3686 salute
902 3628 1049 3683 enim
1078 3626 1368 3684 hominum
1398 3646 1507 3685 non
1555 3633 1730 3688 solum
1762 3634 1856 3690 ho-

271 3728 479 3784 minem
511 3736 569 3777 se
598 3719 748 3775 nasci
780 3734 890 3773 non
937 3716 1262 3788 dedignatus
1291 3726 1391 3787 est,
1424 3720 1518 3775 sed
1558 3729 1612 3777 et
1639 3722 1857 3794 injuriis

270 3816 379 3887 agi,
410 3823 463 3870 et
494 3812 631 3869 mori
665 3810 880 3876 voluit;
912 3816 974 3864 ut
1012 3808 1380 3880 intelligentes
1429 3827 1589 3883 quam
1620 3814 1856 3885 pretiosa

269 3904 344 3961 sit
373 3919 520 3958 mors
556 3900 691 3972 ejus,
743 3897 1065 3971 propensius
1098 3896 1183 3951 illi
1231 3898 1492 3966 serviant,
1544 3916 1652 3955 non
1699 3902 1853 3972 quasi

269 3990 485 4048 homini
530 3988 706 4045 vicem
756 3986 1064 4053 reddentes,
1114 3985 1206 4041 sed
1254 3988 1402 4053 Deo;
1466 3988 1594 4059 quia
1638 3990 1851 4045 unicui-

270 4095 375 4153 que
404 4094 500 4150 pro
530 4090 758 4148 persona
775 4071 894 4145 ejus
921 4080 975 4129 et
995 4072 1210 4128 meritis
1229 4074 1569 4131 refundenda
1595 4076 1853 4150 obsequia

268 4176 418 4226 sunt.

343 4264 523 4335 (Vers.
557 4263 641 4318 17.
677 4263 697 4334 )
760 4285 780 4310 ε
808 4261 984 4329 Quare
1012 4262 1060 4317 si
1104 4277 1211 4335 qua
1238 4271 1317 4317 est
1345 4262 1404 4316 in
1450 4261 1669 4319 Christo
1709 4280 1853 4321 nova

266 4359 538 4416 creatura,
585 4357 770 4404 vetera
815 4349 1173 4417 transierunt,
1222 4359 1276 4406 et
1313 4366 1436 4406 ecce
1482 4352 1666 4406 omnia
1710 4352 1852 4410 facta

266 4450 399 4499 sunt
448 4457 609 4497 nova.
659 4466 678 4489 ι
730 4443 1079 4499 Manifestum
1129 4451 1209 4499 est
1257 4445 1386 4516 quia
1429 4461 1525 4518 per
1569 4446 1847 4503 Christum

1987 627 2122 698 ejus.
2157 632 2343 687 Novus
2388 634 2535 689 enim
2566 633 2629 689 ﬁt
2661 634 2747 690 his
2775 636 2975 708 quibus
3027 641 3177 711 prius
3223 627 3386 703 homo
3431 657 3565 706 tan-

1986 724 2103 772 tum
2151 719 2478 789 videbatur,
2542 738 2668 778 cum
2716 723 3045 798 intelligitur
3106 744 3221 785 esse
3266 732 3438 790 Deus:
3500 744 3564 793 ut

1985 807 2269 863 recedente
2298 807 2636 880 inﬁrmitate,
2685 821 3006 885 agnoscatur
3042 816 3325 885 divinitas,
3357 828 3411 875 et
3438 838 3565 879 ces—

1985 904 2136 952 sante
2181 914 2361 956 errore
2392 901 2586 969 veteri,
2636 903 2729 974 qui
2760 903 3075 961 introducta
3112 908 3408 964 multorum
3440 910 3562 967 deo-

1985 1003 2106 1043 rum
2135 988 2415 1060 opinione,
2463 992 2530 1047 ab
2561 993 2727 1050 unius
2756 994 2873 1049 veri
2902 994 2999 1050 Dei
3046 995 3153 1053 ﬁde
3181 999 3563 1057 transduxerat

1985 1092 2152 1147 genus
2179 1076 2500 1146 humanum,
2521 1090 2862 1138 revertantur
2890 1084 3076 1141 omnia
3104 1087 3171 1142 ad
3194 1089 3564 1161 simplicitatis

1983 1166 2394 1237 professionem,
2442 1186 2613 1226 unum
2647 1173 2817 1225 Deum
2848 1174 3131 1229 adorantia
3168 1176 3226 1231 in
3275 1177 3561 1247 Trinitate,

2055 1253 2235 1325 (Vers.
2290 1254 2458 1328 18.)ι
2488 1257 2685 1315 Omnia
2723 1268 2904 1317 autem
2951 1278 3018 1317 ex
3064 1264 3195 1320 Deo.
3226 1289 3245 1311 ι
3302 1265 3563 1333 Quamvis

1982 1343 2232 1402 Christus
2260 1363 2359 1403 nos
2386 1349 2696 1417 redemerit,
2736 1351 2922 1408 omnia
2950 1361 3133 1411 tamen
3162 1373 3232 1413 ex
3261 1359 3398 1425 Deo;
3431 1357 3563 1430 quia

1982 1433 2049 1488 ab
2078 1435 2194 1507 ipso
2221 1445 2302 1495 est
2338 1438 2517 1496 omnis
2545 1441 2841 1513 paternitas
2872 1443 3085 1513 (Ephes.
3118 1462 3203 1513 ιιι,
3252 1446 3341 1518 15)
3369 1465 3381 1503 :
3405 1440 3558 1501 ideo-

1982 1535 2086 1592 que
2114 1539 2328 1580 necesse
2356 1534 2436 1582 est
2465 1528 2709 1599 praeferri
2742 1546 3024 1601 personam
3055 1532 3250 1589 Patris.

2055 1610 2234 1679 (Vers.
2270 1612 2353 1679 19,
2372 1613 2461 1681 20,
2494 1615 2608 1685 21.)
2630 1616 2767 1682 «ριιὶ
2792 1618 2907 1689 (33)
2927 1621 3305 1678 reconciliavit
3334 1638 3433 1678 nos
3455 1622 3559 1677 sibi

1980 1712 2078 1768 per
2106 1697 2405 1768 Christum,
2437 1709 2490 1757 et
2520 1701 2673 1758 dedit
2723 1704 2879 1759 nobis
2911 1706 3275 1763 ministerium
3323 1710 3559 1767 reconci-

1982 1786 2262 1855 liationis;
2311 1790 2567 1862 quoniam
2616 1791 2836 1863 quidem
2882 1794 3027 1850 Deus
3071 1804 3185 1851 erat
3221 1798 3279 1852 in
3317 1797 3556 1868 Christo,

1980 1965 2242 2037 ipsorum,
2273 1975 2327 2023 et
2355 1985 2562 2040 ponens
2582 1970 2640 2025 in
2661 1970 2819 2027 nobis
2846 1971 3074 2029 verbum
3094 1976 3557 2033 reconciliationis

1978 2068 2076 2124 pro
2105 2053 2342 2122 Christo,
2376 2072 2473 2127 pro
2520 2073 2627 2129 quo
2665 2059 2931 2130 legatione
2960 2059 3267 2133 fungimur,
3297 2071 3555 2136 tanquam

1979 2141 2091 2195 Deo
2120 2141 2442 2198 exhortante
2462 2161 2557 2216 per
2596 2162 2729 2201 nos:
2754 2156 2971 2203 orantes
2990 2165 3089 2220 pro
3125 2148 3343 2207 Christo
3372 2168 3555 2208 recon-

1978 2228 2154 2283 ciliari
2181 2231 2310 2285 Deo.
2360 2233 2502 2287 Eum
2533 2234 2681 2290 enim
2713 2236 2808 2307 qui
2838 2252 2949 2291 non
2996 2246 3223 2294 noverat
3252 2247 3554 2311 peccatum,

1978 2332 2076 2388 pro
2105 2316 2262 2373 nobis
2306 2328 2585 2390 peccatum
2629 2321 2780 2389 fecit,
2833 2331 2896 2379 ut
2924 2340 3023 2381 nos
3068 2342 3306 2382 essemus
3340 2326 3556 2398 justitia

1977 2405 2074 2459 Dei
2106 2405 2163 2459 in
2193 2405 2328 2478 ipso.
2354 2432 2371 2455 ι
2400 2409 2545 2463 Deus
2568 2411 2913 2481 omnipotens
2943 2413 3153 2483 genitor
3178 2414 3383 2471 Christi
3405 2416 3553 2486 (cum

1976 2493 2178 2562 omnia,
2229 2512 2351 2567 quae
2396 2513 2492 2568 per
2539 2498 2818 2554 Christum
2867 2500 3089 2569 fecerat,
3128 2520 3308 2560 errore
3352 2504 3555 2560 caduca

1974 2579 2205 2637 fuissent
2233 2583 2443 2652 effecta,
2485 2584 2759 2642 Creatoris
2787 2587 2871 2642 sui
2902 2588 3096 2659 oblita)
3130 2589 3408 2646 Christum
3449 2592 3552 2647 Do-

1975 2669 2185 2724 minum
2236 2672 2343 2743 (34)
2374 2681 2622 2729 nostrum
2670 2676 2737 2731 de
2772 2675 2939 2731 sacris
2984 2678 3202 2734 sedibus
3229 2679 3297 2734 ad
3340 2687 3552 2735 terrena

1973 2758 2160 2813 venire
2186 2759 2441 2830 dignatus
2469 2769 2569 2828 est,
2608 2767 2750 2825 184
2776 2772 2828 2818 et
2859 2765 3061 2818 factum
3100 2781 3260 2821 carne
3290 2765 3347 2820 in
3374 2768 3550 2838 specie

1974 2850 2249 2919 hominis;
2283 2863 2343 2908 ut
2373 2854 2548 2909 forma
2574 2864 2713 2911 esset
2751 2857 3067 2913 hominibus
3094 2859 3550 2929 quemadmodum

1973 2938 2075 2993 sibi
2098 2940 2268 2994 Deum
2296 2948 2593 2997 creatorem
2613 2959 2773 2999 suum
2805 2944 3090 3015 paciﬁcum
3121 2944 3379 3001 facerent.
3408 2948 3553 3002 Deus

1974 3044 2100 3099 ergo
2128 3036 2243 3083 erat
2288 3029 2348 3085 in
2377 3028 2615 3086 Christo.
2664 3032 2998 3099 Quomodo?
3027 3032 3192 3099 Quasi
3239 3034 3298 3089 in
3344 3035 3550 3091 vicario

1970 3124 2063 3171 aut
2095 3118 2285 3188 legato,
2316 3118 2458 3174 sicut
2497 3118 2604 3173 fuit
2632 3119 2690 3174 in
2720 3120 3018 3193 prophetis,
3059 3128 3154 3176 aut
3197 3122 3403 3178 aliter?
3428 3123 3549 3179 Non

1893 3231 1937 3290 ο
1970 3206 2113 3262 sicut
2142 3206 2248 3261 fuit
2290 3208 2347 3261 in
2380 3208 2661 3280 prophetis
2691 3209 2769 3266 sic
2819 3209 3054 3281 intelligi
3097 3217 3274 3282 potest
3302 3210 3468 3269 fuisse
3495 3222 3549 3270 et

1969 3296 2028 3350 in
2058 3295 2199 3350 Filio
2225 3295 2253 3350 Ὺ
2282 3296 2456 3351 Filius
2487 3296 2633 3351 enim
2664 3298 2987 3352 naturaliter
3033 3299 3239 3370 legatus
3265 3308 3346 3355 est
3374 3302 3549 3359 Patris

1968 3383 2066 3438 Dei
2099 3383 2236 3454 (35).
2271 3384 2423 3439 Unde
2468 3384 2634 3440 dicit:
2683 3408 2701 3431 ι
2731 3384 2870 3451 Quia
2909 3385 3067 3439 Pater
3114 3385 3171 3439 in
3218 3402 3304 3441 me
3344 3397 3444 3457 est,
3491 3398 3546 3446 et

1969 3485 2066 3540 ego
2096 3469 2153 3523 in
2183 3472 2336 3525 Patre
2376 3471 2554 3541 (Joan.
2590 3486 2708 3538 xrv,
2751 3471 2873 3539 il);
2908 3494 2926 3517 ι
2970 3470 3129 3525 Pater
3174 3474 3321 3528 enim
3366 3491 3461 3547 per
3486 3476 3543 3533 id

1969 3555 2296 3627 intelligitur
2322 3573 2437 3612 esse
2484 3558 2543 3612 in
2572 3558 2733 3624 Filio,
2765 3558 2910 3630 quod
2957 3574 3065 3613 una
3093 3575 3279 3616 eorum
3309 3562 3381 3616 sit
3419 3566 3543 3621 sub-

1966 3644 2183 3699 stantia.
2216 3644 2297 3699 Ibi
2326 3645 2471 3700 enim
2520 3653 2601 3701 est
2630 3644 2813 3700 unitas
2842 3645 2981 3719 (36),
3014 3646 3108 3701 ubi
3138 3648 3290 3703 nulla
3317 3658 3397 3705 est
3423 3650 3545 3707 dif-

1964 3733 2229 3789 ferentia:
2261 3749 2326 3789 ac
2355 3750 2450 3806 per
2495 3733 2600 3790 hoc
2630 3734 2865 3790 invicem
2913 3743 3077 3790 sunt:
3111 3735 3240 3809 quia
3272 3745 3327 3793 et
3365 3739 3543 3812 imago

1964 3829 2019 3878 et
2059 3822 2364 3879 similitudo
2407 3839 2593 3879 eorum
2638 3839 2748 3878 una
2795 3831 2895 3892 est,
2948 3831 3011 3881 ut
3056 3824 3250 3882 videns
3291 3826 3491 3884 Filium
3520 3873 3537 3898 ,

1962 3911 2164 3966 Vidisse
2191 3911 2408 3967 dicatur
2452 3912 2688 3981 Patrem,
2721 3913 2864 3969 sicut
2891 3918 2944 3968 et
2974 3914 3087 3986 ipso
3132 3915 3399 3972 Dominus
3424 3918 3535 3975 ait:

1976 4022 1995 4046 ι
2022 3999 2128 4067 Qui
2158 4016 2244 4055 me
2271 3999 2443 4068 videt,
2495 4001 2645 4056 videt
2674 4008 2728 4056 et
2756 4002 2966 4056 Patrem
3011 4002 3173 4073 (Ibid.
3204 4003 3284 4076 9).
3319 4029 3336 4051 ι
3378 4006 3539 4062 Recte

1961 4104 2086 4159 ergo
2132 4088 2370 4145 dicitur:
2435 4110 2455 4135 ι
2483 4089 2628 4144 Deus
2672 4096 2787 4144 erat
2833 4090 2891 4143 in
2941 4089 3196 4146 Christo:
3231 4115 3249 4138 ι
3311 4090 3412 4146 hoc
3456 4102 3538 4149 est

1960 4178 2117 4233 Pater
2145 4177 2203 4232 in
2232 4178 2393 4244 Filio,
2441 4200 2459 4224 α
2489 4177 2754 4233 mundum
2804 4178 3163 4234 reconcilians
3206 4179 3330 4246 sibi,
3365 4205 3382 4226 -
3425 4196 3536 4236 non

1960 4273 2215 4337 reputans
2262 4265 2374 4319 illis
2429 4265 2630 4320 delicta
2683 4281 2922 4331 eorum;
2981 4267 3238 4337 quoniam
3292 4274 3536 4321 creatura

1958 4353 2204 4426 peccavit
2248 4352 2306 4409 in
2353 4355 2547 4422 Deum,
2596 4368 2697 4409 nec
2734 4353 3013 4425 pmnituit,
3044 4362 3105 4409 ut
3134 4362 3344 4411 reverte
3385 4363 3535 4411 retur

1958 4443 2027 4501 ad
2054 4459 2178 4499 eum
2204 4462 2216 4500 :
2247 4445 2389 4499 Deus
2416 4458 2554 4516 opus
2590 4458 2750 4498 suum
2780 4443 2972 4498 nolens
3016 4442 3215 4515 perire,
3257 4443 3406 4498 misit
3432 4442 3534 4497 Fi-

341 4584 458 4655 (31)
492 4585 720 4653 Propter
748 4583 947 4660 Christi
981 4600 1122 4653 ergo,
1144 4585 1211 4660 ab
1242 4584 1329 4640 his
1356 4587 1538 4643 verbis
1565 4605 1734 4660 usque
1762 4590 1851 4656 ad,
1883 4573 1932 4631 D
1964 4588 2170 4660 Christo
2187 4587 2459 4660 Aobediunt,
2482 4593 2796 4660 nosceretur.
2831 4585 3004 4660 Quare
3031 4585 3225 4660 siqua,
3256 4591 3360 4660 etc.

267 4654 418 4728 Ergo
459 4672 631 4710 omnes
676 4654 874 4728 mortui
928 4661 1087 4722 sunt,
1155 4654 1336 4728 hiatus
1383 4666 1559 4728 exstat
1623 4654 1680 4713 in
1726 4654 1849 4728 cod,

268 4724 457 4783 Corb..
484 4745 498 4791 ;
533 4724 713 4797 caeteri
737 4732 1122 4797 autem,atque
1142 4726 1273 4781 edit.
1307 4727 1438 4797 satis
1468 4727 1610 4783 inter
1637 4746 1692 4784 se
1711 4724 1853 4785 con-'-

266 4796 554 4876 senti-unt,“
570 4795 615 4851 si
646 4795 1121 4876 transpositionein
1157 4796 1420 4876 excipias,
1453 4814 1572 4870 quae
1603 4799 1853 4876 sic‘facta

268 4875 353 4923 est
405 4868 461 4922 in
518 4868 674 4923 Rom.
725 4867 1186 4940 edit.....»tacent,
1234 4867 1301 4922 ut"
1333 4867 1852 4940 laus'apostolorum

266 4944 587 5005 nosceretur,
636 4954 741 5011 non
760 4937 1033 5011 jactantia:
1063 4955 1287 4995 causa...
1321 4937 1652 5011 infructuosa
1699 4942 1852 4998 vide-

265 5016 435 5065 retur.
471 5011 577 5065 Per
601 5009 844 5062 meritum
864 5009 1022 5075 enim,
1052 5017 1157 5065 etc.

346 5080 462 5151 (32)
505 5079 665 5154 C9_rb_.
718 5080 862 5146 cod.,
899 5079 1078 5150 passio
1120 5081 1322 5136 mortis.
1374 5083 1482 5138 Hoc
1526 5101 1630 5139 non
1674 5084 1852 5154 utique

260 5157 485 5223 propter
528 5151 815 5223 Christum,
845 5167 994 5220 quem
1016 5167 1131 5204 sors
1155 5168 1259 5204 non
1301 5155 1554 5223 tangebat,
1604 5151 1846 5210 humana:

267 5220 607 5299 fragilitatis,
636 5222 964 5299 se_d_propter
988 5238 1115 5299 nos,
1138 5223 1323 5299 quibus
1350 5220 1640 5299 ea‘emplum
1669 5227 1850 5299 datam

268 5298 363 5358 est,
402 5299 460 5345 ut
490 5293 536 5347 si
563 5293 775 5367 vestigia
817 5292 927 5367 ejus
960 5293 1115 5367 secuti
1142 5292 1421 5367 fuerimus,
1450 5292 1542 5365 qui
1574 5313 1673 5367 pro
1701 5298 1848 5351 nobis

270 5370 530 5437 mortuus
551 5370 643 5418 est.
694 5363 872 5419 Simili
914 5364 1066 5437 modo
1118 5370 1166 5417 et
1203 5365 1257 5418 in
1303 5363 1609 5437 nobis—post
1651 5370 1847 5421 exitum

270 5434 413 5507 vitw_
438 5433 596 5507 huius
638 5434 1021 5507 resurgentibus
1064 5436 1321 5505 promisso
1372 5433 1594 5507 tempore
1632 5438 1848 5492 cessabit

269 5505 441 5577 omnis
469 5505 753 5577 infirmitas
794 5511 843 5559 et
881 5508 1169 5577 corruptio.
1216 5509 1337 5563 Ideo
1363 5505 1546 5562 etenim
1586 5510 1844 5576 novimus,

272 5574 477 5651 inquit,
518 5574 583 5629 ea:
633 5576 727 5630 hoc
770 5582 990 5651 tempore
1027 5574 1302 5651 secundum
1354 5596 1597 5644 carnem;
1631 5582 1759 5651 quia
1790 5574 1846 5634 in

260 5645 479 5721 Christi
505 5645 881 5721 resurrectione
913 5650 1168 5719 generalis
1203 5651 1327 5705 data
1359 5658 1435 5706 est
1469 5645 1656 5721 forma'
1676 5652 1843 5705 incor-

254 5717 540 5800 Erttytionis
568 5724 615 5773 et
648 5717 928 5789 claritatis,
980 5727 1038 5775 ut
1063 5721 1139 5777 ita
1171 5723 1407 5777 omnibus
1428 5717 1723 5797 provenire,
1754 5723 1845 5794 qui

2035 4659 2148 4740 (33)
2182 4658 2306 4740 Mss.
2355 4658 2609 4740 aliquota
2644 4658 2745 4740 Qui
2764 4652 3364 4740 re/brniavitieossilri:
3391 4652 3531 4740 relig—

1960 4723 2053 4803 qui
2083 4723 2138 4785 et
2164 4730 2295 4784 edit.
2327 4723 2516 4803 partim
2546 4723 2836 4803 admodum
2866 4723 3527 4803 discrepant‘abinvicem

1960 4746 2053 4803 qui
2083 4746 2135 4785 et
2164 4746 2295 4784 eunt.
2364 4746 2516 4783 arum
2546 4746 2836 4804 aunlouultl
2866 4746 3176 4801 ulscrepfult
3194 4746 3525 4801 au_|uvwem

1960 4808 2185 4871 excepto
2214 4746 2361 4871 (μιοὲ
2392 4802 2542 4871 lion].
2566 4799 2697 4852 edit.
2721 4798 2969 4850 ultnnam
3000 4795 3162 4863 hujus
3184 4793 3289 4848 loci
3318 4800 3525 4865 partem

1960 4871 2018 4926 in
2046 4870 2306 4945 interierit
2343 4870 2614 4945 rejecerat.
3029 4934 3038 4945 .

2032 4942 2148 5013 (34)
2196 4943 2273 4996 Ita
2309 4933 2418 4995 vet'.
2452 4940 2584 5013 edit:
2614 4953 2676 4991 ac
2714 4952 2842 5013 mss.
2874 4951 2907 4990 a
2949 4933 3147 5013 quibus
3182 4934 3292 5013 hoc
3300 4941 3525 5013 tantum

1958 5005 2160 5068 diil'ert.
2204 5013 2358 5067 Rom.
2410 5010 2540 5064 edit.
2590 5007 2734 5072 quod
2783 5006 2897 5062 haec
2958 5005 3152 5061 maluit
3183 5047 3199 5072 ,
3251 5006 3518 5062 Christum

1957 5085 2327 5139 Dominum...
2360 5086 2558 5133 mittere
2593 5077 2837 5148 dignatus
2861 5083 2951 5144 est,
2993 5083 3041 5132 et
3073 5092 3282 5131 carnem
3318 5077 3375 5148 in
3400 5094 3526 5148 spe-

1956 5156 2030 5209 cie
2053 5153 2275 5208 hominis
2311 5150 2469 5221 ﬁeri;
2503 5156 2559 5204 at
2588 5147 2687 5203 ms.
2720 5148 2881 5221 Corb.
2927 5148 3024 5221 sic
3055 5149 3232 5221 locum
3280 5147 3521 5221 exhibet,

1960 5222 2197 5281 Christus
2255 5219 2510 5299 Dominus
2560 5227 2746 5299 noster:
2776 5220 2840 5274 de
2885 5219 3052 5274 sacris
3084 5220 3296 5299 sedibus
3350 5219 3523 5299 veuirs

1956 5296 2199 5366 dignatus
2231 5300 2305 5366 est
2336 5294 2407 5348 ad
2447 5299 2675 5366 terrena,
2714 5290 2885 5361 factus
2912 5290 3191 5346 secundum
3223 5304 3431 5343 carnem
3465 5290 3526 5342 in

1954 5365 2115 5438 specie
2141 5365 2387 5438 hominis,
2403 5370 2463 5438 ut
2488 5365 2685 5433 forma,
2714 5370 2818 5419 etc.

2027 5438 2141 5507 (35)
2178 5436 2297 5491 Vet.
2328 5436 2470 5510 edit:
2491 5451 2615 5510 cum
2645 5441 2890 5510 unoaut
2906 5434 3076 5487 altero
3104 5446 3254 5510 mss.,
3285 5435 3522 5510 naturai

1955 5502 2073 5565 (iter
2100 5502 2270 5581 natus
2315 5513 2389 5562 est
2437 5508 2616 5562 Patris
2671 5506 2805 5569 Dei;
2856 5506 3038 5581 Bor_n.,
3090 5502 3406 5581 naturaliter
3449 5506 3525 5581 es}

1954 5580 2134 5635 Patris
2161 5579 2294 5634 Det:
2345 5593 2471 5634 mss.
2520 5593 2652 5632 vero
2698 5591 2862 5649 prope
2906 5575 2975 5629 ad
3003 5587 3173 5628 unum
3220 5570 3379 5628 nobis
3411 5569 3522 5627 suf-

1949 5652 2246 5729 fragantur.
2646 5718 2684 5729 _.
2708 5720 2719 5729 .
2816 5717 2827 5729 .
2996 5715 3007 5729 .

2025 5717 2140 5795 (36)
2172 5723 2297 5780 Mss.
2331 5720 2604 5791 nonnulli,
2636 5718 2720 5775 Ibi
2744 5717 2881 5775 enim
2896 5717 3105 5779 veritas.
