3976 6404
198 402 311 465 317

1266 414 1625 473 COMMENT.
1668 417 1739 474 IN
1773 419 1988 477 EPIST.
2031 423 2079 477 ΙΙ
2119 423 2213 479 AD
2253 424 2411 483 COB.

198 544 323 589 erat
368 536 511 593 circa
554 537 793 595 ofﬁcium
839 538 941 595 sibi
987 539 1313 612 delegatum,
1357 553 1420 600 ut
1464 561 1565 601 nec
1620 554 1777 603 nocte
1809 549 1860 609 A

198 633 455 681 cessaret.
513 650 532 673 ι
588 627 647 682 In
697 626 941 699 jejuniis.
1000 653 1018 677 ›
1081 630 1392 704 Aliquando
1447 635 1779 703 voluntaria,

196 712 502 786 aliquando
539 718 871 773 necessitatis
893 717 1103 790 jejunia
1131 721 1357 791 pertulit
1397 740 1557 779 causa
1601 742 1783 797 penu-

195 800 321 871 riae,
378 811 432 859 et
487 806 601 861 Deo
649 806 845 877 gratias
896 807 1004 878 egit
1055 807 1374 880 spiritaliter
1418 828 1474 867 se
1500 814 1778 885 pascenti;

194 892 334 963 quia
368 893 490 949 ideo
520 903 807 952 contentus
835 903 973 965 erat,
1007 912 1076 953 ne
1105 899 1312 954 ventris
1342 915 1503 956 causa
1542 901 1784 958 inclina-

192 989 373 1039 retur.

281 1072 465 1144 (Vers.
509 1075 589 1151 6.)
636 1100 657 1126 ι
702 1078 765 1134 In
810 1078 1127 1138 castitate.»
1178 1081 1488 1141 Castitatem
1520 1085 1637 1143 sive
1665 1101 1779 1142 cor-

191 1161 373 1234 poris,
418 1163 535 1220 sive
586 1165 872 1239 Evangelii
918 1168 1228 1239 vindicans,
1268 1188 1378 1228 non
1426 1189 1626 1245 paucos
1653 1172 1785 1231 fecit

195 1248 475 1307 inimicos.
529 1274 549 1300 ο
598 1252 660 1310 In
707 1255 952 1313 scientia.
994 1282 1013 1306 ι
1057 1258 1212 1329 Legis
1240 1267 1295 1317 et
1335 1261 1620 1332 Evangelii
1666 1260 1781 1333 (44)

193 1338 486 1397 scientiam
514 1357 627 1398 non
654 1343 712 1399 in
739 1345 1004 1417 sapientia
1032 1345 1291 1418 humana,
1327 1365 1501 1423 neque
1530 1350 1588 1405 in
1618 1349 1784 1406 simu-

191 1424 407 1485 latione
476 1448 717 1489 asserens
792 1435 904 1490 Deo
970 1451 1025 1491 se
1078 1435 1295 1494 ﬁdelem
1352 1438 1782 1510 dispensatorem

192 1515 405 1577 Christi
436 1519 710 1578 exhibuit.
756 1544 774 1568 ι
804 1522 865 1578 In
896 1525 1641 1596 magnanimitate-Grandis
1669 1528 1782 1584 ani-

193 1602 282 1659 mi
329 1611 443 1660 erat
492 1606 551 1661 in
600 1606 911 1680 bajulandis
963 1609 1377 1670 inﬁrmitatibus
1422 1612 1675 1680 fratrum,
1731 1618 1785 1667 et

190 1689 258 1749 in
316 1702 631 1767 contemptu
672 1696 864 1753 mundi
914 1697 1112 1771 hujus;
1147 1699 1291 1755 unde
1320 1700 1429 1755 alio
1457 1701 1576 1756 loco
1605 1699 1778 1755 dicit:

207 1807 229 1832 ι
260 1782 399 1841 Mihi
423 1782 660 1840 mundus
688 1784 987 1841 cruciﬁxus
1012 1796 1111 1855 est,
1134 1794 1188 1842 et
1213 1803 1310 1859 ego
1331 1787 1539 1843 mundo
1573 1788 1777 1860 (Galat.

186 1886 280 1942 vr,
319 1872 433 1944 14).
483 1896 502 1920 ›
560 1901 630 1913 -
694 1895 714 1919 ι
744 1873 804 1927 In
850 1872 1206 1944 benignitate.
1254 1900 1273 1924 ›

187 1961 332 2035 quia
383 1960 525 2018 sicut
569 1960 845 2033 arguebat,
877 1960 954 2017 ita
996 1970 1049 2017 et
1096 1962 1498 2031 blandiebatur,
1549 1968 1611 2018 ut
1662 1968 1785 2035 post

184 2049 602 2122 correptionem
651 2049 761 2104 leni
809 2048 1188 2107 exhortatione
1228 2054 1617 2107 consolaretur.
1679 2052 1783 2106 «In

187 2138 410 2213 Spiritu
438 2145 643 2194 sancto.
670 2136 909 2207 Spiritus
929 2146 1149 2192 sanctus
1186 2138 1375 2210 effugit
1405 2138 1594 2194 ﬁctum
1628 2138 1780 2209 (Sap.

189 2246 236 2299 ι,
270 2228 352 2301 5).
384 2251 403 2275 ›
446 2223 714 2294 Quoniam
742 2239 869 2297 ergo
896 2225 1180 2282 sinceriter
1207 2227 1452 2296 docebat,
1500 2225 1557 2281 in
1577 2226 1785 2297 Spiritu

190 2326 390 2374 sancto
430 2315 528 2371 Dei
572 2314 778 2370 donum
818 2312 1084 2369 tradebat.
1147 2337 1165 2359 ι
1196 2314 1258 2369 In
1285 2314 1549 2370 charitate
1577 2329 1686 2369 non
1714 2312 1783 2368 si-

191 2406 425 2463 mulata.
457 2428 476 2452 ι
511 2403 775 2459 Simulata
797 2402 1032 2457 charitas
1061 2401 1119 2457 in
1148 2401 1234 2457 his
1264 2410 1344 2458 est
1372 2401 1467 2475 qui
1494 2401 1552 2457 in
1601 2417 1784 2458 neces-

191 2495 359 2552 sitate
386 2492 502 2563 (45)
542 2489 800 2546 deserunt
828 2489 1039 2557 fratres;
1064 2488 1208 2545 unde
1247 2488 1339 2546 hic
1366 2505 1578 2561 semper
1598 2504 1781 2544 neces-

192 2583 389 2639 sitates
419 2580 649 2636 fratrum
680 2596 804 2635 suas
835 2579 1059 2647 faciens,
1102 2580 1336 2651 simplex
1366 2586 1480 2635 erat
1519 2578 1578 2633 in
1607 2578 1781 2634 chari-

192 2678 311 2728 tate
338 2695 357 2719 ›
419 2668 520 2741 (De
547 2670 717 2736 Pam,
752 2668 880 2723 dist.
922 2669 975 2735 2,
1009 2684 1057 2722 c.
1077 2668 1226 2723 Ficta
1246 2666 1528 2736 charitas).
1558 2666 1782 2738 Compa-

199 2760 442 2818 tiebatur
469 2760 616 2815 enim
647 2757 924 2824 omnibus,
948 2757 1090 2812 sicut
1120 2757 1228 2811 alio
1254 2758 1374 2812 loco
1402 2755 1557 2811 dicit:
1610 2778 1629 2803 ι
1651 2755 1784 2822 Quis

192 2847 616 2915 scandalizatur,
648 2856 701 2903 et
727 2863 825 2918 ego
854 2862 964 2901 non
985 2862 1116 2900 uror
1144 2845 1229 2917 (Il
1260 2844 1622 2914 Cor.x1,29)?:
1658 2844 1785 2899 Haec

199 2939 354 2998 enim
404 2953 533 2993 vera
579 2935 816 2993 charitas
861 2942 960 3003 est,
991 2934 1036 2989 si
1064 2950 1161 2988 sua
1188 2933 1424 2990 utilitate
1452 2938 1780 3004 contempta,

193 3025 320 3100 ejus
341 3041 527 3083 curam
557 3034 699 3100 agat,
730 3040 892 3098 quem
931 3022 1157 3095 diligere
1198 3038 1254 3077 se
1283 3020 1604 3097 proﬁtetur:
1637 3020 1783 3094 quod

192 3132 411 3189 semper
430 3114 561 3171 fecit
588 3112 899 3188 Apostolus.

271 3206 454 3282 (Vers.
488 3205 567 3277 7.)
614 3230 631 3252 ι
652 3205 714 3261 Ιη
743 3202 912 3259 verbo
939 3200 1205 3257 veritatis.
1241 3225 1261 3250 ι
1302 3198 1546 3259 Verbum
1572 3198 1783 3255 verita-

192 3293 270 3351 tis
316 3300 431 3350 erat
478 3293 536 3350 in
585 3292 705 3367 ejus
734 3291 1019 3348 doctrina:
1054 3290 1182 3365 quia
1204 3305 1315 3345 non
1347 3288 1498 3345 aliud
1538 3288 1785 3344 tradebat

193 3398 415 3458 quama
442 3382 680 3439 Domino
707 3388 1001 3453 acceperat.
1049 3404 1067 3426 ‹
1092 3380 1155 3434 In
1186 3379 1391 3434 virtute
1422 3376 1539 3432 Dei.
1571 3400 1589 3424 ι
1645 3375 1783 3431 Vir-

191 3480 287 3530 tus
332 3472 389 3528 in
424 3488 487 3528 eo
536 3470 634 3527 Dei
678 3478 811 3538 erat,
858 3486 976 3541 qua:
1022 3483 1118 3538 per
1163 3466 1316 3536 signa
1344 3472 1504 3536 atque
1537 3461 1783 3536 prodigia

192 3559 347 3619 hunc
375 3560 632 3616 idoneum
664 3558 977 3612 ministrum
1009 3553 1289 3625 probabat.
1336 3551 1471 3604 «Per
1496 3566 1644 3605 arma
1653 3550 1781 3620 jus—

191 3652 335 3707 titias
384 3666 415 3705 a
440 3648 649 3705 dextris
676 3653 730 3701 et
760 3644 1017 3700 sinistris.
1061 3667 1079 3690 ι
1135 3642 1393 3696 Liberum
1428 3654 1482 3694 se
1512 3638 1781 3710 signiﬁcat

192 3740 367 3807 fuisse
406 3756 436 3795 a
474 3737 729 3800 ﬁdelibus
755 3744 808 3791 et
836 3732 1159 3791 incredulis.
1183 3734 1350 3787 Arma
1378 3731 1523 3786 enim
1547 3728 1779 3803 justitiaa

189 3830 476 3905 perimunt
503 3825 867 3900 iniquitatem.

267 3927 451 3999 (Vers.
496 3925 577 3997 8.)
633 3948 651 3969 ι
692 3924 792 3979 Per
825 3919 1050 3993 gloriam
1081 3925 1134 3975 et
1166 3915 1585 3989 ignobilitatem.
1611 3940 1631 3965 ι
1682 3916 1778 3973 llis

189 4014 289 4091 qui
319 4012 679 4084 Evangelium
714 4008 810 4066 Dei
838 4008 1066 4082 gloriam
1098 4005 1463 4074 azstimabant,
1494 4004 1777 4060 manifeste

190 4105 468 4177 integrum
516 4116 572 4158 se
614 4109 667 4157 et
709 4098 923 4155 ﬁdelem
980 4094 1388 4171 praedicatorem
1414 4094 1569 4153 dicit.
1597 4093 1777 4150 Simili

188 4194 357 4254 modo
387 4200 441 4251 et
470 4191 549 4248 eis
579 4189 672 4265 qui
703 4188 867 4245 verba
909 4186 1112 4243 divinae
1159 4184 1424 4242 doctrinae
1467 4182 1776 4255 ignobilita-

188 4291 303 4344 tem
332 4291 387 4339 et
416 4279 870 4339 deformationem
900 4275 1185 4348 putabant,
1220 4273 1437 4331 ﬁdelem
1466 4289 1521 4329 se
1549 4272 1648 4330 Dei
1677 4271 1775 4331 mi-

180 4374 431 4447 nistrum
470 4366 764 4433 exhibuit;
816 4365 949 4422 dum
991 4379 1103 4420 non
1148 4370 1370 4429 teretur,
1403 4378 1575 4433 neque
1606 4360 1774 4433 pudo-

187 4478 306 4520 rem
340 4459 546 4531 patitur
573 4472 634 4513 ea
663 4454 773 4509 illis
799 4452 949 4523 loqui
989 4468 1107 4524 qua:
1139 4451 1364 4505 horrent
1394 4450 1601 4505 audire.
1641 4473 1659 4496 ι
1679 4450 1801 4515 Per,

189 4547 479 4611 infamiam
520 4552 573 4601 et
611 4543 807 4599 bonam
856 4541 1072 4596 famam.
1108 4562 1124 4583 ιι
1184 4538 1363 4593 Etiam
1389 4537 1477 4593 his
1501 4539 1771 4610 integrum

190 4654 246 4696 se
302 4634 403 4695 Dei
454 4634 877 4706 dispensatorem
936 4626 1189 4700 praebuit,
1245 4624 1337 4700 qui
1392 4624 1519 4681 ﬁdei
1571 4626 1770 4681 bonam

191 4725 507 4800 opinionem
538 4719 828 4785 faciebant,
859 4724 914 4771 et
941 4714 1035 4791 qui
1078 4714 1273 4769 malam
1299 4731 1312 4781 ;
1346 4712 1476 4768 dum
1508 4728 1617 4767 non
1647 4727 1772 4767 me-

191 4816 300 4878 tuit
328 4814 469 4873 hanc
500 4809 792 4879 invidiam,
822 4805 916 4862 sed
944 4814 1199 4861 constans
1230 4810 1329 4860 est.

275 4936 296 4962 ι
348 4912 421 4969 Ut
471 4908 783 4966 seductores
826 4911 881 4961 et
932 4917 1166 4958 veraces.
1220 4923 1238 4948 ι
1300 4897 1573 4956 Increduli
1602 4896 1772 4957 sedu-

192 5012 371 5063 ctores
425 5016 519 5057 eos
572 4994 865 5054 vocabant:
911 4990 1097 5050 ﬁdeles
1143 5003 1173 5044 e
1220 4996 1411 5045 contra
1440 5000 1656 5041 veraces
1680 5001 1771 5042 eos

192 5104 246 5155 et
296 5090 574 5164 simplices
633 5081 1081 5160 pronuntiabant.
1140 5080 1279 5141 186
1323 5077 1435 5137 Nec
1487 5075 1591 5135 hoc
1644 5074 1770 5134 odio

192 5187 355 5252 cedit,
388 5193 449 5242 ut
477 5181 800 5254 superducat
829 5178 1016 5235 fucum
1047 5173 1287 5230 veritati.
1333 5196 1353 5223 ς
1392 5172 1463 5231 Ut
1490 5171 1687 5243 ignoti,
1718 5178 1773 5229 et

194 5278 285 5351 qui
315 5273 714 5345 cognoscimur.
750 5294 768 5316 ι
822 5267 978 5322 Malis
1008 5264 1179 5335 ignoti
1210 5270 1384 5329 erant,
1418 5261 1579 5317 bonis
1609 5261 1726 5316 noti
1752 5279 1766 5329 ;

192 5362 552 5440 agnoscebant
584 5358 728 5417 enim
750 5357 807 5410 in
838 5354 926 5409 his
954 5353 1260 5407 veritatem.

263 5524 380 5598 (44)
412 5519 755 5599 Βοωκρᾶὶζ..
780 5516 1183 5599 trucidaverat,_
1208 5510 1356 5582 Legis
1393 5515 1440 5565 et
1465 5508 1770 5599 Eeqnqelii,

194 5587 307 5671 quia
348 5587 534 5655 tamen
578 5593 636 5652 in
666 5591 789 5651 aliis
834 5587 1089 5651 omnibus
1134 5591 1295 5657 atque
1319 5598 1448 5639 mss.
1480 5587 1773 5655 reperiun-

194 5675 384 5811 ῐῃι(45)
418 5735 708 5795 Gratianus
738 5735 857 5795 loco
885 5733 983 5793 cit.
1019 5730 1089 5793 ad
1123 5744 1323 5801 marg,
1350 5727 1500 5791 Ficta
1542 5723 1774 5783 charitas

1810 3246 1860 3310 C

1802 4589 1852 4650 D

3316 466 3321 479 τ
3365 438 3470 498 318

1964 550 2145 619 (Vers.
2186 552 2267 620 9.)
2333 575 2351 597 ι
2400 552 2469 607 Ut
2514 552 2833 621 morientes,
2876 563 2932 610 et
2974 570 3099 614 ecce
3137 560 3400 618 vivimus.
3436 586 3455 609 ι

1889 637 2031 694 Odio
2059 640 2183 695 illos
2212 639 2494 709 habentes,
2525 641 2771 713 quotidie
2801 643 3068 714 putabant
3095 662 3206 704 non
3242 651 3471 707 evadere

1891 726 2067 782 minas
2119 727 2472 802 iniquitatis:
2534 729 2628 786 isti
2674 738 2877 800 autem,
2926 733 3056 804 quia
3095 735 3209 792 Deo
3235 738 3471 810 propitio

1890 813 2175 884 docebant,
2207 817 2421 873 auxilio
2451 816 2655 874 Christi
2676 819 2781 874 tuti
2812 820 3210 891 praestabantur
3240 838 3273 879 a
3300 832 3473 880 morte

1890 903 2143 977 prmsenti
2190 909 2243 959 et
2284 903 2488 959 futura.
2535 927 2554 950 ‹
2582 903 2745 972 Quasi
2797 907 3017 975 tentati,
3045 906 3139 964 sed
3167 909 3332 965 morti
3363 927 3468 966 non

1891 989 2101 1046 traditi.
2128 1013 2147 1037 ι
2181 988 2396 1046 Tentati
2436 989 2786 1060 videbantur,
2817 994 3036 1068 quando
3064 994 3144 1054 sic
3171 996 3469 1053 tractaban-

1890 1082 2004 1143 tur,
2034 1083 2096 1132 ut
2123 1076 2314 1133 cedere
2341 1085 2694 1151 putarentur:
2728 1090 2781 1139 et
2804 1082 2934 1154 quia
2952 1099 3064 1140 non
3090 1083 3469 1152 vincebantur,

1892 1166 2056 1221 morti
2094 1181 2206 1221 non
2241 1166 2652 1226 addicebantur.
2678 1169 2780 1226 Hic
2807 1171 2956 1227 enim
2984 1170 3261 1230 addicitur
3281 1174 3468 1242 morti,

1893 1254 1986 1328 qui
2039 1254 2097 1310 in
2154 1254 2262 1311 ﬁde
2295 1272 2404 1312 non
2447 1268 2765 1330 permanet;
2797 1266 2850 1316 et
2876 1259 3040 1315 morti
3061 1276 3173 1317 non
3201 1260 3352 1331 huic,
3379 1261 3472 1320 sed

1892 1342 2109 1399 futurae.
2142 1342 2327 1400 Potest
2354 1353 2409 1402 et
2436 1344 2503 1402 de
2533 1348 2789 1419 praesenti
2836 1356 3010 1406 morte
3037 1350 3273 1422 intelligi
3300 1369 3314 1419 ;
3344 1358 3476 1408 ten-

1888 1433 1995 1488 tari
2067 1434 2214 1491 enim
2284 1452 2375 1493 eos
2451 1430 2759 1512 patiebatur
2837 1441 3002 1509 Deus,
3074 1448 3137 1499 ut
3208 1442 3475 1514 pressuris

1892 1530 2196 1581 crescerent
2260 1522 2493 1585 merito:
2554 1543 2666 1587 non
2742 1534 2927 1585 tamen
2983 1528 3333 1603 permittebat
3384 1545 3476 1587 eos

1893 1610 2092 1667 occidi.

1968 1696 2149 1769 (Vers.
2204 1697 2320 1772 10.)
2382 1725 2402 1749 ε
2449 1701 2521 1760 Ut
2548 1702 2755 1772 tristes,
2780 1719 2994 1778 semper
3019 1715 3200 1764 autem
3229 1704 3477 1779 gauden-

1892 1794 1992 1843 tes.
2036 1810 2057 1835 ›
2114 1787 2321 1844 Verum
2350 1797 2451 1858 est,
2486 1790 2616 1864 quia
2642 1791 2870 1848 tristitia
2900 1796 3019 1850 haec
3046 1794 3306 1866 gaudium
3334 1810 3477 1866 ope-

1339 1876 1616 1947 Benignus
1648 1882 1781 1943 erat,
1812 1904 1860 1964 Β
1894 1881 2067 1946 ratur,
2120 1884 2176 1935 et
2218 1876 2313 1950 qui
2361 1893 2455 1935 eos
2499 1878 2725 1952 injuriis
2768 1880 3183 1950 contristabant,
3215 1883 3474 1955 gaudium

1894 1985 2080 2027 eorum
2126 1971 2521 2043 exaggerabant
2571 1972 2709 2046 (46).
2782 1996 2803 2022 ι
2841 1976 2910 2033 Ut
2950 1992 3236 2047 pauperes,
3272 1978 3476 2035 multos

1892 2073 2073 2124 autem
2124 2065 2379 2123 ditantes.
2420 2089 2442 2114 ι
2501 2068 2777 2136 Quantum
2822 2068 2892 2127 ad
2937 2080 3255 2142 praesentem
3305 2072 3473 2127 vitam

1893 2153 2152 2226 pertinet,
2200 2169 2463 2227 pauperes
2509 2154 2878 2215 videbantur:
2911 2158 3006 2215 sed
3035 2160 3306 2231 spiritales
3334 2159 3475 2216 divi-

1893 2243 1996 2299 tias
2049 2242 2401 2303 credentibus
2458 2245 2863 2316 largiebantur:
2909 2248 3067 2319 egeni
3114 2248 3174 2305 in
3202 2249 3386 2314 terris,
3416 2247 3474 2303 in

1894 2332 2049 2387 Ccelis
2106 2331 2326 2388 divites.
2396 2357 2416 2381 ι
2470 2333 2542 2389 Ut
2588 2334 2731 2391 nihil
2764 2334 3048 2404 habentes,
3078 2337 3267 2394 omnia
3293 2345 3473 2394 autem

1892 2420 2252 2493 possidentes.
2303 2445 2323 2470 ιι
2388 2422 2506 2479 Hoc
2544 2423 2653 2480 fuit
2696 2425 2756 2481 in
2782 2425 3042 2498 apostolis
3070 2427 3386 2499 gloriosum,
3412 2433 3476 2482 ut

1893 2508 2009 2564 sine
2051 2509 2426 2566 sollicitudine
2463 2518 2516 2568 et
2541 2513 2763 2570 nomine
2792 2513 3103 2587 possidendi
3138 2530 3248 2570 non
3295 2514 3473 2571 solum

1893 2613 1974 2665 ea,
2016 2614 2134 2669 quae
2168 2600 2224 2654 in
2255 2600 2690 2672 possessionibus
2720 2612 2896 2672 erant,
2925 2602 3019 2659 sed
3050 2610 3102 2660 et
3124 2604 3270 2676 ipsos
3286 2618 3472 2659 eorum

1893 2685 2145 2744 dominos
2170 2688 2510 2760 possiderent
2534 2706 2547 2755 ;
2581 2690 2767 2746 omnia
2794 2691 2941 2747 enim
2974 2708 3192 2748 necesse
3220 2697 3473 2748 eratante

1893 2791 2079 2831 eorum
2126 2777 2255 2849 poni
2283 2776 2444 2846 pedes
2472 2792 2631 2831 causa
2656 2778 2952 2848 virtutum,
2981 2777 3125 2835 sicut
3152 2779 3383 2851 legimus
3413 2777 3472 2835 in

1892 2863 2120 2921 Actibus
2148 2864 2517 2935 apostolorum
2552 2863 2694 2934 (Act.
2727 2881 2807 2933 ιν,
2827 2865 2943 2935 35).

1965 2951 2148 3023 (Vers.
2201 2951 2316 3023 11.)
2363 2974 2382 2998 ε
2409 2950 2480 3006 Os
2511 2958 2759 3008 nostrum
2790 2960 2935 3024 patet
2961 2951 3031 3010 ad
3062 2968 3180 3021 vos,
3207 2969 3242 3010 ο
3270 2952 3477 3015 Corin-

1891 3036 1995 3092 thii
2013 3081 2027 3094 .
2074 3063 2095 3087 ι
2156 3040 2272 3095 Hoc
2300 3032 2574 3095 libertatis
2600 3057 2765 3099 causa
2794 3043 3065 3117 loquitur,
3091 3050 3147 3100 et
3173 3059 3321 3115 purae
3349 3061 3473 3101 con-

1889 3127 2131 3184 scientiae
2156 3146 2170 3195 ;
2212 3128 2353 3184 male
2382 3128 2530 3185 enim
2563 3128 2670 3184 sibi
2698 3129 2919 3189 conscia
2946 3146 3104 3189 meus
3133 3131 3284 3205 loqui
3312 3131 3475 3204 trepi-

1890 3215 2000 3284 dat,
2052 3233 2270 3272 sensum
2300 3215 2498 3290 perdit,
2527 3217 2585 3272 in
2613 3218 2795 3276 verbis
2821 3228 2985 3279 errat.
3031 3245 3051 3270 ε
3094 3219 3200 3279 Cor
3228 3231 3473 3279 nostrum

1890 3307 2180 3363 dilatatam
2227 3313 2326 3362 est.
2375 3330 2394 3353 ι
2456 3307 2661 3364 Eorum
2711 3325 2806 3367 cor
2845 3308 3127 3377 dilatatur,
3150 3309 3243 3382 qui
3274 3309 3475 3368 ﬁducia

1888 3394 2047 3451 bonae
2076 3395 2511 3453 conversationis
2538 3395 2775 3467 gaudent
2804 3396 2864 3455 in
2893 3412 3031 3464 sese,
3081 3402 3177 3455 aut
3204 3405 3347 3453 certe
3375 3399 3473 3455 fu-

1888 3486 2000 3540 turi
2031 3501 2125 3557 spe
2163 3484 2279 3555 (47)
2312 3484 2524 3555 praemii
2554 3485 2610 3540 in
2642 3485 2999 3542 tribulatione
3028 3501 3138 3543 non
3166 3494 3471 3558 angustan-

1888 3581 2012 3640 tur;
2063 3572 2191 3644 quia
2239 3572 2382 3629 sicut
2424 3573 2482 3628 in
2531 3572 2633 3630 hac
2662 3574 2777 3630 vita
2806 3575 2913 3632 nisi
2943 3576 3273 3648 praecesserit
3296 3576 3467 3643 labor,

1886 3659 2133 3717 redditus
2164 3676 2274 3717 non
2304 3660 2571 3734 sequitur:
2592 3662 2668 3718 ita
2697 3669 2751 3717 et
2781 3663 2839 3720 in
2872 3663 3034 3723 rebus
3058 3663 3338 3731 divinis,si
3359 3678 3470 3720 non

1886 3748 2055 3807 exitia
2085 3749 2399 3818 anteierint,
2433 3750 2719 3822 praemium
2759 3766 2872 3807 non
2904 3762 3181 3827 sequetur.

1959 3838 2142 3909 (Vers.
2180 3838 2264 3904 12,
2299 3836 2411 3909 13.)
2459 3861 2478 3891 ς
2502 3838 2624 3894 Non
2661 3838 3053 3909 angustiamini
3080 3840 3139 3898 in
3168 3839 3348 3910 nobis,
3378 3857 3469 3899 an-

1886 3922 2205 3997 gustiamini
2235 3930 2416 3980 autem
2451 3923 2509 3980 in
2541 3923 2849 3983 visceribus
2867 3927 3085 3995 vestris,
3112 3928 3357 3987 eamdem
3379 3929 3470 3987 ha-

1884 4013 2075 4070 bentes
2122 4012 2388 4071 mercedis
2447 4013 2893 4073 retributionem.
2940 4040 2960 4063 ι
3004 4016 3120 4075 Hoc
3155 4016 3317 4087 dicit,
3344 4017 3471 4089 quia

1885 4119 1995 4159 non
2017 4101 2208 4160 oberat
2234 4101 2528 4172 magistris,
2562 4101 2610 4159 si
2639 4101 2900 4178 discipuli
2928 4104 3070 4163 male
3099 4112 3467 4173 verterentur,

1885 4198 2300 4251 contemnentes
2326 4190 2568 4261 vigorem
2599 4190 2899 4261 doctrinae;
2932 4193 3062 4269 quia
3094 4195 3467 4269 unusquisque

1884 4296 1985 4357 pro
2022 4278 2279 4354 operibus
2305 4278 2420 4336 suis
2444 4278 2749 4337 mercedem
2779 4280 3040 4352 accipiet;
3073 4282 3202 4356 quia
3230 4280 3376 4356 quod
3401 4280 3468 4341 ad

1884 4367 2175 4440 magistros
2204 4365 2460 4438 pertinet,
2494 4382 2605 4423 non
2635 4373 2945 4435 tacuerunt,
2992 4367 3206 4427 dicente
3233 4370 3470 4427 Domino

1885 4457 1955 4514 ad
1985 4455 2326 4514 Ezechielem
2358 4455 2679 4531 prophetam
2711 4475 2722 4511 :
2785 4481 2804 4507 ι
2839 4456 3038 4515 Exalta
3074 4473 3263 4515 vocem
3296 4465 3466 4524 tuam,

1885 4553 1939 4601 et
1988 4546 2208 4620 loquere
2256 4543 2327 4602 ad
2378 4544 2632 4619 plebem:
2681 4544 2727 4603 si
2760 4552 2814 4603 te
2842 4545 3138 4619 audierint,
3171 4544 3468 4605 lucraberis

1879 4651 2005 4691 eos:
2037 4635 2083 4690 si
2112 4634 2429 4709 quominus,
2457 4641 2520 4691 tu
2547 4632 2783 4691 animam
2805 4640 2958 4693 tuam
2981 4633 3220 4693 salvebis
3250 4632 3466 4703 (Emit.

1888 4739 1970 4791 Ill,
2006 4720 2116 4792 19).
2146 4743 2165 4766 ι

1959 4809 2143 4885 (Vers.
2179 4806 2293 4881 14.)
2342 4830 2359 4851 ι
2389 4804 2540 4862 Sicut
2571 4804 2702 4862 ﬁliis
2731 4802 2878 4871 dico,
2908 4803 3217 4863 dilatamini
3252 4812 3307 4865 et
3346 4821 3465 4877 vos,

1885 4904 1939 4953 et
1974 4897 2144 4952 nolite
2171 4894 2365 4969 jugum
2393 4892 2588 4948 ducere
2617 4907 2743 4951 cum
2772 4889 3110 4948 inﬁdelibus.
3153 4915 3172 4939 ι
3230 4891 3317 4953 Ad
3358 4891 3468 4949 bo—

1884 5003 2012 5045 nam
2044 4983 2515 5044 conversationem
2549 4986 2603 5036 et
2635 4994 2783 5051 spem
2818 4993 2909 5037 eos
2924 4978 3195 5048 hortatur;
3218 4981 3466 5043 utﬁden.

1882 5084 1966 5137 tes
2022 5084 2076 5133 et
2128 5079 2415 5149 purgantes
2468 5066 2831 5127 conscientias
2873 5084 3018 5141 suas,
3063 5069 3273 5146 possint
3302 5071 3362 5133 in
3387 5086 3467 5130 se.

1885 5164 2130 5239 metipsis
2177 5158 2432 5237 gaudere,
2462 5150 2722 5245 habentes
2753 5156 3010 5245 ﬁduciam
3048 5174 3197 5230 purse
3242 5159 3465 5242 mentis,

1885 5255 2027 5311 sicut
2053 5261 2106 5307 et
2137 5264 2324 5305 eorum
2362 5244 2628 5317 magistri,
2658 5253 2967 5317 separantes
2986 5262 3041 5301 se
3060 5246 3127 5301 ab
3158 5245 3463 5302 inﬁdelium

1884 5344 2140 5400 societate
2179 5339 2237 5393 in
2277 5335 2532 5409 operibus
2553 5335 2730 5390 malis.
2748 5336 2821 5390 Et
2838 5334 2977 5392 bene
2996 5351 3125 5407 ergo
3153 5336 3379 5408 agendo,
3410 5342 3465 5390 et

1885 5512 1960 5564 est
1977 5521 2092 5564 ama
2119 5501 2307 5559 deserit
2332 5499 2389 5553 in
2423 5496 2759 5553 adversitate.

1959 5563 2076 5649 (46)
2132 5577 2231 5649 Ms.
2291 5569 2480 5639 Corb.,
2518 5569 2646 5643 quia
2703 5566 2936 5624 tristitia
2986 5563 3240 5639 gaudium
3285 5579 3468 5629 eorum

1888 5667 1986 5707 exa
2022 5648 2289 5717 gerebant.

1798 5744 1821 5767 κ
1961 5667 2077 5795 (4⁷7)
2108 5718 2289 5775 Nonnt

2058 5720 2077 5792 )
2108 5715 2375 5775 Nonnulli
2405 5729 2561 5785 mss.,
2586 5710 2827 5768 nutanti
2841 5707 3018 5785 funeri
3040 5721 3149 5781 δρα,
3179 5713 3285 5771 etc.
