3976 6394
1570 420 1668 475 ΑΙ)
1703 418 1934 475 OPEBA
1972 417 2027 475 S.
2068 420 2400 477 AMBROSII
2434 421 2810 485 APPENDIX.

3750 435 3847 495 320

580 533 768 590 futura
793 533 1079 606 sperando,
1111 536 1328 596 dilatari
1356 541 1479 597 vult
1508 541 1634 599 illos
1661 544 1865 611 animo;
1900 546 1990 618 qui
2013 546 2159 601 enim
2190 552 2235 609 A
2267 564 2380 603 ram
2434 550 2602 606 vitam
2650 553 2973 612 exhortatus
3026 564 3129 626 est,
3187 566 3243 618 et
3269 560 3569 619 Dominum
3599 572 3842 621 nostrum

579 619 813 689 laborat,
861 630 915 678 et
961 624 1147 680 futura
1191 643 1301 683 non
1349 629 1523 686 credit
1566 631 1708 702 (48),
1735 633 1877 689 sicut
1903 633 2162 700 inﬁdelis,

578 708 795 781 angusti
826 710 995 766 animi
1024 720 1106 768 est
1131 714 1506 788 desperatione
1535 719 1731 775 futuri.

653 812 835 887 (Vers.
871 816 956 884 l5,
989 818 1101 889 16.)
1122 844 1141 866 ε
1161 820 1291 888 Quin
1315 822 1461 878 enim
1485 823 1600 897 (49)
1635 826 1979 899 participatio
2003 827 2164 900 justi-

579 901 671 958 tiae
688 918 814 957 cum
835 902 1127 975 iniquitate
1147 907 1177 962 ἳ
1194 917 1289 965 aut
1309 925 1428 981 qua;
1460 911 1689 969 societas
1719 914 1917 970 lumini
1934 932 2059 971 cum
2087 923 2163 973 te-

577 992 811 1049 nebris?
848 1010 1041 1068 quasve
1085 999 1374 1056 consensio
1415 1000 1621 1059 Christi
1657 1021 1782 1062 cum
1814 1006 1984 1063 Belial
2014 1007 2043 1064 ?
2069 1015 2165 1064 aut

580 1092 700 1150 qua;
752 1094 877 1150 pars
923 1079 1072 1136 ﬁdeli
1111 1099 1237 1139 cum
1294 1084 1505 1142 inﬁdeli
1531 1088 1560 1144 ?
1597 1089 1684 1144 vel
1714 1106 1835 1163 quae
1863 1092 2160 1149 conventio

576 1166 783 1237 templo
812 1167 910 1222 Dei
936 1184 1062 1224 cum
1101 1170 1264 1227 idolis
1284 1172 1313 1228 ?
1339 1197 1357 1219 ι
1401 1174 1750 1231 Manifestum
1790 1187 1870 1234 est
1897 1177 2014 1235 haec
2042 1196 2162 1252 quae

579 1261 865 1310 enumerat
909 1270 1023 1311 esse
1049 1260 1356 1327 contraria;
1398 1276 1459 1317 ac
1489 1278 1584 1333 per
1612 1263 1718 1320 hoc
1745 1264 2063 1337 fugiendum
2091 1266 2160 1323 ab

574 1338 665 1396 bis
691 1340 869 1410 docet,
902 1343 1030 1414 quia
1055 1342 1191 1401 dicit
1218 1346 1488 1405 Dominus
1514 1364 1527 1403 :
1574 1374 1593 1398 ε
1624 1353 1796 1408 Nemo
1821 1361 2001 1426 potest
2023 1355 2158 1412 duo-

575 1426 678 1482 bus
725 1427 969 1485 dominis
1021 1431 1227 1488 servire
1277 1434 1490 1506 (Matth.
1530 1454 1609 1507 vr,
1653 1438 1769 1511 24).
1799 1464 1819 1489 ι
1869 1441 1984 1497 Lex
2011 1444 2159 1500 enim

568 1513 845 1586 justitiam
891 1516 1174 1588 praedicat,
1220 1530 1283 1578 ut
1330 1522 1573 1596 fugiatur
1617 1526 1913 1601 iniquitas:
1973 1530 2159 1588 lumen

573 1602 835 1671 ostendit,
893 1604 1041 1677 quod
1084 1614 1167 1662 est
1211 1610 1446 1679 veritas;
1488 1622 1551 1669 ut
1578 1613 1645 1670 ab
1680 1614 2008 1686 ignorantia,
2038 1635 2158 1691 quae

568 1692 805 1748 tenebrae
829 1700 975 1762 sunt,
1004 1695 1294 1753 recedatur
1320 1715 1333 1752 :
1368 1698 1650 1757 Christum
1681 1702 1739 1758 in
1768 1704 1868 1760 Dei
1895 1707 2157 1778 mysterio

570 1780 862 1838 annuntiat
886 1799 900 1848 ;
935 1790 998 1838 ut
1025 1799 1058 1839 a
1081 1783 1326 1852 diabolo,
1355 1788 1451 1860 qui
1477 1805 1535 1845 se
1571 1792 1745 1848 Deum
1767 1793 1989 1849 mentiri
2013 1795 2153 1864 vult,

2272 638 2452 693 Jesum
2494 638 2606 711 jam
2637 642 2766 697 olim
2800 640 3094 701 Dominum
3130 658 3378 705 nostrum
3413 652 3551 723 (50),
3584 659 3638 709 et
3664 669 3850 710 susce-

2273 734 2495 798 pturum
2527 745 2626 787 nos
2643 730 2701 785 in
2728 731 2927 805 aﬁ'ectu
2954 733 3239 796 charitatis
3257 755 3392 808 sure,
3408 740 3849 814 praedestinatum

2272 814 2531 873 ostendit.

2866 909 3091 968 CAPUT
3120 913 3241 970 VII.

2341 994 2527 1067 (Vers.
2564 996 2642 1068 1.)
2715 1020 2735 1045 ι
2780 996 2908 1054 Haec
2953 1015 3079 1070 ergo
3104 999 3366 1060 habentes
3393 1005 3677 1076 promissa,
3711 1005 3850 1062 cha-

2270 1084 2499 1155 rissimi,
2546 1084 2874 1142 mundemus
2919 1091 3282 1162 nosmetipsos
3309 1093 3378 1149 ab
3406 1094 3557 1149 omni
3587 1094 3850 1168 inquina-

2270 1180 2456 1228 mento
2503 1174 2703 1242 carnis,
2768 1173 3110 1245 perﬁcientes
3154 1181 3497 1238 sanctitatem
3528 1182 3764 1255 Spiritus
3789 1184 3847 1238 in

2268 1261 2466 1318 timore
2494 1261 2611 1317 Dei.
2642 1286 2660 1310 ι
2703 1262 2989 1321 Manifesta
3031 1274 3177 1332 sunt,
3210 1284 3329 1339 quae
3365 1268 3537 1335 dicit;
3583 1271 3850 1344 inquina-

2268 1358 2513 1406 mentum
2546 1359 2725 1406 tamen
2754 1352 2937 1407 carnis
2962 1352 3261 1410 multifaria
3292 1356 3711 1428 intelligendum
3743 1366 3848 1414 est.

2267 1437 2394 1495 Ideo
2422 1439 2623 1495 etenim
2653 1456 2764 1495 non
2811 1440 2975 1508 dixit,
3028 1441 3096 1497 ab
3142 1442 3560 1516 inquinamento
3611 1447 3795 1503 carnis
3834 1462 3849 1503 :

2267 1526 2361 1582 sed
2387 1527 2453 1581 ab
2480 1528 2623 1581 omni
2648 1527 3039 1597 inquinamento
3061 1548 3083 1595 ;
3102 1538 3164 1585 ut
3193 1540 3307 1588 tota
3337 1534 3471 1589 vitia
3498 1537 3741 1591 carnalia
3768 1534 3853 1591 fu-

2267 1615 2512 1689 giamus;
2547 1631 2707 1671 omne
2737 1616 2885 1672 enim
2914 1616 3063 1689 quod
3092 1618 3180 1673 lex
3205 1621 3479 1691 prohibet,
3502 1624 3722 1679 carnale
3747 1630 3852 1680 est.

2279 1708 2371 1763 cUt
2392 1705 2738 1780 perﬁciamus
2766 1708 3107 1765 sanctitatem
3140 1711 3365 1782 spiritus
3394 1714 3453 1768 in
3475 1714 3673 1771 timore
3690 1715 3841 1772 Dei.»

2264 1797 2614 1853 Sanctitatem
2663 1795 2743 1852 sic
2790 1796 3105 1867 perﬁcimus
3158 1801 3405 1871 spiritus,
3467 1805 3514 1858 si
3564 1804 3622 1859 in
3650 1804 3854 1861 timore

574 1867 931 1925 abscedatur:
965 1870 1316 1929 credentibus
1345 1878 1515 1932 vitam
1545 1879 2148 1951 polliceturaeternam;
2184 1897 2231 1957 Β
2264 1887 2361 1943 Dei
2390 1894 2536 1942 recta
2563 1900 2889 1956 sequamur;
2925 1894 2986 1941 ut
3025 1887 3126 1943 sub
3169 1867 3399 1944 nomine
3422 1891 3626 1947 Christi
3653 1910 3686 1949 a
3712 1909 3854 1965 pec-
3928 1880 3929 1903 ¹

565 1965 630 2013 ut
684 1957 915 2028 perﬁdia
954 1960 1130 2028 exuti,
1183 1962 1252 2017 ab
1294 1965 1445 2019 omni
1493 1965 1803 2023 inﬁdelium
1833 1985 2013 2027 errore
2041 1972 2152 2028 sint

567 2043 735 2099 alieni
761 2062 774 2100 :
816 2044 965 2101 idola
1008 2047 1297 2118 prohibuit
1323 2051 1430 2106 coli
1454 2070 1469 2119 ;
1515 2054 1645 2125 quia
1670 2057 1875 2128 templo
1895 2059 1993 2114 Dei
2022 2067 2154 2116 sunt

570 2130 816 2189 inimica.
860 2155 880 2181 ι
905 2135 1014 2192 Vos
1040 2135 1187 2191 enim
1216 2139 1482 2211 templum
1512 2143 1643 2198 estis
1670 2144 1769 2200 Dei
1803 2145 1967 2202 vivi.-
1998 2147 2149 2204 Nihil

567 2229 679 2277 tam
729 2222 1018 2281 inimicum
1068 2225 1283 2282 homini
1332 2244 1497 2301 quam
1525 2231 1708 2302 idola;
1739 2234 1870 2308 quia
1897 2235 2151 2293 abunius

565 2311 666 2366 Dei
694 2310 801 2366 ﬁde
829 2322 1031 2384 cogunt
1058 2328 1183 2369 eum
1212 2315 1482 2375 recedere.

639 2416 822 2488 (Vers.
856 2419 944 2487 17,
977 2419 1090 2491 18.)
1132 2443 1153 2468 ι
1180 2420 1335 2478 Sicut
1360 2423 1506 2481 dixit
1532 2428 1714 2485 Deus:
1758 2428 2027 2498 Quoniam
2065 2432 2147 2487 in-

563 2502 824 2560 habitabo
866 2506 926 2561 in
945 2506 1078 2577 illis,
1105 2517 1161 2565 et
1189 2509 1332 2567 inter
1359 2529 1450 2570 eos
1478 2515 1792 2586 ambulabo,
1822 2526 1877 2574 et
1903 2535 1996 2575 ero
2027 2520 2146 2575 illo-

565 2609 685 2648 rum
718 2595 885 2663 Deus,
920 2604 974 2651 et
1012 2596 1116 2669 ipsi
1145 2609 1307 2656 erunt
1336 2601 1472 2657 mihi
1501 2606 1736 2675 populus
1767 2606 1955 2678 (Leuit.
1986 2625 2142 2675 xvvr,

565 2680 680 2751 12).
727 2681 1067 2754 Quapropter
1117 2686 1264 2742 exite
1296 2686 1363 2743 de
1400 2690 1582 2746 medio
1614 2708 1824 2759 eorum,
1856 2700 1909 2748 et
1936 2710 2145 2766 separa-

564 2767 726 2836 mini,
756 2768 895 2826 dicit
924 2771 1215 2842 Dominus,
1263 2781 1316 2830 et
1343 2775 1695 2835 immundum
1725 2780 1897 2838 nolite
1924 2791 2144 2855 tangere

566 2854 702 2927 (Isa.
747 2874 845 2925 ω,
894 2859 1006 2930 11);
1055 2884 1076 2909 ι
1128 2890 1201 2903 -
1243 2886 1263 2910 ι
1290 2870 1344 2918 et
1372 2879 1470 2936 ego
1495 2869 1789 2940 suscipiam
1819 2886 1937 2938 vos,
1968 2854 2143 2928 etero

559 2942 721 3000 vobis
750 2945 808 3000 in
838 2953 1067 3017 patrem,
1090 2956 1145 3004 et
1162 2966 1262 3005 vos
1281 2950 1437 3007 eritis
1469 2954 1608 3008 mihi
1640 2955 1697 3011 in
1720 2956 1866 3012 ﬁlios
1893 2966 1953 3018 et
1984 2959 2138 3028 "lias,

556 3030 697 3086 dicit
720 3033 991 3089 Dominus
1037 3037 1385 3108 omnipotens
1416 3039 1629 3111 (Jerem.
1661 3060 1825 3110 xxxi,
1848 3045 1962 3118 33).
1997 3072 2014 3095 ι
2056 3050 2140 3103 τη-

557 3120 719 3174 terim
768 3123 961 3192 primae
1012 3140 1187 3180 causa;
1241 3143 1460 3184 sensum
1488 3132 1861 3202 explicemus:
1912 3139 2052 3198 187
2080 3145 2141 3193 ut

2272 1976 2409 2031 catis
2452 1991 2554 2030 nos
2608 1973 2943 2029 abstinentes
2978 1975 3153 2030 sancti
3185 1975 3374 2033 simus.
3408 1979 3512 2046 Qui
3544 1980 3685 2035 enim
3727 1982 3852 2037 sine

2250 2064 2597 2137 :professione
2655 2062 2861 2121 Christi
2917 2081 2951 2120 a
2986 2065 3140 2120 vitiis
3186 2082 3244 2122 se
3284 2067 3543 2125 cohibere
3564 2071 3848 2141 Videntur,

2258 2151 2587 2209 sanctiﬁcati
2618 2160 2747 2208 sunt
2768 2151 2933 2224 juxta
2963 2153 3251 2224 mundum,
3283 2172 3395 2212 non
3426 2158 3725 2215 secundum
3743 2162 3849 2217 Dei

2259 2240 2514 2313 spiritum
2548 2259 2562 2307 ;
2596 2240 2725 2313 quia
2746 2241 3047 2297 secundum
3077 2244 3250 2299 Deum
3281 2243 3339 2299 hi
3370 2247 3562 2302 mundi
3590 2249 3847 2321 sunt,qui

2268 2328 2458 2385 ﬁdeles
2477 2336 2609 2385 sunt
2640 2347 2652 2385 :
2688 2330 2869 2387 caeteri
2911 2347 3061 2399 vero,
3108 2332 3380 2404 qualesvis
3408 2334 3538 2403 sint,
3569 2336 3847 2394 immundi

2266 2424 2415 2473 sunt.
2468 2417 2747 2490 Quidquid
2796 2418 2942 2474 enim
2973 2419 3092 2475 sine
3121 2419 3340 2477 Christo
3367 2431 3468 2491 est,
3495 2423 3844 2480 immundum

2255 2513 2358 2575 est,
2408 2505 2550 2562 sicut
2594 2506 2730 2562 dicit
2774 2506 2843 2561 ad
2871 2506 3094 2562 Titum:
3141 2531 3159 2554 ι
3189 2508 3328 2576 Quia
3355 2508 3671 2566 inﬁdelibus
3697 2512 3843 2567 nihil

2257 2603 2339 2651 est
2384 2594 2685 2660 mundum;
2742 2594 3029 2665 inquinata
3066 2602 3148 2651 est
3192 2596 3340 2652 enim
3383 2614 3572 2655 eorum
3600 2615 3753 2655 mens
3785 2609 3841 2658 et

2252 2685 2590 2743 conscientia
2619 2685 2753 2757 (Tit.
2788 2704 2828 2753 ι,
2863 2686 2974 2751 15).
3007 2710 3027 2734 ι

2325 2773 2506 2844 (Vers.
2561 2772 2641 2843 2.)
2705 2798 2723 2820 ι
2768 2773 3001 2845 Capaces
3042 2781 3213 2831 estote
3253 2776 3447 2832 nostri.
3478 2778 3592 2834 Ner
3621 2778 3697 2835 ἠἰ
3727 2796 3843 2836 no—

2251 2862 2487 2930 cuimus,
2537 2862 2811 2918 neminem
2862 2863 3210 2934 gravavimus
3240 2864 3381 2936 (5i),
3412 2865 3690 2922 neminem
3719 2868 3841 2923 cir—

2251 2949 2656 3008 cumvenimus.
2705 2974 2724 2998 ι
2787 2948 3143 3007 Considerare
3189 2952 3311 3008 vult
3357 2952 3481 3009 illos
3507 2970 3628 3027 quae
3656 2956 3834 3026 dicit;

2248 3048 2311 3096 ut
2351 3039 2581 3111 receptis
2628 3039 2718 3095 his
2763 3040 2821 3095 in
2872 3040 3141 3110 animum,
3180 3042 3465 3099 conferant
3493 3060 3676 3100 secum
3707 3051 3839 3103 vera

2250 3143 2385 3196 esse,
2417 3145 2536 3201 quae
2566 3128 2848 3200 loquitur;
2894 3138 2947 3185 et
2975 3140 3290 3200 spernentes
3338 3131 3439 3189 hos
3467 3149 3602 3206 quos
3631 3135 3833 3208 tangit,

556 3214 715 3286 cujus
768 3232 1012 3288 persona;
1065 3219 1231 3275 verba
1289 3221 1422 3292 sint,
1478 3223 1815 3285 declaremus
1870 3231 2132 3288 dicentis.
2178 3250 2221 3311 ο
2252 3234 2485 3311 omne":
2512 3218 3246 3311 animuqtransferantad
3304 3237 3397 3277 θοε
3455 3237 3591 3295 (Ῑιλο8
3643 3224 3839 3281 Vide!“

567 3328 587 3352 α
632 3304 902 3372 Quoniam
952 3306 1273 3365 inhabitabo
1301 3310 1358 3366 in
1389 3311 1520 3382 illis,
1550 3321 1604 3369 et
1634 3316 1777 3372 inter
1814 3335 1906 3375 eos
1934 3320 2140 3377 ambu-

555 3392 769 3460 labo,et
797 3410 890 3450 ero
918 3394 1141 3453 illorum
1166 3400 1332 3467 Deus,
1363 3409 1417 3457 et
1444 3402 1549 3475 ipsi
1585 3413 1746 3462 erunt
1798 3407 1938 3464 mihi
1969 3426 2138 3483 popu-

555 3480 659 3537 lus.
686 3505 705 3529 ι
746 3482 874 3538 Haec
913 3482 1077 3539 verba
1099 3484 1315 3542 .Christi
1340 3498 1507 3558 sunt;
1548 3491 1654 3549 hoc
1681 3503 1762 3552 est
1791 3480 2138 3572 enim,vquod

548 3568 696 3624 inter
741 3579 937 3626 caetera
979 3571 1239 3629 Jeremias
1281 3584 1510 3634 testatus
1559 3589 1641 3636 est
1687 3582 1927 3640 dicens:-
1965 3568 2138 3645 cl’ost

544 3654 665 3712 haec
694 3655 755 3711 in
782 3658 946 3713 terris
974 3659 1128 3716 visus
1155 3670 1256 3730 est,
1294 3671 1348 3718 et
1376 3665 1520 3723 inter
1557 3668 1809 3727 homines
1838 3689 2137 3733 conversa-

540 3751 632 3800 tus
673 3752 755 3800 est
802 3745 1068 3816 (Baruch.
1113 3765 1198 3817 ιιι,
1243 3751 1335 3823 38)
1364 3770 1379 3820 ;
1410 3777 1429 3801 ι
1473 3755 1567 3811 hic
1598 3758 1744 3813 enim
1776 3759 2047 3819 habitavit
2075 3764 2133 3819 in

547 3831 949 3899 nobis,dicente
1003 3834 1210 3891 Joanne
1245 3841 1529 3910 apostolo:
1578 3868 1595 3892 ε
1624 3846 1697 3901 Et
1726 3847 1969 3906 Verbum
2007 3868 2132 3909 caro

543 3921 750 3977 factum
801 3930 901 4013 cst,
962 3931 1017 3980 et
1062 3924 1336 3984 habitavit
1364 3930 1422 3985 in
1453 3932 1614 3989 nobis
1656 3936 1839 4006 (Joan.
1879 3956 1921 4007 1,
1954 3940 2067 4013 14).
2097 3967 2116 3991 ι

539 4008 611 4066 Et
668 4009 796 4082 quia
859 4011 1005 4068 Deus
1055 4024 1241 4072 noster
1287 4025 1390 4086 est,
1422 4019 1559 4078 dicit
1589 4021 1790 4081 iterum
1819 4008 2079 4086 Ieremias
2113 4050 2124 4087 :

553 4119 574 4142 α
615 4096 720 4189 llic
768 4107 864 4189 est
894 4101 1036 4156 Deus
1064 4112 1249 4159 noster
1280 4105 1542 4177 (Baruch.
1574 4126 1658 4179 In,
1693 4112 1810 4185 36).
1842 4138 1861 4162 ι
1905 4116 1973 4171 Et
1999 4117 2129 4189 quia

540 4184 778 4256 populus
819 4186 937 4257 ejus
989 4205 1199 4259 sumus,
1260 4192 1489 4249 dubium
1556 4212 1667 4251 non
1716 4184 1832 4266 est;
1881 4184 2127 4261 Ecclesia

540 4272 687 4327 enim
716 4272 925 4330 Christi
954 4284 1055 4331 est.
1079 4276 1317 4350 Ideoque
1346 4283 1581 4350 separari
1612 4300 1712 4340 nos
1739 4288 1943 4346 vultab
1973 4293 2123 4348 omni

539 4361 1042 4431 contaminatione;
1105 4371 1167 4420 ut
1220 4368 1483 4438 suscipiat
1538 4387 1638 4426 nos
1683 4372 1739 4427 in
1785 4374 1951 4446 ﬁlios,
1981 4380 2122 4437 sicut

536 4449 671 4507 dicit
704 4468 717 4507 :
780 4475 799 4498 ι
832 4452 1038 4523 Filioli,
1070 4455 1252 4513 adhuc
1277 4458 1558 4517 modicum
1590 4470 1804 4536 tempus
1833 4468 2118 4526 vobiscum

527 4554 651 4595 sum
682 4540 861 4611 (Joan.
888 4558 1012 4611 xm,
1044 4542 1159 4614 33).
1178 4570 1197 4593 ι
1237 4547 1309 4602 Et
1336 4547 1464 4620 quia
1492 4550 1840 4624 omnipotens
1874 4565 2113 4630 est,puto

525 4629 731 4702 ambigi
761 4647 872 4688 non
901 4632 1115 4690 debere.
1148 4636 1204 4693 Si
1235 4640 1405 4707 enim,
1434 4640 1578 4698 sicut
1608 4643 1721 4714 ipse
1747 4645 1904 4713 dicit,
1933 4673 1951 4695 ‹
1969 4629 2110 4722 qua:-

526 4733 742 4792 cunque
779 4720 911 4779 facit
963 4723 1142 4790 Pater,
1196 4726 1383 4783 eadem
1413 4736 1466 4784 et
1494 4730 1668 4787 Filius
1696 4733 1826 4792 facit
1854 4720 2109 4797 similiter

527 4803 708 4874 (Joan.
767 4825 823 4877 v,
876 4810 961 4882 19)
986 4829 1002 4879 ;
1036 4836 1055 4860 ι
1099 4811 1204 4869 hoc
1232 4821 1312 4869 est
1342 4813 1544 4873 Filium
1572 4820 1755 4876 omnia
1780 4840 1955 4894 posse,
1985 4844 2104 4900 quae

518 4901 697 4964 potest
738 4904 792 4952 et
836 4898 1012 4955 Pater.
1046 4900 1102 4956 Si
1132 4902 1265 4975 quid
1295 4920 1405 4960 non
1436 4914 1614 4978 potest
1643 4910 1822 4981 Pater,
1856 4930 1965 4970 non
1997 4898 2105 4988 po-

512 4985 621 5072 test
669 4989 723 5036 et
757 4984 952 5041 Filius.
997 4987 1100 5044 Sed
1145 4990 1374 5048 idoneus
1416 5003 1496 5051 est
1523 4996 1719 5067 Filius,
1751 5001 1843 5072 qui
1874 4984 2103 5061 dicitde

512 5066 709 5158 Patre:
769 5092 789 5117 ι
828 5073 989 5143 Apud
1035 5077 1206 5132 Deum
1237 5088 1418 5137 autem
1447 5084 1634 5140 omnia
1664 5066 1948 5158 possibilia
1975 5102 2103 5151 sunt

515 5155 733 5231 (Matth.
791 5173 915 5229 xix,
968 5160 1082 5234 26).
1134 5189 1155 5213 ›
1208 5167 1323 5225 Hoc
1355 5155 1747 5231 testimonio—et
1779 5194 1879 5235 nos
1906 5180 1975 5236 ad
2004 5197 2099 5255 pu-

577 5373 697 5463 (48)
734 5374 1200 5463 pmnesedi‘tqnet
1223 5379 1445 5452 quidam
1476 5400 1630 5463 mss_.,
1681 5389 1774 5458 qui
1792 5461 1799 5463 Α
1819 5391 1955 5445 enim
1983 5408 2097 5463 ope-

499 5451 676 5514 ratur,
739 5449 968 5535 mperat,
1011 5455 1058 5503 et
1105 5448 1292 5535 futura
1318 5469 1426 5507 non
1454 5448 1650 5535 credit;
1687 5448 1871 5535 aptius
1900 5448 2098 5535 reliqui

499 5529 634 5597 mss.
701 5519 970 5597 omittunt
1025 5528 1320 5597 operatur;
1371 5540 1400 5580 θ
1449 5519 1654 5597 quibus
1687 5519 1848 5587 Corb.
1884 5519 2094 5590 tantum

495 5586 806 5670 subiungit,
836 5586 1154 5670 angusta-tur
1175 5595 1394 5670 animus
1411 5586 1523 5670 ejus
1552 5586 1932 5670 desperatum;

599 5603 806 5710 iungit,
836 5603 1154 5661 angustatur
1175 5610 1385 5648 animus
1411 5603 1523 5664 ejus
1552 5603 1827 5670 desperata

722 5660 883 5747 item.
919 5662 1075 5747 edit.,
1100 5665 1226 5747 Quae
1248 5666 1433 5747 portio.
1445 5666 1691 5747 justitice,
1723 5681 1827 5747 etc.

600 5727 694 5802 50)
719 5729 881 5787 Rom.
911 5733 1044 5791 edit.
1059 5727 1209 5806 sola,
1246 5727 1356 5813 ipse
1399 5727 1547 5808 dicit,
1602 5727 2095 5822 quod'qacecunque

2248 3323 2379 3363 vero
2407 3307 2605 3363 affectu
2631 3325 2686 3364 se
2718 3309 2963 3381 diligere.
2997 3309 3208 3366 Pseudo
3236 3312 3386 3367 enim
3418 3314 3648 3384 apostoli
3677 3324 3835 3372 erant

2247 3396 2341 3468 qui
2379 3403 2433 3451 et
2467 3396 2736 3453 nocebant
2763 3398 2895 3466 illis,
2927 3409 3337 3470 corrumpentes
3365 3416 3553 3457 sensus
3582 3402 3832 3473 illorum,

2245 3492 2299 3541 et
2342 3486 2638 3557 gravabant
2675 3488 2921 3545 sacculos
2975 3504 3164 3546 eorum
3204 3489 3680 3548 circumventione
3720 3508 3833 3550 ser-

2243 3575 2480 3647 pentina:
2511 3576 2745 3633 astutiae.

2316 3663 2496 3736 (Vers.
2536 3664 2618 3737 3.)
2689 3690 2707 3713 ι
2739 3665 2858 3721 Non
2883 3666 2952 3723 ad
2979 3668 3498 3729 condemnationem
3526 3671 3692 3726 vestri
3720 3671 3834 3730 hoc

2240 3753 2383 3811 dico.
2429 3780 2449 3804 ι
2516 3757 2631 3812 Ηοο
2658 3766 2760 3824 est,
2794 3773 2905 3811 non
2946 3774 3046 3814 vos
3082 3758 3301 3830 abjicio,
3332 3762 3426 3818 sed
3455 3769 3517 3818 ut
3543 3762 3833 3834 corrigatis

2238 3858 2474 3912 moneo;
2512 3844 2610 3918 qui
2642 3843 2788 3900 enim
2828 3845 3066 3916 aliquem
3097 3847 3443 3917 condemnat,
3476 3866 3586 3907 non
3616 3850 3698 3906 illi
3727 3851 3831 3907 di-

2238 3933 2429 3991 mittit.
2476 3958 2495 3982 ι
2524 3934 2760 3990 Praedixi
2790 3934 2934 3988 enim
2961 3933 3075 4005 jam
3104 3934 3281 4004 vobis,
3304 3938 3450 4009 quod
3481 3939 3539 3995 in
3567 3940 3831 3999 cordibus
3927 3948 3929 3963 ‘

2235 4023 2438 4080 nostris
2491 4024 2620 4080 estis
2664 4023 2734 4078 ad
2788 4022 3260 4079 commoriendum
3308 4033 3362 4080 et
3404 4026 3472 4080 ad
3510 4030 3833 4086 convivem-

2233 4111 2386 4168 dum.
2417 4136 2436 4159 ι
2483 4112 2571 4167 Ex
2592 4110 2870 4183 praedictis
2899 4110 3020 4164 vult
3049 4110 3175 4165 illos
3203 4127 3547 4182 cognoscere,
3578 4129 3687 4185 quo
3705 4119 3829 4173 ani-

2232 4216 2322 4253 mo
2347 4200 2604 4271 loquatur
2644 4197 2712 4253 ad
2745 4214 2855 4254 eos.
2899 4197 3046 4265 Quos
3083 4199 3229 4253 enim
3264 4200 3555 4273 participes
3582 4204 3705 4262 vult
3726 4206 3826 4264 ha-

2228 4285 2355 4341 bere
2398 4293 2452 4341 et
2500 4286 2568 4342 ad
2616 4292 2910 4358 praesentes
2954 4285 3231 4357 passiones
3261 4305 3359 4359 pro
3390 4288 3630 4360 Christo,
3661 4303 3716 4350 et
3747 4296 3823 4352 ad

2227 4373 2468 4429 futuram
2500 4374 2693 4442 vitam,
2723 4389 2833 4430 non
2863 4374 3052 4447 utique
3073 4374 3199 4430 illos
3226 4375 3443 4446 abjicit;
3476 4379 3571 4435 sed
3598 4388 3659 4437 ut
3679 4398 3823 4453 par-

2226 4464 2548 4537 ticipatione
2584 4464 2778 4537 dignos
2809 4482 2863 4522 se
2893 4466 3097 4522 faciant
3125 4466 3468 4525 exhortatur.

2298 4555 2477 4626 (Vers.
2523 4554 2602 4626 4.)
2665 4580 2684 4602 ε
2717 4556 2887 4611 Multa
2914 4554 3051 4611 mihi
3091 4554 3293 4612 ﬁducia
3316 4558 3459 4630 apud
3486 4575 3602 4628 vos,
3638 4565 3814 4621 multa

2223 4642 2361 4698 mihi
2392 4645 2643 4715 gloriatio
2670 4644 2736 4700 de
2766 4646 2952 4701 vobis:
2987 4645 3225 4716 repletus
3256 4662 3377 4701 sum
3409 4648 3807 4722 consolatique,

2214 4733 2595 4805 superabundo
2625 4735 2821 4806 gaudio
2853 4734 2909 4789 in
2938 4735 3087 4790 omni
3121 4751 3370 4806 pressura
3401 4747 3602 4793 nostra.
3656 4762 3675 4785 ν
3721 4740 3808 4795 Fi-

2214 4821 2376 4878 ducia
2408 4822 2524 4879 haec
2554 4823 2621 4878 de
2659 4823 2848 4894 primae
2880 4822 3122 4894 epistolae
3151 4824 3492 4895 correptione
3520 4834 3621 4893 est,
3642 4843 3806 4899 quam

2213 4912 2342 4983 quia
2368 4927 2479 4967 non
2510 4927 2696 4982 aspere
2727 4919 3103 4982 susceperunt,
3138 4910 3397 4968 ﬁduciam
3420 4912 3688 4972 dederunt
3708 4915 3799 4972 ad.

2212 4997 2471 5053 monendi
2520 5014 2607 5065 se;
2667 4999 2774 5054 visi
2830 5007 2959 5056 sunt
3014 5000 3160 5055 enim
3216 5002 3356 5057 velle
3404 5003 3672 5074 corrigere
3719 5021 3797 5073 se,

2209 5085 2356 5141 unde
2403 5086 2686 5157 gloriatur.
2725 5088 2829 5144 Pro
2877 5087 2967 5144 his
2998 5089 3243 5144 animum
3283 5091 3445 5146 etiam
3476 5108 3634 5147 suum
3658 5110 3800 5148 con-

2209 5172 2442 5229 solatum
2480 5189 2550 5229 ex
2596 5174 2697 5232 hac
2744 5183 2896 5247 parte
2940 5176 3281 5249 pronuntiat,
3312 5177 3370 5232 in
3401 5186 3614 5234 tantum
3654 5189 3714 5236 ut
3737 5181 3795 5235 in

2205 5386 2342 5462 facit
2369 5388 2551 5462 {atem
2590 5389 2765 5462 eadem
2790 5394 2836 5443 et
2863 5389 3038 5444 Filius
3065 5387 3200 5458 facit
3227 5389 3475 5446 similiter
3514 5409 3532 5446 :
3576 5393 3669 5447 hoc
3702 5401 3790 5462 est,

2205 5459 2344 5527 quod
2381 5460 2554 5515 Filius
2582 5460 2760 5514 omnia
2788 5466 2974 5529 potest,
3008 5476 3124 5528 qua:
3148 5467 3316 5529 potest
3351 5469 3398 5515 et
3443 5464 3623 5519 Pater.
3676 5459 3793 5521 Pa;

2205 5535 2336 5583 trem
2389 5548 2509 5585 vero
2559 5531 2735 5585 omnia
2783 5547 2933 5600 posse
2978 5531 3117 5584 testis
3158 5531 3374 5585 idoneus
3437 5540 3511 5587 est
3548 5535 3787 5591 Filius...

2204 5600 2313 5673 Hoc
2344 5603 2618 5672 prophetae
2656 5601 3063 5657 testimonio.....
3096 5607 3144 5657 et
3170 5602 3347 5657 Jesum
3371 5603 3492 5673 jam
3532 5606 3661 5662 alia:
3688 5607 3788 5662 Do-

2203 5671 2404 5726 minum
2436 5671 2697 5738 uestrum,
2730 5679 2833 5730 etc.

2275 5740 2392 5813 (5i)
2419 5744 2577 5800 Rom.
2606 5743 2762 5812 edit.,
2792 5744 3050 5801 neminem
3086 5746 3446 5820 corrupimus.
