3976 6368
127 344 237 415 ¹321

1184 357 1542 418 COMMENT.
1581 362 1651 418 IN
1683 360 1899 420 EPIST.
1931 362 1980 421 II
2009 364 2126 421 AD.
2169 366 2323 425 COR.

3275 370 3380 439 δὴ

126 482 283 575 ,omui
309 464 558 575 pressura
585 484 1023 556 superabundare
1052 502 1109 542 se
1133 488 1330 557 gaudio
1359 490 1659 547 obtestetur
1686 512 1701 561 ;
1730 493 1783 553 A
1814 491 1960 549 bilis.
1992 495 2175 552 Potest
2220 504 2273 551 et
2302 495 2381 552 sic
2426 495 2686 570 intelligi,
2733 508 2794 554 ut
2828 502 2961 557 foris
2995 521 3210 575 pugnae,
3242 506 3300 562 id
3330 525 3390 566 es

140 568 324 627 videns
352 572 499 630 enim
529 590 643 630 esse
671 591 819 647 spem
850 576 905 631 in
938 575 1043 643 his,
1080 593 1177 648 pro
1202 578 1403 650 quibus
1432 582 1710 654 angustias

138 660 356 730 patitur,
387 662 603 733 gaudet,
652 681 773 720 eum
814 665 1145 734 tribulatur;
1179 677 1360 725 certus
1406 670 1707 728 mercedem

136 764 192 805 se
217 766 249 805 a
265 752 377 807 Deo
401 760 747 824 accepturum
777 754 1054 827 acquisita:
1083 758 1274 814 salutis
1293 775 1500 817 eorum.

204 849 383 918 (Vers.
413 850 496 922 ὅ.)
538 874 557 897 ι
589 853 806 907 Etenim
836 870 959 910 cum
996 855 1333 914 venissemus
1362 859 1419 914 in
1448 859 1707 917 Macedo-

135 937 278 993 niam
328 939 537 995 nullam
594 941 837 1013 requiem
894 942 1087 1000 habuit
1132 962 1257 1002 caro
1289 957 1475 1004 nostra
1503 950 1642 1020 (52).
1670 974 1691 998 ι

134 1027 412 1085 Pressuras
449 1036 503 1085 et
525 1028 695 1086 caedes
725 1039 1008 1100 memorat,
1039 1049 1171 1105 quas
1216 1035 1521 1106 patiebatur
1545 1053 1706 1093 causa

132 1116 489 1186 credentium,
530 1125 591 1173 ut
643 1119 814 1190 magis
843 1129 1101 1192 provocet
1130 1139 1220 1179 eos
1250 1124 1317 1179 ad
1359 1125 1699 1183 charitatem.

147 1229 166 1253 ι
188 1206 427 1273 Nullam,
457 1205 656 1278 inquit,
693 1210 931 1281 requiem
964 1210 1157 1266 habuit
1185 1228 1310 1268 caro
1340 1222 1551 1282 nostra;
1571 1240 1588 1260 ι
1639 1222 1703 1271 ut

131 1303 564 1368 compaterentur
614 1296 714 1365 eis,
763 1299 898 1353 certi
948 1298 1075 1370 quia
1118 1316 1216 1372 pro
1244 1302 1416 1358 salute
1455 1302 1700 1358 ﬁdelium

130 1385 334 1439 animas
387 1400 512 1440 suas
554 1384 832 1441 traderent
884 1402 1057 1459 usque
1103 1389 1169 1444 ad
1218 1398 1467 1446 mortem.
1521 1393 1703 1446 Ante-

134 1489 293 1545 quam
341 1471 678 1544 digereretur
704 1474 851 1529 enim
895 1475 1181 1532 tribulatio
1209 1485 1262 1533 et
1286 1480 1583 1549 corporalis
1605 1479 1702 1534 in-

122 1561 287 1634 juria,
327 1563 496 1619 altera
535 1561 829 1632 veniebat;
859 1570 922 1619 ut
964 1565 1176 1637 requies
1205 1566 1431 1638 patienti
1460 1582 1571 1622 non
1608 1582 1702 1621 es-

126 1658 224 1707 set.
280 1650 417 1707 Nam
469 1651 728 1724 quoniam
780 1668 943 1709 sensu
996 1653 1159 1711 bruta
1208 1662 1289 1710 est
1334 1655 1514 1711 omnis
1553 1670 1697 1723 caro,

126 1739 331 1797 idcirco
381 1744 521 1803 188
565 1741 774 1796 nullam
821 1741 1063 1813 requiem
1118 1742 1259 1800 hanc
1312 1742 1563 1799 habuisse
1611 1743 1699 1799 vel

1822 582 1880 638 in
1907 582 2127 654 publico
2154 600 2186 639 a
2213 583 2435 656 perfidis
2464 584 2656 641 ﬁerent
2676 595 2865 643 contra
2893 589 3049 658 fidos,
3079 592 3208 648 dum
3236 594 3397 651 furo-

1819 686 1878 727 re
1910 671 2054 741 pleni
2084 672 2405 728 resistebant
2435 674 2651 730 veritati
2676 692 2687 730 :
2720 674 2876 746 cujus
2921 676 2998 733 rei
3028 680 3253 736 nuntius
3279 683 3392 754 (33)

1820 759 1969 816 intus
1995 760 2250 816 timorem
2304 761 2611 833 generabat,
2639 763 2735 819 ubi
2763 772 2877 819 erat
2922 766 3235 837 Apostolus.
3266 770 3399 836 Quis

1819 848 1966 904 enim
2006 848 2171 906 homo
2208 865 2319 906 non
2344 851 2536 908 timeat
2577 854 2853 925 angustias
2872 853 2901 910 ‘l
2928 853 3032 910 Sed
3061 854 3190 928 quia
3212 855 3270 910 in
3299 855 3399 911 Dei

1820 937 1984 994 rebus
2028 939 2347 1011 propensior
2395 947 2532 1010 erat,
2581 939 2836 999 timorem
2875 941 3026 1001 hunc
3051 959 3146 1016 spe
3170 958 3399 1017 supera—

1815 1025 1927 1084 bat.

1889 1116 2068 1189 (Vers.
2101 1118 2181 1191 6.)
2214 1143 2234 1167 ι
2253 1118 2359 1177 Sed
2374 1120 2471 1194 qui
2499 1121 2813 1179 consolatur
2839 1122 3076 1182 humiles
3093 1124 3258 1194 Deus,
3270 1140 3396 1182 con-

1815 1206 2019 1263 solatus
2063 1214 2146 1263 est
2187 1222 2286 1264 nos
2334 1208 2391 1264 in
2435 1208 2675 1267 adventu
2720 1211 2852 1268 Titi.
2883 1237 2904 1262 ι
2950 1212 3219 1280 Quoniam
3254 1214 3400 1270 Deus

1815 1312 2038 1352 suorum
2097 1312 2209 1352 non
2253 1306 2336 1354 est
2385 1297 2692 1369 immemor,
2724 1299 2817 1357 sed
2857 1316 3068 1373 semper
3094 1301 3187 1358 dat
3213 1302 3292 1359 eis
3338 1302 3397 1357 in

1814 1386 2173 1442 tribulatione
2214 1387 2492 1456 solatium,
2548 1390 2871 1447 acceleravit
2919 1392 3215 1448 adventum
3263 1390 3394 1458 Titi,

1813 1480 1877 1529 ut
1930 1474 2212 1546 refrigerio
2258 1484 2399 1531 esset
2448 1476 2640 1546 positis
2677 1476 2734 1533 in
2772 1477 3002 1534 fervore.
3033 1479 3224 1551 Magna
3249 1475 3396 1534 enim

1814 1564 2113 1620 consolatio
2166 1570 2248 1620 est
2299 1565 2577 1637 patientis,
2641 1565 2690 1622 si
2735 1582 2919 1624 secum
2961 1567 3157 1624 habeat
3198 1565 3397 1625 condo-

1813 1654 2035 1710 lentem.

1886 1744 2066 1815 (Vers.
2096 1742 2176 1816 7.)
2212 1765 2232 1790 ι
2254 1743 2327 1799 Et
2372 1759 2483 1800 non
2513 1743 2712 1812 solum,
2761 1743 2858 1810 ait,
2890 1745 2947 1799 in
2986 1742 3226 1801 adventu
3257 1742 3393 1815 ejus,

124 1834 322 1893 habere
384 1835 442 1892 in
504 1834 756 1909 passione
822 1836 1139 1908 signiﬁcat:
1198 1837 1436 1893 animam
1501 1847 1702 1908 autem,
1731 1832 1779 1895 B
1808 1832 1902 1889 sed
1934 1832 2098 1889 etiam
2147 1832 2207 1889 in
2249 1832 2623 1891 consolatione
2673 1847 2779 1904 qua
2824 1833 3134 1889 consolatus
3174 1838 3257 1887 est
3283 1831 3397 1903 ipse

124 1938 433 1997 quanquam
461 1922 578 1994 ipsa
604 1922 911 1995 patiebatur
936 1922 994 1978 in
1014 1938 1239 1997 corpore
1261 1941 1275 1991 ;
1307 1939 1376 1979 ex
1396 1923 1498 1981 hac
1521 1933 1702 1982 tamen

123 2021 275 2085 parte
303 2011 547 2085 requiem
596 2010 815 2079 habere,
856 2026 963 2085 qua
990 2019 1168 2084 sperat
1194 2028 1292 2085 pro
1321 2012 1703 2069 tribulationi-

121 2100 225 2157 bus
250 2100 357 2168 his,
390 2116 510 2173 quae
539 2116 639 2172 pro
671 2098 778 2156 ﬁde
806 2099 1119 2172 irrogantur
1136 2100 1426 2172 aperﬁdis,
1447 2100 1703 2160 daturum

122 2191 296 2247 Deum
348 2188 671 2245 mercedem.
720 2188 967 2261 Denique
1019 2189 1079 2244 in
1133 2189 1251 2262 ipsa
1304 2205 1552 2261 pressura
1590 2192 1724 2247 De0'

123 2277 360 2350 hymnos
388 2277 675 2335 canebant.

194 2383 335 2451 (Act.
368 2396 486 2447 xvr,
515 2380 549 2437 9
578 2384 625 2435 et
652 2378 785 2451 seq.)
831 2402 851 2426 α
881 2376 986 2434 Sed
1015 2376 1073 2433 in
1103 2376 1361 2434 omnibus
1380 2376 1569 2437 aﬂlicti
1598 2376 1700 2434 fui-

122 2486 265 2529 mus.
295 2495 313 2519 ι
356 2468 523 2525 Juxta
568 2466 877 2535 historiam,
908 2464 1142 2521 Domino
1173 2474 1420 2533 vocante,
1452 2465 1701 2520 intrave-

120 2566 251 2616 runt
300 2559 357 2614 in
389 2555 759 2615 Macedoniam
788 2573 800 2611 :
855 2561 909 2610 et
936 2570 1061 2610 cum
1091 2570 1202 2610 non
1233 2554 1391 2627 pauci
1428 2554 1701 2611 credidis-

120 2656 261 2716 sent,
293 2645 736 2717 invenissentque
765 2643 1022 2699 solatium
1066 2641 1254 2715 Lydiae
1284 2642 1548 2711 mulieris,
1580 2660 1699 2715 quae

117 2754 246 2796 cum
302 2734 558 2791 omnibus
609 2731 722 2788 suis
766 2730 1038 2797 credidit;
1097 2738 1230 2787 tunc
1277 2730 1482 2786 factum
1530 2738 1611 2786 est
1639 2737 1702 2786 ut

123 2805 385 2898 spir"'-‘li‘n
419 2821 740 2895 pythonem,
772 2820 827 2875 id
857 2826 956 2885 est,
985 2817 1237 2874 divinum
1270 2819 1477 2889 fugaret
1504 2818 1571 2874 de
1608 2834 1700 2873 an-

116 2908 672 2990 cilla,'quorumdam,
717 2906 812 2979 qui
858 2905 1109 2960 videntes
1157 2905 1456 2977 perdidisse
1505 2922 1562 2961 se
1590 2922 1701 2961 non

117 2990 417 3059 mihimum
449 3003 739 3071 quaestum,
757 3010 915 3067 quem
939 2994 1120 3065 puella
1150 2993 1413 3050 referebat
1438 2993 1704 3049 divinan-

116 3092 209 3161 do,
239 3089 659 3148 Concitaverunt
686 3084 1008 3141 seditionem
1041 3083 1209 3138 Paulo
1246 3090 1300 3138 et
1328 3082 1475 3150 Silis,
1502 3088 1556 3137 et
1584 3091 1705 3138 tra-

1811 1922 1870 1977 in
1900 1920 2077 1976 vobis.
2099 1944 2120 1969 »
2160 1920 2291 1976 Plus
2333 1919 2485 1976 addit
2535 1918 2603 1976 ad
2651 1919 3111 1986 consolationem;
3142 1917 3271 1990 quia
3295 1932 3394 1972 au-

1811 2009 1955 2065 disse
1982 2024 2038 2065 se
2062 2023 2094 2063 a
2119 2006 2244 2063 Tito
2276 2007 2548 2078 signiﬁcat
2593 2007 2969 2064 conversionis
2997 2021 3182 2062 eorum
3212 2020 3395 2077 prom-

1811 2105 1958 2171 ptam
1988 2097 2326 2153 voluntatem
2360 2094 2501 2166 (54),
2522 2094 2581 2150 in
2600 2102 2815 2151 tantum
2844 2102 2907 2150 ut
2933 2093 3090 2150 Titus
3116 2092 3212 2165 qui
3238 2090 3394 2147 dolo.

1812 2201 1925 2242 rem
1955 2183 2187 2240 habebat
2231 2181 2663 2239 inobauditionis
2708 2197 2920 2250 eorum,
2965 2179 3393 2237 consolationem

1811 2275 2077 2349 acciperet
2103 2273 2170 2330 de
2196 2272 2517 2346 poenitentia
2545 2272 2787 2328 illorum.
2819 2269 3096 2338 Quantum
3139 2267 3391 2324 affectum

1812 2363 2034 2421 haberet
2074 2361 2221 2418 circa
2246 2377 2358 2429 eos,
2386 2358 2626 2417 ostendit
2667 2359 2963 2432 Apostolus
2991 2357 3109 2430 (55)
3140 2375 3155 2425 ;
3184 2363 3248 2412 ut
3296 2370 3396 2411 nec

1809 2449 1921 2508 ima
1972 2448 2223 2517 carceris,
2279 2463 2381 2504 nec
2431 2448 2712 2519 plagarum
2767 2445 3012 2502 dolorem
3054 2448 3393 2517 computaret

1808 2540 1962 2626 scissi
1990 2537 2255 2610 corporis,
2299 2552 2473 2608 neque
2497 2551 2750 2603 nervum,
2779 2550 2888 2606 quo
2929 2532 3092 2606 pedes
3118 2532 3236 2604 ejus
3261 2547 3393 2588 cou-

1808 2621 1948 2699 élusi
1981 2636 2170 2684 erant:
2220 2624 2315 2680 sed
2359 2624 2545 2680 audita
2570 2622 2906 2680 correctione
2944 2636 3154 2690 eorum,
3188 2621 3393 2676 laetare-

1808 2730 1918 2785 tur,
1975 2718 2031 2768 et
2082 2710 2371 2766 immemor
2423 2709 2600 2764 factus
2655 2707 2988 2779 passionum,
3037 2705 3152 2760 Deo
3196 2703 3394 2775 gratias

1808 2808 1988 2875 ageret
2036 2815 2135 2871 pro
2192 2812 2380 2854 eorum
2432 2796 2626 2862 salute,
2657 2794 2739 2851 sic
2766 2793 2873 2851 hoc
2917 2792 3192 2849 aestimans
3241 2807 3395 2864 quas;

1810 2887 2303 2949 remunerationem
2331 2884 2773 2941 tribulationum.
2813 2905 2835 2930 ι
2857 2881 3211 2938 Annuntians
3238 2880 3397 2937 nobis

1811 2978 2054 3037 vestitum
2101 2975 2452 3034 desiderium.
2484 2998 2505 3023 ι
2548 2972 2840 3031 Nuntiavit
2879 2972 3036 3027 Titus
3061 2970 3392 3028 desiderium

1811 3071 2009 3127 bibere
2039 3068 2166 3123 illos
2214 3061 2538 3121 emendandi
2572 3078 2665 3129 se;
2697 3060 3040 3118 addiscentes
3079 3059 3225 3116 enim
3273 3075 3395 3131 qua;

119 3147 325 3237 inerunt
371 3192 464 3232 eos
503 3174 562 3229 in
608 3172 790 3227 forum
848 3169 916 3225 ad
961 3169 1346 3242 magistratus:
1388 3147 1482 3243 qui
1512 3171 1713 3228 multas
1740 3172 1784 3233 C
1817 3156 2083 3229 Promissa
2108 3159 2238 3210 sum
2269 3151 2408 3208 bene
2430 3148 2770 3243 Ῠξνθηίίδηξι
2799 3147 3016 3206 imiimi
3029 3155 3172 3243 funt
3197 3148 3265 3243 aii
3289 3148 3395 3243 (ξε-

118 3269 199 3326 eis
222 3269 409 3340 plagas
437 3264 802 3335 imponentes,
834 3258 1106 3313 miserunt
1151 3274 1243 3315 eos
1283 3258 1342 3314 in
1376 3259 1487 3314 ima
1514 3275 1706 3316 carce-

116 3357 214 3427 ris,
246 3355 324 3411 ita
349 3360 411 3409 ut
439 3350 603 3425 pedes
632 3364 817 3406 eorum
852 3346 910 3402 in
940 3362 1108 3402 nervo
1146 3347 1555 3404 concluderent.
1579 3349 1707 3406 Haec

117 3454 200 3502 est
252 3457 503 3516 pressura
554 3454 717 3511 quam
772 3435 933 3509 passi.
972 3441 1100 3490 sunt
1152 3434 1210 3489 in
1264 3435 1598 3492 Macedonia.
1633 3436 1707 3492 Et

117 3533 253 3590 hinc
279 3538 359 3587 est
386 3528 532 3587 unde
559 3526 734 3583 dicit:
787 3547 806 3572 ι
835 3523 1055 3581 Nullam
1084 3522 1328 3596 requiem
1355 3522 1549 3580 habuit
1580 3539 1706 3581 caro

118 3626 325 3677 nostra.
359 3642 376 3663 ν

202 3740 223 3765 ι
253 3713 411 3772 Foris
438 3729 651 3786 pugnae,
684 3710 831 3768 intus
859 3709 1107 3766 timores.
1129 3734 1148 3759 ι
1190 3709 1389 3782 Pugna:
1405 3717 1559 3766 erant
1574 3724 1706 3766 cor-

118 3806 263 3881 pori,
312 3804 444 3859 dum
493 3801 837 3858 caedebatur:
890 3798 1075 3855 animo
1121 3797 1365 3854 timores.
1409 3797 1531 3855 Illic
1557 3797 1704 3853 enim

120 3896 288 3951 timor
314 3899 418 3960 est,
451 3889 548 3946 ubi
578 3890 891 3944 intellectus
915 3897 1031 3955 est;
1064 3886 1158 3942 sed
1192 3887 1360 3942 timor
1378 3885 1470 3943 hic
1489 3895 1709 3958 propter

118 4000 211 4040 eos
248 3989 363 4039 erat
410 3978 506 4052 qui
554 3976 918 4044 crediderant,
950 3991 1018 4031 ne
1042 3975 1290 4047 passione
1319 3973 1435 4046 ejus
1471 3974 1707 4030 scanda-

120 4072 437 4128 lizarentur.
488 4066 621 4122 Nam
669 4064 775 4120 sibi
822 4062 955 4136 quid
980 4061 1095 4134 jam
1128 4063 1363 4130 timeret,
1394 4062 1486 4134 qui
1525 4062 1707 4134 patie—

117 4158 321 4216 batur?
352 4162 613 4228 praeterea
641 4170 767 4209 cum
796 4151 942 4207 dicat
967 4150 1024 4206 in
1055 4150 1285 4206 Actibus
1312 4151 1706 4222 apostolorum,

119 4263 233 4304 non
259 4247 439 4301 solum
473 4242 651 4313 ligari,
683 4240 777 4296 sed
806 4247 859 4294 et
906 4238 1045 4294 mori
1093 4247 1338 4309 paratum
1377 4255 1432 4294 se
1463 4251 1561 4309 pro
1597 4254 1710 4294 no-

119 4336 272 4392 mine
301 4331 427 4385 .lesu
456 4327 660 4385 Christi
684 4328 825 4397 (Act.
850 4342 969 4392 xxx,
992 4326 1101 4396 13).
1130 4327 1360 4382 Videtur
1386 4343 1512 4398 ergo
1530 4334 1705 4382 totum

118 4420 405 4478 hominem
436 4414 698 4470 amictum
730 4414 787 4468 in
816 4429 976 4467 carne
998 4413 1348 4483 signiﬁcasse,
1373 4422 1434 4469 ut
1462 4431 1529 4470 ex
1558 4423 1708 4487 parte

1805 3248 2073 3309 's‘iderium
2119 3246 2338 3303 horum.
2383 3266 2403 3290 ε
2427 3242 2684 3300 Vestrum
2714 3240 2924 3296 ﬂetum.
2956 3264 2978 3289 ι
3019 3237 3266 3310 Correpti
3302 3238 3392 3294 tle-

1812 3340 1966 3408 bant,
1995 3337 2241 3394 dolentes
2268 3331 2399 3405 quia
2424 3335 2805 3402 peccaverunt,
2854 3342 2957 3384 nec
2999 3341 3258 3383 excusare
3285 3325 3392 3381 nisi

1813 3436 1941 3486 sunt
1969 3446 1990 3493 ;
2016 3425 2161 3482 unde
2202 3421 2498 3494 Apostolus
2538 3416 2802 3490 gloriatur
2845 3415 2905 3471 in
2945 3415 3051 3471 his.
3092 3435 3113 3461 ‹
3138 3414 3390 3471 Vestram

1813 3514 2212 3575 aemulationem
2259 3525 2358 3582 pro
2386 3522 2511 3574 me;
2540 3529 2561 3555 ι
2604 3504 2916 3561 addicentes
2962 3502 3110 3560 enim
3147 3502 3389 3559 charita~

1812 3616 1923 3665 tem
1976 3600 2224 3676 Apostoli
2257 3614 2383 3671 erga
2427 3611 2507 3666 se,
2552 3601 2835 3669 casperunt
2890 3592 3051 3649 illum
3103 3590 3392 3648 defendere

1813 3701 2004 3752 contra
2034 3688 2390 3747 adversarios.

1887 3791 2067 3864 (Vers.
2099 3787 2182 3859 8.)
2225 3809 2245 3834 ι
2272 3785 2354 3841 Ita
2396 3789 2461 3839 ut
2514 3780 2687 3853 magis
2741 3778 3057 3852 gauderem;
3098 3776 3243 3834 unde
3287 3776 3388 3834 etsi

1813 3874 2136 3938 contristavi
2189 3890 2289 3931 vos
2338 3872 2397 3929 in
2460 3870 2710 3943 epistola,
2767 3883 2879 3923 non
2931 3882 3018 3922 me
3077 3865 3324 3938 poenitet.
3355 3888 3376 3914 ι

1814 3966 2163 4024 Manifestum
2218 3967 2302 4017 est
2355 3974 2465 4015 non
2517 3957 2724 4013 debere
2767 3955 3020 4027 poeniteri
3065 3970 3134 4011 ex
3178 3954 3280 4009 hac
3308 3969 3387 4023 re,

1815 4071 1977 4130 quam
2030 4058 2248 4110 secutus
2282 4047 2410 4104 talis
2448 4046 2672 4102 eﬁ'eetus
2700 4050 2810 4111 est;
2860 4043 3118 4116 quoniam
3148 4043 3390 4100 severius

1815 4147 1875 4203 in
1920 4144 2097 4217 prima
2148 4139 2379 4213 epistola
2423 4135 2690 4207 corripuit
2734 4149 2943 4190 errores
2978 4150 3188 4190 eorum.
3244 4133 3387 4202 Non,

1818 4234 2020 4307 inquit,
2070 4247 2157 4287 me
2208 4226 2435 4302 poenitet
2473 4224 2716 4297 asperius
2757 4223 3068 4296 scripsisse;
3119 4222 3248 4295 quia
3284 4221 3390 4279 hoc

1814 4337 1975 4380 causa
1997 4316 2262 4392 poposcit.

1888 4417 2067 4490 (Vers.
2100 4415 2181 4486 9.)
2226 4435 2246 4460 ι
2278 4412 2351 4468 Et
2378 4410 2425 4467 si
2454 4409 2759 4482 pceniteret,
2789 4407 2951 4465 video
2989 4406 3135 4481 quod
3159 4407 3388 4479 epistola

118 4508 352 4583 spiritus
374 4504 465 4577 qui
499 4500 711 4556 homini
741 4499 918 4566 datur,
952 4505 1012 4553 ut
1042 4507 1273 4566 maneat,
1305 4501 1433 4571 quia
1461 4502 1703 4574 impassi-
1737 4519 1785 4578 D
1818 4505 1935 4573 illa,
1962 4504 2063 4560 etsi
2088 4500 2156 4557 ad
2183 4500 2373 4556 horam
2403 4496 2750 4555 contristavit
2777 4512 2896 4564 vos,
2926 4511 3084 4583 nunc
3096 4494 3321 4568 gaudeo.
3351 4519 3371 4544 ι

119 4597 254 4654 bilis
300 4601 403 4661 est,
454 4588 621 4659 aﬂligi
668 4586 907 4660 potuisse
936 4585 1162 4641 minime
1202 4586 1571 4659 intelligatur:
1611 4591 1706 4647 sed

120 4694 184 4743 ut
211 4684 383 4741 homo
412 4687 561 4736 totus
606 4694 675 4733 ex
706 4684 855 4748 parte
882 4673 1125 4747 corporis
1170 4682 1224 4731 et
1252 4676 1446 4731 animae
1474 4678 1707 4735 afﬂictus

121 4775 182 4829 in
235 4784 397 4830 carne
435 4766 694 4833 dicatur;
751 4779 821 4819 ex
860 4772 1011 4836 parte
1049 4779 1179 4819 vero
1206 4762 1431 4837 spiritus
1457 4764 1705 4838 impassi-

196 4914 317 5041 (’52)
345 4912 470 4969 Mss.
531 4907 716 4986 Corb.,
765 4924 890 4988 caro
938 4913 1139 4963 nostra.
1192 4907 1463 4978 Numquid
1502 4924 1706 4964 sensum

229 4992 277 5039 et
315 5001 457 5041 caro.
502 4987 560 5035 ut
602 4996 712 5034 sine
738 4995 913 5032 animo
941 4979 1217 5041 patiatur?
1248 4979 1346 5034 Sed
1372 4996 1465 5041 per
1499 4996 1705 5034 carnem

124 4978 277 5041 habet
299 4978 457 5049 'caro,
502 4987 560 5035 ut
602 4982 712 5034 sine
738 4978 913 5032 animo
938 4979 1217 5049 patiatur?
1248 4979 1346 5034 Sed
1367 4996 1465 5049 per
1499 4996 1705 5034 carnem

126 5064 294 5111 totum
345 5048 598 5108 hominem
636 5048 968 5119 signiﬁcavit,
1012 5048 1143 5102 sicut
1167 5054 1214 5101 et
1259 5048 1544 5121 salvator:
1576 5051 1707 5121 Spi-

125 5128 288 5193 ritus,
320 5124 510 5194 inquit,
540 5127 815 5194 promptus
859 5125 951 5184 est,
983 5134 1105 5194 caro
1146 5135 1265 5194 vero
1303 5119 1706 5194 inﬁrmasouia

125 5189 283 5251 enim
307 5189 421 5250 erat
456 5200 503 5247 et
540 5189 775 5262 Spiritus
821 5195 1027 5262 sanctus
1066 5189 1125 5243 in
1152 5191 1243 5262 eis,
1272 5189 1379 5242 non
1414 5192 1587 5260 potuit
1615 5192 1707 5245 di-

126 5284 279 5323 cere:
326 5266 542 5320 Nullam
579 5259 821 5330 “requiem
867 5259 1049 5313 habuit
1082 5260 1302 5329 spiritus
1344 5259 1537 5328 noster,
1581 5262 1708 5329 quia

126 5345 201 5392 est
248 5334 609 5407 impossibilia.
661 5332 759 5407 Sed
802 5330 874 5407 ad
916 5330 1354 5407 comparationem
1398 5330 1509 5407 qus
1544 5338 1709 5407 totum

126 5400 386 5463 hominem
440 5420 650 5459 carnem
702 5402 859 5469 dixit,
915 5401 1048 5454 sicut
1100 5401 1171 5455 ad
1225 5400 1350 5454 solis
1418 5401 1709 5455 claritatem

127 5480 295 5534 stetur
369 5476 639 5530 tenebrosae
698 5478 838 5537 sunt,
885 5471 1011 5541 quia
1070 5471 1289 5541 spiritus
1362 5471 1507 5525 laetus
1574 5478 1707 5538 erat,

127 5551 296 5605 sciens
324 5546 444 5600 illos
471 5562 567 5615 per
589 5544 974 5599 tribulationem
1000 5544 1273 5614 proﬁcere.
1324 5542 1423 5598 Sed
1448 5542 1505 5596 in
1534 5542 1713 5597 omni-

110 5623 225 5677 bus
254 5616 453 5677 afﬂicti,
486 5622 588 5671 etc.

206 5683 327 5762 (53)
359 5683 493 5744 Cod.
537 5684 723 5755 Corb.,
769 5685 1105 5758 signiﬁcasse.
1140 5685 1313 5743 Potest
1360 5690 1407 5741 et
1449 5684 1526 5742 sic
1551 5683 1716 5742 intel-

1815 4594 1928 4649 Hoc
1958 4591 2117 4659 dicit,
2154 4614 2174 4638 ι
2203 4588 2331 4663 quia
2358 4587 2405 4643 si
2426 4603 2511 4643 me
2540 4584 2845 4658 paeniteret,
2877 4608 2896 4631 ι
2934 4582 3135 4655 inquit,
3168 4592 3386 4654 propter

1813 4680 2172 4745 cbaritatem;
2230 4700 2248 4723 σ
2297 4675 2426 4748 quia
2477 4690 2575 4729 vos
2628 4668 2965 4737 contristavi,
3012 4692 3033 4716 ι
3082 4671 3383 4726 consolatio

1813 4768 2123 4828 succederet
2143 4764 2326 4839 gaudii
2351 4762 2466 4835 (56)
2488 4779 2503 4830 ;
2528 4760 2656 4833 quia
2683 4758 2890 4831 profuit
2908 4755 3053 4829 quod
3068 4772 3166 4812 vos
3182 4757 3382 4813 contri-

1816 4910 1926 4982 ligi,
1977 4915 2037 4964 ut
2063 4907 2224 4982 foris
2280 4919 2488 4982 pugna,
2534 4900 2600 4979 id_
2621 4905 2712 4963 est,
2758 4897 2817 4951 in
2849 4895 3059 4982 publica
3091 4915 3126 4953 a
3166 4898 3385 4981 ρρνιῖιιίε

1812 4973 1995 5037 contra
2042 4973 2174 5051 ﬁdos
2219 4973 2632 5031 esset'dissensio
2662 4985 2680 5022 :
2711 4983 2827 5022 cum
2871 4973 3118 5039 strepitus
3164 4973 3274 5038 eius
3305 4973 3383 5025 rei

1812 5056 2305 5194 nu?5tbz)s,N(btgn_ulli
2356 5128 2484 5169 mss.
2494 5152 2510 5180 ,
2540 5111 2894 5194 conversiones
2920 5127 3107 5194 eorum
3133 5119 3383 5185 prompta

1812 5183 2076 5248 vol‘uniate
2100 5186 2330 5258 ;aliqui,
2366 5190 2664 5258 promptam
2694 5183 3028 5258 voluntatem.

1888 5262 2003 5333 (55)
2031 5259 2179 5333 Idem
2196 5252 2655 5333 mss.,—Quantum
2689 5253 2927 5323 affectum
2955 5268 3006 5306 se
3032 5252 3217 5308 habere
3241 5252 3382 5309 circa

1814 5325 1905 5388 eos
1924 5325 2145 5385 ostendit
2167 5325 2488 5397 Apostolus!

1891 5393 2399 5475 (56)_R_omf_edit.,
2585 5394 2925 5475 panituisset,
2964 5393 3143 5475 videns
3174 5393 3378 5475 quod...

1818 5464 1926 5544 Hoc
1975 5464 2151 5525 dicit:
2201 5468 2322 5544 Etsi
2376 5464 2717 5544 ptenituisset,
2770 5471 3020 5544 propter.
3053 5464 3377 5544 charitatem,

1819 5543 1945 5615 quia
1986 5557 2084 5615 eos
2129 5535 2452 5615 contristabi,
2492 5553 2629 5594 nunc
2668 5536 2901 5609 gaudeo:
2926 5535 3057 5606 quia
3096 5535 3381 5594 consolatio

1822 5611 2043 5672 Succedit
2065 5611 2266 5685 gaudii.
