3976 6362
1594 388 1692 450 AD
1730 391 1960 454 OPERA
1999 395 2056 453 S.
2096 397 2427 458 AMBROSII
2462 402 2840 462 APPENDIX.

3755 413 3864 480 324

585 521 746 581 ειενί,
791 545 812 570 ι
840 519 963 581 Non
991 522 1123 598 quia
1147 522 1456 580 contristati
1482 525 1632 594 estis,
1675 528 1769 584 sed
1795 529 1922 603 quia
1947 531 2170 588 contri-
2195 537 2246 594 Α
2273 549 2371 605 ego
2420 534 2626 608 (supra,
2675 554 2788 610 cap.
2821 557 2885 609 ιι,
2924 558 3060 600 vers.
3095 546 3204 616 10).
3229 571 3248 596 ι
3290 548 3540 607 Ostendit
3564 553 3713 609 θιιίω
3743 571 3862 612 non

584 611 713 670 stati
743 611 876 670 estis
919 610 987 668 ad
1034 611 1460 685 paenitentiam;
1507 615 1815 672 contristati
1862 619 2007 673 enim
2035 621 2164 680 estis

583 701 886 762 secundum
915 701 1110 758 Deum.
1133 725 1152 748 ι
1195 699 1403 758 idcirco
1437 707 1575 765 189
1603 703 1850 776 gavisam
1896 723 1953 764 se
1979 708 2117 766 dicit
2143 728 2159 780 ;

582 797 716 874 quia
763 814 890 856 cum
946 796 1151 872 pudore
1195 797 1502 856 contristati
1549 809 1699 870 sunt,
1729 818 1840 858 non
1885 820 2012 860 cum
2057 806 2158 864 ira.

583 888 691 959 Qui
735 888 884 947 enim
941 887 1299 960 reprehensus
1329 887 1590 960 pudorem
1637 891 1862 964 patitur,
1891 894 2162 966 corrigere

581 992 640 1034 se
690 975 996 1048 promittit:
1029 975 1124 1048 qui
1165 991 1295 1032 vero
1323 975 1596 1046 irascitur,
1642 977 1881 1050 pejorem
1929 998 1985 1037 se
2013 983 2158 1041 futuo

580 1081 705 1126 rum
737 1064 994 1124 ostendit.
1037 1087 1058 1112 ε
1088 1065 1158 1122 Ut
1184 1065 1246 1122 in
1273 1066 1430 1123 nullo
1453 1066 1845 1126 detrimentum
1874 1071 2160 1141 patiamini

580 1171 652 1214 ex
695 1153 876 1212 nobis.
909 1179 928 1204 ι
970 1153 1038 1211 Ut
1079 1153 1287 1223 omnia,
1323 1153 1528 1228 inquit,
1576 1163 1762 1214 nostra
1787 1158 2039 1220 effectum
2067 1162 2162 1221 ba-

575 1243 744 1304 beant
793 1241 857 1299 in
911 1239 1094 1314 vobis,
1123 1241 1290 1300 etiam
1345 1243 1494 1319 quod
1544 1245 1996 1310 contristavimus
2037 1268 2158 1323 vos,

575 1348 676 1408 pro
701 1331 863 1389 vobis
891 1338 994 1389 est.

650 1421 834 1496 (Vera.
865 1421 980 1492 10.)
1021 1446 1041 1472 ι
1060 1419 1192 1490 Qua
1228 1417 1377 1480 e'nim
1405 1424 1705 1484 secundum
1753 1431 1928 1488 Deum
1953 1438 2037 1488 est
2061 1429 2158 1488 tri-

575 1510 748 1581 stitia,
777 1509 1155 1582 peenitentiam
1183 1511 1253 1569 ad
1276 1513 1507 1571 salutem
1538 1514 1790 1573 stabilem
1819 1526 2090 1590 operatur.
2121 1545 2143 1572 ι

573 1597 925 1658 Manifestum
967 1605 1050 1654 est
1077 1598 1223 1672 quod
1265 1599 1360 1673 qui
1390 1601 1564 1658 tristis
1593 1611 1696 1672 est,
1729 1605 1858 1677 quia
1889 1607 2154 1679 peccavit,

572 1688 873 1748 secundum
908 1689 1083 1746 Deum
1129 1688 1304 1745 tristis
1335 1698 1450 1758 est;
1495 1691 1646 1747 dolet
1693 1694 1840 1749 enim
1869 1696 2002 1768 quia
2026 1697 2156 1755 fecit

571 1777 718 1854 quod
740 1775 859 1836 odit
882 1777 1047 1834 Deus.
1070 1775 1186 1834 Hoc
1210 1773 1280 1834 ad
1299 1776 1654 1836 stabilitatem
1675 1782 1869 1840 salutis
1897 1783 2151 1855 pertinet.

583 1891 604 1915 ι
629 1865 878 1923 Tristitia
903 1871 1087 1922 autem
1117 1861 1284 1937 hujus
1313 1866 1510 1923 mundi
1554 1874 1786 1925 mortem
1816 1880 2088 1944 operatur.
2116 1896 2140 1924 ι

567 1955 687 2014 Hoc
711 1955 871 2024 dicit,
918 1953 1048 2028 quia
1077 1954 1224 2011 sicut
1266 1955 1570 2013 secundum
1597 1959 1774 2015 Deum
1803 1960 2027 2019 tristitia
2053 1962 2150 2020 vi-

566 2050 680 2102 tam
709 2049 1004 2116 operatur;
1048 2041 1278 2113 poenitet
1309 2043 1480 2112 enim,
1513 2052 1569 2102 et
1594 2056 1774 2118 sperat
1793 2049 1894 2106 Dei
1923 2051 2147 2108 miseri—

564 2129 840 2192 cordiam:
883 2129 960 2186 ita
997 2129 1300 2186 secundum
1349 2130 1619 2190 mundum
1659 2135 1888 2194 tristitia
1912 2149 2145 2196 mortem

565 2227 842 2293 operatur.
880 2220 1140 2278 Detectus
1185 2219 1332 2278 enim
1373 2229 1624 2294 peccator
1667 2225 1843 2282 tristis
1884 2235 1967 2284 est
1989 2226 2144 2300 quasi

565 2307 900 2384 puniendus,
921 2325 1032 2367 non
1049 2307 1253 2366 habens
1277 2325 1311 2366 a
1334 2326 1443 2385 quo
1469 2319 1649 2385 speret
1674 2314 2104 2374 misericordiam
2123 2337 2138 2387 ;

563 2405 619 2456 et
666 2397 716 2456 si
757 2396 898 2456 forte
941 2396 1010 2456 ad
1051 2413 1286 2471 praesens
1321 2397 1579 2470 defuerit,
1609 2402 1706 2476 qui
1735 2401 2000 2476 vindicet,
2039 2406 2140 2464 Dei

561 2493 745 2546 tamen
766 2485 1041 2560 judicium
1070 2485 1296 2546 evadere
1317 2503 1428 2545 non
1457 2489 1678 2562 poterit.

637 2584 822 2657 (Vera.
881 2584 995 2656 11.)
1035 2608 1054 2632 ε
1079 2585 1221 2643 Ecce
1258 2585 1411 2643 enim
1457 2586 1566 2646 hoc
1607 2587 1787 2660 ipsum
1837 2592 2137 2654 secundum

503 2679 523 2689 '
557 2676 732 2733 Deum
760 2674 1076 2733 contristari
1105 2681 1366 2748 quantam
1402 2674 1463 2732 in
1493 2676 1652 2736 vobis
1675 2680 1888 2752 perficit
1919 2684 2139 2743 sollici-

557 2763 828 2822 tudinem.
859 2789 881 2817 ι
923 2764 1130 2822 Verum
1169 2771 1254 2822 est
1281 2764 1410 2838 quia
1451 2767 1545 2840 qui
1589 2769 1837 2840 pmnitet,
1867 2773 2138 2832 sollicitus

555 2860 658 2923 est,
687 2869 757 2910 ne
783 2853 964 2910 denuo
1001 2859 1205 2924 peccet.
1249 2875 1270 2902 ι
1304 2853 1410 2910 Sed
1435 2858 1869 2922 excusationem.
1891 2887 1911 2912 ι
1949 2863 2132 2932 Recte,

555 2943 686 3016 quia
715 2939 1038 3013 paenitentia
1073 2955 1186 2998 non
1231 2941 1395 2999 habet
1431 2947 1862 3016 excusationem,
1889 2951 1982 3008 sed
2007 2967 2136 3010 con-

553 3030 876 3088 fessionem.
917 3053 938 3078 ι
957 3029 1064 3086 Sed
1093 3029 1371 3088 timorem.
1395 3056 1416 3081 ι
1449 3035 1702 3094 Ostendit
1726 3039 1978 3097 timorem
2014 3041 2132 3114 (57)

555 3115 614 3173 in
638 3124 940 3189 peccatore,
962 3118 1058 3192 qui
1077 3117 1266 3178 delicti
1291 3137 1454 3180 causa
1477 3126 1692 3184 veniam
1722 3131 1980 3200 postulat.
1997 3153 2014 3176 -
2029 3129 2133 3188 Sed

556 3205 914 3268 desideria.
941 3233 963 3260 ι
1001 3210 1286 3269 Desiderat
1327 3213 1611 3274 reformari
1653 3231 1734 3285 ee,
1783 3217 1878 3288 qui
1927 3233 1984 3272 se
2028 3219 2134 3274 scit

547 3293 752 3353 factum
789 3313 884 3370 per
927 3309 1211 3372 peccatum
1233 3299 1565 3360 deformem.
1609 3326 1631 3350 ι
1660 3301 1764 3359 Sed
1805 3305 2129 3360 simulatio-

546 3399 693 3443 nem.
717 3411 739 3436 ι
779 3387 968 3444 Zelum
1011 3388 1210 3461 incipit
1249 3389 1362 3462 pati
1405 3390 1676 3448 bonorum
1716 3405 1941 3462 operum
1971 3392 2128 3464 perﬁ-

543 3475 888 3547 ciendorum,
922 3479 1018 3551 qui
1047 3479 1312 3550 intelligit
1341 3497 1441 3552 pro
1469 3497 1528 3538 se
1552 3495 1690 3548 esse,
1732 3481 1877 3551 quod
1900 3482 2126 3555 corripi-

541 3570 654 3622 tur.
688 3588 708 3611 ι
729 3563 832 3621 Sed
863 3565 1227 3626 vindictam.»
1256 3567 1485 3623 Necesse
1525 3574 1614 3624 est
1640 3573 1703 3624 ut
1731 3567 1855 3639 quis
1883 3565 2127 3630 vindicet

539 3667 688 3719 eum,
718 3651 878 3723 cujus
901 3667 1028 3723 erga
1054 3669 1112 3707 se
1163 3653 1330 3708 sentit
1357 3655 1610 3715 affectum
1634 3673 1648 3712 :
1697 3664 1754 3714 et
1797 3657 1855 3716 in
1885 3659 2123 3732 seipsum

539 3737 808 3807 vindicat,
833 3739 930 3809 qui
965 3754 1024 3795 se
1067 3753 1234 3796 causa
1261 3739 1450 3796 delicti
1477 3741 1689 3816 aﬂligit.
1725 3767 1744 3791 ι
1769 3745 1831 3802 In
1869 3749 2125 3806 omnibus

540 3833 720 3884 castos
747 3841 848 3882 vos
873 3825 1211 3883 exhibuistis
1241 3842 1357 3884 esse
1393 3828 1453 3886 in
1480 3845 1546 3887 eo
1572 3834 1811 3905 negotio.
1830 3857 1852 3886 ι
1894 3835 2122 3905 Quando

539 3914 729 3972 omnia
781 3931 902 3988 qua
969 3916 1040 3974 ad
1093 3915 1402 3988 profectum
1464 3921 1708 3979 melioris
1769 3927 1883 3999 spei
1940 3927 2121 3998 perti-

537 4009 694 4071 nent,
742 4003 994 4062 meditati
1044 4004 1324 4076 videntur,
1352 4008 1530 4065 zelum
1573 4009 1834 4070 habentes
1869 4015 2121 4088 Apostoli

535 4098 590 4147 et
643 4092 991 4164 praeceptoris
1044 4093 1132 4151 sui
1187 4095 1246 4151 in
1300 4096 1556 4154 omnibus
1619 4100 1816 4159 ofﬁciis
1865 4102 2120 4165 humanas

535 4179 990 4251 conversationis,
1030 4181 1170 4240 duce
1216 4183 1345 4254 ﬁde,
1411 4185 1613 4259 probos
1653 4204 1714 4246 se
1759 4190 1936 4248 videri
1979 4211 2118 4254 con-

535 4267 768 4324 tendunt
799 4269 938 4341 (58).
1830 4293 1848 4314 ⁸

604 4365 786 4438 (Vers.
821 4366 933 4440 12.)
969 4367 1182 4441 «Igitur
1223 4376 1281 4428 et
1323 4370 1373 4428 si
1403 4373 1596 4446 scripsi
1635 4375 1814 4448 vobis,
1843 4395 1956 4436 non
1993 4398 2115 4454 pro-

529 4461 652 4528 pter
676 4472 802 4514 sum
822 4457 916 4530 qui
944 4457 1134 4532 inique
1163 4468 1409 4518 versatus
1434 4473 1538 4522 est.
1559 4490 1580 4515 ι
1614 4467 1807 4541 Inique
1837 4481 2111 4532 versatum

529 4541 668 4603 dicit
723 4545 906 4616 illum,
960 4548 1055 4621 qui
1119 4549 1390 4608 incestum
1442 4553 1770 4613 admiserat:
1838 4574 1940 4617 nec
1997 4578 2111 4620 non

529 4633 692 4689 etiam
737 4633 838 4692 hos
869 4637 1066 4709 tangit,
1104 4654 1242 4712 quos
1287 4639 1490 4712 injuria
1523 4653 1574 4701 et
1599 4645 1818 4703 fraudes
1853 4648 2114 4710 fratribus

531 4721 590 4778 in
650 4725 826 4796 prima
869 4729 1100 4800 epistola
1135 4729 1326 4787 fecisse
1376 4732 1649 4803 signiﬁcat
1678 4736 1738 4807 (Ι
1764 4737 1888 4794 Cor.
1921 4754 2000 4808 v1,
2033 4741 2110 4812 7).

537 4830 556 4855 ε
573 4808 677 4866 Sed
708 4828 882 4885 neque
906 4825 1128 4888 propter
1155 4833 1303 4886 eum,
1325 4819 1422 4890 qui
1455 4820 1644 4894 inique
1670 4831 1928 4881 tractatus
1955 4808 2098 4883 est.»

527 4897 594 4952 Hi
645 4900 830 4975 inique
886 4906 1104 4964 tractati
1157 4917 1325 4978 sunt;
1367 4912 1497 4985 quia
1541 4912 1804 4972 fratribus
1839 4917 2110 4998 contraria

525 4987 668 5058 passi
693 4997 840 5046 sunt.
875 4993 976 5050 Hic
1017 5012 1208 5054 sensus
1235 5005 1336 5068 est,
1369 5015 1531 5072 quem
1570 5001 1628 5058 in
1665 5005 1840 5076 capite
1867 4995 2107 5078 epistolas

525 5085 812 5148 memorat,
869 5079 966 5139 ubi
1007 5082 1182 5143 dicit:
1217 5110 1240 5134 ι
1257 5086 1315 5147 Si
1359 5089 1452 5148 cui
1497 5090 1709 5165 aliquid
1759 5093 2022 5167 donastis,
2053 5105 2108 5154 et

593 5292 710 5367 (57)
741 5293 868 5372 Mss.
907 5293 1097 5365 Corb,
1146 5297 1723 5372 Sediindignationem.
1776 5310 1897 5367 Non
1952 5313 2105 5370 indi-

515 5372 712 5451 gnatp‘r
738 5367 830 5451 qui
852 5374 1122 5451 correptus
1148 5367 1438 5451 conﬁtetur.
1471 5377 1573 5451 sed
1606 5379 1868 5451 timorem,
1894 5367 1998 5442 etc.

592 5383 712 5420 stur
777 5385 830 5421 ui
852 5383 1122 5440 correptus
1148 5383 1438 5440 confitetur.
1471 5383 1570 5432 Sed
1606 5383 1868 5449 timorem,
1894 5393 1998 5442 etc.

592 5438 706 5526 $58)
738 5383 883 5526 idem
917 5441 1037 5526 cod.
1071 5440 1257 5511 Corb.,
1289 5442 1468 5498 ducem
1501 5448 1640 5517 ﬁdei,
1677 5459 1842 5521 prout
1868 5464 2099 5526 possent,

516 5505 693 5563 cidere
717 5513 1048 5568 contendunt.

592 5579 705 5642 (59)
739 5581 940 5658 omnes
957 5583 1096 5658 edit.
1130 5591 1182 5639 et
1209 5599 1337 5640 mss.
1371 5589 1644 5658 nonnulli,
1673 5609 1786 5648 cum
1810 5595 1937 5650 dicit
1972 5615 2100 5653 cor-

516 5644 688 5733 rigere
743 5653 902 5733 cells;
953 5655 1134 5723 Rom.,
1186 5672 1240 5710 se
1274 5658 1422 5725 velte,
1468 5676 1596 5733 quos
1630 5644 1929 5733 arguebat,
1973 5671 2096 5727 cod.

517 5714 704 5788 Corb.,
752 5714 898 5776 dicit
922 5739 1038 5780 cum
1081 5714 1166 5784 eos
1210 5743 1264 5784 se
1307 5714 1599 5788 carissime
1635 5714 1765 5802 quos
1805 5714 2058 5808 arguerat
2076 5757 2095 5796 :

2272 622 2443 695 magis
2502 623 2696 682 horum
2743 644 2922 697 causa,
2985 633 3080 704 qui
3143 648 3522 709 peccaverunt,
3569 645 3858 716 scripsisse

2271 727 2327 768 se
2373 714 2576 770 remitti
2637 716 2752 774 illis
2797 719 3016 789 debere,
3058 723 3150 780 sed
3200 725 3369 798 magis
3413 739 3630 802 propter
3667 714 3858 792 Eccle.

2269 799 2442 868 siam;
2494 803 2622 874 quia
2667 805 2726 861 in
2772 823 2883 864 uno
2923 812 3062 866 [nale
3112 821 3303 884 agente
3352 799 3512 872 multi
3558 829 3710 887 sunt,
3758 822 3856 896 qui

2268 888 2714 950 confundantur:
2747 897 2878 951 etin
2918 914 3030 954 uno
3069 905 3457 962 contumeliam
3479 917 3574 965 aut
3601 909 3856 971 fraudem

2269 983 2528 1057 patiente,
2557 988 2718 1044 multi
2750 999 2878 1047 sunt
2907 993 3002 1065 qui
3035 993 3436 1066 indignentur;
3488 1001 3617 1072 quia
3640 1003 3687 1059 si
3719 1005 3855 1076 pati-

2268 1081 2360 1130 tur
2385 1074 2596 1148 aliquid
2634 1094 2805 1136 unum
2843 1083 3176 1154 membrum,
3224 1093 3634 1161 compatiuntur
3667 1098 3856 1154 omnia

2269 1163 2532 1224 membra.
2561 1190 2579 1214 ι
2600 1167 2704 1224 Sed
2730 1178 2792 1226 ut
2820 1173 3264 1232 manifestaretur
3292 1180 3610 1239 sollicitudo
3643 1192 3848 1256 nostra,

2269 1267 2430 1324 quam
2460 1269 2558 1326 pro
2587 1255 2744 1312 vobis
2777 1257 3040 1319 habemus
3068 1279 3249 1321 coram
3279 1268 3411 1324 Deo.
3435 1295 3455 1319 ι
3489 1273 3851 1333 Emendando

2265 1336 2520 1411 injustos,
2550 1350 2604 1398 et
2634 1345 2871 1416 pollutos
2899 1352 3313 1422 sanctiﬁcando,
3359 1365 3415 1414 et
3458 1359 3722 1418 Ecclesiae
3765 1381 3848 1422 re-

2265 1428 2632 1500 conciliando,
2663 1433 2834 1491 totius
2856 1439 3044 1508 populi
3071 1441 3507 1502 sollicitudinem
3550 1465 3608 1505 se
3648 1450 3851 1510 habere

2264 1514 2621 1588 demonstrat,
2650 1524 2950 1580 secundum
2992 1530 3138 1598 quod
3167 1547 3330 1602 supra
3357 1538 3674 1596 memoravi.

2336 1604 2519 1698 (Vere.
2556 1608 2670 1678 13.)
2707 1611 2873 1668 «Ideo
2899 1621 2954 1669 et
2995 1619 3421 1678 consolationem
3452 1628 3784 1698 accepimus.
3809 1651 3834 1682 ι

2263 1689 2549 1764 Accepisse
2569 1711 2647 1765 se,
2677 1713 2742 1755 ac
2767 1716 2863 1771 per
2895 1701 3000 1758 hoc
3019 1713 3072 1761 et
3095 1705 3224 1762 dare
3239 1708 3377 1766 dicit
3389 1715 3847 1779 consolationem.

2261 1779 2487 1852 Accepit
2511 1792 2716 1854 autem,
2757 1803 2880 1844 cum
2918 1789 3116 1850 didicit
3143 1797 3412 1870 corrigere
3437 1816 3494 1856 se
3523 1803 3664 1859 velle
3695 1806 3844 1879 (59),

2261 1880 2398 1940 quos
2424 1872 2702 1943 arguebat,
2734 1883 2795 1933 ut
2823 1895 2917 1950 per
2946 1881 3323 1952 paenitentiam
3355 1904 3414 1944 se
3439 1872 3807 1950 reformarent

2259 1953 2352 2012 dat
2404 1965 2607 2029 autem,
2655 1961 2786 2018 dum
2835 1982 2926 2022 eos
2978 1980 3200 2028 revocat
3253 1973 3323 2030 ad
3379 1977 3723 2049 Ecclesiam;
3770 1997 3846 2040 ne

2257 2041 2354 2100 diu
2373 2049 2680 2104 contristati
2709 2051 3054 2124 desperarent
3084 2059 3152 2116 de
3181 2077 3260 2130 se,
3287 2070 3343 2118 et
3371 2063 3440 2121 ad
3469 2041 3746 2137 publicam
3781 2079 3845 2128 et

2253 2129 2525 2190 funestam
2548 2137 2714 2194 vitam
2743 2141 3102 2203 declinarent.
3133 2171 3154 2196 ι
3177 2129 3251 2205 In,
3269 2155 3640 2212 consolatione
3653 2167 3841 2217 autem

2255 2226 2456 2288 nostra,
2488 2223 2660 2295 magis
2701 2230 2978 2302 magisque
3028 2234 3198 2305 gavisi
3231 2254 3422 2296 sumus
3447 2259 3612 2315 super
3635 2247 3840 2316 gaudio

2253 2306 2362 2364 Titi
2394 2310 2540 2384 (60);
2587 2315 2716 2387 quia
2761 2320 3032 2392 requievit
3077 2325 3305 2396 spiritus
3342 2328 3460 2400 ejus
3493 2306 3551 2388 in
3577 2306 3836 2396 omnibus

2251 2395 2428 2454 vobis.
2459 2423 2480 2448 ι
2521 2399 2812 2476 Correptos
2842 2425 2937 2480 per
2957 2395 3188 2482 primani
3209 2395 3494 2488 epistolam
3523 2423 3756 2482 audiens
3774 2442 3836 2486 se

2249 2484 2392 2541 velle
2416 2489 2705 2564 corrigere,
2735 2499 3160 2557 consolationem
3183 2484 3408 2578 accepit.
3431 2513 3481 2566 A
3506 2511 3627 2570 Tito
3645 2523 3831 2574 autem

2249 2572 2533 2636 addiscens
2552 2582 2681 2654 quia
2701 2583 2941 2644 dolorem
2965 2601 3278 2661 paterentur
3296 2599 3496 2656 erroris
3514 2603 3622 2672 sui,
3635 2613 3831 2664 auctus

2247 2672 2330 2722 est
2358 2665 2416 2722 in
2443 2671 2834 2744 consolatione,
2865 2679 3064 2749 gaudio
3093 2683 3330 2756 repletus
3355 2703 3370 2754 ;
3417 2689 3546 2762 quia
3573 2693 3831 2752 voluntas

2249 2767 2436 2812 eorum
2466 2757 2525 2814 in
2552 2775 2712 2832 opere
2749 2777 2982 2836 coeperat
3007 2773 3314 2844 approbari,
3345 2757 3467 2834 Tito
3494 2777 3602 2838 hoc
3623 2781 3828 2844 idoneo

2249 2849 2383 2900 teste
2409 2862 2534 2902 cum
2565 2848 2757 2906 lwtitia
2785 2854 2956 2912 animi
2985 2861 3267 2920 referente.

2319 2934 2502 3030 (Yers.
2537 2937 2650 3011 14.)
2687 2965 2705 2989 ι
2725 2941 2994 3008 Quoniam
3023 2949 3082 3003 in
3112 2951 3526 3030 quibuscunque
3552 2959 3622 3018 de
3663 2961 3826 3023 vobis

2247 3020 2507 3092 gloriatus
2573 3043 2716 3098 sum,
2773 3046 2886 3088 non
2940 3051 3062 3091 sum
3125 3020 3406 3104 confusus.
3435 3020 3468 3096 ἰ
3507 3046 3824 3124 Antequam

2243 3121 2488 3181 pergeret
2515 3112 2670 3170 Titus
2699 3117 2766 3172 ad
2813 3119 3148 3193 Corinthios,
3179 3129 3394 3186 audivit
3419 3133 3488 3191 ab
3517 3136 3616 3206 eis,
3637 3112 3818 3212 idest,

2241 3195 2310 3251 ab
2326 3198 2676 3268 Apostolo,et
2696 3205 2790 3275 qui
2815 3217 2970 3264 erant
2996 3226 3122 3268 cum
3151 3230 3235 3284 eo,
3251 3217 3451 3278 bonam
3479 3195 3821 3288 voluntatem

2374 3266 2390 3268 _
2594 3266 2602 3268 ν
2709 3266 2730 3275 -
3010 3266 3014 3267 ν
3109 3266 3122 3268 κ
3159 3266 3451 3284 αρν-...ο
3490 3266 3821 3288 ...ιαμ-...ιω

2162 3266 2206 3326 C
2235 3299 2349 3339 esse
2378 3285 2793 3349 Corinthiorum
2829 3294 2888 3351 in
2915 3300 3271 3362 emendandis
3293 3307 3478 3378 vitiis;
3509 3327 3573 3370 ac
3589 3331 3686 3388 per
3707 3315 3822 3378 hoc

2233 3389 2492 3446 regresso,
2545 3389 2598 3436 et
2633 3382 2820 3440 eadem
2865 3389 3150 3462 referente,
3179 3411 3293 3454 non
3321 3401 3510 3474 utique
3553 3382 3820 3472 confusus

2234 3471 2315 3519 est
2365 3467 2680 3542 Apostolus,
2735 3475 2832 3533 sed
2887 3479 3064 3537 alacer
3116 3483 3292 3544 factus
3342 3467 3467 3559 est;
3528 3494 3661 3568 quia"
3700 3467 3818 3556 non

2232 3553 2390 3610 aliter
2419 3557 2702 3618 invenerat
2731 3565 2906 3633 Titus,
2939 3586 3102 3642 quam
3127 3575 3374 3634 audierat
3392 3579 3460 3635 ab
3489 3553 3589 3641 eis.

2313 3667 2331 3691 ι
2359 3645 2464 3704 Sed
2519 3655 2981 3725 quemadmodum
3030 3665 3216 3724 omnia
3269 3668 3426 3726 vobis
3473 3671 3532 3728 in
3581 3675 3815 3738 veritate

2231 3733 2400 3791 locuti
2448 3753 2656 3810 sumus,
2690 3743 2768 3799 ita
2817 3755 2870 3803 et
2913 3750 3166 3820 gloriatio
3209 3767 3396 3816 nostra
3442 3764 3587 3835 apud
3623 3733 3813 3830 Titum

2233 3823 2431 3881 veritas
2459 3827 2598 3886 facta
2628 3841 2730 3890 est.
2763 3860 2782 3884 ›
2822 3837 3121 3900 Exsultans
3147 3844 3207 3901 in
3234 3851 3433 3921 spiritu
3474 3823 3593 3914 haec

2225 3913 2544 3988 Apostolus,
2575 3921 2654 3978 sic
2678 3922 2918 3996 gaudens
2946 3929 3006 3986 in
3031 3931 3155 4002 his;
3190 3913 3574 4001 ut-eﬂicaciam
3615 3963 3813 4008 eorum

2227 4013 2336 4061 tam
2389 4022 2574 4065 veram
2620 4013 2830 4084 probet,
2885 4033 3049 4091 quam
3102 4031 3183 4079 est
3238 4034 3292 4083 et
3337 4031 3654 4102 praedicatio
3689 4038 3814 4113 ejus

2229 4100 2369 4158 190
2397 4096 2465 4152 ad
2489 4114 2600 4169 eos,
2639 4099 2701 4157 in
2729 4108 3072 4179 correptione
3097 4096 3384 4173 duntaxat.
3419 4120 3634 4180 Veritas
3654 4096 3810 4188 enim

2223 4195 2499 4266 arguentis
2537 4198 2596 4254 in
2647 4217 2710 4258 eo
2758 4204 2877 4276 ipso
2922 4216 3056 4266 tunc
3097 4210 3316 4268 videtur
3348 4232 3462 4272 esse
3491 4221 3802 4298 manifesta,

2221 4282 2268 4340 si
2314 4282 2356 4339 ii
2409 4284 2504 4358 qui
2547 4299 2873 4364 arguuntur,
2923 4294 3190 4370 incipiant
3235 4305 3522 4362 emendare
3553 4311 3668 4385 (61)

2221 4372 2354 4429 dum
2381 4374 2529 4429 enim
2558 4381 2793 4453 correpti
2821 4383 3206 4458 immutantur,
3253 4372 3806 4475 testimonium'per;

2219 4459 2412 4519 bibent
2439 4469 2706 4538 arguenti.

2291 4552 2472 4644 (Vers.
2534 4557 2647 4632 15.)
2694 4584 2714 4607 ι
2741 4561 2814 4618 Et
2862 4565 3073 4624 viscera
3128 4568 3279 4628 illius
3326 4573 3692 4638 abundantius
3735 4585 3798 4644 in

2220 4639 2380 4696 vobis
2435 4654 2582 4702 sunt.
2615 4673 2634 4697 ι
2676 4651 2939 4708 Animum
2983 4664 3037 4711 et
3081 4659 3334 4716 affectum
3375 4663 3483 4720 Titi
3523 4667 3656 4726 dicit
3681 4639 3800 4732 esse

2219 4727 2279 4786 in
2309 4731 2408 4802 eis,
2451 4736 2580 4808 quia
2623 4739 2766 4797 vidit
2803 4745 3106 4814 profectum
3137 4750 3397 4821 illorum;
3429 4759 3603 4814 sancti
3644 4763 3798 4822 enim

2218 4820 2434 4878 animus
2467 4825 2524 4880 in
2555 4829 2704 4883 omni
2735 4830 2880 4887 bono
2911 4844 3010 4891 est.
3049 4860 3066 4882 ε
3098 4838 3516 4901 Reminiscentis
3548 4851 3796 4909 omnium

2217 4912 2386 4966 vestri
2433 4915 2820 4989 obedientiam,
2869 4927 3142 4996 quomodo
3190 4946 3314 4986 cum
3362 4933 3559 4990 timore
3596 4945 3650 4992 et
3679 4949 3799 4998 tre—

2216 5012 2366 5054 more
2393 5005 2687 5076 excepistis
2711 5009 2868 5068 illum
2891 5031 2940 5068 ε»
2969 5015 3212 5074 Scientes
3233 5020 3507 5079 Corinthii
3533 5023 3602 5081 ab
3636 5029 3798 5100 Apo-

2215 5089 2355 5145 stolo
2383 5107 2497 5149 esse
2527 5096 2754 5156 missum
2784 5100 2969 5160 Titum
2997 5105 3066 5162 ad
3099 5125 3174 5178 se,
3205 5110 3302 5182 qui
3344 5113 3404 5169 in
3433 5115 3603 5172 tantis

2212 5315 2409 5393 reliqui
2432 5319 2662 5393 _melius,
2693 5339 2808 5378 cum
2837 5325 2981 5393 dicit,
3013 5335 3116 5384 etc.

2283 5391 2399 5476 '(Gt‘l)
2432 5391 2596 5476 Item.
2627 5393 2784 5461 edit.,
2827 5391 3021 5466 gaudio
3060 5399 3245 5469 repleti
3285 5416 3466 5458 sumus
3491 5420 3650 5476 super
3672 5422 3790 5465 con-

2210 5461 2462 5514 solatione
2494 5465 2614 5520 Titi.
2830 5461 2846 5466 '
3111 5461 3131 5469 ’
3552 5461 3569 5476 ι

2282 5533 2396 5602 (61)
2430 5533 2589 5620 ΕΟᾷό
2613 5533 2802 5620 rem?"
2851 5537 2926 5590 ad
2961 5554 3053 5620 ,⁸⁸³⁸
3082 5542 3173 5610 σαί
3221 5543 3278 5596 in
3311 5551 3633 5620 correptione
3658 5551 3788 5607 dim-

2211 5605 2875 5730 mproﬁciebant......
2923 5609 2972 5665 si
3017 5605 3135 5686 quia
3179 5605 3498 5693 arguuntur,
3530 5605 3790 5700 incipiunt

2204 5687 2231 5726 e
2418 5692 2491 5730 rt.
