3976 6386
199 432 302 492 325

1255 438 1611 498 COMMENT.
1652 443 1724 500 IN
1756 442 1973 499 EPIST.
2014 446 2063 500 ll
2099 446 2194 501 AD
2232 445 2391 504 COR.

3351 452 3455 514 326

198 562 265 616 ab
290 562 405 632 ipso
451 561 564 633 jam
619 561 835 618 fuerant
890 561 1146 634 correpti,
1176 564 1354 620 territi
1386 576 1512 621 sunt
1567 566 1625 621 in
1680 566 1771 623 ad-
1801 570 1849 629 Α
1879 567 2003 623 illos
2050 568 2155 625 hoc
2207 586 2380 642 agere,
2419 577 2481 625 ut
2511 586 2612 626 nec
2674 570 2911 639 timeret,
2962 570 3053 629 cui
3100 575 3452 648 offerebatur,

194 659 366 705 ventu
398 650 538 723 ejus.
580 653 649 708 Et
679 653 807 725 quia
850 651 1017 708 vitam
1070 670 1220 709 suam
1282 666 1556 726 coeperant
1586 672 1780 712 emen-

194 740 345 806 dare,
394 743 617 798 solliciti
679 749 831 798 erant
886 742 1146 798 obaudire
1196 747 1478 816 praeceptis
1527 743 1662 816 ejus,
1714 754 1776 801 ut

192 847 488 903 regressus,
521 832 764 887 animum
786 832 1034 904 Apostoli
1066 831 1340 905 mitigaret
1366 836 1470 890 eis:
1504 834 1778 909 quamob-

191 937 310 975 rem
340 922 523 977 Titum
555 921 801 977 laudasse
824 919 1121 993 signiﬁcat,
1146 938 1272 978 nam
1306 923 1365 978 in
1389 921 1512 977 Tito
1530 923 1776 994 Aposto-

191 1010 311 1066 lum
338 1011 558 1067 reveriti
578 1018 725 1068 sunt.
1162 1068 1173 1077 ,

269 1100 451 1171 (Vers.
487 1100 599 1171 16.)
637 1124 655 1146 ι
675 1097 896 1155 Gaudeo
924 1098 1145 1173 quodin
1177 1097 1432 1155 omnibus
1456 1098 1673 1156 conﬁdo
1714 1098 1776 1155 in

190 1186 371 1244 vobis.
415 1213 434 1237 ι
476 1189 595 1244 Νοη
611 1188 787 1243 solum
811 1188 867 1243 in
882 1187 1026 1243 bona
1048 1188 1334 1243 voluntate
1356 1203 1543 1243 eorum
1560 1189 1775 1243 laetatus

188 1283 297 1343 est,
328 1275 421 1331 sed
475 1282 528 1330 et
574 1276 630 1330 in
681 1276 939 1347 operibus
986 1276 1165 1344 bonis,
1204 1276 1403 1349 quibus
1430 1293 1551 1349 quae
1582 1290 1769 1347 pecca-

190 1371 405 1433 verant,
455 1364 838 1423 emendabant.
892 1364 1044 1438 Ideo,
1078 1388 1100 1416 ι
1142 1366 1203 1423 in
1254 1365 1528 1436 omnibus,
1568 1364 1772 1438 inquit,

190 1454 412 1513 conﬁdo
439 1454 499 1511 in
528 1455 705 1513 vobis.
734 1479 754 1507 ι

780 1599 1007 1659 CAPUT
1042 1601 1185 1659 VIII.

266 1723 448 1798 (Vers.
482 1726 535 1793 1,
566 1723 648 1797 2.)
693 1748 714 1773 ι
742 1724 936 1781 Notam
965 1732 1146 1780 autem
1172 1721 1330 1779 vobis
1382 1721 1635 1788 facimus,
1664 1720 1772 1776 fra-

188 1820 324 1881 tres,
352 1816 581 1888 gratiam
620 1815 739 1881 Dei,
774 1831 895 1887 quae
916 1814 1040 1869 data
1069 1821 1148 1869 est
1167 1814 1221 1867 in
1244 1812 1501 1867 Ecclesiis
1530 1810 1771 1868 Macedo-

1885 657 2163 728 accipere;
2213 658 2341 731 quia
2387 674 2496 714 non
2542 660 2731 732 utique
2774 659 2876 715 hoc
2918 660 3101 717 animo
3140 663 3451 735 offerebant,

1885 747 2292 803 ntredimentes
2347 748 2667 821 praepositos
2711 765 2857 817 suos,
2908 749 3046 805 vitia
3089 766 3276 806 eorum
3298 761 3457 823 pate-

1886 841 2093 904 rentur,
2169 851 2269 891 nec
2306 845 2643 908 arguerent;
2712 837 2842 909 quia
2906 854 3131 894 munera
3185 852 3505 918 excaecant.

1886 923 2092 991 oculos,
2122 931 2179 978 et
2211 924 2324 979 vim
2376 924 2719 981 auctoritatis
2760 924 3049 982 inclinant.
3081 928 3281 985 Dantes
3331 946 3457 1003 ergo

1887 1028 1942 1067 se
1987 1014 2119 1080 Deo,
2169 1013 2300 1069 dum
2340 1011 2631 1070 emendant
2674 1013 2814 1071 vitia
2854 1033 2866 1071 :
2925 1014 3123 1073 deinde
3174 1017 3454 1087 fratribus,

1884 1098 2017 1155 dum
2059 1098 2296 1156 oﬁ‘erunt
2337 1109 2607 1174 sumptus,
2652 1102 2962 1159 contristari
2991 1102 3316 1173 debuerunt,
3364 1106 3458 1179 qui

1884 1194 2008 1242 ante
2038 1204 2202 1261 prope
2231 1205 2395 1262 quam
2435 1189 2759 1262 inciperent,
2783 1190 3005 1263 perfecti
3026 1210 3139 1250 esse
3163 1196 3459 1253 voluerunt

1883 1276 2089 1332 Horum
2130 1278 2299 1350 igitur
2326 1280 2578 1352 exemplo
2605 1281 2663 1336 in
2678 1282 2815 1337 vitat
2835 1281 3150 1340 Corinthios
3174 1292 3234 1340 ut
3253 1301 3315 1342 ea
3337 1301 3457 1359 quin

1882 1376 2174 1437 crepet-ant,
2215 1366 2318 1426 bac
2360 1367 2753 1427 exhortatione
2812 1370 2980 1441 aucti,
3046 1379 3226 1430 mente
3264 1374 3453 1431 sedula

1881 1466 2344 1515 consummarent.

1953 1542 2135 1614 (Vers.
2157 1545 2239 1616 6.)
2285 1570 2303 1593 ε
2329 1547 2409 1602 Ita
2434 1553 2499 1603 ut
2536 1562 2849 1620 rogaremus
2870 1546 3077 1618 Titum,
3108 1550 3252 1624 quod
3274 1567 3458 1626 quem-

1881 1629 2176 1687 admodum
2236 1634 2421 1705 coepit,
2478 1634 2556 1690 ita
2630 1644 2913 1693 consumet
3000 1637 3052 1693 in
3121 1656 3216 1696 vos
3284 1641 3456 1698 etiam

1882 1719 2109 1791 gratiam
2152 1720 2336 1777 istam.
2385 1740 2414 1774 »
2464 1722 2733 1790 Quoniam
2784 1722 2893 1779 Titi
2956 1726 3208 1783 allectum
3255 1728 3458 1786 sciebat

1879 1808 2151 1865 sincerum
2179 1810 2323 1868 circa
2372 1811 2525 1881 istos,
2575 1828 2676 1870 nec
2720 1828 2830 1869 non
2878 1813 2977 1869 hos
3023 1814 3338 1873 obedientes
3383 1817 3454 1887 ei,

190 1903 322 1969 nias,
354 1904 501 1976 quod
544 1903 603 1958 in
660 1903 831 1958 multa
885 1901 1205 1974 probatione
1224 1916 1485 1973 pressurae
1531 1899 1773 1955 abundat
1799 1919 1846 1981 Β
1881 1897 2093 1955 idcirco
2134 1916 2230 1973 per
2254 1901 2433 1974 ipsum
2463 1901 2625 1959 etiam
2645 1901 2714 1959 ad
2744 1903 2848 1961 hoc
2870 1919 3007 1977 opus
3026 1904 3302 1962 exhortari
3337 1906 3459 1966 illos

192 1998 453 2071 gaudium
498 1997 763 2069 ipsorum.
820 2021 840 2045 ι
909 1997 1179 2064 Quoniam
1219 1996 1539 2054 Macedones
1572 1995 1777 2053 devoto

189 2085 379 2142 animo
417 2092 776 2158 perceperunt
804 2084 1035 2140 verbum
1062 2085 1422 2152 ﬁdei,idcirco
1447 2085 1525 2140 eis
1551 2085 1777 2155 gratiam

189 2173 371 2232 datam
403 2191 434 2230 a
462 2177 574 2231 Deo
599 2175 754 2242 dicit,
793 2172 934 2229 utin
964 2172 1320 2229 tribulatione
1348 2173 1504 2228 Pauli
1543 2182 1595 2228 et
1624 2174 1774 2241 Silae,

190 2280 356 2339 quam
383 2280 545 2336 supra
576 2268 714 2334 (cap.
738 2279 839 2330 v11,
867 2278 1000 2316 vers.
1030 2262 1082 2332 5)
1108 2261 1427 2329 memoravi,
1460 2261 1777 2316 scandalum

190 2369 307 2410 non
338 2358 685 2426 paterentur:
717 2351 812 2407 sed
840 2351 896 2406 in
926 2351 1295 2407 exsultatione
1334 2350 1532 2405 mentis
1571 2350 1776 2421 accipe-

188 2452 318 2501 rent
363 2442 696 2500 conﬁdentes
737 2440 803 2498 de
848 2458 942 2513 spe
988 2442 1271 2514 promissa,
1307 2448 1369 2497 ut
1405 2439 1661 2512 probatos
1688 2455 1779 2495 eos

191 2531 393 2588 horum
424 2530 769 2604 passionibus
789 2530 1252 2586 demonstrarent.
1290 2552 1307 2575 ι
1334 2529 1404 2584 Et
1420 2529 1564 2601 quod
1581 2529 1779 2601 profun

192 2621 265 2679 da
284 2629 569 2695 paupertas
593 2622 815 2678 illorum
831 2619 1133 2677 abundavit
1153 2619 1210 2674 in
1230 2618 1443 2675 divitiis
1463 2618 1778 2689 simplicita-

189 2712 270 2769 tis
296 2728 533 2769 eoruma
567 2712 772 2770 Votum
791 2727 979 2767 eorum
1004 2709 1280 2781 praedicat,
1313 2708 1440 2781 quia
1469 2724 1592 2764 cum
1626 2705 1780 2762 tenui

192 2802 321 2873 (62)
348 2810 526 2857 essent
553 2801 857 2857 substantia
886 2801 1232 2867 facultatum,
1277 2797 1492 2853 animus
1534 2795 1778 2866 ipsorum

191 2890 354 2947 dives
381 2890 639 2946 inventus
686 2897 766 2946 est
805 2890 863 2944 in
909 2889 1215 2943 ministerio
1273 2893 1781 2955 sanctorum;pura

191 2978 346 3035 enim
379 2978 712 3035 conscientia
763 2976 968 3048 operati
996 2982 1147 3041 sunt,
1188 2990 1301 3031 non
1337 2983 1401 3032 ut
1440 2971 1777 3042 hominibus,

192 3068 293 3125 sed
324 3075 385 3123 ut
414 3068 526 3123 Deo
554 3068 847 3139 placerent.

269 3157 450 3229 (Vers.
483 3156 563 3226 3.)
610 3180 627 3202 ε
667 3155 806 3222 Quia
834 3152 1151 3209 testimonio
1180 3152 1295 3210 illis
1320 3170 1461 3222 sum,
1494 3151 1641 3227 quod
1681 3168 1780 3224 pro

206 3242 444 3311 viribus,
470 3252 523 3298 et
551 3257 713 3314 supra
750 3241 896 3297 vires
924 3241 1225 3297 voluntarii
1250 3241 1496 3297 fuerunt.
1533 3264 1553 3290 ι
1597 3240 1777 3308 Quan-
1808 3277 1852 3339 C

196 3340 322 3389 tum
356 3331 584 3403 dignum
642 3330 770 3399 fuit,
810 3338 861 3385 et
918 3332 1029 3386 Deo
1075 3331 1359 3401 placitum,
1400 3329 1494 3401 qui
1539 3330 1686 3384 vires
1714 3328 1778 3384 il-

198 3422 385 3477 lorum
416 3420 600 3484 scivit,
624 3418 680 3473 in
721 3419 1073 3474 facultatibus
1112 3418 1392 3484 dederant,
1435 3416 1502 3472 ad
1532 3417 1778 3472 ministe-

190 3509 364 3565 rium.
400 3508 470 3563 Et
506 3508 637 3580 quia
665 3524 735 3562 ex
772 3514 887 3561 toto
919 3505 1079 3561 corde
1108 3507 1220 3559 Deo
1248 3520 1305 3559 se
1356 3503 1635 3571 dederant,
1669 3519 1780 3559 am-

192 3599 346 3670 plius
364 3595 621 3653 volebant
649 3595 864 3663 oﬂ'erre,
893 3609 1056 3666 quam
1086 3608 1276 3648 eorum
1331 3591 1477 3648 vires
1529 3592 1778 3648 admitte-

192 3686 349 3744 bant.

272 3776 455 3849 (Vers.
489 3773 572 3847 4.)
620 3799 639 3825 ι
665 3775 805 3834 Cum
837 3773 1026 3830 multis
1061 3774 1314 3846 precibus
1336 3781 1550 3830 orantes
1573 3770 1778 3843 suscipi

194 3864 257 3921 in
291 3864 518 3935 gratiam
539 3871 594 3919 et
621 3865 1069 3921 communionem
1100 3863 1415 3932 ministerii,
1458 3861 1604 3935 quod
1632 3860 1693 3915 fit
1718 3860 1778 3916 in

193 3961 432 4009 sanctos.
466 3978 485 4001 ι
519 3953 649 4008 Tam
673 3952 1060 4024 simpliciteret
1076 3952 1275 4009 devoto
1296 3953 1479 4008 animo
1516 3949 1778 4006 obtulisse

193 4040 325 4098 illos
372 4039 761 4110 ministerium,
831 4041 977 4113 quod
1035 4043 1181 4097 ultra
1231 4042 1376 4096 vires
1406 4056 1593 4096 eorum
1641 4045 1775 4107 erat,

195 4128 461 4203 praedicat
494 4147 505 4186 :
541 4138 604 4186 ut
631 4146 755 4187 cum
808 4129 1065 4201 lacrymis
1116 4129 1466 4201 deprecantes
1498 4128 1774 4187 offerrent.

194 4224 266 4273 ιιι
290 4218 377 4273 vel
418 4219 497 4275 sic
536 4225 789 4290 cogerent
833 4218 1008 4288 accipi
1038 4233 1069 4272 a
1101 4234 1177 4285 se,
1212 4217 1357 4289 quod
1399 4214 1778 4288 accipiendum

193 4321 313 4364 non
357 4305 676 4361 videbatur:
730 4306 859 4379 quia
884 4311 1008 4377 plus
1051 4314 1182 4374 erat,
1225 4324 1385 4381 quam
1434 4314 1643 4379 poterat
1692 4320 1778 4360 eo-

190 4409 323 4450 rum
357 4394 697 4459 substantia;
760 4408 827 4448 ne
886 4394 1024 4448 forte
1078 4395 1156 4449 eis
1186 4404 1370 4465 postea
1398 4404 1600 4467 egestas
1647 4390 1779 4447 boni

193 4482 381 4557 operis
410 4484 787 4554 pmnitentiam
845 4483 1115 4539 suaderet.
1185 4485 1287 4540 Sed
1355 4486 1482 4557 quia
1539 4491 1671 4547 tales
1722 4505 1778 4546 se

194 4572 578 4640 ostenderunt,
603 4581 662 4627 ut
693 4589 828 4643 puro
860 4573 1043 4626 animo
1067 4572 1180 4642 jam
1227 4576 1511 4643 praesentia
1568 4586 1780 4649 postpo-

1884 1988 2106 2045 facilius
2135 2006 2291 2061 posse
2319 1991 2613 2062 significat,
2646 2001 2709 2048 ιιι
2737 1995 3012 2067 quomodo
3042 1993 3097 2050 in
3134 1996 3345 2053 caeteris
3381 2012 3457 2054 re-

1884 2074 1988 2132 bus
2015 2077 2419 2135 exhortationis
2446 2096 2556 2136 suae
2578 2079 2772 2136 habuit
2789 2081 3025 2139 fructum
3052 2082 3109 2139 in
3134 2081 3461 2151 eis,haberet

1887 2163 2049 2220 etiam
2086 2165 2143 2219 in
2182 2165 2286 2222 hac
2324 2167 2513 2240 gratia,
2546 2175 2609 2225 ut
2650 2168 2719 2226 ad
2753 2168 3121 2227 ministerium
3147 2179 3459 2231 sanctorum

1885 2259 2167 2323 promptos
2213 2270 2304 2310 eos
2351 2255 2554 2311 faceret
2593 2274 2605 2310 :
2650 2262 2713 2311 ιιι
2749 2255 2879 2329 quia
2915 2254 3027 2329 jam
3053 2257 3189 2315 vitia
3211 2259 3460 2317 eruenda-

1887 2338 2038 2407 bant,
2064 2340 2229 2413 hujus
2258 2343 2527 2416 largitatis
2554 2343 2797 2401 fructum
2845 2343 3126 2403 haberent.
3159 2346 3264 2414 Qui
3307 2347 3459 2405 enim

1887 2428 1955 2482 ad
1990 2426 2092 2483 hoc
2111 2427 2264 2499 dant,
2296 2448 2366 2489 ne
2401 2441 2718 2506 arguantur,
2750 2432 2967 2491 nullum
3012 2435 3257 2494 fructum
3297 2435 3461 2509 hujus

1887 2515 1966 2572 rei
1994 2514 2293 2576 habebunt.

1968 2618 2103 2675 191
2142 2619 2422 2691 (Vers.7.)
2466 2644 2485 2667 ι
2515 2620 2631 2678 Vos
2672 2628 2856 2680 autem
2906 2618 3369 2697 quemadmodum
3400 2619 3459 2680 in

1888 2711 2143 2767 omnibus
2186 2710 2476 2768 abundatis
2540 2710 2666 2779 ﬁde,
2720 2720 2775 2768 et
2814 2728 3084 2780 sermone,
3120 2720 3174 2768 et
3210 2713 3457 2782 scientia,

1888 2807 1943 2856 et
1974 2798 2123 2854 omni
2163 2797 2557 2863 sollicitudine,
2588 2806 2642 2854 et
2671 2798 2897 2871 insuper
2925 2799 3022 2855 illa
3048 2814 3172 2872 quae
3200 2815 3270 2855 ex
3301 2800 3461 2857 nobis

1889 2893 1941 2943 et
1958 2887 2116 2943 vobis
2143 2896 2223 2943 est
2251 2886 2366 2957 (64)
2389 2885 2651 2943 charitate
2723 2887 2885 2944 facite
2910 2894 2973 2943 ut
3007 2886 3065 2943 in
3104 2886 3209 2945 hac
3248 2903 3461 2962 quoque

1889 2977 2060 3051 gratia
2079 2975 2369 3033 abundetis
2398 2974 2589 3046 magis.
2628 2999 2647 3023 ι
2698 2975 3038 3032 Exhortatur
3068 2976 3215 3045 illos,
3263 2986 3326 3034 ut
3350 2978 3461 3049 glo-

1889 3065 2100 3121 rientur
2128 3064 2195 3121 de
2223 3064 2309 3120 his
2334 3062 2479 3136 apud
2501 3070 2725 3120 caeteras
2745 3063 3034 3120 Ecclesias.
3059 3065 3186 3122 llaec
3211 3071 3292 3120 est
3315 3064 3459 3121 enim

1890 3151 2141 3226 probatio
2179 3150 2579 3208 emendationis
2620 3166 2833 3222 eorum,
2870 3152 2922 3210 si
2964 3150 3207 3226 prompti
3254 3152 3366 3210 sint
3393 3152 3464 3210 ad

1888 3245 2258 3301 ministerium
2286 3254 2621 3301 sanctorum.

1962 3334 2125 3407 (Vers
2156 3335 2238 3405 8.)
2293 3359 2312 3381 ι
2358 3334 2478 3391 Non
2519 3334 2820 3392 secundum
2859 3332 3151 3405 imperium
3196 3332 3340 3402 dico,
3367 3332 3463 3391 sed

1887 3431 2110 3492 propter
2138 3421 2373 3477 aliorum
2399 3421 2856 3490 sollicitudinem,
2886 3430 2940 3477 et
2966 3428 3158 3476 vestrae
3186 3420 3464 3478 charitatis

1887 3507 2091 3562 bonum
2123 3509 2369 3562 animum
2408 3508 2784 3579 comprobans.
2817 3532 2836 3556 ι
2875 3506 3221 3563 Manifestum
3239 3517 3320 3565 est
3336 3508 3464 3582 quia

1888 3610 1999 3649 non
2017 3595 2366 3667 imperat,sed
2384 3595 2723 3662 exhortatur;
2746 3602 2807 3650 ut
2826 3593 3108 3667 penuriam
3132 3594 3463 3665 patientibus

1888 3684 2112 3739 mittant
2142 3694 2411 3756 sumptus,
2454 3691 2509 3740 et
2534 3685 2778 3741 relevant
2796 3680 3462 3739 sollicitudinemillorum

1888 3771 2097 3830 bonum
2125 3773 2371 3829 animum
2415 3789 2572 3828 suum
2607 3774 2719 3828 Deo
2740 3780 2793 3827 et
2825 3770 3146 3828 hominibus
3180 3770 3461 3828 ostenden-

1888 3868 1992 3930 tes,
2022 3878 2119 3934 pro
2149 3878 2314 3934 quare
2340 3861 2458 3917 sine
2485 3860 2653 3917 dubio
2679 3860 2981 3917 mercedem
3013 3859 3304 3933 accipient.

1962 3951 2201 4024 (Vers.9.
2225 3952 2247 4023 )
2293 3950 2495 4006 «Nostis
2516 3951 2661 4007 enim
2684 3951 2913 4024 gratiam
2932 3948 3158 4006 Domini
3184 3949 3362 4005 nostri
3378 3949 3461 4006 Je-

1887 4057 1954 4098 su
1990 4039 2229 4107 Christi;
2287 4040 2416 4113 quia
2480 4047 2701 4114 propter
2731 4056 2831 4097 nos
2871 4055 3077 4113 pauper
3131 4039 3311 4097 factus
3357 4047 3458 4109 est,

1888 4143 2014 4185 cum
2044 4128 2197 4183 dives
2219 4135 2446 4196 esset,ut
2472 4127 2624 4184 illius
2644 4128 2830 4201 inopia
2858 4145 2956 4184 vos
2983 4126 3186 4184 divites
3216 4128 3448 4185 essetis.-

1890 4218 2188 4289 Pauperem
2219 4216 2499 4274 Christum
2523 4217 2659 4274 dicit
2683 4217 2926 4284 factum;
2957 4216 3084 4290 quia
3111 4217 3257 4274 Deus
3314 4217 3462 4274 nasci

1889 4306 2144 4377 dignatus
2173 4312 2255 4362 est
2284 4304 2471 4373 homo,
2510 4305 2776 4363 virtutem
2807 4306 3088 4380 potestatis
3115 4321 3226 4360 sua:
3271 4304 3464 4362 humi-

1888 4394 2050 4462 lians,
2073 4400 2134 4449 ut
2169 4394 2485 4450 hominibus
2513 4393 2824 4452 divinitatis
2862 4393 3089 4451 divitias
3120 4393 3456 4467 acquireret;

1889 4490 1953 4539 ut
1970 4484 2113 4539 sicut
2146 4482 2282 4539 dicit
2310 4484 2501 4540 Petrus
2533 4486 2810 4556 apostolus
2839 4485 2919 4555 (Il
2944 4483 3143 4551 Pelian,
3171 4482 3227 4555 4)
3251 4508 3269 4530 ι
3285 4525 3304 4552 ,
3322 4483 3461 4541 divi-

1888 4588 1973 4627 nae
2011 4579 2189 4627 essent
2242 4583 2521 4630 consortes
2576 4582 2803 4629 naturae.
2868 4572 3043 4627 Homo
3104 4585 3231 4641 ergo
3287 4569 3463 4627 factus

196 4667 415 4729 nentes,
460 4660 661 4716 futuris
690 4678 744 4716 se
776 4660 1230 4732 promissionibus
1269 4661 1599 4718 confidentia
1653 4665 1781 4721 ﬁdei
1808 4648 1859 4707 D
1891 4668 1992 4729 est,
2024 4668 2084 4715 ut
2108 4662 2389 4717 hominem
2420 4661 2479 4717 in
2504 4661 2676 4716 Deum
2699 4655 3165 4725 θεειιωθτθῑιείωῐ
3197 4656 3461 4729 scriptum

195 4750 611 4818 conﬁrmarent,
638 4751 771 4819 accii
796 4750 810 4803 i
839 4750 906 4803 ab
934 4750 1013 4805 eis
1040 4751 1217 4805 \isum
1249 4757 1329 4806 est
1362 4768 1377 4819 ;
1410 4766 1479 4807 ne
1500 4751 1629 4807 boni
1667 4768 1781 4810 cor-

196 4838 287 4896 dis
316 4841 488 4912 gratia
520 4840 761 4895 fructum
794 4838 1051 4893 mitteret.

285 4934 466 5006 (Vers.
500 4930 581 4999 5.)
634 4952 652 4975 ι
697 4928 768 4983 Ει
813 4943 922 4981 nor.
972 4934 1032 4981 ut
1069 4926 1442 4997 speravimus;
1492 4930 1625 5003 quin
1669 4932 1783 4988 imo

201 5023 520 5093 semetipsos
559 5019 795 5091 primum
827 5017 1093 5072 dederunt
1121 5018 1455 5085 Deo,deinde
1495 5021 1652 5076 nobis
1688 5037 1784 5093 per

199 5114 544 5175 voluntatem
600 5109 716 5165 Dei.
761 5130 780 5154 »
859 5106 1088 5173 Idcirco,
1139 5107 1340 5179 inquit,
1393 5110 1459 5165 ab
1486 5110 1573 5166 bis
1606 5115 1781 5186 accipi

201 5202 399 5261 debuit
430 5219 445 5268 ;
477 5202 602 5273 quia
634 5198 783 5271 prius
807 5196 1158 5252 emendantes
1190 5198 1305 5267 (63)
1348 5214 1558 5255 errores
1581 5203 1778 5271 pristi-

204 5308 306 5347 nos
325 5301 379 5347 et
403 5290 530 5346 vitae
562 5288 699 5343 vitia
730 5305 790 5343 ac
820 5302 977 5340 moru
1042 5326 1061 5357 ,
1088 5286 1230 5340 ultra
1259 5303 1416 5357 quam
1445 5290 1780 5360 sperabatur,

201 5382 318 5439 Deo
371 5396 429 5437 se
476 5378 836 5435 devoverunt.
888 5374 1081 5433 Visum
1127 5384 1208 5430 est
1255 5377 1402 5431 enim
1458 5379 1784 5450 simpliciter

275 5558 392 5634 (62)
422 5558 549 5634 Mss.
581 5558 856 5634 nonnulli,
891 5557 1229 5612 detinuissent
1257 5558 1621 5616 substantiam.
1646 5559 1783 5633 Lege

203 5632 263 5688 de
287 5632 443 5688 tenui
471 5640 632 5684 essent
659 5632 967 5684 ειιὸιςιαηιια.
992 5639 1075 5685 etc

210 5774 244 5830 ἀ
276 5704 395 5830 (6‘2)
438 5701 623 5831 ξῗὲιιη
649 5703 814 5757 abhis
834 5703 1031 5757 actibus
1060 5702 1124 5758 ab
1154 5703 1281 5775 fuit,
1312 5704 1405 5777 qui
1427 5704 1585 5778 prius
1602 5721 1786 5763 emen-

244 5790 315 5830 an
377 5790 423 5831 s.
545 5813 559 5830 .

406 5815 423 5843 ,
455 5813 559 5831 νυνι

1891 4768 2001 4814 est:
2050 4782 2067 4806 ι
2096 4760 2241 4831 Ergo
2269 4760 2387 4816 dixi
2417 4778 2429 4817 :
2463 4758 2542 4816 dii
2573 4758 2705 4815 estis
2739 4759 2910 4828 (Psal.
2950 4772 3145 4821 Lxxxr,
3172 4756 3251 4827 6).
3272 4782 3292 4806 ι
3350 4758 3463 4814 Hoc

1892 4847 2055 4904 modo
2075 4846 2419 4917 exhortatur,
2449 4855 2510 4905 ut
2546 4846 2824 4918 largiendo
2856 4845 3009 4917 quasi
3031 4860 3292 4916 pauperes
3308 4845 3461 4917 ﬁant,

1891 4937 2065 5009 prosit
2110 4945 2397 5011 paupertas
2446 4951 2658 5001 eorum,
2715 4934 2858 4990 sicut
2909 4931 3112 4990 Christi
3180 4942 3464 5008 paupertas

1892 5027 2100 5097 profuit
2143 5026 2334 5093 nobis;
2387 5033 2440 5080 et
2483 5021 2734 5079 Christus
2776 5020 2996 5094 quidem
3023 5022 3219 5091 nostri,
3250 5040 3360 5079 non
3378 5025 3463 5084 sui

1890 5131 2070 5183 causa,
2096 5130 2299 5189 pauper
2318 5113 2492 5169 factus
2546 5118 2630 5167 est
2657 5126 2756 5167 nos
2787 5120 2993 5180 autem,
3023 5118 3086 5168 ιιι
3131 5111 3293 5170 nobis
3338 5130 3460 5188 pro-

1891 5202 2059 5260 ﬁciat.

1964 5292 2143 5363 (Vers.
2178 5290 2263 5358 10,
2297 5290 2381 5346 ll.
2413 5289 2434 5361 )
2473 5313 2491 5337 ι
2517 5290 2588 5345 Ει
2629 5290 2922 5347 consilium
2951 5289 3011 5347 in
3041 5289 3149 5348 hoc
3194 5290 3294 5360 do;
3358 5290 3465 5350 hoc

1888 5381 2037 5439 enim
2066 5380 2224 5437 vobis
2243 5380 2380 5437 utile
2409 5388 2511 5449 est,
2542 5380 2639 5454 qui
2667 5395 2779 5438 non
2828 5387 3045 5437 tantum
3078 5382 3275 5452 facere,
3298 5381 3393 5439 sed
3411 5391 3465 5439 et

1968 5558 2083 5636 (_6_'i)
2118 5560 2274 5617 Rom.
2307 5558 2461 5626 edit.,
2492 5564 2541 5616 et
2579 5558 2680 5614 illa
2715 5573 2855 5636 quia
2881 5574 2947 5612 ea:
2972 5554 3117 5636 vobis
3162 5554 3219 5636 in
3244 5567 3461 5636 iamest.

1895 5626 2128 5760 ggidam
2168 5648 2322 5701 mss,
2377 5646 2493 5703 qua:
2543 5646 2610 5689 ea:
2662 5626 2892 5689 nobisin
2939 5626 3109 5698 nobis,
3149 5634 3210 5688 ut
3248 5629 3307 5690 in
3346 5633 3465 5706 hac,
