3976 6372
552 386 656 452 327

1500 340 1504 344 ’
1551 381 1648 439 AD
1686 382 1919 440 orsus
1955 379 2010 437 s.
2052 377 2384 438 smenosu
2416 378 2794 436 APPENDIX.

3723 374 3839 434 328

551 513 692 570 velle
748 505 992 580 cmpistis
1038 505 1108 564 ab
1162 521 1310 564 anno
1357 505 1576 580 priore:
1625 524 1773 564 nunc
1815 521 1942 577 ergo
1971 505 2134 561 etiam
2168 508 2216 567 Α
2247 511 2300 560 et
2348 505 2442 577 qui
2486 505 2784 571 modicum,
2835 516 2946 558 non
2992 498 3310 556 minoravit.
3341 521 3360 545 ι
3405 499 3520 556 Hoc
3547 498 3604 554 in
3635 497 3838 554 Exodo

555 601 734 658 facere
757 604 1131 655 consummate
1166 615 1180 663 ;
1214 604 1276 650 ut
1305 596 1763 668 quemadmodum
1795 603 2045 668 prompta
2067 603 2147 651 est

551 689 810 746 voluntas
853 686 912 742 in
971 685 1129 742 vobis
1159 685 1321 752 velle,
1358 684 1431 741 ita
1461 684 1532 741 sit
1560 693 1614 741 et
1639 683 1957 757 perficiendi
1984 700 2054 740 ex
2081 699 2145 739 eo

559 775 707 852 quod
751 773 982 831 habetis.
1015 796 1035 820 ι
1078 771 1194 828 Hoc
1221 771 1378 840 dicit,
1412 779 1473 827 ut
1515 772 1770 827 voluntas
1825 770 2048 826 illorum
2086 771 2144 828 in

489 891 498 906 ι
557 881 721 938 opere
781 867 1055 936 appareat,
1098 860 1144 916 si
1197 875 1327 916 vera
1371 867 1472 928 est,
1523 859 1826 916 secundum
1873 859 2048 929 vires;
2084 869 2148 918 ut

557 961 774 1012 tantum
829 951 940 1019 det,
988 955 1252 1022 quantum
1308 953 1488 1020 potest
1539 955 1594 1004 et
1636 946 1758 1004 vult
1803 947 2041 1014 animus,
2083 955 2147 1005 ut

558 1043 765 1101 munda
785 1041 880 1097 ﬁat
904 1036 1276 1097 conscientia:
1310 1053 1424 1093 non
1463 1036 1521 1092 in
1553 1036 1925 1108 simulatione,
1963 1047 2026 1096 ut
2049 1037 2146 1095 ho-

557 1131 799 1188 minibus
825 1128 1055 1203 placeat,
1094 1133 1150 1184 et
1176 1125 1482 1184 mercedem
1511 1124 1658 1200 apud
1684 1128 1860 1186 Deum
1897 1142 2008 1184 non
2037 1125 2146 1183 ha-

555 1222 700 1280 beat.

629 1316 817 1391 (Vers.
873 1315 997 1390 12.)
1051 1340 1072 1365 ι
1097 1314 1154 1374 Si
1184 1317 1330 1374 enim
1361 1315 1616 1373 voluntas
1640 1323 1892 1389 prompta
1919 1323 2018 1384 est,
2049 1332 2145 1373 se-

557 1406 800 1466 cundum
837 1403 1151 1462 facultatem
1181 1405 1533 1478 acceptabilis
1571 1413 1674 1473 est,
1703 1422 1815 1461 non
1845 1405 2142 1461 secundum

559 1493 708 1569 quod
737 1509 849 1549 non
879 1493 1066 1550 habet.
1090 1518 1110 1542 ι
1157 1493 1427 1561 Quoniam
1473 1493 1748 1552 Corinthii
1778 1493 1846 1549 ad
1876 1493 1981 1550 hoc
2008 1509 2146 1566 opus

559 1581 855 1641 ministerii
903 1592 1293 1655 provocamur,
1336 1583 1440 1640 hoc
1486 1583 1566 1639 eis
1606 1582 1897 1648 indicitur,
1943 1591 2006 1639 ut
2033 1599 2144 1639 non

557 1674 684 1747 plus
729 1671 977 1728 tribuant
997 1715 1015 1742 ,
1060 1689 1222 1746 quam
1266 1681 1527 1744 possunt;
1585 1688 1654 1728 ne
1683 1673 1807 1744 plus
1833 1673 1974 1728 forte
2003 1671 2146 1727 olfe—

557 1767 742 1818 rentes
783 1759 979 1828 coacti,
1029 1777 1142 1816 non
1199 1760 1522 1827 voluntarii,
1570 1761 1782 1832 gravati
1830 1760 2148 1816 viderentur

2257 595 2456 666 legitur
2484 596 2622 666 (cap.
2655 611 2733 662 vr,
2764 609 2897 648 vers.
2932 591 3046 662 18).
3085 589 3214 644 Plus
3251 587 3395 644 enim
3428 587 3600 644 sancti
3629 588 3842 645 habent

2255 686 2311 742 in
2341 704 2435 760 spe
2481 687 2652 743 futuri
2694 684 2880 742 saeculi
2965 693 3018 740 et
3046 682 3218 754 magis
3247 698 3405 755 quam
3446 681 3486 737 ii
3515 681 3607 754 qui
3639 682 3696 737 in
3725 680 3842 739 hoc

2253 787 2495 852 tempore
2537 776 2796 832 videntur
2840 774 3075 842 divites;
3129 781 3182 830 et
3235 782 3416 830 tamen
3471 773 3842 846 aequabantur

2255 866 2373 924 illic
2418 867 2658 939 utrique,
2689 873 2752 921 ut
2796 865 2937 921 sicut
2983 863 3250 920 beneﬁcio
3292 861 3488 919 horum
3518 870 3838 919 sanctorum

2255 956 2440 1028 inopia
2463 954 2899 1022 sustentatur,ita
2928 963 2982 1010 et
3000 952 3266 1010 beneﬁcio
3294 961 3601 1008 sanctorum
3631 950 3840 1006 divites

2253 1046 2389 1101 ﬁant
2412 1044 2471 1100 hi
2494 1043 2553 1100 in
2583 1044 3018 1112 futuro'sazculo,
3048 1042 3109 1098 in
3136 1059 3245 1116 quo
3269 1041 3528 1098 videntur
3546 1055 3835 1114 pauperes.

2252 1134 2373 1190 Non
2415 1133 2563 1189 enim
2601 1139 2746 1188 totos
2775 1149 2831 1188 se
2859 1131 3129 1188 dederunt
3155 1132 3289 1199 Deo,
3322 1133 3462 1192 192
3494 1137 3555 1184 ut
3584 1129 3676 1185 hic
3703 1144 3840 1200 pau-

2253 1247 2428 1306 peres,
2489 1229 2608 1287 illic
2659 1239 2839 1286 essent
2887 1228 3123 1296 divites;
3170 1227 3263 1284 sed
3302 1243 3369 1282 ex
3396 1225 3499 1283 hac
3526 1234 3675 1298 parte
3704 1224 3842 1298 quia

2254 1321 2344 1378 hic
2377 1320 2577 1377 divites
2606 1329 2734 1376 sunt
2761 1319 2879 1375 illic
2901 1332 3182 1390 pauperes,
3213 1325 3520 1372 sanctorum
3551 1313 3837 1385 suffragio,

2254 1412 2348 1484 qui
2389 1411 2481 1468 hic
2518 1409 2870 1483 positisjam
2930 1407 3046 1464 illic
3079 1417 3260 1462 mente
3307 1415 3456 1473 sunt,
3488 1404 3839 1461 ditabuntur.

2251 1500 2371 1556 Non
2411 1498 2556 1554 enim
2600 1499 2975 1569 qualecunque
3003 1493 3260 1549 meritum
3293 1502 3376 1549 est
3403 1493 3470 1550 de
3491 1493 3657 1566 justis
3687 1491 3841 1550 labo-

2253 1587 2406 1644 ribus
2435 1587 2743 1642 ministrare
2762 1583 2985 1639 sanctis.

2325 1677 2507 1749 (Vers.
2567 1673 2652 1740 16,
2696 1673 2808 1743 17.)
2874 1697 2892 1719 ι
2922 1671 3135 1730 Gratias
3161 1681 3342 1730 autem
3384 1673 3517 1740 Deo,
3559 1672 3653 1744 qui
3682 1670 3846 1728 dedit

2252 1765 2394 1821 hanc
2418 1765 2589 1835 ipsam
2620 1759 3053 1818 sollicitudinem
3094 1779 3192 1834 pro
3234 1761 3392 1818 vobis
3420 1761 3478 1816 in
3501 1760 3670 1824 corde
3699 1759 3842 1828 Titi,

557 1849 680 1906 sine
711 1847 961 1905 mercede
989 1847 1188 1918 futuri,
1215 1849 1344 1922 quia
1373 1849 1466 1921 qui
1507 1859 1728 1907 coactus
1754 1849 1964 1922 aliquid
1995 1848 2144 1913 facit,
2173 1859 2219 1918 B
2248 1851 2506 1927 quoniam
2527 1849 2958 1907 consolationem
2998 1851 3218 1924 quidem
3249 1851 3458 1923 accepit
3489 1851 3652 1922 (67),.
3689 1851 3846 1905 Deus

560 1937 868 1995 mercedem
923 1953 1036 1994 non
1074 1937 1258 1994 habet.
1311 1938 1572 1996 Ecclesiae
1619 1938 1767 1994 enim
1818 1937 2147 1995 Macedoniae

561 2026 711 2084 ultro
753 2025 1074 2082 obtulerunt
1120 2042 1246 2082 cum
1297 2026 1572 2099 precibus,
1621 2033 1684 2082 ut
1711 2026 2005 2098 probarent
2036 2033 2148 2081 tota

559 2130 619 2172 se
668 2113 953 2171 voluntate
993 2113 1100 2172 hoc
1155 2113 1354 2182 facere,
1401 2122 1464 2172 ut
1508 2114 1632 2188 plus
1674 2115 1954 2179 offerrent,
1984 2129 2144 2184 quam

562 2208 838 2276 poterant,
869 2201 1099 2274 ideoque
1126 2201 1458 2274 acceptabile
1478 2201 1606 2258 fuit.
1636 2202 1850 2268 Quanto
1869 2200 2015 2254 enim
2037 2214 2146 2254 am-

563 2289 710 2363 plius
738 2289 1076 2358 obtulerunt,
1115 2297 1268 2348 tanto
1301 2291 1424 2364 plus
1455 2288 1729 2362 accepturi
1760 2293 1905 2342 sunt.
1935 2285 2068 2342 Nam
2099 2285 2145 2341 si

560 2385 777 2435 tantum
834 2377 956 2452 quis
1011 2377 1123 2448 det,
1170 2388 1437 2453 quantum
1467 2379 1608 2444 vult,
1648 2385 1746 2432 aut
1773 2382 1972 2448 potest,
1999 2391 2145 2431 acce-

560 2475 716 2542 ptum
745 2475 860 2535 est;
898 2465 1111 2539 judicio
1138 2469 1287 2524 enim
1315 2466 1532 2523 videtur
1559 2465 1664 2520 hoc
1706 2463 1916 2519 facere:
1961 2479 2025 2519 ac
2051 2479 2148 2534 per

562 2557 669 2614 hoc
701 2565 909 2614 tantum
939 2555 1053 2622 det,
1083 2563 1347 2629 quantum
1379 2559 1554 2626 potest
1577 2560 1632 2608 et
1668 2551 1790 2606 vult
1817 2550 2055 2618 animus,
2083 2557 2147 2606 ut

557 2643 639 2701 rei
667 2643 832 2716 hujus
851 2643 1024 2716 possit
1050 2642 1248 2699 habere
1280 2640 1579 2697 mercedem
1601 2639 1740 2710 (65).

631 2734 812 2806 (Vers.
864 2735 956 2799 13,
1007 2731 1122 2804 14.)
1175 2757 1195 2781 ι
1223 2731 1342 2788 Non
1371 2728 1516 2785 enim
1555 2735 1618 2783 ιιι
1645 2725 1771 2783 aliis
1799 2725 2142 2799 refrigerium

559 2823 633 2881 sit
665 2824 810 2895 (66),
841 2821 1000 2878 vobis
1027 2830 1208 2878 autem
1249 2817 1516 2890 angustia.
1547 2839 1568 2864 ι
1631 2815 1836 2872 Verum
1886 2824 1985 2885 est,
2017 2818 2147 2890 quia

569 2911 648 2968 sic
671 2909 912 2968 dandum
942 2917 1044 2978 est,
1067 2917 1132 2966 ut
1160 2923 1270 2964 non
1303 2911 1591 2978 egestatem
1623 2912 1840 2977 praestet
1864 2905 2142 2962 dantibus.

581 3023 602 3048 ι
629 2999 734 3056 Sed
785 3016 855 3057 ex
892 2996 1198 3072 aequalitate
1245 2994 1304 3050 in
1349 2993 1456 3049 hoc
1483 3001 1746 3066 tempore.
1779 3017 1798 3042 ι
1842 2993 1991 3049 Dicit
2017 2993 2142 3063 hoc,

566 3093 630 3144 ut
659 3097 922 3162 quantum
957 3083 1142 3150 habet,
1182 3079 1251 3136 ad
1279 3087 1496 3153 tempus
1523 3080 1736 3138 dividat
1763 3096 1888 3138 cum
1919 3081 2142 3151 sanctis,

564 3192 679 3234 non
729 3177 876 3234 enim
1075 3167 1339 3268 exigitur,
1369 3183 1544 3268 quam.
1561 3171 1666 3228 sibi
1695 3170 1856 3227 debet
1883 3171 2136 3228 retinere.
2177 3208 2220 3268 Ο
2254 3190 2312 3246 in
2368 3189 2512 3244 hanc
2561 3186 2786 3258 gratiam

561 3265 724 3335 Quia,
793 3287 814 3313 ι
863 3259 1088 3330 Diliges,
1131 3255 1336 3329 inquit,
1387 3257 1702 3330 proximum
1733 3267 1890 3316 tuum
1919 3259 2061 3316 sicut
2087 3266 2142 3317 te

559 3354 742 3426 ipsum
786 3347 975 3424 (Lavit.
1019 3361 1140 3416 xxx,
1185 3345 1300 3418 18).
1330 3368 1350 3394 ι
1395 3346 1550 3403 Unde
1577 3348 1902 3406 Zaccbaeus:
1949 3373 1968 3395 ι
2003 3349 2144 3404 Ecce

559 3439 876 3505 dimidium,
903 3433 1108 3508 inquit,
1136 3433 1406 3492 bonorum
1435 3452 1681 3494 meorum
1716 3437 1788 3494 do
1816 3435 2144 3512 pauperibus

587 3528 740 3601 (Luc.
773 3539 898 3592 χιχ,
927 3523 1010 3596 8).
1037 3547 1059 3574 ι
1673 3597 1684 3606 .

642 3646 664 3672 ι
712 3622 784 3679 Ut
826 3628 1008 3678 vestra
1055 3621 1394 3682 abundantia
1433 3624 1503 3681 ad
1543 3625 1766 3682 illorum
1799 3623 2062 3696 inopiam,
2092 3630 2148 3678 et

553 3710 781 3770 illorum
809 3707 1149 3768 abundantia
1177 3713 1272 3768 ﬁat
1302 3711 1371 3768 ad
1401 3721 1642 3769 vestram
1676 3713 1937 3784 inopiam.
1969 3737 1988 3760 ›
2031 3712 2147 3768 Hoc

557 3805 640 3858 est
667 3797 812 3871 quod
829 3797 988 3868 dicit,
1023 3808 1086 3856 ut
1113 3801 1240 3873 quia
1263 3800 1424 3874 juxta
1452 3809 1670 3874 tempus
1697 3802 1871 3858 sancti
1905 3800 2145 3873 inopiam

559 3887 864 3962 patiuntur,
891 3887 1202 3946 deserentes
1232 3889 1416 3945 omnia
1446 3889 1662 3958 mundi,
1690 3897 1744 3944 et
1765 3905 1821 3945 se
1849 3888 1906 3943 in
1941 3888 2147 3946 divinis

561 3976 695 4034 solis
715 3977 971 4050 operibus
995 3979 1410 4048 constituentes,
1443 3985 1505 4034 ut
1527 3977 1790 4034 doctrinas
1825 3986 1986 4050 atque
2013 3995 2146 4036 ora-

560 4067 704 4123 tioni
732 4067 1051 4126 insisterent
1071 4069 1139 4126 ad
1167 4069 1472 4143 profectum
1500 4070 1822 4137 multorum,
1852 4070 1892 4125 ii
1913 4070 2006 4142 qui
2033 4087 2146 4128 cre-

559 4154 824 4225 diderint,
857 4156 1059 4230 quique
1087 4156 1299 4214 artibus
1349 4164 1444 4213 aut
1471 4158 1706 4230 negotiis
1743 4157 2024 4226 insistunt,
2053 4165 2148 4214 aut

564 4251 710 4302 certe
739 4243 1024 4302 facultates
1049 4254 1300 4319 paternas
1326 4245 1548 4314 habent,
1596 4244 1909 4301 ministrent
1937 4252 2145 4302 sancto-

560 4350 684 4392 rum
714 4333 954 4408 inopiis:
988 4342 1042 4391 et
1070 4335 1271 4390 iterum
1299 4335 1471 4390 sancti
1502 4333 1622 4390 illic
1646 4333 1740 4390 ubi
1767 4333 1968 4390 divites
1995 4341 2144 4404 sunt,

559 4429 616 4478 et
643 4421 737 4480 isti
765 4421 975 4494 inopes,
1006 4422 1415 4478 communicent
1445 4421 1542 4488 eis,
1574 4421 1726 4494 quasi
1753 4422 1926 4478 vicem
1961 4439 2145 4494 repen-

559 4509 752 4568 dentes
806 4510 1116 4566 ministerio
1173 4511 1418 4579 illorum,
1470 4510 1614 4566 sicut
1659 4509 1797 4567 dicit
1837 4510 2143 4567 Dominus:

569 4622 591 4648 ι
616 4597 875 4666 Quandiu
926 4599 1138 4656 fecistis
1167 4599 1263 4656 uni
1293 4616 1364 4656 ex
1404 4599 1654 4657 minimis
1702 4599 1842 4669 istis,
1901 4599 2044 4656 mihi
2071 4598 2146 4654 fe-

554 4686 711 4747 cistis
741 4687 954 4760 (Matth.
984 4705 1122 4758 xxv,
1152 4688 1268 4761 ιο).
1297 4712 1318 4737 ι

640 4810 661 4836 ι
689 4787 762 4845 Ut
800 4786 896 4844 ﬂat
923 4787 1225 4860 aequalitas,
1257 4786 1400 4843 sicut
1435 4785 1702 4860 scriptum
1731 4792 1834 4843 est.
1863 4809 1883 4836 ι
1922 4785 2050 4843 Haec
2067 4794 2151 4844 est

557 4876 862 4948 aqualitas,
900 4883 963 4932 ut
1016 4876 1146 4948 quia
1187 4876 1277 4932 isti
1328 4875 1385 4931 in
1423 4874 1532 4932 hoc
1556 4882 1802 4948 tempore
1831 4875 2150 4935 ministrant

559 4963 783 5032 sanctis,
846 4963 1142 5020 reddantur
1183 4965 1296 5022 illis
1346 4964 1494 5023 vices
1525 4965 1583 5021 in
1613 4964 1842 5033 futuro;
1878 4964 2150 5022 debitores

558 5051 708 5108 enim
727 5049 834 5106 sibi
854 5049 1065 5108 faciunt
1089 5062 1326 5112 sanctos.

629 5147 812 5221 (Vera.
847 5147 962 5222 15.)
981 5173 999 5198 ι
1019 5149 1123 5218 Qui
1153 5153 1389 5208 multum
1421 5148 1642 5221 habuit,
1674 5166 1787 5208 non
1817 5149 2145 5222 abundavit;

627 5362 745 5436 (65)
773 5363 910 5422 Cod.
969 5363 1156 5433 Corb.,
1187 5364 1452 5436 accepturi
1481 5371 1620 5420 sunt.
1649 5365 1708 5422 Si
1737 5365 1875 5420 enim
1906 5365 2150 5421 voluntas

551 5435 803 5506 prempta
856 5441 950 5503 est,
1009 5436 1289 5490 secundum
1334 5435 1390 5489 id
1439 5437 1578 5504 quod
1621 5437 1788 5502 habet,
1821 5442 2026 5506 accepta
2056 5444 2149 5502 est,

553 5505 664 5577 non
692 5505 973 5562 secundum
1010 5507 1149 5577 quod
1177 5522 1280 5559 non
1315 5505 1480 5560 habet.
1533 5509 1650 5576 Ipse
1677 5524 1856 5561 sensus
1885 5505 1978 5574 est,
2017 5508 2146 5577 quia

557 5575 605 5650 si
651 5582 877 5650 tantum
912 5575 1286 5650 detfquantum
1315 5577 1428 5650 uult
1462 5583 1508 5631 et
1531 5575 1713 5648 potest,
1761 5575 2037 5650 accepturu
2057 5585 2148 5650 est.

557 5645 768 5722 [adicio
794 5649 931 5704 enim
960 5645 1172 5722 uidetur
1187 5647 1282 5706 hoc
1307 5646 1482 5720 facere
1502 5645 1610 5718 {ac
1633 5645 1735 5722 per
1769 5645 1970 5705 hoc—rei
1994 5648 2153 5720 hujus

560 5716 746 5776 habere
772 5718 1073 5778 mercedem.

2255 1941 2348 2014 qui
2374 1939 2555 2011 justus
2583 1947 2682 2008 est,
2711 1939 2891 1996 sciens
2907 1939 3223 1996 Corinthios
3251 1941 3394 1995 velle
3418 1937 3700 2011 proficere,
3725 1935 3844 1992 Titi

2254 2029 2507 2086 aﬂ'ectum
2539 2027 2784 2084 incendit
2821 2029 2966 2085 circa
2995 2045 3104 2096 eos,
3132 2035 3192 2083 ut
3221 2027 3542 2098 adimpleret
3580 2024 3841 2080 exhorta-

2255 2119 2403 2174 tione
2440 2133 2537 2172 sua
2561 2117 2902 2172 voluntatem
2943 2117 3166 2171 illorum
3197 2116 3254 2171 in
3286 2130 3447 2186 opere
3494 2113 3638 2169 bono
3671 2129 3684 2167 :
3740 2112 3839 2184 qui

2255 2206 2448 2263 videns
2467 2205 2772 2278 profectum
2819 2204 3040 2260 illorum
3063 2205 3374 2259 consolatus
3393 2209 3496 2269 est,
3518 2203 3842 2273 laetatusque

2255 2295 2314 2352 in
2341 2294 2438 2350 eis.
2485 2318 2502 2340 ι
2533 2294 2670 2352 Cum
2702 2293 2774 2348 sit
2800 2300 2982 2348 autem
3012 2291 3322 2358 sollicitior,
3349 2289 3698 2346 voluntarius
3715 2303 3840 2362 pro-

2256 2383 2429 2440 fectus
2467 2392 2548 2439 est
2590 2382 2659 2438 ad
2699 2399 2816 2438 vos.
2858 2407 2878 2431 ι
2920 2382 3035 2437 Hoc
3063 2388 3164 2448 est,
3191 2380 3384 2436 videns
3421 2379 3680 2452 prolicere
3711 2379 3842 2434 illos

2255 2477 2397 2534 circa
2421 2476 2596 2532 bonos
2622 2481 2793 2542 actus,
2816 2473 3108 2530 sollicitior
3135 2473 3310 2528 factus
3324 2477 3405 2526 est
3419 2470 3564 2527 circa
3581 2471 3841 2526 affectum

2256 2567 2514 2633 illorum;
2568 2565 2644 2621 ita
2695 2571 2755 2620 ut
2797 2563 3143 2619 voluntarius
3171 2561 3604 2634 proficisceretur
3630 2559 3698 2615 ad
3723 2575 3840 2628 eos,

2255 2657 2349 2731 qui
2381 2655 2534 2728 prius
2559 2655 2724 2710 etiam
2752 2661 2972 2726 rogatus
3003 2669 3062 2709 se
3088 2658 3374 2709 excusarat
3417 2649 3485 2707 ab
3513 2649 3592 2706 eis
3619 2655 3844 2722 propter

2254 2744 2392 2800 vitia
2419 2745 2664 2800 illorum.

2328 2833 2509 2905 (Vers.
2567 2832 2652 2900 18,
2714 2832 2828 2905 19.)
2901 2856 2921 2881 ι
2965 2831 3218 2890 Misimus
3242 2839 3423 2888 autem
3453 2849 3580 2888 cum
3609 2831 3712 2888 illo
3736 2831 3841 2888 fra-

2255 2931 2390 2979 trem
2433 2929 2705 2989 nostrum,
2741 2920 2900 2992 cujus
2927 2921 3046 2977 laus
3070 2928 3152 2976 est
3180 2919 3238 2976 in
3266 2921 3566 2992 Evangelia
3600 2936 3698 2993 per
3727 2935 3843 2977 om-

2254 3029 2350 3068 nes
2395 3011 2669 3068 Ecclesias
2702 3028 2714 3066 ε
2773 3027 2884 3066 non
2931 3011 3111 3066 solum
3140 3017 3342 3078 autem,
3374 3008 3468 3064 sed
3497 3009 3661 3064 etiam
3693 3007 3841 3064 ordi-

2254 3109 2416 3158 natus
2443 3109 2524 3157 est
2559 3099 2628 3155 ab
2658 3098 2921 3156 Ecclesiis
2949 3115 3131 3156 comes
3155 3097 3610 3170 peregrinationis
3638 3107 3843 3154 nostrae

2823 3228 2839 3254 ,
2899 3201 3019 3258 quae
3075 3185 3422 3240 ministratur
3459 3201 3492 3241 a
3541 3185 3700 3242 nobis
3749 3203 3845 3259 per

2254 3279 2476 3336 Domini
2525 3275 2753 3348 gloriam
2795 3274 2935 3347 (68),
2970 3283 3024 3330 et
3052 3273 3483 3331 sollicitudinem
3512 3283 3778 3333 nostram.
3807 3300 3829 3325 ι

2255 3371 2424 3424 Istum
2473 3363 2883 3433 commendant,
2923 3363 3054 3436 quia
3098 3363 3452 3436 ignorabatur
3505 3365 3573 3422 ab
3627 3365 3740 3435 his,
3782 3373 3843 3422 ut

2255 3459 2458 3514 scirent
2514 3457 2573 3512 in
2627 3462 2832 3528 quanta
2876 3452 2990 3525 jam
3032 3462 3211 3510 essent
3254 3454 3386 3510 boni
3433 3455 3710 3526 opinione,
3774 3455 3842 3512 ad

2264 3564 2402 3620 quos
2445 3545 2582 3602 tales
2611 3543 2722 3600 viri
2773 3543 3162 3602 mittebantur:
3194 3550 3256 3599 ut
3284 3544 3686 3616 congauderent
3712 3562 3839 3602 cum

2259 3636 2358 3703 eis,
2391 3641 2648 3706 augentes
2695 3649 2787 3688 eos
2835 3630 2894 3688 in
2923 3631 3030 3688 ﬁde
3059 3632 3390 3704 operationis
3435 3633 3556 3701 Dei,
3585 3631 3656 3688 ad
3684 3632 3840 3705 cujus

2259 3724 2484 3796 gloriam
2549 3721 2786 3778 sollicite
2855 3719 2962 3778 hoc
3029 3722 3259 3792 agebant
3331 3720 3524 3777 vicarii
3598 3719 3840 3788 Christi,

2257 3823 2319 3872 ut
2363 3812 2616 3871 conditor
2667 3813 2814 3870 Deus
2870 3810 2997 3869 coeli
3052 3819 3107 3868 et
3151 3819 3308 3868 terras
3355 3817 3740 3882 agnosceretur
3781 3810 3839 3866 in

2256 3902 2364 3960 his.

2329 3992 2510 4064 (Vers.
2555 3991 2672 4064 20.)
2735 3989 2755 4039 ἁ
2792 3989 3110 4048 Devitantes
3151 3986 3278 4056 hoc,
3325 4003 3394 4042 ne
3422 3987 3546 4059 quis
3567 4005 3668 4044 nos
3696 3989 3839 4044 vitu-

2257 4092 2409 4156 peret
2439 4084 2495 4138 in
2521 4082 2622 4138 hac
2653 4079 3014 4152 plenitudine,
3045 4093 3163 4149 quae
3195 4073 3538 4130 ministratur
3562 4093 3595 4130 a
3621 4076 3829 4132 nobis.»

2257 4170 2526 4238 Quoniam
2555 4169 2622 4224 de
2651 4165 2960 4222 ministerio
2996 4163 3274 4234 agebatur,
3298 4160 3420 4216 ideo
3450 4160 3556 4217 hoc
3583 4161 3835 4234 subjecit;

2256 4275 2324 4314 ne
2352 4257 2629 4327 negligens
2677 4254 2821 4310 circa
2861 4267 3049 4308 curam
3079 4264 3376 4322 pauperum
3406 4250 3493 4306 vel
3523 4259 3836 4305 sanctorum

2251 4346 2615 4417 judicatetur,
2664 4341 2710 4398 si
2756 4341 2863 4398 hoc
2890 4338 3110 4412 segnius
3135 4345 3334 4410 ageret.
3368 4340 3444 4394 De
3473 4337 3578 4395 hac
3604 4339 3752 4394 enim
3783 4354 3838 4394 re

2255 4431 2650 4490 constituerant
2697 4429 2840 4485 inter
2876 4445 2932 4484 se
2975 4427 3228 4500 apostoli,
3271 4435 3332 4482 ut
3361 4443 3628 4483 memores
3658 4431 3836 4483 essent

2179 4557 2226 4614 D
2258 4515 2734 4614 pauperum,quod
2759 4515 2828 4572 ad
2845 4517 3062 4614 Galatas
3089 4514 3588 4614 signiticat(Go_tat.
3622 4532 3684 4583 ιι,
3724 4513 3834 4584 10).

2257 4609 2393 4666 Cum
2424 4623 2551 4680 ergo
2581 4605 3024 4679 invituperabilis
3051 4613 3192 4662 esset
3229 4605 3288 4660 in
3328 4606 3585 4662 omnibus
3612 4607 3836 4678 Aposto-

2254 4700 2376 4766 lus;
2407 4714 2479 4754 ne
2510 4699 2568 4754 in
2599 4697 2702 4756 hac
2727 4715 2890 4755 causa
2917 4697 3215 4768 indiligens
3243 4695 3602 4768 judicaretur;
3635 4693 3836 4751 idcirco

2253 4788 2360 4844 hoc
2385 4804 2442 4844 se
2463 4803 2804 4860 praemonere
2832 4784 3128 4858 signiﬁcat,
3160 4791 3225 4840 ut
3253 4783 3358 4842 hoc
3389 4799 3550 4858 opere
3590 4781 3830 4855 impleto,

2255 4876 2313 4931 in
2361 4876 2618 4933 omnibus
2664 4873 2980 4932 sollicitudo
3021 4874 3139 4948 ejus
3185 4882 3241 4930 et
3292 4872 3638 4947 providentia
3681 4885 3834 4945 appa-

2257 4973 2418 5021 reret.

2329 5056 2510 5127 (Vers.
2559 5054 2676 5127 21.)
2737 5081 2755 5104 ι
2782 5055 3146 5113 Providemus
3173 5054 3321 5111 enim
3348 5053 3494 5110 bona
3522 5068 3634 5109 non
3659 5049 3832 5109 solum

2256 5161 2438 5202 coram
2493 5145 2606 5201 Deo
2638 5187 2654 5214 ,
2711 5161 2903 5202 verum
2959 5146 3124 5202 etiam
3172 5160 3354 5203 coram
3411 5140 3746 5200 hominibus.
3802 5161 3822 5187 ο

2330 5366 2459 5438 (66)
2478 5367 2634 5424 Rom.
2668 5366 2823 5434 edit.,
2855 5363 3439 5438 relaxatio_sit.iTertio
3467 5370 3648 5438 autem
3670 5371 3828 5417 versu

2257 5436 2367 5492 vet.
2402 5437 2534 5494 edit.
2567 5455 2690 5494 cum
2723 5454 2852 5492 mss.
2887 5436 3190 5503 nonnullis,
3217 5436 3320 5492 Sed
3339 5453 3404 5490 ea:
3431 5437 3692 5504 (equitate.

2330 5510 2441 5577 (67)
2467 5511 2622 5565 llom.
2655 5508 2812 5576 edit.,
2841 5508 3256 5562 exhortationem
3283 5507 3491 5576 quidem
3518 5505 3730 5576 accepit.

2332 5574 2446 5649 (68)
2478 5580 2681 5634 Eadem
2706 5574 2866 5650 edit.,
2893 5577 3113 5636 Domini
3148 5574 3398 5650 gloriam,
3427 5584 3476 5634 et
3505 5574 3830 5650 promptua-

2256 5649 2428 5707 dinem
2446 5657 2692 5707 vestram.
