3976 6376
197 394 304 458 329

190 605 337 663 circa
388 609 757 667 ministerium
803 623 1113 671 sanctorum
1175 620 1262 674 vel
1306 637 1628 694 pauperum,
1658 624 1779 681 fieri

187 692 349 751 docet
379 714 391 752 :
424 715 606 755 coram
638 700 955 760 hominibus
1001 721 1132 761 vero
1163 692 1430 778 providet
1445 692 1619 780 bona;
1649 714 1779 787 quia

186 784 324 839 tales
356 786 528 843 mittit
555 788 623 845 ad
665 789 769 847 hoc
798 808 934 862 opus
963 792 1389 866 exhortandum,
1438 800 1532 873 qui
1581 784 1778 873 probi-

183 874 297 925 tate
327 889 427 928 sua
453 891 564 930 non
593 875 798 933 faciant
825 879 904 934 eis
933 881 1249 940 scandalum
1286 902 1299 941 :
1344 887 1437 944 sed
1471 898 1777 960 provocent

184 975 300 1050 eos,
331 978 400 1019 ne
428 963 571 1021 bona
601 966 843 1025 doct.ina
872 970 1119 1042 Apostoli
1151 990 1245 1046 per
1288 975 1629 1050 improvidos
1659 980 1777 1037 mi-

182 1047 390 1106 nistros
418 1051 536 1124 ejus
564 1054 622 1110 in
653 1056 1109 1127 vituperationem
1141 1047 1376 1122 caderet.

261 1139 440 1208 (Vers.
475 1142 562 1209 22,
595 1144 708 1216 23.)
769 1168 788 1193 ε
831 1147 1080 1205 Misimus
1137 1158 1318 1209 autem
1368 1170 1494 1212 cum
1550 1158 1664 1215 illis
1720 1168 1775 1217 et

181 1226 409 1285 fratrem
445 1238 712 1300 nostrum,
747 1248 908 1305 quem
942 1237 1293 1307 probavimus
1324 1241 1381 1298 in
1414 1246 1607 1301 multis
1635 1263 1778 1320 sape

180 1316 480 1374 sollicitum
539 1336 672 1388 esse,
737 1338 886 1381 nunc
940 1342 1070 1381 vero
1127 1330 1304 1385 multo
1367 1316 1768 1405 sollicitiorem,

179 1404 357 1459 multa
402 1405 603 1463 fiducia
631 1411 819 1479 vestri,
851 1412 966 1468 sive
1001 1430 1096 1485 per
1136 1415 1321 1473 Titum
1352 1420 1447 1491 qui
1479 1429 1561 1476 est
1592 1404 1771 1478 socius

180 1506 356 1560 meus,
389 1502 442 1549 et
488 1495 708 1568 adjutor
739 1500 795 1557 in
830 1502 1010 1569 vobis,
1042 1504 1158 1560 sive
1188 1522 1285 1577 per
1332 1507 1529 1565 fratres
1557 1518 1772 1567 nostros

176 1583 453 1648 apostolos
482 1585 849 1644 Ecclesiarum
881 1591 1065 1662 gloria
1097 1592 1324 1651 Christi.
1358 1621 1377 1644 »
1433 1597 1618 1653 Titum
1648 1598 1770 1655 ideo

173 1670 384 1727 socium
416 1691 578 1732 suum
620 1686 801 1747 vocat,
862 1681 989 1753 quia
1044 1689 1098 1737 et
1146 1682 1260 1755 ipse
1319 1686 1605 1757 episcopus
1633 1695 1767 1755 erat,

171 1759 267 1814 cui
301 1762 615 1821 ministrum
674 1768 826 1824 dedit
881 1778 1069 1826 notum
1115 1772 1172 1827 in
1204 1772 1461 1830 omnibus
1508 1774 1769 1831 Ecclesiis

1245 407 1607 468 COMMENT.
1649 413 1719 469 IN
1760 411 1975 471 EPIST.
2018 417 2068 473 II
2104 420 2201 474 AD
2238 418 2394 479 COR.

262 516 522 612 Providet
544 518 689 578 bona
716 538 898 581 coram
925 503 1059 591 Deo,
1091 525 1223 584 dum
1273 533 1419 604 quod
1446 532 1603 604 jubet
1633 538 1778 593 Deus
1803 539 1855 598 A
1884 554 2029 595 anno
2076 541 2276 612 priore.
2329 568 2348 591 ι

3361 430 3465 493 330

2415 544 2544 601 Post
2595 546 2914 607 Macedones
2970 552 3194 626 Achaia,
3229 558 3307 616 'id
3360 552 3479 629 est,

1890 632 2148 691 Ecclesia
2196 636 2494 709 provincia
2540 640 2763 698 Achaia
2812 644 2947 714 (non
2988 663 3196 719 omnes,
3241 654 3370 725 quia
3408 659 3466 711 et

1892 720 2164 780 Corinthii
2208 726 2436 783 Achaici
2467 730 2621 800 sunt)
2665 742 3099 804 praparaverant
3142 755 3200 794 se
3232 720 3466 797 amula-

1889 809 2041 868 tione
2088 812 2241 871 ducti
2285 815 2666 887 Macedonum,
2716 828 2780 876 ut
2820 820 3197 882 ministrarent
3242 829 3459 887 sanctis.

1889 897 2011 965 Quo
2046 900 2194 959 dicto
2248 904 2372 976 plus
2417 906 2739 963 exhortatur
2785 908 3120 982 Corinthios,
3170 932 3295 972 cum
3329 917 3466 976 dicit
3514 916 3525 925 ”

1889 986 2015 1078 illos
2055 998 2270 1061 paratos
2314 992 2382 1049 ab
2429 1010 2574 1051 anno
2612 996 2812 1068 priore,
2862 999 2956 1055 sed
3000 1011 3311 1074 exspectare
3348 1005 3465 1078 jam

1888 1072 2014 1144 hoc,
2038 1086 2099 1133 ut
2128 1077 2472 1137 divideretur
2500 1081 2869 1139 ministerium
2900 1072 3119 1142 illorum
3152 1105 3250 1160 pro
3277 1072 3464 1148 unius-

1887 1163 2156 1238 cujusque
2202 1170 2542 1227 necessitate.
2606 1194 2625 1219 ι
2663 1173 2735 1228 Et
2773 1181 2955 1230 vestra
2999 1178 3279 1235 aemulatio
3328 1196 3465 1252 pro-

1888 1253 2106 1309 vocavit
2130 1255 2335 1326 plures.
2366 1281 2388 1306 ι
2429 1258 2558 1316 Post
2584 1259 2904 1319 Macedones
2932 1264 3192 1321 Achaiam
3221 1252 3477 1338 paratam.

1885 1340 2041 1409 dicit,
2080 1342 2281 1401 deinde
2305 1353 2367 1401 ut
2395 1356 2449 1405 et
2478 1348 2756 1406 Corinthii
2791 1350 2927 1407 ﬁant
2955 1354 3127 1424 parati
3161 1347 3473 1412 secundum

1885 1429 2210 1499 promissum
2232 1450 2415 1503 suum,
2445 1446 2651 1494 catera
2672 1456 2803 1496 vero
2828 1440 3086 1499 Ecclesia
3115 1444 3462 1501 amulatione

1883 1515 2319 1591 Corinthiorum,
2379 1524 2510 1581 dum
2566 1528 2859 1585 audierunt
2904 1529 3030 1585 illos
3076 1531 3228 1603 prius
3274 1531 3461 1589 multis

1882 1606 2158 1665 erroribus
2192 1609 2360 1667 fuisse
2388 1612 2721 1684 implicatos,
2760 1624 2884 1687 post
2909 1624 3089 1673 autem
3130 1620 3460 1691 corrigentes

1880 1708 1957 1761 se,
1998 1693 2154 1753 bona
2201 1698 2506 1756 voluntatis
2537 1702 2758 1758 effectos
2788 1704 2930 1774 (71),
2977 1704 3190 1761 incitati
3236 1716 3365 1765 sunt
3389 1705 3461 1764 ad

1879 1780 2085 1839 bonum
2125 1801 2299 1857 opus;
2351 1788 2480 1860 quia
2507 1788 2553 1844 si
2586 1790 2624 1845 ii
2677 1790 2771 1861 qui
2813 1798 2935 1861 post
2976 1800 3249 1864 acceptam
3293 1794 3458 1851 fidem

171 1844 349 1949 ipsius
379 1854 679 1922 provincia
712 1874 725 1911 :
760 1857 960 1929 quibus
989 1859 1141 1915 addit
1169 1869 1223 1916 et
1252 1861 1497 1917 Tertium
1522 1863 1766 1934 fratrem,
1798 1877 1845 1939 Β
1880 1871 2021 1926 male
2050 1844 2249 1928 versati
2280 1844 2427 1941 sntit,
2482 1844 2625 1931 hanc
2664 1844 2938 1949 ciapei'ant
2966 1844 3164 1934 habei'e
3194 1879 3459 1936 volunta-

169 1936 465 2006 probatum
497 1942 553 1995 in
586 1944 777 1998 multis
832 1945 1089 2016 operibus
1142 1946 1301 2004 bonis
1353 1957 1513 2021 atque
1569 1951 1770 2007 sollici-

166 2029 316 2081 tum.
376 2026 477 2083 Per
534 2028 643 2083 Titi
700 2038 879 2087 autem
928 2034 1247 2091 relationem
1308 2035 1424 2108 (69)
1484 2037 1771 2095 referentis

166 2110 373 2170 bonam
445 2118 783 2176 voluntatem
861 2120 1272 2181 Corinthiorum
1329 2134 1384 2182 et
1449 2135 1767 2185 caterorum

167 2200 489 2267 missorum,
521 2219 657 2275 quos
689 2210 961 2277 apostolos
991 2211 1360 2270 Ecclesiarum
1393 2214 1579 2285 gloria
1612 2216 1768 2273 Chri-

169 2288 244 2345 sti
280 2291 535 2362 appellat,
569 2292 949 2350 sollicitiorem
971 2313 1026 2351 se
1049 2297 1255 2354 factum
1284 2301 1522 2357 ostendit
1544 2289 1768 2359 videndi

172 2375 324 2442 illos,
385 2385 439 2433 et
492 2378 822 2437 exhortandi
878 2381 946 2439 ad
1004 2384 1371 2443 ministerium
1431 2398 1763 2447 sanctorum.

178 2464 464 2521 Fiduciam
538 2467 685 2524 enim
768 2471 997 2543 accepit,
1055 2473 1284 2531 audiens
1342 2476 1597 2533 meliores
1651 2496 1766 2535 esse

172 2551 346 2610 factos
376 2553 711 2614 Corinthios.
759 2558 911 2615 Unde
967 2562 1241 2632 satagebat
1294 2562 1364 2619 ad
1417 2580 1530 2633 eos,
1588 2574 1767 2623 certus

170 2642 306 2713 quia
333 2642 658 2702 obaudirent
685 2645 829 2703 bona
858 2664 1020 2720 opera
1049 2650 1245 2708 facere.

244 2730 427 2797 (Vers.
460 2732 575 2803 24.)
623 2757 643 2782 ‹
690 2734 1125 2793 Ostentationem
1182 2755 1309 2811 ergo
1366 2740 1649 2797 charitatis
1678 2759 1766 2797 ve-

164 2829 318 2889 stra,
350 2830 405 2877 et
434 2830 635 2878 nostra
665 2839 764 2895 pro
784 2824 943 2891 vobis
971 2827 1359 2884 exsultationis
1378 2829 1764 2899 demonstrate,

163 2908 225 2963 in
257 2908 389 2979 ipsis
417 2907 475 2963 in
505 2908 643 2965 facie
689 2911 1079 2969 Ecclesiarum.
1130 2939 1149 2961 »
1211 2914 1534 2971 Commonet
1562 2933 1673 2986 eos,
1705 2926 1769 2975 ut

162 2995 224 3050 in
259 2995 347 3050 his
374 3012 512 3068 quos
543 2997 735 3067 mittit,
768 2998 1117 3057 dilectionem
1149 3018 1301 3060 suam
1350 3003 1671 3072 ostendant;
1703 3014 1767 3063 ut

162 3083 312 3139 bona
340 3099 460 3156 qua
495 3083 561 3141 de
590 3085 725 3156 ipsis
763 3086 1068 3159 audierant,
1119 3107 1249 3147 vera
1304 3092 1617 3164 probarent.
1676 3094 1767 3151 Sic

162 3172 316 3226 enim
347 3170 708 3229 ostendebant
736 3176 1029 3247 profecisse
1084 3194 1142 3234 se
1196 3180 1423 3236 monitis
1477 3180 1757 3253 Apostoli,

164 3258 215 3314 si
248 3259 445 3317 missos
477 3260 546 3317 ab
577 3278 640 3317 eo
669 3278 793 3320 cum
826 3263 1034 3321 honore
1075 3268 1422 3340 exciperent;
1460 3277 1522 3325 ut
1549 3279 1757 3327 caetera

162 3347 429 3403 Ecclesia
487 3358 842 3419 agnoscerent
899 3368 1031 3409 vera
1075 3370 1190 3411 esse
1246 3356 1390 3414 bona
1435 3374 1553 3429 qua
1582 3358 1650 3414 de
1677 3359 1759 3414 eis

161 3439 278 3496 dici
308 3449 605 3512 coeperant.
651 3442 919 3500 Provocat
972 3460 1099 3516 ergo
1145 3446 1359 3501 animos
1387 3463 1598 3515 eorum,
1630 3447 1760 3520 quia

159 3529 234 3586 de
289 3545 398 3602 quo
453 3530 593 3588 bene
672 3530 926 3600 sentitur,
973 3532 1115 3589 solet
1167 3548 1226 3589 se
1288 3534 1571 3590 meliorem
1626 3551 1759 3607 pra—

156 3618 292 3675 bere
326 3617 466 3690 (70).

778 3745 1004 3806 CAPUT
1058 3745 1155 3803 IX.

244 3866 429 3940 (Vers.
465 3869 519 3935 1,
549 3869 631 3940 2.)
676 3890 696 3916 ι
724 3866 862 3925 Nam
905 3869 973 3927 de
1018 3870 1328 3929 ministerio
1383 3873 1530 3947 quod
1583 3873 1648 3931 ﬁt
1697 3873 1759 3931 in

163 3964 411 4025 sanctos,
444 3973 840 4029 supervacuum
872 3966 953 4015 est
981 3959 1120 4016 mihi
1152 3960 1387 4017 scribere
1416 3962 1609 4029 vobis;
1644 3962 1759 4019 scio

158 4047 315 4104 enim
374 4054 682 4119 promptam
736 4048 1080 4105 voluntatem
1134 4059 1395 4119 vestram,
1429 4067 1526 4123 pro
1558 4067 1664 4123 qua
1689 4050 1759 4108 de
1832 4038 1849 4057 ’

155 4136 325 4194 vobis
352 4137 559 4209 glorior
589 4137 735 4210 apud
767 4138 1105 4195 Macedones.
1136 4163 1158 4189 ι
1200 4140 1272 4195 Et
1297 4139 1414 4197 hac
1435 4140 1760 4199 oblectantis

157 4224 333 4283 verba
366 4233 515 4282 sunt.
576 4225 922 4297 Superﬂuum
952 4228 1100 4285 enim
1131 4244 1246 4285 esse
1274 4229 1411 4286 dicit
1438 4229 1674 4287 scribere
1699 4246 1758 4289 se

154 4314 230 4371 de
263 4312 578 4368 ministerio
608 4314 758 4385 quod
814 4314 879 4370 ﬁt
933 4315 992 4371 in
1047 4326 1283 4386 sanctos,
1317 4325 1379 4373 ut
1408 4317 1474 4373 de
1506 4319 1593 4376 his
1620 4319 1759 4379 bene

155 4402 371 4460 sentire
431 4404 571 4462 193
626 4400 923 4459 videatur:
984 4404 1320 4473 superﬂuum
1377 4414 1459 4462 est
1504 4407 1654 4463 enim
1710 4408 1759 4466 si

155 4511 517 4555 commoneas
548 4512 672 4551 eum
704 4512 864 4568 quem
896 4497 1035 4553 scias
1064 4497 1355 4556 facturum.
1389 4501 1494 4557 Sed
1522 4510 1585 4558 ut
1619 4502 1762 4559 dili-

159 4590 405 4664 gentiam
437 4606 591 4645 suam
625 4588 896 4658 ostendat,
930 4591 1292 4647 necessarium
1329 4599 1411 4647 est
1445 4600 1508 4648 ut
1532 4594 1753 4678 scribat,
1787 4573 1837 4632 D

158 4686 219 4735 et
247 4687 310 4734 ut
344 4678 445 4733 hos
483 4677 847 4750 promptiores
889 4678 1070 4745 faciat,
1106 4685 1160 4733 et
1188 4678 1321 4751 quid
1350 4679 1415 4734 de
1445 4679 1522 4735 eis
1550 4677 1758 4739 cateris

163 4764 449 4839 pradicet,
484 4765 815 4821 manifestet.
875 4765 1159 4837 Snperﬂua
1209 4767 1356 4823 enim
1386 4768 1562 4824 solent
1590 4783 1756 4842 majo-

160 4871 278 4910 rem
312 4869 499 4926 parere
528 4852 998 4921 sollicitudinem;
1054 4870 1181 4911 nam
1230 4862 1284 4911 et
1339 4855 1606 4912 Dominus
1643 4872 1754 4913 non

159 4940 429 4997 dubitans
470 4941 537 4997 de
566 4957 750 4996 amore
806 4956 931 5012 erga
988 4956 1045 4997 se
1097 4941 1245 4997 Petri
1301 4944 1554 5015 apostoli,
1593 4944 1756 5001 tertio

166 5028 309 5087 dicit
338 5030 388 5087 ei
425 5049 437 5087 :
481 5053 499 5077 ι
530 5030 719 5088 Simon
749 5030 992 5097 Joannis,
1053 5046 1202 5087 amas
1254 5048 1341 5087 me
1402 5032 1582 5105 (Ιοαη.
1632 5049 1753 5102 χχι,

166 5119 259 5189 17)
278 5117 307 5174 ?
334 5144 351 5166 ι
395 5117 524 5186 Qua
556 5120 701 5175 trina
732 5120 984 5190 repetitio
1017 5121 1170 5191 quasi
1212 5120 1486 5189 superﬂua
1514 5121 1751 5191 videtur,

162 5204 260 5261 sed
318 5204 536 5276 prodest
592 5206 660 5262 ad
714 5206 1109 5278 perfectionem
1138 5208 1496 5277 monitionis;
1530 5220 1592 5267 ut
1619 5211 1756 5269 sciat

164 5309 362 5364 magna
392 5310 447 5350 se
476 5310 600 5349 cum
637 5294 921 5366 diligentia
969 5294 1163 5350 debere
1212 5312 1421 5365 curare,
1463 5298 1608 5369 quod
1636 5298 1755 5356 fre-

162 5388 394 5455 quenter
420 5382 731 5440 mandatur.
774 5405 793 5430 ι
822 5382 1091 5452 Quoniam
1121 5381 1328 5441 Achaia
1356 5391 1541 5456 parata
1568 5391 1649 5443 est
1684 5385 1753 5444 ab

235 5559 353 5633 (69)
415 5560 680 5618 Nonnulli
737 5577 890 5631 mss,
939 5561 1045 5620 Per
1105 5562 1211 5621 Titi
1269 5569 1441 5621 autem
1483 5564 1753 5622 revelatio-

161 5647 355 5777 ’Ἕω
388 5701 550 5763 Corb.
580 5701 729 5774 cod.,
757 5717 862 5761 me
881 5702 1150 5762 meliorem
1174 5703 1317 5764 debet
1340 5706 1592 5779 praebere.

531 5804 773 5868 Panos.
798 5799 968 5870 XVII

1877 1967 2021 2026 tem;
2075 1969 2280 2033 quanto
2325 1962 2500 2036 magis
2540 1964 2655 2031 isti,
2698 1964 2758 2021 in
2792 1965 2993 2038 quibus
3030 1965 3148 2022 hac
3175 1966 3313 2021 vitia
3346 1982 3457 2022 non

1878 2054 2007 2103 sunt
2032 2057 2247 2119 reperta
2266 2049 2294 2104 ?

1950 2162 2130 2235 (Vers.
2161 2164 2241 2235 3.)
2286 2186 2305 2211 ι
2334 2165 2458 2221 Misi
2481 2172 2662 2221 autem
2692 2165 2924 2234 fratres;
2956 2183 3025 2224 ne
3051 2167 3223 2239 gloria
3248 2175 3455 2237 nostra,

1878 2266 1985 2324 qua
2027 2266 2124 2307 vos
2167 2253 2526 2323 praferimus,
2576 2254 2757 2309 inanis
2800 2254 2895 2311 ﬁat
2923 2254 2981 2310 in
3013 2254 3116 2313 hac
3166 2265 3354 2330 parte;
3395 2263 3459 2315 ut

1877 2339 2334 2411 quemadmodum
2367 2341 2507 2409 dixi,
2537 2342 2716 2414 parati
2746 2340 2942 2398 sitis."
2985 2343 3095 2401 Hos
3125 2345 3321 2403 fratres
3351 2362 3460 2403 me-

1875 2436 2071 2495 morat,
2123 2444 2259 2501 quos
2289 2446 2471 2502 supra,
2525 2430 2582 2486 id
2632 2438 2714 2485 est
2758 2430 2965 2500 Titum,
3015 2441 3069 2489 et
3110 2447 3247 2506 quos
3274 2434 3322 2490 ei
3351 2431 3459 2490 ad-

1869 2514 2059 2587 junxit
2089 2516 2385 2587 adjutores,
2432 2517 2528 2591 qui
2572 2517 2873 2589 impensius
2917 2519 3341 2578 exhortarentur
3364 2536 3458 2579 eos

1873 2605 1945 2660 ad
1972 2605 2390 2676 promissionem
2422 2605 2756 2678 implendam
2804 2608 2860 2662 in
2891 2608 3199 2665 ministerio
3231 2616 3459 2667 sancto-

1874 2708 2025 2757 rum;
2076 2698 2138 2746 ut
2167 2708 2278 2748 non
2329 2692 2505 2749 solum
2547 2694 2765 2761 litteris,
2801 2694 2895 2750 sed
2920 2702 2974 2750 et
3004 2695 3140 2751 facie
3166 2695 3233 2752 ad
3260 2696 3455 2753 faciem

1874 2780 2207 2837 oblectarent
2227 2796 2319 2836 eos
2339 2780 2547 2837 crebris
2566 2781 3073 2851 admonitionibus;
3106 2798 3175 2839 ne
3202 2785 3455 2840 exsulta-

1873 2868 1952 2925 tio
1978 2868 2232 2940 apostoli,
2276 2884 2386 2941 qua
2411 2869 2471 2925 in
2505 2869 2793 2941 splendore
2822 2870 2995 2926 animi
3024 2886 3214 2928 eorum
3243 2871 3455 2945 gloria-

1872 2958 2053 3025 batur,
2101 2965 2477 3014 evacuaretur.
2534 2958 2742 3031 Saepius
2788 2976 2914 3032 ergo
2960 2959 3066 3017 hoc
3116 2975 3447 3029 memorans,

1872 3046 2301 3104 sollicitudinem
2334 3062 2489 3103 suam
2522 3047 2668 3104 circa
2694 3063 2788 3104 eos
2812 3047 3072 3118 ostendit,
3104 3051 3297 3106 nolens
3322 3050 3455 3107 illos

1871 3134 2160 3193 confundi.

1786 3215 1839 3279 Ο
1943 3240 2124 3313 (Vers.
2156 3239 2239 3310 li.)
2275 3261 2295 3286 ο
2323 3238 2403 3296 Ne
2424 3254 2551 3297 cum
2577 3241 2831 3297 venerint
2859 3256 3075 3299 mecum
3105 3243 3450 3315 Macedones,

1867 3336 1921 3387 et
1949 3329 2264 3386 invenerint
2299 3346 2400 3386 vos
2430 3331 2747 3403 imparatos,
2800 3332 3185 3389 erubescamus
3224 3349 3346 3401 nos,
3387 3350 3455 3401 ut

1867 3432 1977 3473 non
2005 3418 2185 3473 dicam
2214 3432 2404 3473 omnes
2431 3431 2551 3484 vos,
2583 3416 2640 3471 in
2668 3415 2772 3472 hac
2817 3425 2990 3489 parte.
3021 3443 3041 3467 ι
3094 3418 3450 3476 Manifestum

1867 3513 1948 3560 est
1974 3506 2105 3576 quia
2130 3505 2179 3560 si
2208 3520 2321 3559 non
2349 3504 2455 3561 hoc
2481 3504 2768 3559 inventum
2798 3504 2984 3573 fuerit,
3025 3506 3169 3579 quod
3200 3507 3450 3565 testiﬁca-

1866 3599 1957 3649 tus
1981 3600 2064 3648 est
2107 3591 2176 3647 de
2213 3590 2322 3659 his,
2368 3598 2423 3647 et
2468 3590 2583 3662 ipse
2612 3591 2897 3650 erubescat
2937 3593 3007 3650 de
3050 3594 3203 3666 ipsis,
3250 3603 3304 3651 et
3342 3595 3449 3668 ipsi

1866 3680 2104 3753 amplius
2154 3677 2601 3746 confundantur;
2661 3680 2756 3752 qui
2810 3695 2913 3738 nec
2964 3689 3249 3755 propterea
3301 3683 3450 3758 quod

1866 3768 2022 3824 testis
2045 3767 2125 3823 eis
2156 3766 2372 3823 exstitit
2398 3764 2716 3837 Apostolus,
2748 3765 2806 3822 id
2842 3781 2998 3839 agere
3025 3768 3137 3824 nisi
3163 3778 3311 3837 sunt,
3339 3785 3449 3843 quo

1867 3874 2060 3915 verum
2102 3856 2244 3913 illud
2290 3856 2533 3914 facerent
2576 3856 2664 3914 vel
2698 3865 2919 3929 propter
2948 3858 3087 3915 tanti
3122 3858 3231 3915 viri
3268 3875 3449 3932 perso-

1867 3962 1993 4003 nam
2003 3990 2015 4002 .

1941 4051 2122 4126 (Vers.
2152 4051 2235 4125 ὅ.)
2282 4075 2302 4099 ε
2328 4048 2701 4108 Necessarium
2731 4064 2858 4123 ergo
2900 4049 3214 4109 existimavi
3259 4069 3449 4126 rogare

1866 4139 2080 4207 fratres,
2110 4146 2172 4196 ut
2196 4139 2559 4212 praecederent
2584 4137 2654 4194 ad
2684 4154 2806 4206 vos,
2834 4147 2889 4195 et
2917 4148 3281 4211 prapararent
3311 4158 3449 4213 pro-

1868 4230 2089 4286 missam
2118 4227 2555 4285 benedictionem
2589 4225 2731 4283 hanc
2760 4235 2995 4283 vestram
3024 4234 3262 4299 paratam
3291 4244 3444 4286 esse:

1868 4322 1962 4379 sed
2004 4323 2083 4379 sic
2110 4322 2264 4395 quasi
2313 4320 2429 4393 (72)
2479 4320 2940 4389 benedictionem,
2984 4336 3095 4377 non
3141 4321 3293 4394 quasi
3328 4322 3448 4378 cir-

1866 4411 2327 4470 cumventionem.
2359 4435 2380 4458 ι
2446 4410 2517 4466 Ut
2571 4410 3001 4467 sollicitudinem
3055 4426 3209 4467 suam
3265 4410 3448 4469 adhuc

1868 4501 2197 4568 manifestet,
2230 4513 2443 4570 rogasse
2473 4515 2529 4555 se
2555 4497 2701 4554 dixit
2728 4498 2941 4567 fratres,
2973 4514 3067 4571 per
3095 4516 3230 4571 quos
3261 4498 3444 4555 adnuo.

1864 4588 1968 4645 niti
2009 4588 2393 4660 adimplerent,
2423 4587 2570 4660 quod
2603 4586 2967 4659 promiserant
3009 4594 3064 4641 et
3093 4602 3201 4641 non
3240 4586 3445 4657 imple-

1864 4676 2016 4732 bant.
2067 4677 2203 4735 Cum
2248 4692 2414 4749 supra
2451 4676 2633 4731 Titum
2667 4675 2813 4732 dicat
2852 4674 3223 4730 voluntarium
3254 4673 3444 4743 prole-

1862 4772 2036 4831 ctum,
2067 4762 2174 4821 hoc
2200 4771 2300 4831 est,
2330 4778 2443 4818 non
2468 4761 2552 4817 illi
2582 4760 2749 4817 fuisse
2776 4768 3071 4828 extortum,
3102 4760 3195 4815 sed
3225 4777 3354 4816 mox
3380 4768 3443 4818 ut

1866 4852 2098 4921 audivit,
2131 4852 2365 4909 libenter
2393 4852 2679 4924 amplexus
2709 4856 2824 4915 est;
2867 4857 2930 4905 ut
2958 4845 3207 4904 videatur
3234 4850 3443 4908 volun-

1863 4939 2037 4997 tarius
2087 4939 2155 4997 ad
2208 4940 2335 4997 illos
2389 4938 2663 5010 profectus
2710 4941 2931 5008 propter
2974 4950 3125 5007 spem
3169 4935 3438 4996 illorum:

1865 5043 2013 5084 nunc
2039 5043 2151 5084 non
2181 5026 2304 5082 ideo
2331 5040 2389 5081 se
2416 5038 2631 5095 rogasse
2670 5022 2771 5078 hos
2800 5022 3090 5095 significat,
3134 5024 3288 5097 quasi
3331 5042 3443 5083 no—

1864 5118 2037 5174 lentes
2065 5118 2179 5184 ire;
2230 5115 2324 5172 sed
2371 5103 2531 5171 suum
2575 5110 2829 5178 affectum
2872 5114 3065 5186 probat
3110 5114 3256 5172 circa
3293 5115 3438 5185 illos,

1864 5204 2081 5278 quando
2123 5204 2370 5259 volentes
2399 5201 2479 5257 ire
2509 5201 2734 5274 insuper
2760 5208 2913 5275 rogat
2938 5220 2952 5270 ;
3003 5209 3067 5259 ut
3098 5201 3217 5259 sine
3256 5204 3442 5276 aliqua

1863 5311 2018 5352 mora
2043 5294 2156 5362 ﬁat,
2203 5292 2349 5366 quod
2375 5298 2429 5347 et
2455 5291 2539 5347 illi
2572 5293 2788 5360 volunt,
2821 5300 2875 5349 et
2905 5292 2998 5350 hic
3024 5300 3291 5365 precatur.
3325 5293 3441 5351 Hoc

1862 5397 1988 5456 ergo
2032 5381 2145 5455 agit
2183 5397 2309 5441 cum
2354 5379 2463 5451 his,
2520 5387 2582 5440 ut
2627 5381 2687 5438 in
2732 5380 3094 5455 promissione
3128 5396 3227 5438 sua
3252 5378 3440 5439 fideles

1960 5562 2050 5633 71)
2082 5560 2498 5633 Quidam_mss.,
2527 5559 2672 5633 bona
2697 5558 2983 5633 uoluntatis
3011 5553 3296 5633 affectibus.

1962 5622 2052 5704 72)
2085 5622 2240 5689 Iiom.
2274 5631 2433 5700 edit.,
2472 5622 2865 5704 benedictionem
2894 5630 3026 5685 hanc
3046 5622 3316 5684 uestram:
3350 5622 3440 5685 sed

1860 5700 2073 5761 meum
2098 5711 2349 5778 paratam
2374 5719 2499 5772 esse,
2524 5700 2700 5774 quasi,
2733 5705 2841 5760 etc.
3061 5793 3127 5855 Μ
