3976 6366
523 359 636 424 ,331

1535 361 1633 419 AD
1671 363 1906 428 OPERA
1941 364 1998 424 S.
2039 363 2370 426 AMBROSII
2408 363 2785 426 APPENDIX.

3706 367 3808 426 333

522 484 662 552 sint.
691 488 746 544 et
776 496 836 540 se
863 480 990 544 ideo
1011 496 1363 546 commonere
1388 494 1611 562 propter
1655 487 2118 550 existimationem
2147 490 2196 552 Α
2231 487 2452 558 poribus
2481 488 2731 558 largitur,
2750 483 2966 557 justitia
2993 493 3177 544 manet
3203 485 3262 546 in
3289 494 3590 556 aeternum;
3623 507 3808 562 quan-

531 571 780 644 illorum,
807 587 920 632 non
948 570 1380 646 circumvenire;
1410 573 1508 638 sed
1536 581 1599 638 ut
1621 583 1835 638 tantum
1865 577 2115 651 oderant,

535 669 801 744 quantum
829 677 944 724 non
970 661 1252 740 paeniteat.

607 753 788 828 (Vers.
816 749 870 826 6,
903 750 984 828 7.)
1043 775 1064 802 ι
1096 751 1214 814 Hoc
1240 760 1424 814 autem
1449 751 1578 816 dico
1608 769 1623 814 :
1668 753 1798 833 quia
1825 754 1922 833 qui
1961 769 2122 828 parce

531 841 790 910 seminat,
831 855 992 920 parce
1020 847 1076 900 et
1103 847 1290 902 metet.
1329 865 1352 898 ι
1409 839 1641 904 Peream
1685 856 1913 904 avarum
1940 841 2124 914 signi-

532 929 680 999 ﬂeat,
703 927 796 994 cui
817 934 1202 1004 extorquetur,
1227 936 1290 990 ut
1308 928 1542 1002 inferat;
1574 929 1804 1008 poenitet
1824 929 1974 992 enim
1993 930 2125 1006 quis

532 1017 808 1094 promisit.
832 1018 949 1080 Hoc
974 1017 1042 1080 de
1069 1015 1324 1078 tarditate
1349 1018 1574 1078 illorum
1601 1012 1836 1096 colligit,
1863 1018 1960 1096 qui
1986 1018 2122 1082 olim

533 1107 922 1184 promiserant,
953 1115 1008 1169 et
1045 1105 1144 1168 diu
1167 1105 1564 1168 deliberabant.
1595 1107 1738 1168 Huic
1765 1123 1927 1184 parco
1957 1123 2124 1182 parva

535 1198 728 1266 messis
756 1207 871 1268 est;
918 1199 1050 1278 quia
1092 1214 1220 1260 cum
1248 1197 1594 1262 dubitatione
1620 1199 1894 1274 seminat;
1945 1198 2125 1264 nescit

535 1289 684 1349 enim
715 1289 970 1368 prodesse
1015 1288 1162 1366 quod
1191 1289 1344 1353 facit.
1405 1311 1427 1342 ι
1453 1289 1562 1364 Qui
1589 1298 1772 1352 autem
1799 1291 1859 1354 in
1884 1290 2123 1352 benedi-

533 1382 718 1444 ctione
745 1380 998 1454 seminat,
1028 1379 1096 1440 de
1131 1379 1516 1444 benedictione
1545 1389 1603 1446 et
1643 1389 1830 1446 metet.
1861 1407 1883 1438 ι
1933 1381 2036 1444 Hic
2063 1381 2122 1442 in

533 1469 920 1534 benedictione
947 1470 1203 1545 seminat,
1237 1469 1333 1546 qui
1370 1469 1517 1532 bona
1560 1471 1846 1534 voluntate
1887 1471 1990 1532 sub
2029 1486 2125 1546 spe

535 1559 739 1622 futuras
767 1559 1152 1620 retributionis
1177 1558 1284 1618 hoc
1313 1559 1446 1636 agit.
1481 1583 1503 1612 ι
1522 1561 1906 1636 Unusquisque
1934 1578 2123 1626 secun-

537 1647 671 1712 dum
701 1650 1043 1725 propositum
1074 1648 1282 1723 cordis,
1331 1665 1443 1713 non
1470 1665 1542 1712 ex
1569 1651 1796 1714 tristitia
1822 1661 1918 1714 aut
1944 1669 2124 1712 neces-

535 1740 733 1810 sitate;
763 1739 997 1800 hilarem
1026 1739 1178 1800 enim
1208 1739 1454 1802 datorem
1483 1740 1670 1815 diligit
1698 1743 1866 1808 Deus.
1895 1767 1916 1796 ι
1956 1744 2126 1806 Docet

535 1829 664 1889 illos
686 1838 824 1893 tunc
851 1828 1108 1904 prodesse
1135 1827 1329 1892 hocin
1366 1829 1638 1900 futurum,
1682 1831 1730 1892 si
1777 1831 1904 1890 laito
1941 1830 2126 1892 animo
2158 1843 2207 1908 Β

534 1918 652 1980 ﬁat.
686 1919 768 1980 Es
801 1917 891 1978 bis
931 1917 1083 1980 enim
1128 1917 1228 1991 qui
1271 1917 1539 1989 infamat,
1577 1918 1728 1981 hunc
1754 1921 1919 1994 elegit
1959 1923 2126 1988 Deus,

535 2007 631 2067 cui
673 2006 1032 2074 retribuatur,
1077 2005 1173 2078 qui
1211 2006 1414 2063 devoto
1458 2006 1621 2064 corde
1667 2017 1941 2082 operatur.
1972 2009 2128 2083 quasi

535 2095 915 2160 thesaurizans
942 2093 1089 2170 apud
1118 2095 1317 2166 Deum,
1339 2094 1469 2176 quia
1496 2095 1590 2172 qui
1612 2095 1821 2158 invitus
1845 2097 1978 2158 facit
2007 2114 2126 2176 pro-

536 2195 661 2263 pter
686 2194 1009 2262 praesentem
1039 2185 1326 2264 pudorem,
1356 2200 1428 2248 ne
1454 2185 1580 2250 aliis
1609 2186 1972 2250 inferentibus
1998 2196 2127 2249 tur—

537 2276 624 2355 pis
652 2275 990 2350 inveniatur,
1010 2272 1314 2338 mercedem
1342 2290 1454 2334 non
1483 2273 1666 2338 habet.

609 2365 797 2444 (Vere.
819 2364 903 2440 8.)
939 2389 959 2416 ι
975 2365 1176 2427 Potens
1192 2372 1274 2427 est
1291 2366 1436 2426 Deus
1454 2381 1674 2424 omnem
1700 2364 1931 2439 gratiam
1957 2363 2126 2424 abun-

538 2451 670 2522 dare
697 2454 876 2516 facere
902 2453 963 2520 in
992 2454 1171 2520 vobis.
1209 2483 1230 2512 ο
1289 2458 1435 2526 194
1463 2453 1563 2514 Dei
1594 2454 1896 2527 potentiam
1943 2453 2128 2512 adesse

539 2551 658 2616 illis
701 2561 946 2628 exoptat,
993 2560 1058 2614 ut
1092 2553 1239 2616 sicut
1274 2555 1334 2618 in
1363 2550 1722 2616 emendandis
1753 2549 1910 2610 vitiis
1938 2558 1995 2608 et
2019 2550 2129 2610 do-

537 2643 735 2704 ctrinas
763 2641 993 2706 veritate
1033 2642 1359 2720 compungit
1387 2641 1555 2704 corda
1582 2641 1843 2710 illorum;
1877 2639 1953 2700 ita
1987 2647 2042 2698 et
2069 2639 2128 2698 in

537 2730 647 2798 hoc
663 2733 848 2794 faveat
874 2733 1070 2808 coeptis
1095 2731 1347 2806 illorum,
1370 2740 1431 2794 ut
1448 2729 1732 2794 abundent
1749 2729 1806 2790 in
1823 2727 1977 2789 omni
2005 2743 2129 2801 ope-

537 2836 600 2882 re
627 2821 775 2884 bono
803 2835 902 2900 per
947 2819 1177 2899 gratiam
1205 2819 1329 2884 Dei.
1369 2843 1391 2876 s
1425 2820 1496 2882 Ut
1539 2819 1601 2884 in
1628 2817 1890 2878 omnibus
1916 2831 2130 2888 semper

539 2922 762 2974 omnem
810 2907 1203 2970 sufﬁcientiam
1250 2908 1538 2978 habentes,
1567 2906 1859 2968 abundetis
1887 2905 1946 2962 in
1977 2903 2132 2966 omni

538 3012 701 3074 apere
729 2995 938 3058 bona»
976 2995 1096 3056 Hoc
1117 2995 1257 3060 dicit
1283 3006 1337 3054 et
1361 3003 1532 3070 optat,
1557 3001 1622 3056 ut
1640 2995 1698 3056 in
1726 2994 1880 3054 omni
1907 3009 1966 3054 re
1993 3008 2130 3052 sem-

533 3099 637 3158 per
659 3081 994 3140 suﬂicientes
1021 3081 1128 3138 sibi
1155 3081 1270 3138 sint
1297 3082 1399 3139 Dei
1431 3089 1592 3152 nutu,
1624 3097 1726 3138 nec
1756 3081 2038 3155 indigeant
2062 3080 2132 3138 iis

537 3185 662 3245 quas
689 3169 760 3230 ad
788 3169 1022 3258 salutem
1067 3169 1372 3232 necessaria
1413 3177 1562 3233 sunt.
1613 3167 1673 3232 Si
1707 3183 1832 3258 ergo
1861 3168 2130 3258 suﬂicien-
2168 3197 2214 3258 ο

535 3258 673 3320 tiam
693 3259 866 3317 solam
887 3257 994 3316 sibi
1014 3258 1240 3336 eligant,
1273 3267 1532 3333 poterunt
1558 3258 1619 3318 in
1644 3257 1746 3318 Dei
1771 3273 1934 3332 Opere
1959 3257 2128 3316 abun-

536 3347 708 3420 dare;
741 3345 884 3409 illud
913 3345 1063 3403 enim
1082 3345 1190 3408 sibi
1211 3345 1500 3406 retinendo
1523 3345 1669 3422 quod
1690 3345 1914 3417 suﬂicit,
1935 3354 2129 3405 caetera

534 3433 596 3494 in
616 3452 748 3498 usus
774 3441 1090 3498 sanctorum
1118 3435 1205 3496 vel
1236 3451 1536 3512 pauperum
1565 3434 1886 3512 impendant
1912 3451 2129 3492 necesse

532 3531 618 3586 est
647 3542 662 3586 :
713 3531 769 3584 et
796 3523 904 3584 hoc
931 3523 1039 3582 erit
1066 3522 1346 3584 abundare
1375 3523 1433 3586 in
1463 3521 1614 3582 omni
1641 3539 1804 3597 opere
1828 3522 1994 3580 bono.
2026 3522 2129 3580 Li-

533 3621 623 3674 cet
649 3613 796 3670 enim
827 3611 1018 3686 exigui
1044 3610 1294 3674 hominis
1321 3627 1558 3688 parvum
1587 3611 1681 3684 sit,
1731 3609 1880 3690 quod
1911 3609 2126 3684 tribuit,

535 3700 786 3768 abundat
805 3709 1012 3769 tamen,
1043 3701 1174 3774 quia
1201 3709 1351 3762 recto
1373 3699 1589 3778 judicio
1613 3699 1701 3772 ﬁt,
1727 3707 1783 3758 et
1811 3716 1923 3757 non
1949 3701 2128 3760 solum

536 3791 804 3871 quaeritur
835 3797 1124 3870 quantum,
1171 3790 1266 3850 sed
1293 3801 1348 3852 et
1378 3788 1447 3850 de
1475 3797 1701 3866 quanto,
1729 3797 1785 3852 et
1807 3806 1915 3870 quo
1941 3789 2128 3848 animo

537 3880 720 3941 detur.
768 3877 1019 3952 Denique
1067 3878 1166 3936 illa
1191 3879 1360 3938 vidua
1399 3878 1458 3936 in
1489 3877 1788 3953 Evangelio
1820 3880 1972 3951 (Luc.
2002 3895 2124 3954 xxx,

535 3970 595 4048 3)
627 3971 695 4028 de
737 3985 910 4046 parvo
947 3967 1166 4030 laudata
1201 3978 1306 4040 est,
1357 3977 1412 4034 et
1455 3969 1549 4048 qui
1591 3971 1764 4028 multa
1811 3969 2124 4039 mittebant,

535 4058 744 4118 laudati
774 4073 888 4115 non
914 4063 1062 4116 sunt.
1103 4057 1261 4116 Illius
1290 4057 1438 4118 enim
1467 4072 1702 4137 parvum
1732 4057 1970 4114 multum
2001 4065 2118 4126 est;

537 4151 668 4231 quia
691 4151 818 4228 plus
837 4148 988 4212 misit
1015 4165 1178 4230 quam
1207 4157 1456 4226 poterat;
1499 4150 1701 4212 divites
1729 4157 1910 4207 autem
1940 4150 2125 4206 minus

535 4240 827 4312 miserunt,
875 4254 1000 4297 cum
1039 4239 1164 4310 plus
1191 4247 1444 4314 possent;
1491 4255 1556 4298 ac
1583 4255 1678 4314 per
1712 4237 1819 4295 hoc
1847 4237 2122 4293 modicum

533 4328 712 4400 illius,
735 4344 856 4404 qua
884 4328 1030 4386 ultra
1057 4327 1205 4388 vires
1232 4345 1358 4390 suas
1386 4327 1563 4400 misit,
1580 4329 1703 4402 plus
1731 4327 2015 4383 inventum
2047 4334 2126 4382 est

535 4437 699 4498 quam
726 4419 966 4478 divitum
996 4419 1274 4494 multum;
1307 4419 1438 4496 quia
1462 4419 1530 4476 de
1557 4433 1622 4475 eo
1641 4416 1789 4492 quod
1815 4415 2126 4473 abundabat

533 4504 636 4578 eis,
661 4507 954 4569 miserunt.
987 4507 1094 4577 Qui
1117 4523 1246 4584 ergo
1273 4516 1488 4566 tantum
1509 4507 1604 4565 dat
1629 4511 1894 4584 quantum
1927 4511 2124 4578 potest,

537 4605 686 4658 recte
729 4598 910 4656 facit:
963 4596 1189 4655 viduam
1229 4607 1412 4658 tamen
1455 4597 1607 4656 illam
1656 4602 1782 4652 ante
1827 4609 1884 4650 se
1925 4593 2125 4662 habet;

533 4691 666 4770 quia
693 4690 816 4748 haec
843 4703 1007 4746 omne
1035 4689 1180 4765 quod
1207 4689 1422 4762 habuit,
1455 4685 1626 4748 misit.

607 4779 794 4856 (Vers.
825 4778 907 4855 9.)
950 4803 972 4834 ι
997 4778 1154 4842 Sicut
1181 4779 1449 4851 seriptum
1487 4783 1571 4832 est
1602 4792 1614 4832 :
1658 4772 1946 4848 Dispersit,
1977 4775 2128 4832 dedit

534 4866 890 4945 pauperibus,
927 4867 1146 4948 justitia
1173 4867 1291 4940 ejus
1321 4872 1504 4924 manet
1534 4864 1591 4921 in
1621 4870 1909 4926 aeternum.
1941 4889 1961 4914 ι
2013 4865 2130 4923 Hoc

533 4955 596 5013 in
625 4954 838 5035 psalmo
866 4954 1131 5034 scriptum
1158 4961 1242 5012 est
1269 4951 1568 5015 centesimo
1595 4949 1810 5009 decimo
1839 4949 2040 5024 primo,
2072 4957 2128 5007 et

533 5055 635 5120 per
661 5043 976 5120 exemplum
1024 5043 1182 5103 addit
1226 5041 1296 5102 ad
1340 5057 1528 5108 curam
1571 5055 1872 5120 pauperum
1903 5057 1918 5108 ;
1961 5047 2025 5096 ut
2069 5037 2130 5094 in

537 5133 696 5196 omni
724 5149 886 5210 opere
906 5133 1054 5196 bono
1081 5133 1382 5198 abundent.
1418 5131 1482 5193 Si
1502 5130 1650 5192 enim
1680 5125 1848 5204 hujus
1879 5127 1975 5202 qui
2003 5143 2133 5205 pan.

605 5333 732 5412 (73)
759 5331 966 5394 Omnes
991 5327 1244 5412 et
1283 5325 1706 5412 quidammssp,
1742 5319 2136 5412 quipublicam‘

537 5396 862 5480 ege‘yts'junt;
891 5403 1094 5461 rectius
1117 5401 1216 5480 _a_l_ii
1247 5396 1400 5480 mss.,
1434 5397 1526 5468 qui
1550 5396 1781 5480 publica}
1811 5396 1917 5452 etc.
1943 5472 1954 5480 .
1995 5470 2004 5480 _
2036 5466 2070 5480 __

759 5470 888 5535 Mss.
920 5472 1177 5558 nonnulli
1195 5489 1224 5558 ⁸ε
1273 5472 1653 5558 Isteriergogest
1679 5470 1866 5538 φαίη..
1908 5472 1955 5521 et
1981 5470 2134 5522 istius

527 5543 744 5619 ἐωξιῦ
771 5564 879 5619 999
905 5547 1079 5619 ³91³19⁸
1102 5543 1161 5597 δ’
1187 5547 1418 5619 Ἄφρων
1440 5545 1635 5619 *Νι

671 5619 708 5674 ὅ
758 5617 896 5675 Cod.
929 5615 1098 5696 Vall_.,
1130 5607 1373 5696 additur,
1419 5617 1480 5667 sit
1513 5626 1704 5692 egentis
1727 5607 1990 5692 amplius,
2023 5613 2130 5667 ac.

604 5617 732 5763 86;
759 5688 881 5750 Non
908 5701 1068 5761 pauci
1095 5700 1252 5756 mss.,
1281 5701 1332 5742 ss
1360 5682 1574 5755 fastum
1599 5681 1893 5754 speciebus;
1932 5677 2130 5748 laeui,

669 5677 728 5761 6)
759 5688 881 5750 Non
908 5685 1068 5761 pauci
1081 5677 1252 5756 mss.,
1281 5684 1332 5742 ss'
1358 5677 1574 5755 mea;
1599 5677 1893 5754 spses'sbsis;
1932 5677 2136 5748 Issum,

2237 583 2294 632 to
2346 575 2518 648 magis
2566 573 2684 648 ejus
2735 575 2830 646 qui
2889 573 3163 634 ministrat
3219 576 3471 635 sanctis?
3542 577 3812 650 Pauperes

2229 663 2376 724 enim
2419 671 2648 736 possunt
2692 661 2826 733 dici,
2879 661 2973 735 qui
3015 661 3233 734 publica
3283 663 3401 737 (73)
3447 666 3601 738 egeni
3633 675 3806 725 sunt:

2230 750 2404 812 sancti
2431 749 2579 807 enim
2619 749 3008 810 discernuntur
3035 749 3104 810 ab
3133 749 3250 819 his;
3291 751 3420 825 quia
3446 751 3506 812 lii
3531 755 3674 812 servi
3710 755 3812 812 Dei

2231 846 2378 910 sunt,
2420 837 2735 900 insistentes
2763 838 3106 900 orationibus
3133 847 3188 898 et
3223 837 3472 912 jejunils,
3515 857 3704 914 puram
3730 843 3812 899 vi.

2232 935 2342 988 tam
2372 937 2612 1001 agentes,
2636 928 2780 988 sicut
2806 937 2861 986 et
2885 930 3046 986 Anna
3069 928 3411 1002 prophetissa
3431 930 3582 1002 (Luc.
3608 947 3671 999 ιι,
3692 930 3810 1003 37),

2231 1033 2351 1091 quae
2379 1033 2492 1072 non
2530 1015 2845 1076 discededat
2872 1016 2941 1076 de
2985 1019 3211 1090 templo,
3250 1017 3480 1091 jejuniis
3513 1026 3570 1076 et
3614 1020 3816 1078 oratio-

2231 1107 2396 1170 nibus
2437 1107 2682 1166 serviens
2712 1107 2804 1166 die
2839 1123 2902 1168 ac
2929 1115 3112 1178 nocte,
3155 1124 3376 1168 omnem
3405 1109 3598 1169 mundi
3625 1129 3814 1168 curam

2233 1205 2580 1273 postponens.
2611 1197 2989 1256 Misericordia
3008 1213 3138 1272 ergo
3153 1197 3288 1268 haec,
3311 1197 3531 1272 justitia
3547 1203 3818 1274 appellata

2233 1295 2311 1348 est
2335 1305 2350 1358 ;
2382 1286 2513 1361 quia
2543 1287 2723 1346 sciens
2751 1285 2847 1360 qui
2879 1285 3130 1359 largitur,
3158 1287 3346 1345 omnia
3368 1289 3542 1346 Deum
3571 1307 3820 1348 commu-

2233 1373 2378 1434 niter
2405 1373 2662 1432 omnibus
2689 1373 2838 1444 dare,
2884 1373 3014 1447 quia
3054 1374 3138 1432 sol
3183 1373 3302 1448 ejus
3330 1375 3587 1434 omnibus
3615 1377 3818 1442 oritur,

2233 1470 2287 1522 et
2313 1462 2456 1536 pluit
2487 1462 2766 1533 omnibus,
2790 1470 2846 1522 et
2867 1471 3069 1522 terram
3095 1463 3351 1521 omnibus
3381 1463 3572 1522 dedit:
3609 1463 3820 1522 idcirco

2232 1551 2436 1612 dividit
2476 1566 2605 1612 cum
2653 1551 2724 1608 iis
2767 1551 2863 1625 qui
2894 1552 3107 1624 copiam
3139 1558 3294 1608 terrae
3333 1566 3447 1608 non
3477 1550 3718 1620 habent;
3753 1568 3826 1614 ne

2232 1643 2520 1702 beneﬁciis
2544 1643 2641 1702 Dei
2664 1641 2866 1715 privati
2893 1641 3208 1702 videantur.
3235 1642 3425 1702 Justus
3448 1658 3576 1715 ergo
3595 1651 3698 1712 est,
3726 1641 3826 1717 qui

2235 1731 2341 1790 sibi
2375 1730 2477 1792 soli
2507 1747 2619 1790 non
2647 1729 2876 1800 detinet,
2907 1731 3057 1805 quod
3075 1731 3180 1788 scit
3206 1730 3464 1790 omnibus
3495 1729 3682 1788 datum
3719 1749 3733 1788 :
3771 1738 3829 1788 et

2230 1820 2414 1894 justus
2447 1822 2575 1890 [non
2603 1819 2783 1880 solum
2826 1819 2935 1876 hoc
2973 1819 3031 1876 in
3061 1827 3324 1890 tempore,
3370 1818 3464 1876 sed
3493 1826 3547 1874 et
3577 1819 3635 1874 in
3670 1826 3827 1876 aster-

2240 1927 2372 1968 num
2404 1910 2520 1982 (74)
2548 1928 2562 1978 ;
2595 1910 2726 1983 quia
2753 1909 2813 1966 in
2851 1907 3052 1968 saeculo
3079 1907 3270 1968 futuro
3303 1907 3449 1967 hanc
3475 1905 3702 1964 habebit
3730 1923 3827 1965 se-

2239 2015 2363 2060 cum
2389 1998 2448 2056 in
2477 2005 2819 2071 perpetuum.

2314 2087 2494 2160 (Vere.
2531 2087 2616 2154 10,
2650 2086 2768 2158 11.)
2824 2107 2845 2136 ι
2870 2085 2975 2154 Qui
3017 2092 3199 2146 autem
3229 2083 3613 2144 subministrat
3641 2102 3827 2145 semen

2241 2175 2537 2238 seminanti
2570 2192 2584 2232 ε
2635 2181 2690 2232 et
2717 2191 2912 2248 panem
2941 2175 3009 2235 ad
3040 2174 3313 2234 edendum
3360 2175 3732 2244 ministrabit;
3776 2186 3830 2234 et

2242 2263 2640 2337 multiplicabit
2689 2280 2875 2320 semen
2919 2272 3186 2333 vestrum,
3234 2270 3289 2320 et
3314 2263 3674 2335 amplificahit
3720 2266 3828 2323 fru-

2239 2361 2389 2414 ctum
2415 2352 2644 2424 justitiae
2672 2359 2866 2410 vestrm
2890 2369 2905 2420 ;
2953 2359 3017 2410 ut
3045 2353 3103 2411 in
3132 2352 3390 2409 omnibus
3417 2353 3826 2425 locupletemini

2241 2442 2301 2504 in
2334 2442 2485 2500 omni
2513 2442 2911 2515 simplicitate.»
2929 2441 3129 2500 Omnia
3152 2442 3250 2499 Dei
3279 2449 3410 2498 sunt
3434 2449 3488 2497 et
3519 2444 3828 2510 semina,et

2242 2531 2521 2590 nascentia
2534 2531 2629 2588 Dei
2650 2539 2787 2589 nutu
2807 2537 3140 2598 crescunt,et
3159 2531 3678 2602 multiplicanturad
3700 2550 3829 2590 usus

2242 2622 2528 2679 hominum
2557 2624 2728 2677 :Deus
2747 2638 2874 2694 ergo
2899 2621 2990 2693 qui
3010 2619 3127 2678 haec
3143 2619 3378 2692 dat,ipse
3400 2628 3454 2676 et
3470 2618 3629 2691 jubet
3656 2620 3828 2680 dehis

2242 2710 2637 2767 communicari
2676 2710 2756 2765 eis
2782 2709 2876 2780 qui
2909 2708 3196 2780 indigent;
3246 2723 3309 2764 ac
3338 2724 3433 2780 per
3464 2707 3567 2766 hoc
3595 2725 3705 2765 non
3739 2727 3826 2782 po-

2241 2799 2392 2868 terit,
2411 2798 2504 2872 qui
2539 2797 2736 2854 tribuit
2750 2795 2913 2868 juxta
2945 2796 3042 2854 Dei
3065 2795 3535 2862 voluntatem,Dei
3561 2805 3698 2853 nutu
3719 2813 3827 2854 non

2241 2888 2426 2961 augeri
2484 2887 2841 2944 incrementis
2897 2884 3214 2958 hujusmodi
3273 2885 3341 2942 ad
3377 2885 3826 2957 ampliﬁcandum

2242 2979 2482 3036 fructum
2507 2975 2775 3048 justitize;
2825 2974 2978 3032 danti
3008 2975 3156 3032 enim
3188 2975 3363 3044 addit,
3407 2983 3470 3031 ut
3497 2991 3562 3032 eo
3590 2975 3828 3048 amplius

2246 3067 2360 3140 (75)
2394 3066 2612 3135 habeat,
2643 3065 2790 3122 unde
2811 3065 2996 3136 largiri
3033 3064 3221 3136 possit.
3251 3065 3378 3120 Haec
3404 3072 3487 3120 est
3507 3064 3744 3138 justitia,
3767 3075 3830 3123 ut

2243 3156 2372 3229 quia
2389 3157 2534 3212 Deus
2554 3155 2668 3220 dat,
2690 3153 2958 3213 retribuat
2978 3168 3044 3210 ex
3069 3169 3133 3209 eo
3153 3159 3208 3208 et
3233 3151 3402 3208 homo
3428 3153 3504 3222 ei,
3531 3153 3620 3210 cui
3655 3153 3824 3211 deest.

2245 3245 2356 3302 Hos
2385 3243 2532 3300 enim
2563 3245 2685 3300 vult
2739 3243 3023 3299 ministros
3075 3256 3191 3298 esse
3220 3256 3434 3310 eorum,
3488 3242 3582 3314 qui
3615 3243 3828 3314 potiora

2246 3333 2528 3406 eligentes,
2557 3332 2742 3405 copias
2786 3330 3068 3403 praesentis
3093 3329 3356 3402 temporis
3381 3338 3666 3402 spernunt,
3689 3339 3827 3388 totos

2243 3441 2300 3482 se
2328 3425 2426 3482 Dei
2456 3423 2620 3480 rebus
2645 3423 2966 3496 obligantes.
3011 3420 3321 3494 Unicuique
3347 3420 3493 3478 enim
3526 3421 3824 3478 secundum

2243 3513 2440 3572 bonam
2470 3514 2810 3569 voluntatem
2841 3513 3017 3569 Deum
3048 3517 3268 3582 praestat
3296 3509 3567 3566 auxilium
3592 3527 3606 3574 ;
3653 3509 3825 3567 sancti

2245 3603 2390 3660 enim
2413 3603 2506 3677 qui
2535 3602 2678 3658 nihil
2709 3602 2905 3658 volunt
2931 3601 3022 3658 hic
3043 3599 3340 3672 possidere,
3369 3599 3472 3656 nisi
3500 3599 3705 3658 victum
3738 3599 3828 3656 ha-

2246 3691 2373 3748 bere
2393 3701 2446 3750 et
2465 3690 2749 3758 vestitum,
2772 3689 2872 3746 hos
2893 3690 2987 3761 qui
3010 3689 3126 3748 limc
3145 3689 3343 3746 habere
3375 3690 3591 3757 volunt,
3625 3697 3826 3747 tutores

2245 3779 2468 3838 illorum
2494 3782 2640 3837 Deus
2664 3795 2779 3834 esse
2807 3777 3081 3850 disposuit
3110 3795 3125 3845 ;
3166 3787 3228 3835 ut
3256 3777 3348 3851 qui
3376 3777 3512 3834 bene
3540 3785 3594 3833 et
3621 3777 3825 3852 simpli.

2245 3869 2384 3928 eiter
2409 3869 2490 3926 eis
2537 3865 2958 3934 ministraverit,
3000 3863 3370 3936 ampliﬁcetur
3415 3864 3512 3921 Dei
3543 3872 3718 3932 nutu;
3768 3872 3827 3921 ut

2246 3958 2442 4015 habeat
2471 3957 2616 4016 unde
2645 3956 2910 4030 largiatur
2937 3967 3172 4024 semper,
3219 3960 3275 4009 et
3303 3952 3370 4010 ad
3405 3968 3640 4025 praesens
3670 3955 3832 4011 locn-

2246 4048 2499 4122 pletatus,
2531 4056 2584 4106 et
2612 4048 2670 4103 in
2714 4047 2982 4102 futurum.
3015 4041 3190 4099 Semel
3220 4042 3369 4098 enim
3411 4043 3710 4112 seminans,
3751 4043 3830 4100 bis

2247 4145 2411 4193 metet
2437 4155 2449 4202 ;
2497 4152 2560 4192 ao
2587 4141 2650 4190 ut
2677 4133 2722 4190 si
2751 4131 2957 4187 futuris
2983 4128 3223 4186 consulit
3253 4129 3373 4201 (76)
3417 4125 3638 4201 spebus,
3691 4131 3828 4188 nolit

2245 4241 2336 4282 eos
2372 4223 2646 4294 subjectos
2701 4219 2920 4288 habere,
2969 4218 3062 4276 sed
3109 4216 3281 4289 magis
3326 4232 3384 4274 se
3432 4217 3511 4274 eis
3553 4217 3822 4288 inclinet;

2243 4311 2370 4385 quia
2403 4328 2434 4365 a
2464 4312 2576 4366 Deo
2617 4309 2783 4380 hujus
2833 4307 2910 4363 rei
2955 4307 3185 4379 accipiet
3220 4307 3542 4364 mercedem.
3592 4306 3648 4364 Si
3679 4309 3824 4364 enim

2242 4400 2310 4456 ad
2337 4415 2570 4472 praesens
2605 4397 2886 4453 humiliari
2919 4413 3012 4452 eos
3045 4395 3150 4451 sibi
3181 4396 3436 4463 voluerit,
3477 4410 3623 4466 spem
3657 4394 3823 4452 {interi

2245 4488 2482 4554 amittit;
2523 4487 2616 4543 hic
2641 4487 2786 4542 enim
2815 4485 3016 4558 accipit
3045 4485 3348 4542 mercedem
3378 4485 3559 4556 operis
3586 4483 3696 4552 sui,
3725 4485 3826 4542 hoc

2156 4553 2208 4614 Ῑ)
2240 4583 2352 4636 n'on
2376 4577 2704 4650 simpliciter
2732 4593 2913 4648 agens,
2935 4553 3080 4632 sicut
3103 4574 3240 4631 dicit
3267 4553 3566 4630 Dominus:
3605 4595 3626 4622 ι
3651 4575 3824 4632 Amen

2237 4666 2366 4723 dico
2397 4665 2575 4733 vobis,
2604 4671 2964 4737 perceperunt
2987 4663 3290 4721 mercedem
3319 4679 3476 4720 suam
3506 4662 3718 4735 (Matth.
3745 4677 3822 4728 vr,

2240 4758 2352 4814 16).
2391 4781 2412 4806 ι

2309 4761 2492 4924 illam.
2515 4852 2605 4920 ﬂ,
2636 4851 2753 4922 13.)
2798 4875 2816 4898 ι
2836 4849 2967 4918 Quae
2997 4857 3255 4923 operatur
3279 4865 3378 4922 per
3403 4865 3503 4906 nos
3532 4849 3820 4923 gratiarum

2239 4941 2511 5000 actionem
2543 4941 2658 4997 Deo
2688 4939 2828 5010 (77).
2863 4937 3133 5005 Quoniam
3173 4937 3497 5011 mysterium
3527 4937 3693 4993 oﬁcii
3726 4935 3824 4991 hu-

2234 5031 2328 5106 jus
2355 5047 2467 5087 non
2496 5031 2676 5087 solum
2704 5028 2922 5101 supplet
2948 5045 3012 5084 ea
3045 5045 3168 5103 quas
3213 5027 3412 5086 desunt
3457 5026 3682 5095 sanctis,
3731 5023 3820 5082 sed

2240 5129 2294 5178 et
2320 5117 2621 5177 abundabit
2673 5134 2772 5190 per
2817 5117 3120 5176 multorum
3169 5116 3464 5190 gratiarum
3499 5115 3738 5172 actiones
3763 5111 3818 5168 in

2241 5314 2393 5372 rebus
2420 5313 2662 5371 consulit.

2317 5388 2434 5459 (77)
2465 5389 2589 5459 Vet.
2617 5384 2749 5442 edit.
2781 5389 2834 5438 et
2860 5398 2988 5459 mss.
3021 5379 3300 5447 nonnulli,
3330 5381 3380 5435 εἰ
3405 5379 3529 5459 quis
3551 5382 3819 5459 operetur,

2242 5451 2567 5516 Rom'edit.
2614 5471 2738 5512 cum
2769 5453 2978 5527 caeteris
3008 5469 3162 5527 mss.,
3206 5468 3322 5522 qua:
3349 5457 3622 5527 operatur.
3666 5451 3737 5504 At
3764 5451 3820 5527 in

2243 5530 2494 5612 sequenti
2539 5543 2705 5587 versu
2731 5541 2834 5584 ms.
2883 5523 3048 5584 Carn.
3081 5526 3254 5596 solus,
3283 5523 3635 5582 ministerium
3664 5523 3819 5578 saeia-

2243 5602 2349 5673 ﬁci.
