3976 6396
185 431 291 492 333

1243 425 1604 485 COMMENT.
1644 426 1715 485 lN
1750 424 1965 485 EPIST.
2019 428 2067 484 Il
2104 429 2200 485 AD
2238 426 2395 486 COB.

3352 430 3457 493 334

170 558 302 625 Deo,
334 569 428 627 per
459 550 841 627 probationem
867 548 1159 607 ministerii
1192 549 1379 623 hujus,
1411 552 1757 623 magniﬁcan-
1786 554 1838 614 A
1939 550 2120 622 (Vere.
2155 551 2235 622 2.)
2277 573 2299 599 ι
2330 552 2480 623 Rogo
2501 552 2683 607 autem
2711 555 2773 606 ut
2803 565 2913 608 non
2941 568 3179 625 praesens
3214 553 3444 615 audeam

172 651 253 701 tes
281 644 453 700 Deum
477 641 534 698 in
548 640 888 714 subjectione
907 637 1271 696 confectionis
1289 649 1479 697 vestrae
1495 641 1552 696 in
1578 643 1760 697 Evan-

173 732 314 805 gelio
343 730 574 799 Christi,
602 736 659 786 et
683 729 744 787 in
769 727 1123 800 simplicitate
1152 728 1671 787 communicationis
1699 729 1759 786 in

173 820 323 885 illos,
361 827 415 877 et
455 818 696 892 ipsorum
741 817 1017 875 orationes
1044 817 1164 890 (78)
1196 832 1293 888 pro
1336 817 1493 874 vobis
1535 816 1761 875 deside-

168 908 412 967 rantium
442 924 542 966 vos
569 907 772 977 videre,
806 914 1029 979 propter
1065 905 1599 978 superabundantem
1630 922 1769 978 gra-v.

172 997 306 1055 tiam
346 1002 486 1063 195
519 997 619 1054 Dei
663 996 723 1053 in
773 994 951 1054 vobis.
1000 994 1189 1052 Gratia
1225 1002 1406 1052 autem
1449 996 1561 1053 Deo
1598 1010 1763 1068 super

170 1092 528 1151 inenarrabili
555 1092 704 1150 dono
729 1090 868 1163 ejus.
901 1115 921 1140 ι
967 1091 1083 1149 Hoc
1109 1090 1247 1149 dicit
1286 1091 1415 1164 quia
1443 1091 1762 1165 quicunque

168 1191 427 1256 operatur
454 1198 548 1254 per
574 1181 975 1255 dispensatores
1004 1180 1137 1239 doni
1177 1182 1279 1239 Dei
1307 1181 1413 1239 hoc
1440 1197 1579 1255 opus
1615 1180 1760 1237 unde

170 1274 355 1344 gratim
386 1279 618 1345 agantur
643 1274 778 1340 Deo,
810 1271 880 1329 ab
909 1271 981 1329 iis
1026 1271 1122 1345 qui
1151 1273 1484 1329 accesserim
1512 1279 1763 1344 sumptus

167 1362 447 1432 accipiunt
472 1361 574 1417 sub
603 1361 827 1419 nomine
853 1360 1083 1430 Christi,
1111 1376 1227 1418 non
1256 1361 1596 1419 mendicitati
1622 1362 1762 1418 sub-

161 1449 318 1521 jecti,
351 1449 443 1505 sed
496 1452 627 1518 Deo,
657 1448 724 1506 de
761 1448 920 1522 cujus
967 1449 1128 1507 bonis
1155 1450 1230 1508 ali
1278 1468 1334 1508 se
1372 1458 1579 1509 norunt
1612 1469 1622 1505 :
1651 1466 1762 1507 non

169 1547 381 1593 tantum
412 1536 481 1594 ab
511 1538 591 1594 eis
620 1536 806 1609 gratim
839 1537 950 1595 illis
971 1539 1302 1609 referuntur,
1334 1539 1429 1596 sed
1466 1556 1498 1595 a
1536 1537 1763 1612 reliquis

173 1627 457 1696 fratribus,
485 1628 582 1701 qui
611 1643 710 1701 pro
740 1627 829 1683 his
867 1627 1068 1700 gratias
1106 1634 1270 1701 agant
1312 1629 1446 1695 Deo,
1474 1642 1763 1684 commen-

166 1714 360 1773 dantes
390 1715 594 1772 factum
623 1714 867 1790 ipsorum
896 1716 1159 1785 Domino;
1187 1722 1251 1772 ut
1288 1716 1476 1790 paucis
1504 1713 1764 1771 tribuen-

166 1814 273 1875 tes,
304 1806 603 1864 multorum
644 1805 1114 1864 obsecrationibus
1141 1807 1256 1863 Deo
1285 1804 1759 1864 commendantur.

165 1894 468 1952 Probantes
514 1894 661 1951 enim
693 1902 932 1951 mentem
979 1910 1171 1952 eorum
1202 1894 1260 1951 in
1303 1892 1410 1952 hoc
1436 1909 1619 1967 opere,
1650 1909 1761 1951 ma-
1796 1910 1844 1973 Β

167 1983 437 2055 gnificant
468 1982 527 2039 in
566 1982 645 2039 eis
680 1981 1002 2051 Dominum,
1032 1981 1192 2055 cujus
1233 1998 1327 2057 spe
1365 1982 1591 2052 ﬁrmati,
1625 1980 1765 2041 obe-

159 2069 333 2126 diunt
365 2069 664 2142 Evangelio
694 2068 902 2128 Christi
938 2071 997 2126 in
1044 2068 1385 2141 subjectione
1415 2071 1615 2128 mentis
1648 2089 1662 2128 ε
1694 2086 1763 2130 ne

165 2157 350 2214 velint
383 2174 473 2213 eos
502 2157 607 2213 sibi
638 2155 946 2226 humiliari,
976 2165 1039 2214 ut
1066 2158 1340 2231 praebeant
1371 2176 1491 2232 quae
1521 2176 1759 2216 necessa-

164 2243 254 2301 ria
285 2251 412 2300 sunt
438 2244 660 2301 sanctis.
691 2245 766 2300 Et
810 2243 917 2303 hoc
944 2245 1050 2301 erit
1088 2245 1147 2302 in
1178 2246 1533 2319 simplicitate
1563 2247 1761 2319 gratias

163 2351 328 2407 agerc
373 2332 891 2392 communicationis
938 2334 1182 2404 illorum,
1214 2337 1658 2395 commendantes
1705 2356 1761 2397 se

162 2422 511 2481 orationibus
540 2422 761 2480 illorum
793 2432 846 2480 et
874 2423 1161 2481 desideriis
1191 2442 1400 2483 eorum.
1434 2426 1569 2496 Quis
1612 2426 1758 2485 enim

166 2527 285 2570 non
327 2510 512 2583 cupiat
540 2512 715 2568 oculis
744 2508 930 2569 videre
961 2512 1372 2572 necessitatibus
1401 2514 1515 2573 suis
1545 2524 1763 2588 propter

165 2600 274 2659 Dei
304 2615 504 2656 nomen
531 2599 805 2673 subjectos
823 2603 853 2659 ?
888 2602 1136 2676 Denique
1159 2604 1258 2660 Dei
1287 2602 1430 2661 dona
1461 2614 1757 2674 vocantur;

172 2691 291 2747 Deo
312 2689 455 2745 enim
481 2687 592 2757 dat,
625 2691 720 2764 qui
740 2689 829 2749 his
856 2691 1152 2761 ministrat;
1184 2693 1315 2763 quia
1333 2694 1427 2766 qui
1439 2692 1595 2765 jubet
1618 2692 1760 2763 ﬁeri,

172 2779 282 2852 ipsi
331 2778 634 2851 imputatur
674 2778 822 2853 quod
870 2779 1050 2837 datur.
1098 2780 1309 2837 Gratias
1338 2786 1521 2837 autem
1554 2783 1665 2837 Deo
1702 2783 1761 2838 in

171 2866 267 2925 his
294 2873 534 2939 agentes,
564 2875 619 2924 et
664 2882 826 2941 super
871 2866 1141 2925 ineffabili
1190 2868 1335 2925 dono
1368 2868 1504 2942 ejus.
1544 2871 1761 2927 Donum

172 2957 327 3015 enim
359 2955 475 3028 (79)
502 2955 603 3011 Dei
629 2962 730 3025 est,
773 2955 918 3029 quod
948 2956 1142 3015 incitat
1168 2956 1420 3014 homines
1448 2956 1517 3014 ad
1553 2957 1761 3018 bonum

170 3059 345 3119 opus;
378 3057 499 3115 spes
528 3042 676 3100 enim
720 3043 992 3118 promissa
1033 3044 1250 3106 lacessit
1282 3044 1352 3103 ad
1391 3045 1761 3110 ministerium

169 3147 341 3209 supra
368 3130 599 3190 dictum.

784 3237 1016 3299 CAPUT
1051 3239 1125 3299 X.

244 3336 428 3414 (Vera.
460 3335 540 3411 1.)
584 3359 604 3386 ι
633 3334 754 3410 Ipse
793 3344 976 3395 autem
1024 3353 1123 3410 ego
1162 3338 1364 3397 Paulus
1401 3338 1627 3399 obsecro
1661 3352 1762 3398 vos

144 3445 268 3502 .per
311 3426 788 3485 mansuetudinem
835 3435 891 3485 et
930 3426 1252 3486 modestiam
1300 3428 1527 3497 Christi,
1558 3430 1654 3501 qui
1691 3428 1762 3486 ad

161 3516 366 3573 faciem
398 3515 620 3589 quidem
651 3514 881 3572 humilis
909 3531 1032 3572 sum
1061 3515 1123 3571 in
1167 3514 1325 3572 vobis
1361 3534 1375 3573 ;
1409 3517 1601 3573 absens
1632 3533 1761 3574 vero

168 3603 395 3662 conﬁdo
427 3604 486 3660 in
525 3602 703 3661 vobis.
729 3626 750 3651 ι
793 3602 910 3660 Hoc
949 3609 1050 3671 est,
1090 3602 1237 3675 quod
1263 3617 1415 3661 nunc
1446 3602 1604 3672 dicit,
1634 3606 1763 3676 quia

160 3693 299 3751 talis
336 3699 418 3749 est
444 3691 661 3759 absens,
687 3690 867 3765 qualis
891 3698 945 3746 et
972 3706 1225 3762 praesens.
1254 3692 1364 3749 Nec
1391 3691 1538 3750 enim
1569 3692 1765 3751 humi-

165 3782 244 3837 lis
269 3788 385 3837 erat
415 3780 483 3836 ad
522 3780 718 3837 faciem
738 3779 1052 3836 adulatione
1079 3787 1173 3837 aut
1210 3780 1549 3853 subjectione
1578 3783 1762 3842 alicu-

158 3873 264 3946 jus
303 3870 403 3940 rei,
425 3871 521 3945 qui
549 3872 912 3929 constantiam
940 3888 1089 3928 suam
1120 3873 1201 3931 sic
1229 3874 1523 3943 zelabatur,
1552 3882 1616 3932 ut
1651 3876 1764 3933 ali-

166 3958 398 4033 quando
438 3960 604 4016 etiam
634 3975 665 4014 a
693 3959 862 4016 licitis
892 3968 1235 4034 temperaret,
1275 3978 1345 4019 ne
1382 3963 1759 4022 inclinaretur.

163 4047 327 4105 Unde
354 4047 489 4104 dicit
518 4048 576 4104 in
602 4047 709 4103 alia
728 4048 996 4120 epistola:
1033 4050 1255 4107 «Omnia
1284 4051 1423 4108 mihi
1448 4052 1634 4121 licent,
1665 4052 1762 4112 sed

160 4152 268 4207 ego
296 4134 398 4193 sub
426 4137 635 4193 nullius
682 4136 898 4209 redigar
944 4145 1239 4210 potestate.
1288 4142 1425 4198 Esca
1482 4142 1684 4209 ventri,
1708 4148 1763 4201 et

166 4233 367 4281 venter
419 4227 555 4282 escis
589 4244 601 4281 :
633 4228 779 4283 Deus
832 4234 1014 4285 autem
1071 4229 1219 4287 hunc
1268 4238 1324 4288 et
1376 4230 1473 4288 has
1519 4231 1763 4290 destruet

166 4315 237 4386 (Ι
265 4315 393 4371 Cor.
425 4330 504 4381 Vi,
539 4313 627 4381 12,
660 4315 771 4385 13).
802 4340 822 4365 ι
863 4316 991 4373 Ideo
1029 4334 1156 4390 ergo
1196 4318 1388 4376 absens
1426 4319 1758 4391 obsecratur,

165 4411 225 4459 et
249 4400 573 4456 modestiam
603 4401 812 4459 Christi
848 4402 1180 4477 interponit;
1214 4422 1282 4462 ne
1312 4424 1545 4480 praesens
1572 4408 1762 4467 durior

162 4490 497 4548 inveniatur
526 4505 685 4547 causa
713 4490 961 4549 virorum
1009 4509 1219 4564 eorum,
1253 4511 1413 4569 quam
1442 4506 1522 4553 est
1551 4500 1607 4554 in
1638 4499 1765 4573 epi-

163 4580 353 4648 stola;
385 4586 449 4635 nt
476 4590 864 4653 componentes
904 4596 982 4651 se,
1010 4583 1106 4656 qui
1145 4584 1323 4641 adhuc
1370 4602 1479 4643 non
1515 4588 1763 4646 emenda-
1793 4612 1843 4676 Β

167 4677 393 4739 verant,
453 4670 735 4726 mollirent
782 4670 889 4728 sibi
943 4672 1177 4746 rigorem
1226 4674 1475 4746 Apostoli
1509 4686 1607 4733 :ut
1652 4695 1765 4735 mo-

174 4762 397 4819 deratos
429 4775 520 4816 eos
543 4760 851 4830 inveniens,
883 4775 1065 4834 pressa
1094 4762 1379 4819 severitate
1400 4765 1672 4823 laetaretur
1702 4767 1761 4825 in

169 4852 274 4908 eis.
309 4848 711 4907 Conﬁdentiam
742 4850 925 4925 itaque
953 4850 1212 4909 ﬁduciam
1244 4853 1548 4911 severitatis
1580 4855 1761 4928 signi—

172 4938 383 5006 ﬁcavit,
418 4953 579 5011 quam
612 4937 749 4995 forte
781 4937 839 4995 in
868 4940 1099 5012 epistola
1138 4950 1352 5000 tantum
1382 4943 1583 5001 habere
1613 4950 1763 5019 puta-

174 5028 358 5095 batur,
408 5042 517 5083 non
570 5034 755 5084 tamen
806 5042 1042 5101 prmsens
1090 5029 1260 5096 facie;
1303 5031 1431 5104 quia
1482 5032 1542 5088 in
1589 5033 1764 5106 prima

176 5115 410 5188 epistola
447 5130 687 5187 severus,
720 5124 773 5173 et
814 5114 981 5174 nimis
1017 5116 1227 5191 rigidus
1266 5117 1527 5191 videtur;
1560 5130 1613 5177 et
1640 5122 1763 5180 ideo

174 5224 296 5263 com
307 5213 489 5262 monet
518 5222 586 5263 ne
614 5205 801 5263 eadem
832 5206 1119 5264 severitate
1146 5222 1382 5280 praesens
1400 5215 1605 5279 utatur,
1621 5209 1764 5270 sicut

183 5313 294 5352 non
326 5296 633 5368 sperabant.

249 5406 369 5477 (78)
404 5404 559 5462 Rom.
592 5400 748 5479 edit.,
795 5405 1173 5462 communionis
1216 5409 1400 5461 vestra:
1428 5405 1485 5460 in
1528 5405 1687 5479 ipsos,
1717 5412 1765 5462 et

182 5476 238 5531 in
264 5494 462 5549 names,
496 5484 543 5531 et
579 5478 903 5549 inﬂipsorum
934 5478 1190 5546 oratione,
1223 5484 1326 5534 etc.

249 5548 368 5629 (79)
403 5548 557 5629 Rom.
590 5548 744 5617 edit,
799 5550 990 5629 Gratia
1034 5555 1207 5605 autem
1246 5549 1353 5605 Deo
1384 5564 1539 5622 super
1569 5550 1764 5622 ine/fa-

176 5618 273 5674 bili
297 5619 455 5691 dono.
489 5621 700 5691 Donum
726 5620 883 5691 enim,
917 5627 1019 5678 etc.

179 5690 668 5820 daggoggonnulli
704 5690 871 5765 mss.,'
912 5691 1047 5754 hanc
1090 5708 1194 5753 esse
1228 5692 1597 5769 conﬁdentiam
1623 5691 1766 5749 dixit

318 5803 336 5836 ,
367 5803 473 5820 ννν.

1794 3258 1841 3320 C

1870 654 1965 710 per
1993 656 2111 695 eam
2155 638 2433 706 ﬁduciam,
2466 654 2574 711 qua
2618 636 2905 695 existimor
2944 639 3141 695 audere
3191 641 3251 695 in
3296 658 3454 715 quos-

1871 727 2016 800 dam,
2056 728 2149 801 qui
2177 726 2515 785 arbitrantur
2544 743 2643 786 nos
2668 727 2968 785 secundum
2996 743 3216 786 carnem
3250 730 3456 789 ambu-

1870 816 2002 875 lare.
2034 840 2057 867 ι
2100 817 2251 875 Idem
2280 832 2471 875 sensus
2502 824 2600 885 est,
2632 832 2793 890 quem
2817 826 2879 885 ut
2907 816 3192 887 dilucidet,
3220 821 3450 893 repetit;

1870 912 1989 962 orat
2015 905 2164 962 enim
2207 915 2271 964 ut
2296 906 2430 965 tales
2461 906 2588 964 illos
2618 906 2883 975 inveniat,
2910 921 2978 963 ne
3006 913 3232 979 cogatur
3273 908 3454 978 irasci,

1870 993 1964 1049 sed
1995 1002 2057 1052 ut
2098 996 2399 1069 requiescat
2428 1010 2554 1053 cum
2601 994 2701 1053 eis.
2740 994 2845 1053 Hic
2886 1010 3015 1067 ergo
3042 994 3278 1068 aperuit,
3308 994 3457 1068 quod

1870 1098 2033 1153 supra
2058 1083 2387 1153 signiﬁcavit
2414 1093 2469 1141 et
2488 1083 2669 1142 adhuc
2685 1084 2742 1141 in
2761 1082 3022 1155 subjectis
3047 1084 3262 1157 plenius
3282 1083 3456 1141 mani-

1862 1170 2050 1239 festat,
2080 1172 2221 1230 hanc
2257 1189 2373 1230 esse
2418 1173 2827 1241 conﬁdentiam,
2871 1189 3032 1246 quam
3076 1173 3168 1229 hic
3196 1172 3455 1229 ﬁduciam

1871 1260 2178 1329 dixit,dataa
2200 1262 2317 1333 (80)
2348 1263 2454 1319 sibi
2486 1264 2767 1336 potestatis
2794 1281 2826 1320 a
2854 1264 3094 1332 Christo,
3127 1262 3283 1335 cujus
3309 1264 3454 1320 vica-

1872 1348 1985 1406 rius
2014 1358 2121 1417 est;
2156 1362 2218 1408 ut
2241 1352 2482 1408 vindicet
2507 1353 2565 1408 in
2597 1370 2689 1409 eos
2714 1353 2828 1426 qui,
2862 1352 2964 1408 sub
2993 1352 3215 1408 nomine
3245 1352 3455 1410 Christi

1872 1445 2111 1508 agentes,
2165 1456 2277 1497 non
2331 1440 2658 1508 obaudiunt,
2714 1449 2779 1498 ut
2828 1440 3101 1511 corrigam
3146 1440 3205 1495 in
3256 1439 3457 1512 quibus

1873 1527 2370 1597 reprehenduntur.
2394 1530 2505 1585 Hos
2530 1529 2668 1585 dicit
2697 1528 2793 1602 qui
2821 1544 2931 1585 non
2954 1526 3269 1600 recipiendo
3295 1526 3455 1599 spiri-

1872 1615 2023 1682 talia,
2063 1633 2182 1687 qua“:
2219 1617 2287 1674 ab
2317 1619 2582 1689 Apostolo
2613 1616 2957 1684 dicebantur,
2989 1617 3069 1674 sic
3100 1632 3225 1672 eum
3253 1615 3457 1673 existi-

1873 1701 2114 1772 mabant,
2143 1705 2300 1777 quasi
2346 1707 2586 1763 carnalia
2615 1707 2950 1779 loqueretur,
2990 1721 3109 1778 quas
3138 1702 3457 1776 recipienda

1873 1806 1982 1847 non
2007 1802 2205 1849 essent.
2239 1793 2366 1850 ideo
2382 1794 2549 1851 dicit:
2580 1818 2601 1843 ι
2620 1794 2761 1862 Quia
2775 1793 3112 1851 arbitrantur
3137 1809 3238 1850 nos
3265 1808 3455 1850 secuno

1872 1877 2005 1936 dum
2030 1896 2248 1938 carnem
2269 1870 2583 1950 ambulare;
2612 1904 2632 1934 ι
2663 1883 2795 1957 quia
2807 1881 2903 1957 qui
2928 1880 3138 1955 spernit
3163 1879 3451 1954 spiritalia,

1874 1975 2030 2039 putat
2058 1968 2156 2026 illa
2178 1971 2418 2029 camelis
2449 1970 2590 2042 (8i).

1945 2057 2126 2128 (Vers.
2147 2058 2229 2130 3.)
2259 2082 2278 2105 ι
2298 2059 2433 2113 Nam
2465 2058 2524 2114 in
2551 2072 2714 2115 carne
2742 2057 3107 2127 ambulantes,
3133 2072 3247 2116 non
3266 2073 3454 2117 secun-

1875 2146 2005 2203 dum
2031 2162 2250 2205 carnem
2282 2148 2604 2206 militamus.
2629 2173 2648 2199 ι
2692 2152 2807 2206 Hoc
2830 2160 2932 2218 est,
2955 2150 3012 2206 in
3039 2165 3264 2222 corpore
3292 2150 3455 2223 positi

1875 2235 2200 2309 spiritaliter
2216 2237 2459 2293 vivimus
2482 2255 2494 2293 :
2529 2237 2849 2310 spiritaliter
2864 2238 3010 2294 enim
3028 2238 3191 2307 vivit,
3215 2238 3311 2311 qui
3326 2239 3456 2295 facit

1874 2325 2018 2398 quod
2049 2326 2223 2397 placet
2244 2328 2375 2383 Deo.
2401 2326 2503 2384 Hic
2521 2343 2647 2400 ergo
2667 2327 2967 2385 secundum
2993 2343 3211 2385 carnem
3230 2327 3452 2396 militat,

1873 2416 1969 2487 qui
1996 2415 2281 2471 desideriis
2310 2416 2491 2473 carnis
2518 2416 2889 2489 obtemperat;
2917 2417 3098 2471 omnis
3128 2416 3275 2471 enim
3303 2404 3477 2471 errori

1874 2515 1998 2556 caro
2027 2499 2249 2557 dicitur.
2275 2502 2496 2559 Christo
2522 2509 2705 2561 autem
2733 2504 2849 2577 ipse
2867 2501 3090 2572 militat,
3115 2502 3213 2575 qui
3226 2500 3457 2560 obaudit

1874 2594 1925 2650 ei
1953 2596 2013 2650 in
2041 2596 2148 2651 ﬁde
2179 2604 2234 2652 et
2258 2598 2569 2671 disciplina.

1946 2687 2126 2757 (Vere.
2144 2687 2225 2759 4.)
2253 2712 2271 2735 ι
2285 2691 2449 2745 Arma
2466 2690 2614 2745 enim
2643 2690 2860 2746 militiae
2875 2696 3073 2747 nostra:
3085 2704 3196 2747 non
3216 2687 3457 2747 carnalia

1874 2783 2024 2843 sunt,
2044 2774 2139 2830 sed
2161 2776 2324 2831 fortia
2352 2779 2483 2833 Deo.
2506 2800 2525 2824 ι
2560 2776 2686 2833 Ideo
2714 2777 2898 2844 fortia,
2940 2777 3071 2851 quia
3099 2777 3450 2850 incorrupta;

1875 2868 2061 2925 omnia
2088 2869 2232 2924 enim
2263 2870 2504 2926 carnalia
2528 2877 2787 2941 corrupta
2818 2876 2965 2926 sunt.
2987 2871 3155 2928 Arma
3169 2870 3451 2944 ergoideo,

1876 2957 2005 3030 quia
2031 2966 2335 3030 repugnant
2363 2957 2537 3027 vitiis,
2568 2959 2786 3031 signum
2826 2955 3085 3015 habentia
3112 2959 3455 3032 imperatoris

1875 3047 1961 3104 sui
1993 3047 2220 3117 Christi,
2251 3049 2346 3122 qui
2373 3049 2545 3105 hostis
2571 3057 2653 3106 est
2676 3048 2959 3117 vitiorum;
2990 3049 3134 3105 sicut
3160 3046 3310 3105 enim
3340 3042 3469 3105 im-‘

1876 3144 2091 3210 perator
2116 3154 2212 3210 per
2239 3138 2445 3195 milites
2470 3155 2598 3195 suos
2616 3135 2865 3195 vindicat
2891 3152 3051 3194 suum
3079 3152 3305 3211 regnum
3335 3154 3346 3193 :
3381 3137 3458 3194 ita

1875 3233 1931 3282 et
1967 3226 2217 3284 Salvator
2244 3243 2340 3301 per
2375 3242 2477 3283 nos
2505 3243 2692 3284 servos
2730 3240 2858 3285 suos
2891 3224 3135 3284 defendit
3162 3226 3329 3284 unius
3354 3224 3454 3285 Dei

1871 3315 2264 3387 professionem
2293 3321 2348 3372 et
2367 3315 2737 3389 disciplinam.

1942 3412 2125 3485 (Vers.
2158 3414 2241 3485 5.)
2286 3436 2305 3461 ι
2332 3413 2416 3471 Ad
2436 3413 2863 3471 destructionem
2888 3410 3283 3483 munitionum,
3312 3409 3455 3486 cogi-

1872 3502 2105 3559 tationes
2125 3501 2485 3570 destruentes,
2499 3510 2553 3558 et
2571 3518 2789 3559 omnem
2820 3503 3171 3557 altitudinem
3189 3502 3455 3557 extollen-

1872 3600 1982 3647 tem
2011 3609 2067 3648 se
2084 3591 2343 3647 adversus
2377 3591 2744 3664 cognitionem
2780 3593 2898 3647 llei.
2929 3616 2947 3639 ι
2990 3593 3159 3647 Arma
3185 3591 3455 3661 spiritalia

1872 3680 2006 3736 ﬁdes
2035 3688 2117 3737 est
2171 3679 2502 3753 incorruptae
2551 3681 2976 3753 praedicationis.
3011 3680 3112 3735 Per
3155 3679 3273 3736 haec
3313 3680 3458 3735 Deus

1873 3768 2047 3826 vincit
2077 3768 2349 3841 principes
2376 3777 2430 3826 et
2458 3776 2772 3842 potestates,
2810 3784 2947 3842 quos
2992 3774 3206 3824 constat
3250 3774 3313 3823 ut
3352 3766 3457 3824 sibi

1872 3867 2136 3931 usurpent
2166 3858 2484 3931 imperium,
2502 3859 2694 3916 extolli
2716 3866 2909 3915 contra
2935 3857 3099 3913 ﬁdem
3123 3855 3351 3927 Christi,
3371 3874 3455 3914 co-

1874 3948 2234 4022 gitationibus
2262 3965 2318 4005 se
2343 3946 2631 4006 hominum
2666 3948 2987 4016 inserentes,
3018 3956 3081 4003 ut
3109 3953 3339 4003 avocent
3368 3963 3459 4004 eos

1871 4054 1904 4096 a
1930 4040 2029 4096 Dei
2064 4044 2203 4101 196
2232 4038 2502 4107 dominio,
2540 4054 2675 4113 quas
2706 4038 3065 4111 cogitationes
3093 4036 3327 4095 destruit
3355 4054 3460 4095 ve-

1872 4139 2006 4204 ritas
2030 4136 2178 4196 ﬁdei.
2212 4138 2545 4197 Munitiones
2574 4156 2700 4211 ergo
2729 4137 3005 4211 principes
3034 4136 3171 4194 dicit
3210 4146 3262 4194 et
3297 4145 3461 4209 pote—

1872 4234 2054 4296 states,
2082 4236 2136 4285 et
2185 4228 2450 4300 spiritalia
2498 4228 2780 4301 nequitiae,
2832 4227 2926 4301 qui
2979 4244 3037 4283 se
3078 4226 3375 4294 extollunt,
3406 4234 3461 4284 et

1872 4326 2088 4375 armant
2114 4316 2425 4375 inﬁdelium
2458 4318 2672 4374 animos
2699 4317 2768 4373 ad
2799 4316 3282 4381 contradicendum
3308 4316 3459 4373 Chri-

1872 4416 1957 4464 sto
1985 4424 1997 4463 :
2022 4414 2214 4466 contra
2246 4423 2383 4481 quos
2418 4415 2626 4480 pugnat
2652 4405 2750 4463 Dei
2785 4404 2894 4473 lex,
2927 4404 3196 4477 dissipans
3226 4404 3456 4461 consilia

1873 4510 2079 4553 eorum.
2113 4497 2224 4552 «Et
2246 4493 2303 4552 in
2323 4496 2697 4570 captivitatem
2722 4494 3027 4567 redigentes
3057 4510 3273 4549 onmem
3304 4492 3460 4550 intel-

1874 4587 2096 4656 lectum,
2127 4596 2181 4644 et
2208 4588 2568 4661 perducentes
2599 4586 2665 4643 ad
2695 4585 3061 4642 obedientiam
3094 4580 3298 4640 Christi
3318 4582 3456 4652 (82).

1874 4677 2129 4750 Captivat
2183 4677 2546 4744 intellectum,
2590 4675 2721 4730 dum
2753 4671 3218 4729 contradicentem
3252 4670 3460 4724 ratione

1872 4766 2080 4823 vincit:
2117 4774 2172 4821 et
2200 4765 2268 4822 ad
2303 4765 2466 4821 ﬁdem
2497 4761 2723 4829 Christi,
2752 4762 2841 4817 cui
2867 4760 3017 4833 prius
3047 4765 3458 4831 repugnaverat,

1872 4853 2138 4911 humilem
2169 4862 2223 4910 et
2252 4860 2599 4910 mansuetum
2631 4849 2866 4905 inducit.

1944 4943 2125 5019 (Vera.
2160 4941 2239 5014 6.)
2286 4965 2304 4989 ε
2332 4942 2404 4997 Et
2432 4937 2605 5013 parati
2641 4938 2700 4993 in
2732 4934 2990 4992 omnibus
3021 4933 3303 4993 vindicare
3331 4952 3463 4993 om-

1866 5049 1998 5090 nem
2037 5028 2489 5095 inobedientiam,
2530 5041 2657 5083 cum
2695 5023 2921 5096 impleta
2962 5024 3131 5081 fuerit
3178 5022 3462 5084 obauditio

1874 5130 2071 5180 vestra.
2103 5146 2121 5169 ι
2165 5118 2517 5175 Manifestum
2547 5122 2628 5170 est
2676 5114 2805 5186 quia
2853 5112 3099 5170 vindicat
3130 5111 3462 5171 inobeilien-

1874 5211 2029 5279 tiam,
2060 5224 2185 5266 cum
2215 5206 2368 5262 illam
2418 5202 2746 5260 condemnat
2789 5219 2884 5275 per
2920 5202 3285 5259 obedientiam
3320 5202 3459 5273 (83),

1873 5308 2006 5357 tunc
2033 5297 2184 5353 illam
2216 5295 2521 5362 destruens,
2549 5292 2769 5367 quando
2796 5308 2887 5348 eos
2907 5291 3001 5364 qui
3032 5292 3313 5358 resistunt,
3330 5306 3463 5361 per-

1968 5402 2060 5479 8!)
2090 5404 2192 5479 Ms.
2225 5400 2411 5479 Corb.,
2440 5400 2707 5479 putatpilli
2735 5398 2980 5479 carnalia
3017 5399 3240 5479 placere.
3302 5466 3356 5479 Μ
3414 5467 3424 5479 .

1968 5404 2060 5474 81)
2092 5404 2192 5459 Ms.
2225 5404 2411 5470 Corb.,
2440 5406 2596 5473 putat
2622 5404 2707 5456 illi
2735 5404 2980 5454 carnalia
3017 5404 3240 5467 placere.

1944 5404 2056 5547 E82)
2088 5478 2246 5531 Rom.
2282 5475 2440 5547 edit,
2471 5474 2786 5547 intellectum
2810 5471 2882 5525 ad
2920 5468 3261 5547 obedientiam
3294 5466 3463 5547 Chri-

1871 5537 1963 5603 sti:
1993 5537 2238 5619 captivat
2296 5537 2627 5601 intellectum.
2653 5546 2755 5619 -ᾼιν
2786 5537 3465 5619 continuouposthabetur

1871 5619 1930 5674 in
1959 5612 2084 5675 cod:
2112 5618 2261 5686 Val.,
2294 5619 2419 5672 dum
2447 5615 2780 5677 contradicit,
2810 5613 2934 5665 dum
2983 5612 3251 5686 rationein
3281 5612 3460 5686 uincit.
3490 5647 3505 5653 -

1944 5691 2068 5763 (83)
2089 5690 2212 5763 νει.
2245 5678 2378 5746 edit.
2412 5705 2474 5745 ac
2522 5704 2650 5763 mss.
2679 5699 2811 5763 _non
2838 5678 3464 5763 paq‘cihoba‘ud‘itio‘no-

1873 5750 2006 5820 atra.
2036 5750 2196 5831 Quod
2226 5776 2355 5818 vero
2384 5757 2653 5833 sequitur,
2675 5756 2735 5813 in
2762 5750 2885 5814 cod.
2922 5751 3086 5809 Corb.
3116 5751 3197 5808 sic
3223 5750 3458 5821 legitur;
