3976 6372
508 401 612 460 333

1534 396 1631 454 AD
1667 397 1901 456 OPERA
1939 392 1990 454 S.
2035 388 2364 457 AMBROSII
2400 390 2777 459 APPENDIX.

3678 390 3790 463 336

506 522 659 579 ducit
688 521 753 578 ad
784 519 984 589 ﬁdem;
1020 528 1083 578 ut
1110 520 1340 594 perﬁdia
1366 519 1434 578 ab
1458 519 1529 578 iis
1554 537 1588 578 a
1612 524 1813 596 quibus
1839 521 2093 581 defende-
2118 530 2170 589 A
2214 586 2221 593 ,
2268 526 2450 595 (Vers.
2486 526 2599 595 12.)
2643 551 2661 573 ι
2690 527 2810 583 Non
2836 523 2984 583 enim
3034 514 3299 582 audemus
3327 527 3660 600 conjungere
3687 535 3790 585 aut

504 610 685 680 batur,
713 612 1023 669 damnetur.

581 701 763 771 (Vers.
793 702 871 771 7.)
918 700 1081 768 sQuae
1107 701 1406 759 secundum
1434 701 1630 759 faciem
1665 710 1813 771 sunt,
1846 703 2074 760 videte»

505 791 665 849 Nunc
684 792 807 847 vult
847 806 937 845 eos
963 805 1082 863 quae
1111 791 1289 863 palam
1318 797 1467 858 sunt,
1505 789 1870 857 considerare,
1898 790 1955 847 id
1983 796 2086 861 est,

509 895 573 937 ea
599 896 720 955 qua)
777 879 1024 937 dicturus
1074 886 1183 947 est;
1219 879 1348 951 quia
1393 886 1523 935 sunt
1552 888 1735 951 aperta
1761 878 2083 952 dijudicare.

508 969 657 1026 Dicit
686 984 844 1042 ergo:
878 992 896 1016 ιι
917 968 972 1024 Si
1002 966 1126 1040 quis
1150 967 1378 1024 conﬁdit
1406 984 1463 1024 se
1492 983 1606 1025 esse
1636 984 1854 1024 servum
1881 966 2087 1027 Christi

511 1059 654 1131 (84),
690 1058 797 1116 hoc
829 1058 1028 1130 cogitet
1076 1058 1275 1115 iterum
1323 1059 1468 1132 apud
1513 1076 1589 1129 se,
1637 1061 1766 1134 quia
1804 1061 1946 1117 sicut
1974 1059 2089 1131 ipse

508 1146 715 1207 Christi
744 1154 845 1216 est,
876 1149 953 1202 ita
981 1153 1034 1202 et
1054 1162 1171 1204 nos.
1202 1171 1222 1194 ι
1256 1146 1331 1204 Iis
1363 1148 1625 1221 loquitur,
1655 1165 1885 1221 quorum
1915 1148 2091 1220 tangit

508 1236 843 1309 superbiam,
870 1236 963 1308 qui
994 1236 1061 1293 de
1090 1254 1145 1293 se
1172 1248 1558 1308 praesumentes
1585 1238 1866 1296 inﬂatione
1894 1239 2086 1308 animi,

508 1323 692 1381 minus
721 1340 880 1396 quam
913 1323 1139 1395 dignum
1184 1333 1318 1394 erat,
1370 1325 1438 1382 de
1467 1328 1729 1399 Apostolo
1759 1326 2087 1396 sentiebant,

509 1414 665 1482 quasi
694 1428 805 1469 non
829 1420 1047 1484 egerent
1084 1415 1368 1486 praeceptis
1396 1413 1533 1485 ejus.
1566 1416 1714 1482 Quos
1740 1423 2086 1483 commonet;

508 1509 573 1560 ut
603 1502 650 1558 si
678 1501 746 1558 de
769 1517 825 1558 se
853 1500 1209 1571 conﬁderent,
1232 1503 1361 1575 quia
1379 1512 1534 1559 erant
1562 1503 1705 1559 servi
1735 1502 1961 1572 Christi,
1978 1518 2090 1559 non

509 1590 702 1661 utique
731 1587 991 1645 deberent
1016 1589 1082 1645 de
1111 1590 1376 1662 Apostolo
1394 1589 1648 1646 dubitare
1668 1608 1682 1657 ;
1700 1588 1795 1646 sed
1825 1596 1879 1645 et
1908 1589 1975 1645 de
2003 1605 2090 1658 eo,

511 1677 765 1751 quamvis
792 1678 968 1749 impar
997 1677 1088 1745 sit,
1106 1679 1194 1734 vel
1222 1678 1478 1734 similiter
1502 1678 1731 1746 sentire;
1754 1693 1881 1735 cum
1902 1676 2091 1751 utique

511 1767 685 1836 magis
727 1765 981 1837 prmferre
1032 1765 1137 1821 sibi
1176 1765 1436 1822 deberent
1464 1766 1785 1839 magistrum
1824 1766 2088 1837 gentium.

511 1854 617 1911 Sed
643 1853 735 1911 hic
763 1854 889 1910 illos
918 1853 1285 1943 humilitatem
1317 1854 1377 1943 in
1396 1870 1452 1912 se
1475 1855 1651 1923 docet,
1683 1868 1904 1943 aequans
1930 1869 1990 1943 se
2014 1853 2093 1909 il-
2117 1881 2166 1943 Β

511 1944 611 2011 lis;
645 1959 770 2000 cum
817 1950 957 2000 esset
985 1958 1080 1999 vas
1128 1942 1433 2011 electionis,
1463 1951 1518 1999 et
1554 1941 1823 2019 magister.
1847 1941 2090 2013 gentium

510 2032 571 2088 in
601 2030 707 2088 ﬁde
734 2040 789 2088 et
816 2030 1064 2088 veritate.
1096 2030 1212 2087 Hoc
1252 2032 1375 2088 vult
1412 2045 1539 2102 ergo
1568 2029 1697 2087 illos
1723 2029 2089 2098 considerare,

512 2121 659 2193 quod
701 2122 887 2195 utique
932 2121 1077 2178 clara
1122 2122 1245 2180 luce
1282 2120 1532 2190 videtur;
1567 2121 1698 2194 quia
1723 2120 1791 2178 de
1829 2120 2092 2192 Apostolo

510 2227 673 2268 nemo
719 2211 1059 2268 credentium
1105 2226 1216 2267 non
1246 2210 1370 2283 plus
1407 2211 1661 2277 aestimet,
1693 2226 1854 2284 quam
1884 2210 1952 2266 de
1984 2226 2041 2267 se
2071 2225 2086 2267 :

512 2308 714 2372 quanto
745 2300 915 2372 magis
944 2314 1105 2356 nemo
1128 2300 1312 2356 minus
1342 2315 1505 2372 quam
1525 2298 1592 2356 de
1629 2315 1687 2355 se
1715 2297 1910 2355 debeat
1935 2297 2094 2355 aesti-

512 2389 707 2445 mare?
742 2389 853 2444 Hoc
898 2404 1025 2461 ergo
1065 2396 1401 2446 contestatur
1437 2396 1492 2443 et
1520 2387 1706 2453 docet;
1740 2402 1808 2443 ne
1856 2386 2090 2442 elatione

510 2477 713 2533 mentis
743 2478 896 2533 bonae
926 2476 1054 2532 vitae
1075 2477 1331 2533 meritum
1355 2474 1782 2548 perderent.Qui
1811 2474 1960 2532 enim
1986 2474 2092 2533 scit

507 2582 567 2624 se
597 2566 803 2638 aliquid
834 2582 966 2636 esse,
998 2565 1255 2623 humiliet
1281 2581 1357 2634 se,
1389 2572 1453 2622 ut
1482 2565 1719 2638 amplior
1745 2564 1861 2621 ﬁat.

526 2688 537 2713 ι
584 2656 764 2728 (Vers.
805 2657 886 2729 8.)
936 2681 957 2706 ι
988 2657 1127 2715 Nam
1166 2656 1268 2713 etsi
1305 2656 1517 2728 aliquid
1553 2656 1790 2729 amplius
1828 2654 2091 2728 gloriatus

507 2745 667 2802 fuero
695 2745 762 2803 de
795 2753 1058 2820 potestate
1087 2753 1293 2816 nostra,
1322 2761 1489 2821 quam
1525 2745 1676 2802 dedit
1704 2745 1864 2802 nobis
1890 2743 2092 2802 Domi-

508 2850 613 2893 nus
639 2835 699 2891 in
728 2835 1168 2906 aediﬁcationem,
1210 2853 1321 2895 non
1350 2837 1409 2893 in
1444 2836 1870 2894 destructionem
1898 2831 2086 2901 vestri,

508 2939 618 2981 non
650 2925 984 2984 erubescam.
1016 2949 1036 2973 ι
1082 2926 1239 2981 Nunc
1276 2924 1569 2995 signiﬁcat,
1603 2924 1733 2995 quia
1756 2920 2006 2995 superius
2032 2935 2090 2976 se

506 3012 845 3081 humiliavit,
895 3012 1029 3084 ipsis
1072 3027 1130 3067 se
1177 3013 1581 3085 comparando;
1631 3027 1756 3067 cum
1805 3011 1851 3066 si
1888 3025 1945 3067 se
1971 3008 2090 3066 eri-

505 3105 595 3172 gat
647 3099 786 3168 (85),
827 3114 939 3154 non
991 3097 1305 3165 erubescat;
1356 3099 1485 3169 quia
1519 3113 1552 3153 a
1593 3096 1831 3153 Domino
1881 3097 2091 3170 accepit

506 3192 822 3259 potestatem
872 3183 1225 3257 praedicandi,
1256 3190 1318 3240 ut
1364 3186 1558 3254 salvet,
1611 3200 1725 3241 non
1780 3192 1843 3241 ut
1898 3172 2089 3258 perdat

505 3273 880 3333 obaudientes.
913 3273 971 3329 Si
999 3288 1128 3343 ergo
1155 3272 1248 3330 hic
1276 3274 1372 3346 qui
1415 3289 1447 3330 a
1482 3273 1720 3330 Domino
1756 3274 1955 3331 missus
1983 3281 2083 3343 est,

504 3363 735 3422 inclinat
802 3379 880 3433 se,
931 3370 1211 3434 comparat
1289 3377 1345 3419 se
1425 3362 1809 3430 inferioribus;
1881 3370 2086 3435 quanto

504 3454 677 3525 magis
722 3453 784 3521 ii,
831 3451 926 3525 qui
974 3451 1185 3509 nullius
1215 3461 1372 3510 erant
1417 3452 1741 3522 testimonii,
1773 3468 2086 3525 comparare

503 3559 561 3600 se
590 3558 701 3597 non
728 3539 1009 3609 deberent,
1041 3557 1153 3598 non
1198 3540 1380 3600 dicam
1409 3542 1684 3616 praeferre,
1730 3542 2033 3613 majoribus
2056 3543 2086 3599 Ἰ

488 3645 493 3707 3
576 3629 757 3700 (Vers.
789 3628 870 3699 9.)
932 3654 952 3678 ι
986 3628 1059 3686 Ut
1100 3636 1280 3687 autem
1336 3646 1449 3687 non
1500 3630 1882 3687 existimemur
1929 3628 2085 3703 quasi

502 3727 703 3775 terrere
731 3734 830 3775 vos
877 3733 973 3791 per
1017 3718 1295 3792 epistolas.
1326 3744 1348 3771 ›
1386 3719 1486 3777 Ille
1531 3726 1709 3792 potest
1758 3719 1935 3776 videri
1980 3727 2085 3776 ter-

502 3821 619 3862 rere
661 3822 758 3878 per
800 3806 1075 3879 epistolas,
1126 3807 1223 3881 qui
1264 3822 1441 3881 neque
1482 3807 1828 3864 auctoritatis
1852 3807 2083 3880 alicujus

501 3902 604 3963 est,
634 3910 811 3968 neque
839 3911 1076 3969 praesens
1102 3895 1364 3952 ﬁduciam
1392 3895 1558 3952 habet
1576 3895 1837 3967 arguendi
1857 3913 1870 3953 :
1889 3896 2081 3953 absens

500 3992 683 4041 autem
713 3983 836 4043 ideo
865 3984 1047 4053 audet,
1080 3984 1209 4058 quia
1245 4000 1480 4057 praesens
1505 3984 1684 4043 timet.

486 4094 489 4099 ⁴
572 4073 754 4143 (Vers.
786 4073 874 4142 10,
902 4074 1016 4145 il.)
1062 4097 1082 4120 ε
1109 4074 1251 4142 Quia
1285 4073 1530 4146 epistolae
1559 4072 1779 4147 quidem
1810 4090 1999 4148 graves
2024 4082 2080 4133 et

500 4166 668 4223 fortes
720 4173 866 4235 sunt,
913 4168 1200 4239 praesentia
1240 4175 1419 4225 autem
1466 4167 1711 4240 corporis
1748 4168 1986 4240 inﬁrma,
2023 4177 2080 4228 et

500 4268 679 4309 sermo
726 4255 1173 4326 contemptibilis.
1228 4257 1343 4313 Hoc
1384 4255 1616 4313 mstimet
1657 4256 1753 4329 qui
1808 4256 2078 4329 ejusmodi

499 4349 599 4409 est,
623 4342 751 4415 quia
780 4343 966 4414 quales
992 4358 1181 4399 sumus
1200 4343 1368 4401 verbo
1395 4360 1491 4417 per
1521 4344 1779 4418 epistolas
1804 4345 2074 4416 absentes,

498 4430 632 4486 tales
661 4446 849 4487 sumus
878 4439 930 4487 et
975 4439 1265 4502 praesentes
1312 4433 1371 4489 in
1414 4448 1594 4505 opere.
1639 4457 1659 4482 ι
1708 4432 1838 4489 Ideo
1880 4450 1993 4490 non
2020 4450 2077 4491 se

495 4518 665 4576 alium
713 4535 826 4576 esse
880 4519 1182 4588 absentem,
1233 4536 1394 4594 quam
1439 4538 1675 4594 praesens
1716 4531 1820 4589 est,
1848 4523 2073 4595 probat;

495 4607 625 4680 quia
660 4624 771 4664 non
801 4616 915 4665 erat
954 4618 1337 4683 praesumptor.
1373 4611 1423 4666 A
1458 4610 1696 4667 Domino
1731 4610 1877 4667 enim
1915 4620 2079 4684 pote-

492 4704 685 4753 statem
714 4706 1030 4770 acceperat;
1072 4700 1163 4756 cui
1217 4699 1365 4755 enim
1397 4714 1508 4754 non
1539 4706 1620 4755 est
1647 4698 1773 4756 data
1820 4707 2074 4772 potestas,

491 4785 684 4843 absens
739 4794 916 4859 potest
981 4787 1198 4854 audere,
1258 4802 1497 4858 praesens
1560 4796 1745 4843 autem
1813 4789 2074 4859 pudorem

491 4872 718 4944 patitur.
748 4872 876 4928 Ideo
915 4874 1210 4944 Apostolus
1238 4887 1350 4929 non
1399 4872 1695 4941 erubescit,
1726 4872 1856 4929 dum
1897 4876 2078 4930 corri-

492 4958 607 5031 pit;
640 4959 769 5031 quia
822 4959 1024 5016 ﬁducia
1072 4961 1354 5033 potestatis
1394 4960 1499 5021 boc
1535 4961 1666 5035 agit.
1700 4961 1828 5019 Haec
1858 4959 2077 5036 propter

492 5046 596 5103 bos
625 5047 890 5119 loquitur,
921 5048 1014 5118 qui
1042 5065 1153 5105 non
1174 5051 1326 5107 missi
1355 5051 1726 5123 praedicabant
1753 5050 2073 5121 adulantes;

492 5134 622 5208 quia
649 5150 706 5191 se
736 5134 882 5207 ipsos
905 5137 1288 5194 commendare
1319 5139 1599 5198 volebant.

490 5341 829 5411 Manifestum
859 5346 953 5411 est,
983 5339 1077 5410 qui
1112 5340 1343 5399 vindicat
1377 5345 1738 5417 obedientiam,
1768 5344 2076 5405 condemnat

490 5412 909 5466 inobedientiam.
1020 5412 1027 5419 ’

489 5428 754 5467 mooemen
763 5428 909 5469 nam.

562 5482 678 5621 (84)
712 5484 868 5540 Rom.
900 5484 1057 5555 edit.,
1085 5485 1301 5553 conﬁdit
1328 5503 1380 5542 se
1408 5504 1512 5543 esse
1541 5491 1762 5549 Christi.

587 5552 679 5621 85)
712 5554 913 5611 Eadem
942 5558 1099 5613 Rom.
1122 5555 1279 5621 edit.,
1307 5574 1404 5612 cur
1427 5561 1472 5614 si
1491 5578 1544 5614 se
1562 5563 1751 5621 erigat:

525 5619 536 5631 .
562 5552 679 5623 (85)
712 5554 913 5634 Eadem
942 5552 1099 5613 Rom.
1122 5552 1279 5625 edit.,
1307 5574 1404 5612 cur
1427 5561 1472 5614 si
1491 5578 1544 5614 se
1562 5563 1751 5633 erigat;
1770 5579 1915 5621 unus
1942 5580 2068 5634 ms.,

489 5636 537 5675 ει
563 5638 615 5696 se
633 5632 889 5696 ροξνέααιιο

562 5692 678 5764 (86)
707 5692 865 5752 Rdm.
895 5697 1050 5770 edit,
1070 5700 1322 5758 audemus
1342 5701 1604 5772 conferre,
1621 5711 1717 5762 aut
1740 5721 2067 5778 comparare.

2198 630 2509 686 comparare
2541 614 2658 685 (86)
2690 629 2789 670 nos
2820 613 2963 685 ipsos
3012 613 3364 687 quibusdam,
3395 616 3489 689 qui
3538 631 3593 671 se
3633 617 3788 688 ipsos

2198 702 2602 758 commendant.
2634 727 2653 751 ι
2694 703 2762 758 Hi
2793 710 2923 761 sunt
2951 703 3043 777 qui
3101 700 3159 761 se
3187 704 3333 777 ipsos
3370 706 3783 777 commendant,

2199 790 2314 862 qui,
2337 806 2447 846 non
2469 797 2687 863 accepta
2713 798 2996 864 potestate,
3027 791 3302 849 dominari
3324 788 3538 863 volunt,
3568 796 3785 853 nomini

2199 895 2298 935 suo
2341 878 2684 936 vindicantes
2715 879 3114 937 auctoritatem.
3155 880 3263 948 Qui
3309 881 3456 938 enim
3515 882 3781 953 mittitur,

2199 981 2309 1024 non
2364 967 2491 1036 sibi,
2538 967 2634 1023 sed
2661 968 2709 1024 ei
2757 985 2788 1023 a
2813 985 2921 1040 quo
2953 968 3216 1037 mittitur,
3259 969 3508 1026 vindicat
3545 979 3786 1043 potesta-

2198 1060 2308 1110 tem
2344 1071 2482 1128 :per
2528 1054 2676 1128 quod
2717 1055 2878 1112 etiam
2927 1056 3167 1112 ostendit
3219 1071 3278 1113 se
3326 1072 3360 1113 a
3398 1057 3636 1116 Domino
3673 1058 3788 1117 dis-

2200 1152 2538 1215 pensatorem
2595 1144 2852 1200 electum.
2885 1143 2976 1200 Sic
3030 1160 3158 1215 ergo
3212 1160 3324 1201 non
3379 1145 3663 1218 conjungit
3702 1160 3787 1205 se.

2199 1240 2293 1288 aut
2337 1239 2614 1302 comparat
2661 1231 2731 1287 iis
2763 1230 2858 1303 qui
2908 1247 3020 1287 non
3068 1231 3219 1288 missi
3268 1232 3585 1305 praedicant,
3642 1234 3783 1291 dum

2200 1318 2345 1389 nihil.
2372 1318 2519 1376 ultra
2544 1335 2862 1376 concessum
2892 1319 3175 1392 praesumit
3204 1318 3346 1391 (87).

2272 1455 2454 1526 (Vers.
2488 1454 2603 1526 13.)
2648 1480 2667 1503 ι
2694 1454 2798 1512 Sed
2828 1453 2933 1525 ipsi
2965 1454 3023 1510 in
3051 1454 3212 1512 nobis
3231 1456 3591 1528 nosmetipsos
3621 1471 3788 1513 men-

2199 1551 2467 1611 surantes,
2517 1550 2572 1599 et
2616 1549 2992 1616 comparantes
3040 1544 3404 1615 nosmetipsos
3450 1544 3631 1613 nobis,
3670 1560 3788 1601 non

2202 1632 2528 1689 immensum
2559 1632 2918 1703 gloriabimur
2951 1648 2963 1684 :
2995 1631 3089 1686 sed
3119 1631 3421 1688 secundum
3469 1647 3789 1689 mensuram

2201 1722 2398 1793 regulas
2427 1736 2589 1793 quam
2620 1719 2851 1792 partitus
2904 1725 2987 1774 est
3041 1717 3200 1775 nobis
3247 1719 3414 1789 Deus,
3470 1734 3792 1778 mensuram

2201 1808 2543 1882 pertingendi
2606 1822 2777 1879 usque
2828 1803 2898 1862 ad
2953 1820 3070 1862 vos.
3118 1830 3138 1856 ι
3200 1806 3371 1863 Tanta
3419 1822 3477 1864 se
3519 1810 3601 1864 uti
3638 1807 3791 1867 dicit

2199 1902 2479 1967 potestate,
2541 1902 2745 1967 quanta
2797 1908 3052 1950 concessa
3106 1900 3189 1950 est
3242 1892 3311 1951 ab
3358 1894 3618 1961 Auctore,
3679 1910 3790 1953 nec

2200 1997 2508 2039 mensuram
2540 1979 2742 2051 egredi.
2774 1979 2986 2039 Idcirco
3016 1997 3128 2038 non
3155 1980 3391 2055 superba
3424 1980 3548 2051 erit,
3580 1982 3789 2057 inquit,

2198 2070 2451 2143 gloriatio
2506 2075 2726 2136 nostra;
2768 2068 2989 2141 quando
3044 2085 3156 2126 non
3208 2069 3645 2142 transgredimur
3674 2080 3787 2129 ter-

2192 2159 2413 2215 minum
2466 2157 2606 2213 datas
2664 2158 2969 2229 potestatis.
3036 2157 3279 2215 Gloriam
3326 2175 3426 2231 pro
3461 2159 3786 2217 auctoritate

2199 2246 2400 2319 posuit,
2443 2261 2553 2319 qua
2587 2245 2843 2302 utebatur
2880 2246 2940 2302 in
2979 2246 3421 2319 correptionibus
3468 2252 3605 2310 197
3658 2263 3783 2321 pec-

2198 2351 2442 2400 catorum
2467 2359 2480 2409 ;
2529 2350 2592 2397 ut
2619 2342 2797 2398 salvos
2825 2358 2917 2399 eos
2945 2342 3163 2398 faceret.
3195 2342 3306 2399 Nec
3334 2351 3518 2400 tamen
3549 2342 3770 2416 gloriari

2199 2446 2255 2489 se
2270 2430 2406 2487 dicit
2421 2429 2476 2485 in
2498 2429 3137 2510 extollentiapotestatis,
3155 2428 3251 2486 sed
3269 2429 3339 2487 ad
3357 2430 3777 2489 aediﬁcationem

2198 2519 2440 2576 illorum.
2472 2517 2725 2575 Ostendit
2751 2519 2898 2574 enim
2946 2525 3288 2591 potestatem,
3320 2518 3388 2575 de
3419 2534 3527 2592 qua
3569 2520 3615 2576 si
3664 2519 3777 2591 gloo

2196 2609 2329 2666 riari
2356 2607 2540 2676 vellet,
2586 2622 2696 2663 non
2726 2607 2885 2662 illum
2932 2598 3160 2679 puderet
3189 2606 3343 2679 (88);
3375 2608 3505 2681 quia
3541 2608 3669 2664 data
3694 2615 3781 2666 est

2190 2700 2282 2764 illi
2310 2717 2343 2757 a
2367 2699 2621 2757 Domino.
2653 2698 2757 2756 Sed
2786 2698 2879 2755 hic
2906 2699 2986 2758 sic
3030 2700 3128 2756 illa
3172 2699 3370 2770 utitur,
3399 2710 3463 2759 ut
3506 2718 3615 2758 non
3661 2703 3774 2776 glo-

2196 2789 2370 2847 rietur
2398 2831 2414 2857 ,
2462 2787 2571 2845 nisi
2628 2787 2687 2844 in
2735 2788 2981 2861 profectu
3036 2787 3375 2845 credentium
3398 2831 3416 2858 ,
3477 2790 3617 2846 corri
3626 2791 3785 2863 piens

2195 2884 2508 2936 constanter
2547 2876 2811 2942 vitiosos;
2845 2883 2907 2932 ut
2944 2876 3207 2948 glorietur
3234 2876 3293 2933 in
3323 2877 3499 2935 salute
3527 2878 3779 2948 illorum,

2195 2973 2257 3024 ut
2283 2973 2519 3038 potestas
2532 2964 2658 3021 data
2686 2962 2850 3020 saluti
2872 2963 3265 3037 proﬁciat,non
3281 2964 3528 3023 elationi.
3550 2967 3775 3039 Duplici

2196 3069 2324 3126 ergo
2351 3068 2541 3124 genere
2560 3067 2673 3107 non
2701 3066 2757 3108 se
2786 3048 2845 3106 in
2882 3050 3212 3107 immensum
3251 3051 3475 3124 gloriari
3503 3059 3770 3120 testatur;

2197 3150 2251 3197 et
2272 3140 2401 3214 quia
2423 3140 2721 3198 secundum
2768 3139 2948 3195 datam
2996 3146 3339 3210 potestatem,
3369 3139 3513 3198 sicut
3537 3139 3704 3212 dixit,
3720 3148 3783 3200 et

2121 3230 2165 3292 Ο
2196 3229 2326 3302 quia
2352 3244 2462 3285 non
2493 3230 2639 3285 ultra
2669 3229 2815 3301 quod
2853 3227 3167 3300 praedicatio
3195 3226 3313 3300 ejus
3340 3236 3611 3301 personet,
3644 3229 3780 3287 vin—

2194 3315 2410 3374 dicabat
2437 3316 2541 3373 sibi
2569 3316 2968 3373 auctoritatem.
3013 3318 3092 3372 De
3138 3314 3226 3372 his
3265 3316 3411 3372 enim
3444 3316 3773 3387 conﬁdebat,

2194 3421 2330 3477 quos
2364 3405 2479 3477 ipse
2507 3405 2832 3461 fundaverat
2862 3404 2919 3460 in
2945 3403 3051 3460 ﬁde
3081 3402 3309 3461 Christi.
3339 3404 3605 3461 Partitum
3623 3404 3778 3462 enim

2193 3492 2329 3550 dicit
2358 3494 2679 3567 unicuique,
2709 3493 2777 3549 ad
2817 3509 2954 3565 quos
2994 3492 3051 3547 in
3082 3491 3467 3564 praedicatione
3497 3491 3777 3568 dirigere-

2191 3589 2317 3639 tur:
2349 3592 2412 3640 ut
2438 3581 2640 3656 singuli
2669 3582 2917 3654 proprias
2945 3580 3156 3654 aliquas
3183 3581 3434 3638 civitates
3485 3578 3770 3652 haberent,

2191 3674 2261 3732 de
2286 3691 2518 3748 quorum
2547 3674 2654 3731 ﬁde
2684 3675 3063 3746 gloriarentur.
3104 3673 3204 3730 Dei
3244 3674 3392 3730 enim
3431 3680 3571 3730 nutu
3596 3673 3771 3732 Macc-

2190 3761 2427 3821 donibus
2470 3762 2763 3836 praedicare
2797 3760 3092 3819 advocatus
3121 3767 3202 3817 est
3227 3760 3320 3818 hic
3346 3762 3643 3835 Apostolus
3674 3779 3687 3818 :
3714 3770 3774 3820 et

2188 3858 2252 3908 ut
2277 3851 2579 3909 Corinthiis
2637 3851 3047 3924 evangelizaret,
3079 3865 3110 3904 a
3163 3848 3398 3906 Domino
3450 3849 3768 3909 admonitus

2187 3946 2287 3999 est.
2315 3941 2390 3998 Iis
2435 3956 2562 4013 ergo
2600 3940 2862 3998 audenter
2890 3937 3152 4024 loquitur,
3180 3947 3320 4008 quos
3348 3936 3463 4024 ipse
3493 3936 3772 4024 fundavit,

2186 4037 2242 4087 et
2285 4028 2354 4087 ad
2398 4046 2536 4103 quos
2573 4027 2673 4085 Dei
2725 4035 2865 4084 nutu
2913 4022 3207 4097 pervenit:
3239 4023 3450 4079 czeteris
3496 4040 3608 4080 non
3664 4022 3770 4084 tali

2185 4116 2407 4186 ﬁducia;
2440 4117 2568 4191 quia
2587 4116 2646 4171 in
2669 4115 2847 4171 aliena
2863 4112 3051 4185 regula
3067 4116 3243 4177 erant,
3272 4107 3379 4167 hoc
3398 4116 3501 4179 est,
3524 4111 3586 4167 in
3613 4121 3775 4186 parte

2185 4204 2410 4263 alterius
2436 4203 2802 4276 evangelista.

2259 4342 2438 4413 (Vers.
2472 4339 2584 4412 14.)
2630 4362 2650 4388 ι
2675 4337 2796 4395 Non
2832 4335 2980 4392 enim
3027 4337 3183 4410 quasi
3238 4352 3352 4395 non
3393 4334 3766 4411 pertingentes

2184 4446 2356 4503 usque
2388 4427 2457 4485 ad
2484 4444 2603 4495 vos,
2634 4423 3147 4498 superextendimus
3173 4441 3309 4482 nos:
3340 4448 3359 4474 ι
3402 4424 3508 4481 hoc
3529 4432 3630 4493 est,
3657 4441 3769 4482 non

2185 4516 2338 4593 quasi
2366 4531 2477 4571 non
2504 4513 2916 4586 pervenerimus
2962 4528 3133 4585 usque
3170 4511 3236 4568 ad
3268 4528 3388 4581 vos,
3418 4522 3770 4585 superexten-

2185 4609 2369 4667 dimus
2426 4622 2526 4661 nos
2580 4605 2639 4660 in
2695 4602 3113 4676 praedicatione;
3175 4602 3269 4660 sed
3323 4602 3603 4668 destinati,
3655 4603 3771 4659 Deo

2185 4696 2435 4753 mittente
2465 4691 2665 4760 nos,ad
2692 4707 2793 4747 vos
2823 4689 3196 4762 pervenimus.
3227 4688 3627 4761 Superextendi
3648 4689 3766 4762 (89)

2184 4791 2387 4855 autem,
2418 4791 2500 4840 est
2527 4782 2672 4838 ultra
2700 4779 2920 4836 extendi
2953 4796 3114 4853 quam
3157 4779 3498 4848 conceditur,
3526 4781 3623 4836 sed
3653 4796 3766 4838 non

2183 4875 2364 4940 ultra;
2398 4872 2527 4945 quia
2553 4884 2863 4926 mensuram
2891 4866 3044 4924 dedit
3094 4869 3257 4935 Deus,
3290 4884 3452 4941 quam
3484 4876 3762 4926 servarent

2136 5028 2148 5039 θ
2184 4961 2526 5033 evangelista:
2558 4956 2697 5029 ejus,
2744 4972 2905 5030 quam
2962 4955 3055 5013 hic
3083 4971 3139 5011 se
3189 4954 3464 5012 custodire
3508 4962 3762 5013 testatur.

2184 5049 2311 5107 Ideo
2336 5049 2482 5105 enim
2534 5046 2642 5103 hoc
2686 5044 2944 5115 ostendit,
2974 5051 3039 5101 ut
3089 5043 3265 5101 sciant
3311 5043 3568 5115 quoniam
3596 5060 3627 5099 a
3655 5045 3765 5101 Deo

2182 5138 2252 5197 ad
2299 5137 2400 5194 hos
2452 5135 2692 5219 directus
2748 5140 2859 5202 est;
2919 5148 2982 5190 ac
3034 5148 3131 5205 per
3176 5129 3282 5188 hoc
3331 5129 3598 5189 obaudire
3637 5131 3765 5202 illos

2276 5345 2368 5417 87)
2398 5344 2531 5402 Mss.
2570 5342 2798 5417 aliquot,
2830 5341 2976 5395 ultra
3004 5354 3311 5417 consensum
3331 5338 3625 5417 praesumit.

2278 5409 2367 5479 88')
2399 5409 2843 5479 Nonnulli-mss,
2875 5427 2979 5464 non
3006 5411 3176 5464 solum
3200 5409 3442 5478 puderet.

2278 5425 2348 5475 88
2399 5425 2664 5473 Nonnulli
2691 5430 2843 5479 mss.,
2875 5427 2979 5464 non
3006 5425 3176 5464 satum
3200 5425 3442 5478 puaeret.

2277 5425 2370 5559 89)
2402 5488 2526 5545 Vet.
2558 5486 2847 5559 edit._cum
2897 5498 3023 5559 mss.
3078 5479 3425 5559 quibusdam,
3467 5496 3571 5559 non
3604 5479 3762 5559 quasi

2179 5549 2285 5616 ἠοή
2318 5549 2466 5615 missi
2491 5555 2821 5630 pervenimus
2874 5552 2943 5630 ad
2989 5549 3111 5604 vos“
3131 5549 3189 5630 in
3228 5549 3624 5630 praedicatione,
3674 5550 3765 5630 s_e_d

2180 5630 2425 5688 destinati
2455 5619 2511 5685 α’
2542 5628 2647 5684 Deo
2702 5624 2928 5681 mittente
2982 5636 3074 5678 nos
3109 5619 3184 5675 ad
3211 5619 3320 5679 eos.
3356 5620 3756 5694 Superexteudi,

2130 5772 2139 5777 .
2180 5712 2289 5760 etc.
