3976 6372
489 452 593 516 339

1512 421 1611 481 AD
1647 417 1880 480 OPEBA
1917 416 1972 475 S.
2010 410 2342 473 AMBROSII
2384 403 2756 468 APPENDIX.

3675 389 3783 451 3&0

497 574 668 641 verit,
719 572 1082 642 praeterquam
1135 555 1286 632 quod
1339 547 1642 624 accepistis,
1701 543 2090 642 δηᾶῐδθωῆοδίξ
2115 543 2168 604 Α
2200 571 2326 615 reus
2372 570 2482 611 non
2520 559 2600 608 est
2637 547 2783 624 apud
2832 546 3040 606 Deum:
3093 538 3190 618 qui
3245 541 3428 599 autem
3496 534 3782 596 scientiam

501 623 954 740 ξᾶᾏίἇι.ἰ,9)<τ’
985 675 1006 701 ι
1057 648 1115 706 Si
1147 623 1356 704 Calatis
1410 623 1729 715 perversum
1785 642 1899 692 erat
1943 630 2092 689 aliud

2251 645 2300 702 ei
2325 661 2437 702 non
2467 643 2652 710 habet,
2674 623 2810 696 reus
2839 646 2918 695 est
2957 629 3318 708 ignorantia;
3351 627 3480 704 quia
3509 643 3620 684 non
3654 623 3787 682 licet

2641 729 2652 742 .
2832 743 2865 744 ,,
2895 725 2912 744 ι
2947 723 3178 744 ..-μξέωι
3213 720 3276 744 -.ι
3312 719 3535 744 ..-ι-ειημ
3587 715 3785 744 nun-1n-

502 715 665 740 Vw
704 715 709 716 κ
771 715 786 726 .
859 715 873 726 ,

499 752 766 824 mille”:
799 758 964 818 quam
1016 738 1086 795 ab
1115 733 1376 810 δροδῐοηδ
1404 732 1582 824 fuerat
1609 725 1873 824 "agitem
1901 742 1916 792 3
1948 737 2094 796 qm)"
2203 734 2476 809 ignorare,
2505 729 2746 788 maxime
2771 725 2917 800 quod
2946 723 3182 798 pertinet
3211 720 3279 778 ad
3311 719 3561 775 salutem.
3587 715 3786 783 Quam-

499 819 668 906 ωοάο
697 833 1006 899 Corinthiis
1033 837 1244 888 rectum
1267 835 1404 891 erat,
1435 825 1483 882 si
1511 823 1652 881 alius
1680 819 1934 879 Christus
1961 830 2095 889 prae-

2205 802 2392 882 obrem
2450 819 2764 894 Apostolus,
2831 821 3010 887 spreta
3077 807 3406 883 eloquentia,
3472 803 3529 862 id
3573 802 3786 876 agebat,

504 900 720 997 meatus
748 927 862 986 illis
888 921 1126 982 fuisset?
1156 918 1262 976 Sed
1290 917 1466 974 sciens
1493 911 1791 986 Apostolus
1816 921 2097 980 nunquam

2251 921 2270 971 t
2321 911 2458 969 ﬁdes
2509 915 2646 965 teste
2695 906 2900 962 virtute
2951 900 3300 975 acceptabilis
3361 903 3536 964 esset;
3577 901 3640 950 ut
3675 906 3791 948 non

504 1024 679 1083 alium
730 1015 1012 1076 Christum
1068 1023 1233 1082 quam
1287 1005 1462 1072 hunc,
1515 1001 1614 1076 qui
1667 997 1969 1058 cruciﬁxus
1995 1002 2096 1062 est,

508 1107 834 1188 praedicari;
887 1099 1096 1160 idcirco
1144 1097 1250 1155 ait:
1325 1118 1345 1142 ι
1375 1095 1540 1151 Recte
1598 1085 1946 1162 pateremini,
1977 1110 1996 1134 υ
2053 1083 2100 1138 si

470 1174 670 1262 lvobis
725 1195 866 1252 alius
922 1188 1104 1262 potior
1156 1185 1410 1244 Christus
1467 1179 1534 1237 ab
1585 1177 1676 1246 iis,
1719 1176 1814 1250 qui
1848 1174 2101 1242 veniunt,

474 1267 480 1356 i
510 1285 840 1364 praedicatus
883 1277 1098 1335 fuisset.
1130 1272 1338 1332 Galatia
1384 1277 1569 1327 autem
1609 1263 1902 1323 anathema
1930 1262 2096 1331 dixit,

513 1351 562 1437 si
591 1373 742 1434 aliud
771 1369 1046 1436 audirent,
1078 1365 1225 1440 quod
1253 1378 1368 1420 non
1395 1359 1588 1432 utique
1616 1354 1794 1428 majus
1822 1361 1983 1421 esset,
2010 1351 2105 1408 sed

515 1463 878 1528 contrarium.
939 1458 1110 1514 Porro
1183 1461 1362 1512 autem
1415 1448 1562 1520 (9’s),
1613 1443 1816 1516 inquit,
1869 1443 1917 1498 si
1993 1441 2108 1513 ipse

519 1556 774 1616 Christus
800 1547 1130 1624 praedicatur
1149 1543 1216 1600 ab
1246 1541 1336 1611 iis,
1359 1537 1454 1612 qui
1482 1553 1515 1594 a
1544 1533 1709 1592 nobis
1725 1531 2106 1600 annuntiatur,

519 1645 698 1704 ethoc
724 1635 1086 1709 Evangelium
1110 1651 1126 1700 ;
1156 1631 1253 1705 qui
1280 1643 1458 1686 causae
1489 1633 1588 1692 est,
1617 1630 1680 1679 ut
1704 1638 1805 1678 nos
1826 1619 2112 1677 inferiores

519 1734 844 1797 habeamur,
889 1708 1016 1784 cum
1064 1721 1206 1780 nihil
1243 1717 1480 1791 amplius
1512 1715 1580 1772 ab
1609 1713 1722 1770 illis
1751 1708 2112 1769 addiscatur?

524 1820 789 1896 Superius
815 1815 884 1874 de
913 1808 1383 1888 pseudoapostolis
1399 1805 1649 1880 loquitur
1675 1800 1804 1859 ﬁdei
1832 1805 2115 1871 corrupto-

2209 1002 2374 1061 ﬂdem
2431 997 2744 1072 eloquentia
2801 989 3230 1058 commendaret,
3289 986 3382 1044 sed
3444 983 3642 1052 virtus,
3699 978 3793 1036 cui

2209 1091 2356 1152 cedit
2405 1070 2736 1162 eloquentia.
2803 1107 2822 1132 ι
2875 1083 2940 1140 In
2969 1077 3226 1138 omnibus
3258 1083 3440 1134 autem
3471 1070 3795 1130 manifestus

2211 1197 2334 1241 sum
2384 1159 2564 1236 vobis.
2593 1200 2612 1225 ι
2666 1173 3017 1234 Manifestum
3061 1183 3118 1226 se
3159 1166 3296 1225 dicit
3331 1179 3445 1222 esse
3492 1159 3798 1222 Corinthiis

2213 1270 2273 1328 in
2302 1267 2598 1333 omnibus;
2653 1262 2782 1337 quia
2809 1276 2920 1318 non
2965 1255 3293 1332 ignorabant
3342 1252 3506 1310 etiam
3535 1245 3797 1324 loquendi

2213 1357 2416 1416 habere
2445 1355 2602 1412 illum
2633 1336 2908 1426 peritiam,
2947 1355 3001 1404 et
3028 1345 3134 1404 hoc
3161 1344 3392 1402 scientes
3420 1339 3515 1397 alii
3542 1336 3801 1394 favebant

2216 1449 2277 1506 in
2305 1463 2390 1516 eo,
2428 1462 2536 1520 quo
2585 1444 2750 1500 istum
2798 1440 3114 1496 inferiorem
3159 1432 3516 1492 nesciebant:
3567 1426 3803 1498 ideoque

2217 1543 2525 1597 commotus
2572 1531 2836 1604 loquitur,
2869 1527 2998 1600 quia
3052 1525 3158 1582 hoc
3189 1523 3343 1595 pejus
3372 1527 3524 1587 erat;
3556 1525 3618 1573 ut
3673 1529 3804 1571 cum

2220 1626 2422 1684 scirent
2452 1624 2609 1679 illum
2637 1620 2695 1674 in
2724 1616 2879 1672 nullo
2908 1615 3110 1680 deesse,
3129 1611 3489 1668 humiliarent
3515 1607 3673 1663 illum
3705 1617 3806 1660 cae-

2219 1717 2390 1783 teris;
2441 1727 2566 1770 cum
2621 1707 2890 1764 vidissent
2943 1717 3040 1780 per
3067 1715 3190 1757 eum
3222 1715 3333 1756 non
3364 1698 3542 1754 solum
3584 1689 3810 1764 impleri

2220 1781 2686 1880 praedicationem,
2719 1793 2811 1852 sed
2840 1799 2894 1850 et
2920 1784 3078 1865 signa
3126 1797 3183 1847 et
3210 1785 3459 1862 prodigia
3486 1781 3606 1840 ﬁeri
3636 1795 3815 1853 apos-

523 1888 704 1980 rib'us,
755 1907 862 1965 hoc
909 1904 1032 1960 loco
1093 1906 1274 1956 autem
1329 1896 1397 1954 de
1442 1894 1589 1950 veris
1617 1888 2114 1965 praedicatoribus;
2147 1901 2194 1962 Β
2222 1895 2405 1952 ιοιίοα,

531 2001 665 2077 quia
687 1975 847 2071 plebs
869 1988 1286 2052 Corinthiorum
1308 1985 1476 2042 variis
1490 1980 1769 2040 erroribus
1797 1975 2114 2044 ﬂuctuabat,

523 2063 592 2147 ut
644 2063 816 2160 aliqui
871 2081 1115 2138 faverent
1166 2071 1654 2150 pseudoapostolis,
1709 2065 1933 2141 quidam
1980 2063 2058 2120 eis
2085 2077 2118 2117 a

532 2147 755 2254 quibus.
767 2167 1086 2245 compositis
1123 2147 1307 2224 verbis
1333 2163 1523 2221 eadem
1553 2155 1866 2222 audiebant,
1897 2165 2017 2254 quae
2049 2147 2116 2204 ab

533 2239 800 2341 Apostolo
826 2239 1112 2318 audierant
1137 2273 1150 2312 :
1199 2254 1299 2312 alii
1327 2260 1507 2310 autem
1541 2245 1804 2320 apostolis
1835 2239 2113 2306 favebant,

533 2357 665 2431 quia
689 2368 813 2412 cum
835 2347 1071 2409 Domino
1097 2347 1335 2412 fuerant,
1356 2339 1664 2414 apostolum
1696 2348 1858 2391 suum
1887 2328 2118 2386 Paulum

536 2445 928 2512 deformantes,
957 2438 1089 2514 quia
1127 2436 1186 2493 in
1215 2447 1378 2494 carne
1404 2444 1520 2487 non
1562 2422 1768 2484 viderit
1795 2418 2118 2478 Dominum.

613 2547 796 2620 (Vera.
827 2543 911 2616 5.)
957 2565 977 2592 ι
1004 2537 1283 2597 Existimo
1311 2530 1457 2588 enim
1486 2543 1573 2585 me
1602 2526 1661 2582 in
1699 2522 1856 2580 nullo
1886 2515 2124 2576 inferio-

544 2605 671 2697 rem
692 2635 860 2692 fuisse
890 2605 960 2689 iis
1007 2627 1101 2703 qui
1151 2623 1312 2681 valde
1340 2627 1470 2678 sunt
1497 2613 1754 2690 apostoli.
1786 2634 1808 2662 ι
1847 2611 1968 2668 Non
2002 2605 2125 2664 vult

544 2727 777 2804 gratiam
803 2723 904 2784 Dei
933 2719 1250 2780 inferiorem
1279 2715 1338 2772 in
1379 2727 1438 2769 se
1464 2705 1643 2766 videri
1669 2722 1684 2772 ;
1717 2701 1846 2776 quia
1871 2696 2126 2756 similiter

543 2783 756 2885 docuit,
808 2783 866 2872 et
922 2810 1112 2868 eadem
1169 2805 1320 2872 fecit,
1372 2815 1492 2874 quas
1543 2793 1820 2853 faciebant
1872 2783 2122 2860 apostoli,

539 2906 638 2982 qui
667 2878 1051 2979 propensiores
1079 2893 1408 2952 videbantur
1429 2885 1580 2982 (95)_;
1612 2881 1741 2981 quia
1775 2878 1984 2982 priores
2009 2889 2128 2931 coe-

545 2966 742 3071 perant
771 2966 984 3056 docere,
1023 2993 1078 3040 et
1119 2983 1336 3038 fuerant
1367 2990 1491 3032 cum
1524 2969 1761 3029 Domino
1787 2985 1798 3026 :
1830 2966 1976 3022 unde
2004 2977 2130 3019 ma—

538 3052 682 3161 ioris
725 3052 1064 3138 auctoritatis
1101 3083 1217 3126 esse
1246 3061 1616 3138 putabantur;
1647 3073 1770 3116 cum
1805 3052 1972 3126 hujus
1996 3067 2128 3124 apo-

551 3139 685 3233 letali
711 3165 906 3227 electio
928 3159 1138 3232 insigni
1168 3154 1394 3228 probata
1413 3149 1580 3207 fuerit
1603 3143 2000 3211 testimonio,et
2018 3139 2132 3212 ipse

561 3257 801 3332 amplius
847 3250 964 3323 (96)
1018 3244 1229 3304 caeteris
1275 3238 1609 3332 laboraverit

555 3323 766 3420 templo
792 3353 952 3399 orans
973 3332 1196 3401 viderit,
1223 3339 1279 3388 et
1305 3330 1524 3387 locutus
1551 3325 1624 3384 sit
1649 3323 1722 3380 ei.

528 3443 531 3447 ’
621 3449 806 3525 (Vera.
835 3442 918 3516 6.)
963 3465 982 3491 ι
1009 3437 1116 3498 Sed
1162 3443 1217 3494 et
1246 3435 1294 3493 si
1346 3432 1634 3507 imperitus
1686 3437 1940 3487 sermone
1994 3436 2137 3492 sum,

557 3521 670 3610 non
696 3550 881 3599 tamen
909 3535 1158 3596 scientia.
1189 3559 1210 3584 ι
1254 3526 1398 3588 199
1426 3529 1543 3586 Hoc
1579 3541 1690 3584 non
1746 3522 1817 3582 ad
1869 3521 2142 3596 apostolos

553 3631 817 3712 pertinet,
847 3627 980 3703 quia
1032 3640 1144 3682 non
1197 3627 1356 3680 erant
1404 3619 1744 3690 eloquentes,
1789 3618 1979 3685 utpote
2021 3609 2142 3666 sine

551 3697 756 3783 litteris
775 3697 967 3792 ,pl-eni
987 3722 1171 3771 tamen
1207 3710 1420 3784 Spiritu
1447 3713 1637 3763 sancto
1662 3722 1674 3760 :
1707 3702 1802 3759 sed
1820 3700 1922 3758 hos
1949 3697 2144 3772 tangit,

559 3828 698 3890 quos
727 3790 1090 3884 praeferebant
1120 3799 1420 3869 Corinthii,
1476 3811 1637 3854 causa
1663 3790 1904 3851 accurati
1931 3804 2147 3846 sermo-

559 3873 688 3970 nis;
725 3914 852 3958 cum
895 3896 954 3952 in
980 3891 1248 3965 religione
1280 3889 1368 3946 vis
1418 3883 1686 3944 sermonis
1713 3877 2016 3938 necessaria
2052 3873 2144 3943 sit,

554 3965 682 4050 non
724 4003 890 4046 sonus
935 3982 1114 4041 dulcis
1145 3979 1285 4054 (97).
1321 3974 1610 4046 Quomodo
1656 3979 1841 4028 tamen
1869 3983 1926 4026 se
1953 3965 2150 4054 humi-f

551 4077 677 4149 liat,
696 4086 758 4134 ut
783 4073 1102 4148 imperitum
1129 4053 1187 4126 se
1213 4084 1330 4126 esse
1358 4067 1506 4124 dicat
1534 4063 1593 4120 in
1624 4055 1925 4118 sermone?
1955 4055 2027 4113 Et
2053 4053 2148 4112 ubi

566 4145 672 4228 esti
697 4145 1039 4237 illud,'quod
1078 4161 1271 4218 Festus
1298 4157 1376 4214 ait
1406 4174 1419 4212 :
1465 4177 1485 4202 ι
1513 4151 1699 4218 Paule,
1733 4147 1933 4222 inquit,
1965 4145 2148 4213 Paule,

565 4259 757 4320 multae
787 4257 984 4314 litterae
1013 4261 1066 4310 te
1094 4251 1306 4309 faciunt
1338 4243 1630 4304 excordem
1662 4239 1778 4313 (98)
1815 4237 1954 4310 (Act.
1987 4251 2150 4302 xxvi,

568 4349 668 4423 24)
690 4349 740 4406 in
783 4346 901 4404 Hoc
936 4358 1064 4416 ergo
1092 4340 1300 4408 dicens,
1331 4351 1444 4394 non
1474 4349 1530 4391 se
1570 4330 1722 4406 loqui
1751 4327 1960 4386 nescire
1978 4323 2159 4382 voluit

569 4415 842 4511 intelligi:
877 4431 970 4491 sed
1006 4415 1245 4506 iprOpter
1272 4443 1364 4484 eos
1414 4423 1511 4498 qui
1561 4437 1673 4478 non
1687 4435 1800 4511 per
1848 4416 2032 4484 ﬁdem,
2061 4415 2150 4472 sed

512 4590 526 4599 ,
571 4543 672 4604 per
707 4503 1078 4600 eloquentiam
1128 4503 1505 4576 commendari
1559 4508 1838 4567 volebant.
1870 4507 1942 4562 Et
2001 4503 2060 4559 in
2092 4518 2156 4558 eo

557 4586 752 4678 tamen
781 4586 838 4674 se
889 4612 1035 4670 dixit
1064 4608 1383 4684 imperitum
1413 4602 1562 4679 quod
1591 4616 1700 4658 non
1732 4597 1898 4655 habet
1925 4593 2154 4684 crimen;
2190 4619 2240 4678 D
2265 4586 2428 4684 Et

677 4723 743 4764 eo
789 4710 971 4762 autem
1003 4677 1163 4776 quod
1191 4677 1461 4770 acquirrit
1488 4691 1720 4748 salutem
1755 4685 1896 4758 (99),
1926 4690 1980 4740 et
1998 4677 2158 4752 cujus

567 4791 880 4870 ignorantia
926 4769 1040 4848 non
1085 4793 1234 4846 caret
1275 4769 1538 4849 crimine,
1579 4793 1692 4834 non
1737 4791 1794 4830 se
1839 4769 2154 4842 imperitum

569 4881 991 4959 pronuntiavit;
1043 4875 1174 4952 quia
1203 4872 1298 4948 qui
1330 4867 1620 4944 imperitus
1665 4869 1748 4921 est
1799 4861 1858 4917 in
1885 4872 2154 4925 sermone,

565 5086 709 5168 quod
728 5079 1532 5168 rectum‘sit‘qliumChristum,
1567 5077 1664 5131 aut
1699 5069 1868 5153 alium
1901 5065 2162 5168 Spiritui?

564 5137 820 5228 Recipere,
846 5159 950 5228 aut
986 5137 1160 5228 iulium
1184 5137 1654 5228 medicationem;
1707 5142 1901 5216 qm'ppe
1922 5137 2050 5194 dum
2081 5137 2154 5192 ad

571 5220 968 5288 Galatas'dicat
997 5239 1014 5278 :
1041 5223 1103 5292 Si
1129 5220 1248 5292 quis
1270 5220 1438 5292 vobis,
1466 5227 1574 5274 etc.

643 5283 762 5372 (94)
805 5297 956 5372 Isdem
1011 5283 1156 5372 θοᾶῖ
1194 5283 1722 5372 Cenaeum
1751 5284 1880 5372 μεέεέ
1930 5283 2056 5372 Hoc.
2090 5286 2166 5372 ⁸εέ

565 5352 782 5430 autem]:
806 5352 961 5426 ﬂecte
998 5361 1333 5438 pateremt'ni,
1361 5352 1418 5438 si
1454 5360 1614 5438 aliud
1659 5356 1885 5438 audistis
1917 5353 2058 5424 quod
2089 5352 2164 5432 _ad

569 5422 950 5499 EBi'iE'diEiam
998 5422 1106 5492 itan
1135 5438 1248 5488 est:
1277 5422 1373 5487 aut
1417 5431 1466 5486 si
1516 5431 1657 5486 alius
1710 5422 1951 5484 Christus
1990 5422 2166 5499 major

571 5515 637 5570 ab
685 5530 741 5568 eo
791 5527 941 5583 quem
977 5524 1072 5583 {nos
1099 5503 1475 5583 prgecticamus,
1531 5499 1948 5583 qnnuntiaretur
1979 5495 2160 5550 vobis:

572 5567 669 5640 aut
691 5567 870 5655 ῥοιῶν
897 5567 1133 5655 Spiritus
1161 5577 1317 5655 dqtus
1346 5573 1656 5655 erat‘oolore
1679 5567 2080 5655 persuasionis;
2109 5571 2164 5619 ut

567 5641 952 5785 ἔζὲεῇοηενειίἓ
980 5650 1131 5708 nobis
1160 5648 1289 5704 tales
1324 5643 1716 5718 praedicatores.
1762 5641 1938 5696 Porro
1969 5642 2162 5704 autem,

576 5740 686 5784 θῑο.

649 5781 770 5871 (95)
802 5793 960 5854 Rom.
990 5791 1149 5861 edit.,
1176 5789 1273 5864 qui
1291 5789 1525 5863 potiores
1550 5781 1884 5842 videbantur.

2298 1985 2481 2060 (Vera.
2511 1979 2594 2054 7.)
2639 2003 2658 2028 ι
2687 1980 2802 2036 Aut
2827 1971 3094 2048 numquid
3129 1973 3411 2060 peccatum
3433 1962 3563 2060 feci,
3599 1976 3686 2018 me
3712 1959 3814 2058 ip:-

2226 2047 2348 2136 sum
2376 2069 2699 2138 humilians,
2732 2073 2797 2123 ut
2831 2081 2932 2121 vos
2959 2047 3283 2119 exaltemini
3311 2075 3326 2125 ;
3359 2053 3617 2130 quoniam
3648 2047 3817 2123 gratis

2227 2161 2586 2237 Evangelium
2615 2137 2714 2216 Dei
2740 2151 3034 2230 praedicavi
3061 2150 3120 2206 in
3140 2146 3298 2204 vobis
3317 2145 3347 2201 ?
3376 2169 3394 2194 ι
3435 2142 3702 2211 Quoniam
3731 2137 3818 2194 in-

2228 2253 2343 2314 ﬂati
2383 2223 2557 2319 crant,
2589 2263 2652 2304 eo
2679 2223 2826 2319 quod
2855 2244 3105 2312 sumptus
3138 2235 3205 2292 ab
3231 2235 3312 2290 eis
3345 2230 3588 2302 accipere
3613 2223 3817 2293 noluit,

2227 2354 2282 2404 et
2309 2349 2528 2418 propter
2551 2337 2657 2394 hoc
2677 2335 2815 2392 alios
2842 2332 2893 2388 ei
2922 2324 3332 2404 proponebant;
3367 2319 3574 2379 idcirco
3601 2340 3620 2364 ι
3645 2329 3808 2372 num~

2230 2401 2364 2510 quid
2391 2426 2636 2504 peccavi,
2658 2449 2678 2474 ι
2716 2423 2831 2490 ait;
2865 2401 2996 2494 quia
3023 2431 3110 2472 me
3138 2410 3454 2479 humiliavi,
3479 2415 3542 2465 ut
3569 2421 3655 2462 me
3677 2401 3824 2460 indi-

2233 2491 2412 2598 gnum.
2457 2517 2526 2576 ad
2555 2491 2938 2586 accipiendum
2964 2504 3306 2582 iudicarem;
3341 2497 3470 2574 quia
3522 2493 3650 2552 inde
3678 2491 3824 2548 mihi

2233 2579 2556 2676 irascimini,
2603 2617 2729 2662 cum
2767 2599 2873 2656 hoc
2927 2579 3038 2653 non
3067 2589 3274 2667 peccati
3327 2589 3418 2656 sit,
3457 2585 3549 2643 sed
3579 2580 3764 2656 gloriae
3795 2579 3826 2637 ἵ

2233 2667 2420 2774 itaque
2445 2695 2523 2754 sic
2540 2667 2625 2751 'se
2653 2685 2993 2754 humiliavit,
3023 2697 3150 2740 cum
3182 2679 3239 2736 id
3268 2675 3415 2753 quod
3443 2673 3549 2732 sibi
3577 2667 3826 2728 debeba-

2233 2757 2352 2858 tur:
2376 2803 2488 2845 non
2535 2779 2728 2854 exigit.
2759 2775 3020 2834 Debitum
3048 2771 3196 2828 enim
3225 2773 3362 2835 erat,
3392 2771 3458 2820 ut
3479 2767 3733 2833 sumptus
3756 2757 3826 2812 ab

2331 2846 2658 2948 'acciperet:
2698 2868 2898 2944 quibus
2933 2858 3262 2939 praedicabat
3306 2851 3670 2948 Evangelium
3703 2846 3826 2914 Dei,

2238 2972 2379 3029 sicut
2408 2943 2678 3025 Dominus
2709 2943 2970 3024 instituit,
3003 2952 3228 3010 dicens:
3272 2969 3293 2994 ι
3321 2943 3530 3018 Dignus
3578 2945 3662 2996 est
3688 2950 3829 3008 ope-

2238 3027 2416 3122 rarius
2445 3053 2692 3114 mercede
2719 3065 2818 3108 sua
2848 3048 3004 3120 (Luc.
3032 3060 3092 3112 x,
3125 3041 3219 3112 7);
3255 3060 3277 3088 ι
3303 3033 3399 3093 sed
3411 3038 3475 3122 ut
3506 3029 3578 3087 ad
3607 3027 3835 3122 utilita-

2237 3165 2351 3214 tem
2399 3162 2588 3206 eorum
2637 3118 2946 3216 proﬁceret,
2991 3127 3270 3190 refutavit.
3301 3121 3526 3182 Duabus
3567 3118 3715 3176 enim
3763 3131 3838 3172 ex

1663 3243 1719 3293 et
1744 3231 2041 3292 Dominum
2073 3227 2130 3284 in
2166 3261 2211 3323 ί]
2243 3240 2422 3302 causis
2455 3205 2667 3294 oblatos
2715 3231 2968 3299 sumptus
3005 3215 3268 3279 refutavit
3298 3233 3314 3284 ;
3361 3227 3432 3268 ue
3461 3216 3516 3268 et
3557 3205 3836 3282 pseudoa-

2641 3317 2694 3323 __-
2773 3316 2786 3323 -
2944 3310 2956 3323 ο
3027 3317 3038 3323 -
3221 3303 3275 3323 _9
3325 3316 3430 3323 ..--
3493 3296 3557 3323 ,Δ
3609 3293 3834 3323 hin-2AM

2247 3328 2478 3408 postolis
2526 3317 2728 3382 similis
2771 3310 3134 3378 inveniretur,
3183 3303 3280 3380 qui
3325 3316 3436 3359 non
3474 3296 3561 3379 .ad
3606 3293 3837 3371 gloriam

2246 3390 2370 3489 Dei,
2401 3413 2496 3474 sed
2525 3411 2594 3470 ad
2639 3423 2792 3466 suam
2831 3403 3128 3461 utilitatem
3174 3390 3562 3470 praedicabant,
3611 3392 3674 3443 ut
3717 3397 3836 3440 non

2251 3477 2592 3568 occasionem
2631 3496 2942 3569 acciperent
2972 3481 3362 3562 depraedandi;
3392 3479 3502 3537 alio
3542 3477 3688 3534 enim
3717 3489 3835 3531 non

2251 3597 2572 3670 accipiente,
2621 3603 2737 3646 non
2767 3589 2948 3659 potest
2990 3579 3130 3637 alter
3156 3574 3396 3632 multum
3444 3574 3696 3641 expetere
3728 3583 3741 3620 :
3787 3573 3841 3621 et

2253 3655 2322 3751 ne
2371 3655 2534 3762 vigor
2557 3655 2917 3751 evangelicae
2971 3669 3256 3748 potestatis
3309 3668 3674 3738 torpesceret;
3743 3655 3841 3730 qui

2254 3781 2403 3838 enim
2439 3749 2483 3834 ξι
2511 3749 2868 3850 peccantibus
2896 3764 3116 3838 accipit,
3164 3753 3429 3834 arguendi
3458 3749 3840 3810 auctoritatem

2255 3870 2487 3930 amittit.
2513 3838 2620 3922 .Sic
2645 3878 2772 3934 ergo
2802 3857 3139 3919 exaltantur,
3192 3866 3320 3908 cum
3350 3844 3474 3904 ideo
3511 3841 3578 3898 ab
3604 3838 3684 3897 eis
3728 3851 3844 3894 non

2257 3925 2546 4033 accipitur,
2574 3960 2640 4011 ut
2663 3925 2902 4024 correpti
2951 3939 3328 4007 emendentur,
3365 3952 3398 3992 a
3430 3938 3606 3990 morte
3642 3925 3844 3984 elevati

2259 4051 2328 4108 ad
2353 4049 2548 4106 vitam.

2333 4139 2514 4209 (Vera.
2539 4133 2622 4203 8.)
2669 4153 2688 4177 ι
2716 4125 2868 4184 Alias
2914 4118 3190 4180 Ecclesias
3242 4105 3568 4209 exspoliavi,
3623 4115 3849 4179 accepto

2263 4196 2532 4300 stipendio
2562 4196 2630 4278 ad
2648 4212 3016 4273 ministerium
3038 4215 3304 4264 vestrum.
3336 4201 3409 4258 Et
3428 4213 3552 4257 cum
3577 4196 3723 4268 apud
3751 4210 3851 4251 vos

2263 4285 2457 4380 essem,
2504 4315 2558 4364 et
2599 4319 2832 4376 egerem,
2879 4297 3022 4357 nulli
3073 4291 3254 4369 gravis
3280 4287 3384 4346 fui.
3416 4313 3437 4339 ι
3479 4285 3684 4344 Onerat
3712 4299 3848 4352 eos;

2263 4401 2504 4464 ostendit
2533 4397 2681 4456 enim
2731 4408 2842 4450 non
2897 4390 3075 4446 solum
3116 4382 3360 4442 noluisse
3415 4393 3474 4436 se
3509 4375 3752 4448 accipere
3780 4373 3852 4429 ab

2263 4495 2363 4563 eis,
2397 4490 2491 4548 sed
2520 4495 2574 4546 et
2619 4485 2688 4542 ab
2731 4481 2856 4539 aliis
2900 4476 3192 4550 accepisse,
3246 4479 3302 4528 et
3357 4465 3436 4526 eis
3489 4463 3848 4524 ministrasse.

2460 4576 2698 4636 multum
2725 4571 2831 4628 hoc
2859 4563 3110 4624 ostendat
3132 4561 3320 4629 fuisse,
3351 4573 3462 4614 non
3494 4571 3706 4628 parum,
3737 4551 3845 4607 ait:

2280 4697 2300 4722 ι
2335 4671 2490 4728 Alias
2533 4658 2839 4736 exspoliavi
2889 4653 3164 4714 Ecclesias
3201 4648 3270 4707 ad
3324 4643 3690 4703 ministerium
3745 4657 3854 4696 ve-

2264 4771 2459 4820 strum.
2490 4783 2508 4808 ›
2550 4755 2672 4812 Non
2703 4765 2873 4825 parva
2901 4761 3028 4817 ergo
3054 4738 3326 4815 signiﬁcat
3352 4754 3408 4794 se
3436 4735 3495 4792 in
3525 4748 3618 4790 eos
3645 4731 3854 4802 impen-

2265 4853 2428 4922 disse;
2448 4863 2576 4909 cum
2597 4819 2744 4901 enim
2761 4838 2897 4898 dicit
2915 4828 3410 4907 exspoliavi,multa
3425 4831 3648 4896 accepta
3665 4827 3719 4877 et
3729 4819 3857 4879 data

2341 5058 2457 5132 (96)
2497 5054 2632 5132 Yet.
2655 5050 2891 5132 edit.__et
2917 5058 3048 5132 mss.
3079 5039 3311 5114 aliquot,
3361 5033 3538 5092 electio
3565 5043 3684 5086 cum
3705 5027 3857 5084 testi—

2267 5119 2448 5188 mo‘nio'
2469 5127 2556 5192 sit,
2588 5131 2635 5180 et
2661 5119 2911 5192 amplius,
2941 5123 3046 5192 etc.

2343 5200 2470 5274 (971
2500 5171 2822 5274 Mon'son’us
2875 5171 3064 5274 dulcis.
3115 5176 3481 5274 {p.o‘mni‘bus
3525 5177 3716 5274 autern.
3777 5171 3860 5226 Ita

2271 5242 2617 5330 mei'édibl'
2656 5242 3177 5334 ianque—quidquid
3204 5251 3352 5307 inter
3381 5247 3499 5304 haec
3530 5242 3700 5300 verba
3728 5257 3856 5296 me-

2272 5345 2425 5402 dium
2455 5349 2556 5402 est,
2591 5335 2864 5394 omititur.

2346 5381 2950 5488 25s)”ife{."é‘diifehm
2987 5413 3117 5454 mss.
3175 5408 3288 5449 non
3320 5387 3529 5464 paucis,
3563 5392 3607 5442 te
3647 5381 3858 5457 faciunt

2272 5494 2388 5543 crto
2395 5500 2556 5540 rrem.

2613 5550 2744 5629 edit.
2777 5547 2934 5603 Rom.
2965 5549 3168 5629 et‘mss‘.
3201 5531 3494 5629 noLnnulli:
3524 5537 3646 5629 get.
3678 5535 3859 5629 autem

2275 5601 2720 5685 editivcu-m—aliis
2736 5601 2868 5672 mss.
2901 5612 3076 5668 multo
3111 5607 3384 5685 pluribus,
3413 5601 3555 5685 quod
3575 5615 3694 5685 ‘non
3713 5605 3858 5685 cqret

2275 5669 2590 5762 ξῖίῖγῆἱτῖξῖι
2625 5669 2866 5762 aequi—rit
2894 5669 3150 5762 salutem:
3179 5669 3616 5762 rectius-Laud.
3649 5669 3865 5728 sublata

2276 5750 2565 5841 Reginam
2595 5750 2744 5834 legit,
2775 5757 2915 5832 quod
2941 5759 3084 5812 caret
3111 5750 3348 5810 crimine.
3377 5753 3484 5806 etc.
