3976 6384
155 406 258 463 341

1231 395 1588 454 COMMENT.
1630 393 1702 451 IN
1736 389 1953 451 EPIST.
1993 390 2042 449 II
2079 390 2178 448 AD
2214 388 2372 447 COR.

3327 387 3431 449 3η

157 530 454 603 signiﬁcat,
484 543 595 585 non
629 532 864 583 extorta.
898 522 1049 582 Unde
1076 520 1329 595 subjecit:
1354 524 1615 593 «Accepto
1640 520 1740 577 sti-
1774 519 1826 580 Α
1930 514 2111 587 (Vere.
2145 512 2261 603 14.)
2305 536 2324 562 ι
2350 511 2462 571 Nec
2489 511 2682 603 utique
2708 510 2934 603 mirum,
2960 513 3073 603 ipse
3100 512 3249 572 enim
3274 512 3428 572 Sata-

160 622 396 695 pendio;
432 647 449 670 ι
478 618 811 691 stipendium
833 624 914 673 est
931 613 1254 686 enim,quod
1278 612 1522 668 militans
1546 611 1747 684 accipit

159 712 232 768 ad
256 719 526 783 sumptus,
559 709 680 765 vice
706 706 989 765 mercedis.
1029 703 1301 763 Ruborem
1350 719 1475 774 ergo
1514 702 1744 760 incussit

159 802 243 857 eis
276 819 291 869 ;
324 799 454 874 quia
479 815 589 855 non
635 797 825 869 utique
871 795 1001 852 dolo
1041 791 1322 861 refutavit,
1376 790 1594 864 quando
1631 790 1747 863 ipse

160 889 246 946 eis
306 887 662 955 ministravit,
699 894 754 942 et
797 893 861 942 ut
906 900 1003 957 per
1046 882 1153 940 hoc
1175 881 1565 949 ministerium,
1598 878 1746 954 quod

160 979 552 1050 promiserant,
604 975 822 1033 facilius
864 973 1190 1045 implerent,
1239 971 1470 1029 scientes
1521 984 1578 1027 se
1631 983 1748 1026 esse

160 1064 474 1135 debitores;
504 1072 567 1122 ut
594 1080 703 1122 non
733 1062 890 1120 valde
916 1062 1210 1135 gloriosum
1236 1059 1350 1131 jam
1379 1059 1453 1117 sit
1490 1056 1747 1115 ministe-s

162 1156 315 1213 rium
346 1171 554 1222 eorum,
594 1153 688 1211 sed
717 1152 987 1219 debitum;
1018 1166 1087 1207 ne
1117 1151 1204 1206 vel
1238 1149 1366 1205 inde
1385 1162 1442 1203 se
1455 1145 1747 1219 jactarent.

243 1243 429 1315 (Vers.
461 1242 542 1311 9.)
589 1266 607 1289 ι
628 1242 698 1297 Et
730 1257 853 1297 cum
880 1238 1022 1311 apud
1062 1253 1160 1293 vos
1188 1251 1381 1303 essem,
1412 1243 1467 1290 et
1514 1249 1747 1307 egerem,

162 1331 311 1387 nulli
346 1330 526 1403 gravis
553 1329 655 1385 fni.
687 1353 705 1375 ι
753 1330 816 1384 In
848 1334 1061 1384 tantum
1117 1327 1195 1383 eis
1242 1324 1503 1398 proficere
1548 1322 1746 1389 voluit,

163 1429 231 1476 ut
261 1427 551 1491 egestatem
577 1433 731 1474 suam
762 1417 1136 1473 consolaretur
1161 1422 1380 1487 propter
1425 1426 1616 1468 eorum
1652 1426 1752 1466 sa-

165 1507 364 1564 lntem.
398 1510 596 1564 Passus
644 1506 792 1562 enim
830 1512 1122 1577 egestatem
1172 1509 1460 1561 contentus
1512 1499 1638 1563 fuit,
1684 1511 1754 1553 ne

166 1594 257 1652 illi
285 1597 507 1669 aliquod
541 1595 858 1652 scandalum
901 1598 1236 1665 paterentur.
1287 1590 1392 1656 Qui
1441 1588 1588 1644 enim
1636 1585 1755 1653 dat,

166 1693 327 1761 putat
355 1702 411 1742 se
448 1685 698 1752 exaltari,
724 1691 777 1739 et
799 1682 913 1755 jam
957 1696 1014 1738 se
1056 1696 1168 1737 non
1214 1678 1418 1751 patitur
1465 1674 1619 1747 argui
1649 1671 1754 1761 (1).

182 1799 204 1823 ι
230 1776 368 1831 Nam
398 1774 761 1847 indigentiam
792 1787 966 1827 meam
995 1770 1387 1843 suppleverunt
1417 1767 1631 1835 fratres,
1656 1760 1756 1838 qui

1855 619 1954 663 nas
1978 601 2396 674 transﬁguratur
2424 599 2577 658 velut
2620 599 2843 671 angelus
2884 598 3129 657 luminis.
3166 623 3187 649 ι
3246 600 3432 663 Mani...

1856 695 2057 753 festum
2086 700 2168 753 est
2203 691 2335 766 quia
2374 689 2689 764 frequenter
2729 688 2933 747 multos
2994 687 3137 746 fallit
3186 689 3430 761 Satanas,

1858 783 2148 843 ostendens
2182 797 2240 840 se
2268 780 2382 839 illis
2430 776 2584 854 quasi
2620 777 2873 850 angelum
2919 776 3038 847 Dei,
3089 783 3153 835 ut
3198 776 3439 852 decipiat

1858 888 1968 933 eos.
2023 870 2178 929 Unde
2230 870 2383 927 Jesus
2432 869 2581 929 Nave
2636 865 2928 935 sollicitus,
2961 881 3082 940 quas
3136 865 3268 923 sivit
3313 865 3439 940 quis

1858 969 1997 1021 esset
2042 960 2139 1033 qui
2181 958 2234 1018 ei
2280 956 2532 1031 apparuit
2598 955 2797 1029 (Iosue,
2861 971 2917 1027 v,
2966 953 3078 1027 13).
3151 954 3225 1013 Et
3294 954 3436 1031 Apo-

1859 1049 1987 1109 stoli
2038 1046 2097 1105 in
2138 1046 2269 1105 navi
2320 1042 2600 1120 perterriti
2629 1042 2892 1119 putabant
2937 1040 3260 1114 phantasma
3300 1057 3435 1101 esse.

1864 1137 2016 1198 Unde
2042 1138 2234 1195 Petrus
2278 1137 2558 1211 apostolus
2606 1132 2813 1193 dicenti
2858 1133 3141 1192 Domino:
3196 1155 3215 1181 ι
3257 1132 3439 1193 Nolite

1860 1228 2074 1295 timere,
2112 1242 2211 1300 ego
2231 1241 2354 1284 sum
2387 1223 2599 1296 (Matth.
2630 1238 2748 1294 xxv,
2780 1220 2912 1296 27);
2944 1245 2963 1270 ι
3005 1236 3117 1279 non
3148 1220 3307 1282 facile
3326 1236 3441 1282 cre-

1862 1316 2018 1385 dens,
2048 1314 2161 1375 ait:
2210 1338 2229 1363 ε
2257 1312 2316 1372 Si
2353 1321 2415 1372 tu
2441 1328 2519 1380 es,
2543 1309 2677 1385 jube
2712 1326 2801 1369 me
2841 1308 3029 1369 venire
3070 1306 3140 1366 ad
3180 1315 3234 1369 te
3278 1324 3442 1384 super

1862 1420 2030 1478 aquas
2054 1402 2216 1476 (Ibid.
2251 1401 2370 1474 28),
2399 1425 2420 1452 ι
2459 1407 2522 1458 ut
2566 1398 2613 1458 si
2657 1397 2888 1457 ﬁrmiter
2935 1396 3201 1474 posuisset
3248 1396 3442 1473 pedem

1866 1510 2027 1566 super
2054 1508 2245 1566 aquas,
2260 1491 2426 1551 sciret
2453 1504 2648 1548 verum
2673 1503 2790 1548 esse
2818 1486 2948 1566 quia
2974 1504 3088 1549 non
3115 1494 3230 1547 erat
3257 1487 3442 1564 phan-

1864 1594 2061 1654 tasma,
2090 1584 2236 1658 quod
2263 1580 2572 1657 apparebat.

1942 1674 2124 1747 (Vers.
2158 1672 2272 1743 15.)
2316 1694 2337 1722 ι
2362 1670 2484 1729 Non
2528 1684 2658 1743 ergo
2698 1685 2979 1745 magnum,
3008 1671 3055 1728 si
3108 1677 3161 1731 et
3204 1668 3446 1747 ministri

1869 1762 1989 1837 ejus
2014 1760 2489 1833 transfigurantur,
2533 1758 2681 1817 sicut
2714 1758 2953 1816 ministri
2994 1756 3245 1833 iustitiae.
3274 1783 3294 1810 ι
3333 1758 3448 1817 Mi-

165 1875 444 1923 venerunt
484 1845 540 1921 at
564 1862 899 1922 Macedonia.
942 1886 963 1910 ι
1002 1861 1053 1916 Α
1106 1858 1497 1917 Macedonibus
1543 1872 1756 1929 semper
1785 1863 1833 1928 Β
1870 1851 2033 1911 nistri
2056 1849 2286 1923 justititn
2322 1846 2554 1922 apostoli
2599 1853 2747 1914 sunt,
2794 1862 3029 1923 quorum
3070 1863 3129 1907 se
3171 1846 3232 1906 hi
3270 1845 3447 1906 socios

166 1954 415 2027 accepit;
447 1952 578 2026 quia
607 1951 761 2023 prius
787 1948 924 2005 vitia
950 1963 1049 2005 sua
1075 1955 1455 2006 correxerunt.
1500 1948 1571 2003 Et
1618 1946 1761 2004 sicut

169 2060 205 2100 a
232 2042 541 2100 Corinthiis
570 2039 945 2114 accipiendum
980 2054 1093 2095 non
1121 2046 1256 2105 erat,
1289 2053 1357 2093 ne
1382 2036 1494 2093 illis
1520 2037 1575 2092 in
1608 2052 1760 2093 scan-

169 2132 367 2189 dalum
399 2129 722 2203 proliceret;
755 2127 834 2184 sic
863 2128 1060 2183 iterum
1103 2142 1136 2182 a
1180 2124 1566 2181 Macedonibus
1607 2124 1761 2182 acci—

170 2220 440 2295 piendum
471 2224 606 2288 erat,
632 2233 702 2274 ne
729 2216 869 2272 bene
894 2214 1225 2272 seminantes
1262 2215 1506 2271 fructum
1550 2213 1762 2271 amitte-

172 2318 323 2369 rent.
1650 2324 1655 2329 ‘

255 2397 436 2471 (Vers.
473 2395 586 2468 10.)
638 2416 657 2441 ι
686 2394 757 2452 Et
812 2394 870 2451 in
917 2392 1173 2450 omnibus
1214 2391 1334 2449 sine
1383 2406 1545 2449 onere
1580 2397 1763 2449 vestro

176 2501 270 2541 me
299 2484 478 2557 ipsum
505 2484 741 2551 servavi,
772 2490 826 2540 et
875 2482 1121 2539 servabo.
1154 2503 1174 2529 υ
1235 2481 1299 2536 In
1335 2495 1399 2536 eo
1455 2494 1666 2552 semper
1707 2494 1763 2535 se

176 2590 598 2649 permansurum
640 2573 795 2642 dicit,
849 2581 910 2630 ut
957 2574 1040 2630 sic
1080 2587 1137 2629 se
1193 2571 1486 2645 corrigunt,
1546 2579 1765 2643 propter

176 2664 682 2741 pseudoapostolos,
714 2664 811 2738 qui
835 2663 1176 2723 occasionem
1206 2663 1521 2736 quaerebant
1548 2660 1764 2734 deprae-

177 2754 351 2813 dandi
382 2770 491 2812 eos.

266 2851 410 2909 200
449 2869 469 2894 ε
495 2847 594 2904 Est
622 2844 824 2903 veritas
852 2843 1059 2901 Christi
1092 2844 1152 2899 in
1185 2858 1292 2910 me,
1316 2840 1575 2916 quoniam
1596 2840 1769 2914 gloria

179 2942 305 2999 haec
334 2957 447 2997 non
474 2937 807 3007 infringetur
834 2932 893 2988 in
922 2947 1009 2987 me
1040 2932 1096 2987 in
1125 2929 1438 3003 regionibus
1467 2928 1705 2986 Achaiae.
1736 2952 1755 2976 ι

181 3030 452 3087 Hortatur
480 3040 697 3082 omnem
740 3020 1022 3089 Achaiam,
1052 3028 1115 3076 ut
1160 3019 1475 3075 ministrent
1520 3016 1720 3073 sanctis
1754 3032 1767 3072 :

184 3118 297 3179 sibi
348 3123 529 3174 autem
580 3128 691 3169 non
743 3109 1080 3183 permittere,
1124 3123 1193 3163 ne
1250 3115 1482 3178 coeptam
1542 3105 1771 3178 gloriam

1867 1948 2299 2016 mentiebuntur,
2344 1954 2409 2004 ut
2451 1944 2762 2018 deciperent
2803 1944 3101 2004 audientes.
3150 1970 3168 1995 ι
3204 1945 3446 2015 Quorum

1867 2038 1997 2096 ﬁnis
2023 2037 2128 2094 erit
2154 2034 2454 2093 secundum
2483 2049 2647 2105 opera
2671 2047 2883 2090 eorum.
2905 2057 2926 2084 ι
2961 2032 3090 2090 Sine
3108 2032 3298 2104 dubio,
3319 2033 3450 2107 quia

1864 2129 2262 2205 judicabantur
2307 2123 2623 2197 bujusmodi
2666 2123 2966 2181 secundum
3010 2122 3181 2182 animi
3231 2123 3317 2181 sui
3356 2139 3449 2182 ne-

1870 2220 2122 2294 quitiam;
2142 2216 2272 2291 quia
2298 2230 2412 2273 non
2444 2220 2666 2287 propter
2692 2214 2888 2284 Deum,
2922 2211 3018 2271 sed
3047 2222 3268 2286 propter
3288 2228 3450 2272 suum

1870 2315 2120 2366 ventrem
2150 2303 2418 2362 simulant
2442 2316 2502 2360 se
2530 2301 2812 2360 ministros
2854 2300 2976 2360 Dei.
3025 2300 3217 2359 Finem
3267 2309 3451 2359 tamen

1871 2397 2094 2455 illorum
2138 2391 2439 2451 secundum
2485 2405 2650 2463 opera
2670 2390 2909 2450 illorum
2954 2387 3094 2449 dicit
3143 2407 3158 2451 :
3203 2396 3266 2448 ut
3309 2390 3454 2448 sicut

1873 2502 2036 2560 opera
2062 2492 2117 2541 et
2146 2498 2280 2541 cura
2307 2479 2520 2540 ventris
2547 2478 2759 2549 interit,
2796 2480 2875 2539 ita
2893 2484 2951 2540 et
2974 2477 3036 2539 hi
3086 2478 3312 2539 interire
3355 2478 3454 2538 in-

1871 2576 2215 2646 telligantur.

1948 2665 2129 2735 (Vers.
2156 2660 2270 2729 16.)
2320 2681 2341 2710 ο
2373 2659 2576 2717 Iterum
2605 2655 2732 2716 dico
2774 2671 2846 2715 ne
2881 2656 3007 2728 quis
3043 2655 3325 2716 existimet
3366 2670 3454 2713 me

1876 2753 2247 2825 insipientem,
2274 2747 2521 2820 alioquin
2550 2746 2704 2804 velut
2729 2744 3077 2816 insipientem
3097 2744 3326 2816 accipite
3344 2758 3453 2810 me;

1876 2848 1940 2898 ut
1970 2847 2025 2897 et
2048 2854 2148 2910 ego
2177 2835 2454 2893 modicum
2481 2832 2691 2905 aliquid
2714 2831 2932 2904 glorier.
2962 2855 2983 2883 ο
3024 2831 3197 2905 Supra
3226 2831 3370 2903 (cap.
3390 2846 3452 2900 Ir,

1879 2948 2019 2990 vers.
2055 2931 2109 3002 1)
2135 2928 2248 3001 jam
2289 2926 2434 2983 dixit
2463 2943 2478 2983 :
2526 2949 2547 2977 σ
2572 2924 2793 2982 Utinam
2821 2922 3164 2982 sustineretis
3192 2922 3455 2996 pusillum

1878 3017 2309 3093 immudentiam
2339 3014 2555 3073 meaml
2587 3037 2608 3062 ι
2648 3011 2754 3070 hoc
2779 3025 2930 3070 nunc
2961 3011 3198 3083 repetit;
3246 3026 3458 3084 semper

1880 3111 2027 3167 enim
2061 3106 2319 3181 proponit
2346 3103 2495 3179 quod
2522 3108 2710 3177 postea
2736 3100 2928 3158 multis
2954 3098 3293 3175 interpositis
3320 3113 3460 3173 pro-

187 3224 303 3265 non
334 3206 621 3278 impleret;
676 3198 849 3273 gloria
898 3204 979 3253 est
1026 3195 1173 3252 enim
1202 3211 1234 3251 a
1261 3195 1429 3251 licitis
1476 3192 1766 3263 abstinere,
1800 3219 1844 3281 ο
1881 3206 2157 3271 sequatur.
2189 3193 2346 3262 Quod
2374 3208 2505 3265 ergo
2532 3206 2700 3264 supra
2723 3188 3031 3263 proposuit,
3061 3186 3226 3246 modo
3264 3187 3462 3262 incipit

189 3295 433 3352 maxime
458 3292 524 3349 ad
550 3289 785 3348 aliorum
815 3286 1065 3342 salutem.
1098 3286 1161 3340 In
1196 3283 1416 3341 Achaiae
1445 3299 1571 3355 ergo
1597 3283 1766 3354 regio-

188 3384 357 3441 nibus
386 3379 566 3437 noluit
592 3379 696 3445 uti,
730 3377 787 3431 in
818 3373 1028 3431 caeteris
1056 3388 1187 3428 usus
1234 3379 1315 3427 est
1366 3388 1378 3426 :
1426 3377 1481 3426 et
1531 3370 1767 3444 amplius

187 3472 465 3547 promittit
513 3470 613 3526 sub
659 3462 977 3522 testimonio
1021 3461 1251 3527 Christi,
1296 3460 1483 3516 dicens
1526 3459 1583 3515 in
1624 3475 1687 3514 eo
1715 3476 1771 3516 se

190 3575 551 3625 mansurum;
624 3570 693 3612 ne
745 3549 1040 3625 aliquando
1085 3548 1154 3604 ab
1194 3547 1417 3605 Achaia
1462 3547 1775 3619 regionibus

188 3650 479 3722 acciperet.
1126 3704 1137 3712 ν

266 3739 446 3812 (Vers.
480 3733 596 3805 11.)
641 3754 660 3779 ι
692 3729 868 3799 Quare
887 3728 918 3785 Ἰ
944 3726 1084 3797 Quia
1111 3739 1223 3783 non
1244 3724 1417 3797 diligo
1445 3740 1544 3782 vos
1574 3726 1603 3783 ?
1630 3727 1774 3782 Deus

190 3827 317 3885 scit.
349 3850 367 3873 ι
411 3821 641 3880 Reddita
671 3819 880 3876 ratione
909 3815 1074 3873 etiam
1108 3813 1207 3870 Dei
1254 3812 1541 3869 scientiam
1582 3820 1773 3871 testem

191 3916 289 3973 dat
316 3912 630 3971 dilectionis
659 3925 790 3976 suae,
829 3922 991 3982 quam
1047 3902 1279 3959 habebat
1319 3918 1443 3974 erga
1481 3917 1601 3970 eos;
1650 3902 1778 3976 quia

194 4018 307 4061 non
340 4003 464 4058 ideo
490 3999 709 4056 nolebat
737 3995 1002 4067 accipere,
1030 3992 1158 4065 quia
1187 4005 1300 4046 non
1330 3990 1455 4045 illos
1489 3989 1772 4062 diligebat;

192 4093 290 4153 sed
344 4090 468 4147 ideo
516 4088 705 4160 magis,
754 4085 882 4157 quia
919 4082 1135 4139 amabat
1177 4096 1289 4151 eos,
1336 4086 1397 4136 ut
1440 4079 1545 4137 hoc
1596 4080 1776 4153 ipsum

196 4181 474 4258 prodesset
504 4178 634 4245 illis,
665 4176 806 4231 sicut
834 4172 973 4229 dixi.

272 4271 454 4344 (Vers.
490 4267 602 4338 12.)
646 4288 665 4311 ι
696 4262 853 4331 Quod
882 4268 1062 4329 autem
1093 4260 1256 4328 facio,
1278 4268 1332 4316 et
1357 4259 1600 4317 facturus
1635 4271 1776 4323 sum;

196 4369 263 4418 ut
284 4365 560 4430 amputem
591 4354 930 4410 occasionem
957 4367 1145 4407 eorum
1174 4350 1267 4423 qui
1304 4351 1499 4405 volunt
1527 4346 1782 4405 occasio-

196 4466 351 4514 nem,
384 4454 445 4503 ut
474 4446 530 4502 in
560 4462 623 4502 eo
651 4443 797 4517 quod
826 4440 1148 4513 gloriantur,
1167 4439 1539 4505 inveniantur,
1569 4440 1711 4494 sicut
1729 4443 1783 4493 et

198 4556 322 4599 nos.
350 4561 370 4586 ι
413 4535 600 4592 Gloria
654 4530 1229 4603 pseudoapostolorum
1277 4528 1335 4582 in
1383 4527 1629 4599 pecuniis
1669 4535 1785 4584 erat
1813 4565 1862 4624 Β

202 4624 561 4699 accipiendis.
595 4622 721 4677 Ideo
749 4619 1043 4690 Apostolus
1079 4616 1183 4671 hoc
1224 4616 1507 4684 refutavit,
1560 4632 1627 4672 ne
1674 4617 1785 4673 illis

202 4717 402 4777 similis
430 4715 739 4776 videretur;
772 4710 900 4782 quia
929 4707 1037 4763 nisi
1069 4706 1174 4763 hoc
1202 4706 1269 4761 ab
1301 4706 1567 4777 Apostolo
1596 4706 1787 4763 fuisset

202 4812 461 4877 vitatum,
498 4806 673 4876 major
703 4801 913 4859 occasio
947 4799 1056 4855 illis
1094 4800 1220 4854 data
1241 4798 1432 4853 fuisset
1462 4796 1782 4869 accipiendi,

205 4910 301 4958 aut
330 4898 500 4971 magis
528 4890 918 4965 extorquendi;
952 4888 1170 4963 quando
1216 4886 1275 4943 in
1317 4886 1419 4943 hac
1458 4901 1517 4943 re
1556 4886 1785 4943 formam

206 4991 276 5048 ab
305 4986 565 5061 Apostolo
594 4982 776 5039 datam
807 4978 1171 5035 ostenderent.

282 5079 461 5150 (Vers.
498 5074 610 5142 13.)
651 5094 668 5117 ε
692 5066 1015 5140 llujusmodi
1038 5065 1185 5120 enim
1206 5063 1640 5137 pseudoapostoli
1662 5071 1790 5121 sunt

208 5161 464 5238 operarii,
511 5157 751 5224 subdoli,
802 5152 1247 5223 transﬁgurantes
1303 5167 1358 5206 se
1406 5151 1464 5205 in
1518 5153 1791 5225 apostolos

211 5251 436 5313 Christi.
464 5272 483 5298 ι
528 5243 754 5305 Subdoli
785 5250 933 5309 sunt,
976 5240 1105 5313 quia
1158 5238 1405 5295 avaritiae
1448 5254 1630 5309 causa,
1682 5256 1792 5296 non

211 5342 466 5412 religiosa
494 5344 673 5394 mente
700 5348 875 5405 neque
903 5328 1056 5386 missi
1087 5327 1460 5400 praedicabant
1488 5327 1791 5397 Christum,

210 5444 410 5489 nomen
442 5428 544 5483 sibi
580 5422 940 5497 apostolicum
970 5424 1316 5490 usurpantes.

318 5612 369 5685 1)
403 5606 601 5685 Qodex
624 5604 794 5685 Vall.,
824 5607 871 5658 et
898 5601 1019 5685 inde
1045 5617 1097 5685 se
1119 5598 1330 5685 partitur
1357 5594 1533 5685 argui.

318 5612 369 5685 1)
403 5610 588 5667 Codex
624 5610 794 5671 Vall.,
824 5610 871 5658 et
902 5610 1019 5658 inde
1045 5617 1097 5657 se
1119 5610 1330 5671 patitur
1357 5612 1533 5668 argui.

286 5610 367 5754 (2)
402 5683 524 5754 Mss.
556 5680 783 5750 aliquot,
810 5679 1060 5747 putarent
1105 5672 1354 5729 sublimes
1398 5670 1491 5725 hoc
1536 5669 1797 5739 concepto,

222 5750 354 5829 quia
384 5750 539 5816 nihil,
572 5754 674 5805 etc.

1878 3300 2169 3352 enarrare;
2205 3298 2333 3340 nam
2362 3297 2493 3339 vera
2515 3280 2787 3347 dicturus,
2833 3278 2988 3337 velut
3025 3277 3377 3350 insipientem
3402 3292 3462 3335 se

1880 3377 2034 3444 dicit,
2069 3374 2199 3448 quia
2234 3371 2497 3429 videntur
2523 3369 2593 3426 ad
2619 3367 2837 3425 laudem
2861 3365 2982 3439 ejus
3005 3365 3299 3440 pertinere.
3344 3386 3366 3416 ι
3390 3364 3465 3425 Ut

1882 3473 1937 3521 et
1958 3479 2055 3536 ego
2084 3459 2387 3526 modicum,
2411 3456 2617 3529 inquit,
2646 3451 3146 3526 glorier.Modieum
3168 3449 3275 3511 hoc
3292 3449 3459 3519 dixit,

1883 3551 2013 3623 quia
2038 3549 2097 3605 in
2115 3545 2320 3613 verbis,
2349 3557 2464 3599 non
2490 3542 2552 3598 in
2579 3555 2746 3599 sensu
2771 3547 2872 3600 est.
2899 3540 3023 3599 Non
3049 3554 3177 3611 ergo
3220 3553 3350 3595 vere
3391 3537 3461 3595 ad

1885 3638 2112 3713 gloriam
2141 3647 2296 3691 suam
2325 3632 2444 3689 hinc
2470 3630 2741 3704 loquitur,
2767 3628 2863 3686 sed
2878 3628 3001 3685 vult
3016 3626 3129 3684 illis
3155 3625 3460 3695 ostendere,

1887 3726 2017 3801 quia
2043 3739 2179 3799 quos
2199 3728 2395 3796 putant
2415 3716 2853 3793 gloriosos,nihil
2880 3716 3005 3789 plus
3021 3714 3090 3773 ab
3108 3713 3214 3772 hoc
3233 3714 3458 3783 habent;

1868 3828 1950 3871 .ac
1974 3828 2070 3885 per
2097 3811 2205 3869 hoc
2234 3809 2282 3867 si
2311 3816 2577 3882 putantur
2612 3805 2674 3863 bi
2701 3804 2948 3879 gloriosi,
2978 3811 3033 3862 et
3059 3817 3178 3875 ego,
3209 3802 3410 3875 inquit.
3430 3826 3449 3851 ι

1885 3902 2013 3959 Ideo
2038 3897 2351 3971 insipientis
2378 3896 2484 3953 hoc
2510 3908 2627 3952 esse
2654 3892 2813 3963 dicit,
2842 3901 2908 3951 ut
2941 3891 3010 3948 ad
3041 3890 3262 3948 laudem
3309 3903 3465 3946 suam

1884 3989 2095 4063 aliquid
2122 3993 2504 4061 prosequatur,
2532 3998 2591 4041 se
2617 3990 2801 4040 autem
2847 3988 3098 4039 coactum
3138 3977 3246 4036 hoc
3290 3977 3462 4052 loqui.

1887 4078 2048 4136 Dolet
2072 4075 2222 4133 enim
2252 4074 2325 4141 ei,
2354 4079 2417 4129 ut
2443 4073 2573 4129 illos
2599 4074 2855 4145 putarent
2901 4068 3166 4126 sublimes
3193 4064 3301 4125 hoc
3324 4079 3467 4125 eon-

1887 4172 2114 4237 tempto,
2142 4161 2237 4235 qui
2265 4160 2407 4216 nihil
2438 4159 2522 4231 (9)
2555 4160 2679 4232 plus
2700 4159 2770 4216 ab
2799 4172 2865 4216 eo
2889 4156 3175 4215 baberent.

1962 4253 2145 4326 (Vers.
2176 4249 2292 4321 17.)
2335 4269 2356 4297 ι
2382 4244 2541 4315 Quod
2570 4248 2785 4321 loquor,
2806 4244 2919 4304 non
2947 4246 3143 4319 loquor
3168 4241 3467 4303 secundum

1889 4342 2084 4401 Deum.
2115 4360 2138 4390 ι
2176 4335 2489 4395 Secundum
2512 4337 2688 4393 Deum
2738 4348 2852 4392 non
2894 4333 3180 4408 loquitur;
3228 4333 3359 4407 quia
3400 4329 3471 4387 ad

1890 4430 2073 4490 carnis
2112 4435 2388 4486 tumorem
2439 4422 2559 4483 haec
2602 4423 2900 4498 pertinent,
2947 4436 3050 4480 nec
3092 4419 3162 4479 de
3187 4418 3471 4478 inﬂatione

1891 4517 2036 4592 apud
2065 4518 2240 4574 Deum
2268 4513 2446 4587 surgit
2472 4511 2682 4586 gloria;
2711 4510 2844 4585 quia
2867 4508 3013 4582 apud
3053 4510 3227 4567 Deum
3276 4505 3473 4564 humi-

1892 4610 2018 4666 litas
2047 4605 2281 4680 gloriosa
2307 4610 2408 4663 est.
2451 4625 2472 4654 ι
2500 4601 2605 4659 Sed
2632 4599 2789 4675 quasi
2816 4599 2877 4655 in
2907 4596 3226 4670 insipientia
3262 4594 3323 4651 in
3369 4593 3473 4650 hac

1894 4695 2200 4756 substantia
2230 4689 2591 4767 gloriation-is.
2613 4713 2634 4739 ι
2661 4690 2781 4750 Νοη
2801 4688 3017 4762 plenam
3043 4684 3189 4741 dixit
3213 4681 3472 4755 insipien-

1893 4788 2049 4857 tiam,
2079 4784 2174 4842 sed
2200 4799 2271 4841 ex
2298 4790 2487 4857 parte;
2518 4779 2721 4837 veritas
2749 4778 2896 4835 enim
2924 4781 3025 4831 est.
3056 4771 3161 4829 Sed
3190 4771 3318 4845 quia
3353 4770 3474 4857 elef

1896 4855 2046 4934 vatio
2071 4874 2271 4931 vitiosa
2288 4855 2376 4929 res
2402 4877 2518 4938 est;
2552 4867 2698 4935 ideo,
2727 4862 2979 4939 quamvis
3006 4874 3199 4917 verum
3227 4857 3301 4916 sit
3328 4855 3475 4933 quod

1897 4963 2120 5032 dicitur,
2152 4959 2305 5034 quasi
2329 4952 2648 5028 insipientia
2673 4958 2858 5008 tamen
2907 4955 2993 5007 est
3033 4959 3477 5020 unumquemque

1896 5056 2119 5115 laudare
2145 5069 2222 5111 se.
2248 5053 2418 5111 Plena
2448 5055 2631 5104 autem
2662 5041 2980 5116 insipientia
3008 5048 3109 5109 est,
3145 5038 3192 5095 si
3223 5052 3283 5098 se
3325 5037 3478 5094 falsis

1900 5148 2023 5224 quis
2051 5142 2234 5200 laudet
2267 5139 2347 5213 (3)
2377 5156 2392 5208 ;
2425 5137 2519 5224 ille
2539 5134 2686 5224 enim
2716 5129 2991 5224 superbus
3011 5127 3080 5224 de
3107 5125 3479 5224 vero.est,‘hic

1900 5212 2099 5293 stultus
2138 5227 2204 5287 de
2235 5227 2391 5295 falso;
2415 5221 2724 5283 substantia
2737 5227 2922 5277 tamen
2944 5212 3286 5293 gloriationis
3304 5214 3360 5268 in
3376 5212 3479 5271 hac

1900 5335 2062 5379 causa
2079 5315 2312 5375 carnalis
2339 5320 2420 5371 est
2450 5330 2465 5382 ;
2505 5310 2635 5385 quia
2659 5307 2803 5368 sicut
2847 5306 2947 5364 ﬂos
2993 5305 3127 5380 feni,
3156 5302 3236 5362 ita
3275 5295 3480 5358 decidit

1905 5408 2076 5483 gloria
2101 5406 2226 5462 ista.

1980 5586 2061 5663 <3)
2092 5588 2249 5643 Rom-
2281 5581 2438 5652 edit.
2456 5578 2584 5663 se
2614 5577 2755 5663 ίαιεο
2783 5575 2900 5663 quis
2931 5569 3345 5663 sise-sene
3369 5581 3481 5663 ’ἓξὲξ

1908 5638 2248 5730 milio—post—
2262 5638 2520 5730 nonnulli
2548 5638 2901 5730 mss._leg'11nt
2943 5640 3234 5701 carnalitas
3261 5644 3354 5712 est,
3384 5638 3481 5697 ubi

1910 5732 2007 5788 alii
2037 5737 2091 5787 et
2114 5719 2307 5784 omnes
2333 5725 2491 5794 edit.,
2519 5719 2754 5777 carnalis
2781 5722 2874 5776 est.
