3970 6366
519 370 626 434 343

1530 369 1631 429 ΑΒ
1666 367 1903 429 ornas
1938 365 1995 427 s.
2034 343 2367 426 AMBROSIi
2403 363 2786 428 APPENDIX.‘

3702 361 3810 420 344

597 493 778 568 (Vera.
809 492 926 566 18.)
957 517 978 544 ι
1004 492 1146 563 Quia
1166 493 1331 552 multi
1351 491 1657 568 gloriantur
1673 493 1979 552 secundum
1999 509 2113 551 car-
2142 497 2196 557 Α
2222 491 2327 562 hie,
2369 492 2745 550 obtrectabant
2787 492 3040 568 eis,quod
3087 499 3266 552 essent
3313 489 3710 560 incircumcisi,
3741 505 3810 547 se

521 599 672 653 nem,
703 591 759 641 et
787 599 886 657 ego
915 583 1216 658 gloriabor.
1254 607 1274 634 ι
1315 583 1432 640 Hoc
1455 581 1609 648 dicit,
1645 583 1905 655 quoniam
1933 581 2110 656 aliqui

520 687 594 732 ex
651 669 856 728 Judaeis
897 671 1184 730 credentes
1243 669 1646 744 prasumedant
1690 669 1796 726 sibi
1841 669 1989 743 quod
2017 686 2113 726 es-

467 818 474 843 ‘
523 767 648 821 sent
675 761 778 819 ﬁlii
807 760 1062 818 Abrahae.
1099 762 1214 819 Hoc
1243 769 1324 818 est
1371 760 1673 820 secundum
1718 775 1937 816 carnem
1986 761 2113 832 glo-

522 849 678 920 riari,
713 849 1054 906 nobilitatem
1083 848 1187 904 sibi
1223 847 1403 906 carnis
1433 847 1734 906 vindicare.
1787 847 1920 904 Inde
1962 848 2111 905 enim

481 922 491 1005 ’ξ
525 937 632 998 sibi
660 937 962 996 defendunt
992 937 1205 1010 generis
1232 936 1682 1008 praerogativam;
1715 935 1844 1009 quia
1863 935 1966 990 ﬁlii
1994 934 2112 1007 ejus

487 1040 494 1106 ξ
525 1028 908 1104 dicuntur,qui
930 1033 1066 1092 201
1090 1030 1203 1085 Deo
1232 1026 1586 1086 crediderint:
1609 1025 1767 1084 -Cum
1789 1027 1974 1082 anima
1991 1041 2110 1098 quas

487 1107 496 1228 ξ
523 1129 852 1204 peccaverit,
874 1127 991 1201 ipsa
1019 1126 1290 1184 moriatur
1313 1125 1530 1228 (Ezech.
1553 1124 1890 1228 .xYlll,20)..»
1906 1123 1962 1180 Si
1983 1140 2110 1196 ergo

481 1212 492 1296 ᾗ
525 1215 644 1274 haec
673 1216 845 1289 gloria
871 1224 973 1284 est,
1009 1216 1210 1288 inquit,
1233 1223 1286 1271 et
1313 1231 1413 1287 ego
1432 1212 1744 1287 gloriabor;
1775 1212 1903 1285 quia
1932 1219 1986 1268 et
2013 1227 2110 1282 ego

525 1303 678 1362 ﬁlius
705 1319 827 1360 sum
872 1303 1128 1360 Abrahae.
1175 1301 1282 1359 Sed
1317 1301 1461 1358 nihil
1510 1301 1730 1373 prodest
1771 1299 1947 1356 ﬁlium
1996 1315 2110 1355 esse

471 1373 477 1387 ’
523 1393 759 1454 Abrahae
792 1395 938 1468 apud
971 1395 1175 1460 Deum;
1207 1392 1336 1466 quia
1369 1391 1504 1449 ﬁdes
1533 1399 1614 1448 est
1641 1407 1763 1464 quae
1781 1391 1976 1456 salvat,
1999 1405 2110 1446 non

501 1493 766 1556 'propago
796 1479 1008 1554 generis
1035 1479 1291 1538 Abrahae.
1321 1480 1555 1553 Ideoque
1584 1480 1758 1552 gloria
1787 1478 1906 1535 haec
1931 1477 2112 1534 carnis

525 1580 610 1630 est
633 1572 829 1644 gloria,
859 1581 922 1630 ut
950 1579 1078 1644 puta
1105 1572 1154 1629 si
1184 1571 1401 1628 dicatur
1425 1569 1630 1626 nobilis
1658 1568 1807 1626 ﬁlius
1845 1567 2108 1625 hominis.

505 1646 510 1651 ’
596 1659 783 1732 (Vers.
817 1659 904 1730 19,
935 1659 1053 1732 20.)
1097 1682 1119 1708 ι
1146 1659 1403 1715 Libenter
1431 1656 1578 1712 enim
1607 1655 1912 1726 sustinetis,
1967 1654 2114 1712 insi-

524 1745 738 1823 pientes
766 1748 873 1822 (4),
904 1763 1029 1806 cum
1077 1747 1200 1804 sitis
1246 1747 1351 1819 ipsi
1393 1745 1680 1818 sapientes.
1714 1739 2112 1818 n‘lnsipientes

525 1836 784 1909 appellat,
811 1837 906 1910 qui
936 1835 1004 1892 de
1028 1835 1210 1892 carnis
1241 1833 1664 1892 circumcisione
1688 1833 2066 1907 gloriabantur
2097 1849 2109 1887 :
2141 1841 2188 1902 Β

525 1931 582 1980 et
609 1923 738 1996 quia
771 1939 804 1979 a
833 1922 1137 1980 Corinthiis
1166 1923 1550 1996 portabantur,
1594 1928 1656 1977 ut
1703 1921 1924 1992 gloriosi
1966 1919 2115 1976 vide-

526 2021 753 2081 rentur;
795 2010 920 2068 ideo
965 2011 1262 2083 Apostolus
1306 2011 1474 2067 etiam
1523 2025 1582 2067 se
1623 2009 1884 2065 sustineri
1930 2009 1999 2064 ab
2027 2007 2114 2064 his

525 2102 690 2170 vult;
723 2109 784 2158 ut
810 2107 864 2156 et
892 2099 1006 2172 ipse
1033 2099 1138 2156 hoc
1168 2115 1226 2156 se
1257 2113 1375 2156 esse
1404 2095 1734 2164 ostenderet,
1767 2095 1916 2168 quod
1959 2103 2115 2152 erant

500 2173 614 2258 'hi,
635 2195 690 2246 et
717 2203 828 2245 non
859 2194 1041 2243 tamen
1085 2186 1309 2259 gloriari
1355 2203 1426 2244 ex
1473 2185 1576 2242 hac
1617 2190 1768 2256 parte
1812 2181 2114 2240 secundum

529 2280 706 2336 Deum
731 2295 748 2345 ;
779 2275 925 2332 unde
953 2276 1184 2348 gloriam
1215 2275 1358 2334 hanc
1385 2271 1760 2346 insipientiam
1789 2271 2115 2330 vocat.Glo-

529 2367 666 2426 riari
699 2365 843 2424 enim
875 2381 932 2423 se
960 2365 1098 2422 dicit
1123 2365 1423 2424 secundum
1441 2379 1660 2420 carnem
1685 2379 1700 2429 ;
1732 2361 1828 2418 sed
1851 2361 1955 2418 hoc
1975 2361 2115 2419 stul-

530 2464 653 2512 tum
699 2469 814 2511 esse
842 2453 1149 2526 profitetur,
1180 2460 1244 2510 ut
1269 2460 1324 2508 et
1351 2451 1580 2525 gloriam
1609 2449 1754 2506 hanc
1789 2449 2026 2505 inaniret
2061 2457 2117 2506 et

532 2559 592 2601 se
619 2550 865 2600 coactum
897 2543 954 2599 in
982 2543 1198 2600 laudem
1245 2541 1428 2600 carnis
1457 2537 1699 2612 erupisse
1734 2537 1912 2596 docet.
1944 2537 2116 2611 Igitur

533 2631 752 2690 insania
778 2641 860 2688 est
890 2631 1026 2690 haec.
1055 2633 1192 2690 Nam
1222 2628 1496 2704 quomodo
1523 2627 1822 2701 prudentes
1850 2634 1998 2696 sunt,
2019 2626 2116 2700 qui

537 2737 682 2793 saepe
708 2707 1229 2794 reprehenduntur?
1258 2732 1440 2776 nonne
1469 2717 1592 2790 plus
1620 2715 1762 2788 sapit
1801 2715 2116 2788 insipientia

504 2790 506 2797 ’
531 2790 810 2881 Apostoli,
839 2824 1002 2882 quam
1031 2808 1228 2864 horum
1257 2803 1578 2880 prudentia?
1605 2803 1707 2862 Hic
1733 2803 1879 2860 enim
1901 2803 2116 2876 sapiens

537 2899 776 2956 sustinet
804 2897 1198 2970 imprudentes,
1241 2897 1337 2968 qui
1383 2893 1645 2968 patientia
1680 2909 1779 2950 sua
1809 2895 1892 2967 (5)
1927 2893 2117 2950 suffert

529 3002 648 3054 eos,
693 2993 754 3042 ut
798 2985 1009 3058 possint
1053 2983 1315 3054 proﬁcere
1347 2999 1361 3048 ;
1416 2997 1486 3038 ne
1540 2997 1844 3052 provocans
1889 2999 1983 3038 eos
2022 2989 2116 3038 aut

503 3065 507 3157 ς
529 3075 818 3150 adjiciens,
853 3071 1064 3146 pejores
1091 3071 1218 3128 illos
1245 3071 1427 3140 faciat,
1459 3077 1554 3128 aut
1580 3081 1725 3130 certe
1751 3073 1810 3128 in
1839 3072 1952 3130 illis
1979 3089 2118 3146 pro-

531 3163 698 3222 ﬁcere
725 3175 837 3218 non
863 3159 1121 3232 potuerit;
1155 3173 1311 3250 suam
1339 3159 1662 3250 modestiam
1693 3159 1952 3216 custodit.
1994 3160 2116 3216 Ho-
2144 3187 2190 3250 ρ

529 3266 658 3310 rum
689 3251 749 3308 in
776 3246 1082 3307 Corinthiis
1111 3245 1254 3303 nihil
1283 3256 1385 3305 est.
1417 3247 1704 3318 Quomodo
1730 3265 1858 3322 ergo
1884 3250 2117 3308 libenter

529 3339 804 3398 sufferunt
849 3333 1245 3407 imprudentes,
1291 3353 1416 3393 cum
1471 3336 1576 3410 ipsi
1619 3337 1732 3393 sint
1779 3337 2049 3409 sapientes
2097 3357 2113 3407 ;

503 3412 506 3424 ’
529 3425 644 3484 nisi
673 3425 804 3498 quia
831 3437 942 3478 non
969 3422 1050 3480 sic
1076 3425 1199 3480 vult
1223 3423 1482 3497 intelligi,
1508 3425 1653 3482 sicut
1679 3433 1876 3482 sonant
1905 3426 2070 3482 verba
2089 3427 2118 3484 7

532 3513 652 3570 Hoc
697 3511 757 3566 in
801 3523 965 3568 sensu
1007 3519 1063 3570 et
1106 3513 1554 3586 pronuntiatione
1597 3520 1724 3582 est;
1774 3513 1902 3587 quia
1929 3515 2116 3571 eadem

528 3598 754 3674 quidem
786 3598 952 3656 verba
979 3615 1092 3657 non
1121 3601 1374 3659 eumdem
1424 3601 1630 3659 habent
1675 3617 1920 3668 sensum,
1959 3603 2118 3658 aliter

536 3685 864 3759 pronuntiat
893 3687 974 3758 (6)
1003 3705 1018 3754 ;
1049 3695 1112 3744 ut
1139 3689 1436 3762 aliquando
1462 3689 1772 3757 conﬁrmet,
1819 3689 2116 3762 aliquando

528 3779 713 3844 neget,
745 3773 892 3846 quod
920 3773 1075 3831 dicit.
1103 3775 1174 3830 Hi
1203 3775 1351 3831 enim
1383 3783 1446 3832 ut
1465 3776 1778 3849 prudentes,
1796 3777 2116 3849 insipientes

501 3860 866 3920 .snﬁ‘erebant
911 3861 1078 3918 falsos
1100 3864 1414 3935 ‘apostolos.
1474 3887 1495 3912 ι
1529 3863 1825 3921 Sustinetis
1869 3865 2036 3934 enim,
2067 3866 2116 3923 si

501 3949 662 4025 .quis
687 3967 787 4008 vos
814 3951 876 4008 in
911 3951 1230 4008 servitutem
1274 3951 1474 4024 redigit
1505 3970 1518 4008 :
1548 3977 1568 4002 ι
1610 3953 1726 4010 Hoc
1771 3969 1961 4010 verum
1999 3963 2110 4023 est;

499 4068 506 4079 -
535 4039 669 4112 quia
695 4038 1082 4112 redigebautur
1109 4039 1167 4095 in
1195 4039 1540 4108 servitutem,
1570 4055 1683 4097 non
1726 4057 1823 4113 per
1867 4041 2117 4114 pruden-

501 4170 506 4214 δ
534 4127 698 4195 tiam,
731 4126 826 4183 sed
854 4142 951 4200 per
977 4126 1306 4195 stultitiam;
1337 4137 1400 4185 ut
1427 4127 1831 4186 famularentur
1856 4130 2114 4201 pseudoa-

499 4214 780 4287 :postolis.
827 4238 847 4262 ι
874 4215 932 4272 Si
961 4216 1085 4287 quis
1113 4214 1356 4271 devorat.
1389 4240 1410 4264 ι
1446 4217 1558 4272 Nec
1603 4215 1709 4273 hoc
1753 4216 1952 4273 falsum
1993 4227 2110 4286 est;

499 4300 506 4360 ἒ
531 4302 665 4375 quia
689 4303 935 4360 contenti
956 4311 1110 4360 erant
1137 4303 1390 4360 devorari
1417 4319 1504 4360 res
1531 4319 1656 4361 suas
1685 4319 1715 4359 a
1750 4304 1902 4362 falsis
1930 4305 2112 4363 docto-

525 4390 706 4448 ribus.
747 4414 770 4440 ι
795 4391 852 4449 Si
882 4392 1006 4464 quis
1033 4393 1252 4464 accipit.
1281 4416 1302 4442 ι
1336 4393 1598 4466 Accipere
1625 4402 1706 4450 est
1726 4394 1964 4469 aliquem
1984 4395 2113 4452 dolo

524 4494 750 4552 capere;
813 4479 1046 4554 ideoque
1071 4481 1345 4554 signiﬁcat
1372 4481 1472 4539 hos
1497 4483 1616 4556 capi
1658 4499 1690 4540 a
1733 4482 1938 4540 dolosis
1987 4501 2114 4542 ma—

521 4568 732 4640 gistris,
765 4577 819 4626 et
845 4568 988 4624 ferre
1025 4569 1174 4642 quod
1203 4585 1314 4626 non
1343 4569 1568 4642 expedit
1597 4571 1701 4642 (7).
1721 4593 1740 4616 ‹
1769 4570 1826 4626 Si
1855 4572 1978 4644 quis
2005 4588 2114 4628 ex-

519 4657 762 4714 tollitur.
789 4681 810 4706 ι
851 4657 1195 4714 Extollentia
1219 4657 1476 4730 superbia
1493 4665 1592 4714 est.
1617 4658 1729 4714 Hos
1756 4675 1882 4732 ergo
1909 4661 2105 4732 tangit,

521 4744 619 4816 qui
650 4745 870 4817 superbi
897 4753 1074 4815 erant,
1097 4746 1237 4802 male
1265 4751 1518 4802 taxantes
1544 4747 1866 4818 Apostolun:
1890 4767 1906 4816 ;
1939 4759 1994 4806 et
2019 4749 2105 4806 bis

521 4846 634 4888 non
661 4833 1040 4906 displicebant.
1081 4857 1102 4882 ι
1131 4833 1190 4891 Si
1217 4833 1342 4908 quis
1367 4833 1427 4889 in
1456 4834 1650 4892 faciem
1677 4851 1776 4892 vos
1804 4837 1984 4895 caedit.
2009 4839 2105 4896 :In

524 4915 725 4974 faciem
751 4921 1000 4990 caeditur,
1027 4923 1088 4980 in
1115 4921 1274 4995 cujus
1297 4938 1358 4980 os
1382 4921 1588 4995 injuria
1627 4923 1918 4997 irrogatur.
1948 4927 2106 4987 Nunc

520 5000 628 5062 hos
647 5006 945 5078 signiﬁcat,
974 5011 1070 5082 qui
1097 5027 1161 5068 eo
1190 5011 1338 5085 quod
1365 5021 1544 5070 essent
1572 5010 1640 5070 de
1687 5027 1880 5085 genere
1919 5013 2105 5072 Abra-

461 5149 464 5159 '
530 5195 549 5237 _-
594 5153 1304 5237 (lt).Quidquid_intercedit
1331 5163 1476 5237 inter
1503 5165 1622 5225 haec
1651 5165 2104 5234 verba,susti~netis

519 5226 840 5356 iungentis,
865 5226 928 5286 'et
955 5231 1064 5288 alia
1091 5231 1208 5301 illa,
1238 5233 1418 5289 ironia
1441 5241 1516 5290 est
1539 5239 1664 5307 haec,
1697 5237 1756 5294 in
1781 5226 1904 5296 cod.
1936 5240 2100 5300 Corb.

561 5314 634 5356 es;
681 5315 771 5356 era
799 5315 882 5356 ur.

561 5307 882 5356 es.deratur.

593 5371 964 5446 (5)1Spnnu‘lli
993 5387 1147 5446 mss.,
1184 5374 1278 5446 qui
1306 5375 1565 5446 sapientia
1593 5395 1718 5436 sua.

591 5443 676 5522 (ﬁ)
707 5444 835 5522 liiss.
853 5443 1084 5522 aliquot,
1105 5443 1294 5500 habent
1321 5443 1528 5502 sensum
1553 5450 1714 5505 aliter
1728 5455 2100 5522 pronuntiata.

705 5513 786 5593 Ita
814 5513 1091 5600 vetfedit.
1127 5524 1180 5571 et
1200 5532 1368 5600 iussu
1395 5529 1625 5600 excepto
1663 5513 1851 5600 Corb.,
1884 5525 1942 5581 in
1959 5513 2100 5600 quo,

521 5583 586 5668 et;
601 5583 735 5668 ﬁeri,
763 5587 900 5655 quod
924 5603 1034 5668 non
1063 5587 1290 5661 expetit;
1329 5583 1486 5646 Rom.
1521 5583 1653 5649 edit.
1684 5583 1916 5664 sola,'at
1941 5583 2100 5668 ferri;

517 5664 622 5726 quo
651 5668 754 5710 non
775 5658 1000 5732 expedit.

2226 581 2598 655 praeferentes,
2617 581 2740 638 ‘hos
2769 582 3147 638 humiliantes.

2298 670 2481 740 (Vera.
2525 670 2643 741 21.)
2708 693 2728 717 ι
2766 671 3077 729 Secundum
3120 669 3519 742 ignobilitatem
3569 669 3714 730 dico.
3771 693 3794 718 ι

2220 756 2625 829 Ignobilitatem
2683 757 2819 813 dicit
2865 758 2989 827 hoc,
3037 757 3183 831 quod
3230 775 3394 832 supra
3441 759 3520 830 (ν.
3555 759 3644 831 18)
3678 760 3806 816 ait:

2235 867 2256 892 ι
2283 845 2356 900 Et
2382 861 2484 916 ego
2513 844 2786 916 gloriabor
2811 845 3108 902 secundum
3141 863 3381 904 carnem.
3422 872 3441 894 ι
3500 847 3620 904 Non
3650 847 3806 903 enim

2220 929 2358 987 dicit
2395 931 2462 986 ad
2492 933 2706 989 laudem
2735 935 3024 1006 pertinere,
3057 935 3188 1008 quia
3215 935 3468 992 inﬁrmus
3515 952 3627 991 non
3665 944 3809 1004 erat,

2219 1017 2278 1074 in
2307 1035 2415 1091 quo
2439 1036 2496 1076 se
2518 1018 2818 1090 jactabant,
2851 1038 2987 1094 quos
3042 1023 3260 1080 occulte
3307 1025 3498 1096 tangit.
3554 1023 3712 1079 Unde
3751 1031 3811 1079 et

2219 1104 2419 1176 adjecit
2449 1123 2461 1162 :
2517 1131 2536 1153 ι
2560 1107 2724 1175 Quasi
2753 1125 2853 1165 nos
2883 1109 3088 1165 inﬁrmi
3117 1111 3382 1168 fuerimus
3401 1112 3458 1166 in
3478 1112 3580 1168 hac
3595 1122 3798 1184 parte.»

2218 1191 2569 1250 Manifestum
2615 1205 2697 1252 est
2741 1197 2870 1270 quia
2916 1215 3026 1254 non
3077 1208 3192 1256 erat
3221 1199 3278 1254 in
3309 1199 3411 1256 hac
3439 1200 3609 1272 gloria
3638 1200 3811 1255 inﬁr—

2220 1295 2362 1348 mus,
2417 1281 2476 1338 in
2526 1299 2636 1356 qua
2679 1300 2736 1341 se
2788 1285 3147 1358 praeferebant
3177 1289 3257 1359 (8)
3299 1289 3576 1345 credentes
3605 1288 3808 1356 Judaei,

2220 1385 2357 1442 quos
2385 1369 2443 1426 hi
2473 1373 2842 1443 patiebantur,
2873 1377 3028 1447 quasi
3060 1377 3355 1448 Apostolus
3395 1393 3582 1434 eorum
3614 1378 3670 1433 in
3703 1378 3811 1434 hac

2219 1475 2279 1517 re
2323 1468 2464 1516 esset
2505 1461 2825 1530 dissimilis;
2875 1465 3004 1536 quia
3050 1473 3102 1520 et
3148 1465 3265 1536 ipse
3316 1474 3431 1522 erat
3477 1466 3544 1522 de
3597 1467 3811 1524 semine

2219 1546 2476 1616 Abrahae,
2503 1563 2564 1605 ac
2593 1564 2688 1619 per
2713 1549 2818 1606 hoc
2847 1549 3100 1606 infirmus
3123 1568 3232 1607 non
3263 1561 3376 1609 erat
3418 1556 3476 1609 in
3529 1554 3632 1612 hac
3678 1557 3813 1627 glo—

2218 1633 2302 1690 ria
2322 1634 2501 1690 carnis
2531 1635 2634 1704 (9).
2679 1635 2890 1690 Infirmi
2932 1645 3113 1692 autem
3162 1637 3220 1693 hi
3256 1638 3672 1712 judicabantur,
3707 1643 3808 1716 qui

2219 1721 2478 1794 applicati
2512 1721 2728 1778 fuerant
2782 1725 2968 1795 generi
3016 1725 3267 1783 Abrahae.
3313 1729 3410 1784 Isti
3451 1731 3596 1786 enim
3648 1730 3814 1804 quasi

2218 1809 2427 1865 inﬁrmi
2455 1809 2514 1864 in
2541 1826 2607 1866 eo
2633 1811 2782 1884 quod
2810 1813 2895 1868 illi
2930 1830 2986 1870 se
3035 1816 3412 1886 praeferebant,
3442 1835 3505 1874 eo
3533 1819 3683 1891 quod
3713 1836 3817 1877 es-

2223 1905 2344 1954 sent
2388 1899 2668 1970 Israelitze,
2718 1901 2777 1956 in
2823 1901 2928 1958 hoc
2972 1903 3090 1974 ipso
3134 1905 3332 1960 volunt
3379 1923 3436 1962 se
3463 1908 3702 1964 sufferri.
3741 1909 3814 1966 Ut

2223 1985 2533 2043 ostenderet
2561 1989 2621 2043 in
2651 1989 2754 2046 hac
2787 1990 2960 2061 gloria
2986 1993 3168 2048 carnis
3210 2009 3322 2049 non
3367 2011 3426 2050 se
3476 2011 3590 2052 esse
3633 1997 3814 2054 dissi-

2223 2074 2383 2130 miles
2410 2084 2461 2130 et
2498 2075 2748 2133 infirmos
2780 2079 2923 2148 (10),
2951 2095 3076 2136 cum
3104 2080 3170 2136 de
3211 2098 3311 2138 sua
3354 2099 3517 2140 causa
3541 2085 3810 2158 loquitur,

2223 2164 2542 2220 subinducit
2586 2173 2639 2220 et
2691 2166 2952 2223 Barnabas
2997 2184 3282 2240 personam
3329 2173 3465 2228 socii
3501 2175 3608 2244 sui,
3653 2175 3812 2232 Unde

2223 2260 2278 2308 et
2301 2252 2359 2308 in
2390 2253 2567 2325 prima
2595 2253 2732 2310 dicit
2768 2255 2999 2327 epistola
3027 2273 3039 2311 :
3097 2281 3116 2306 ι
3155 2261 3267 2314 Aut
3300 2277 3397 2332 ego
3424 2263 3574 2318 solus
3605 2272 3659 2320 et
3674 2266 3810 2320 Bar-

2222 2341 2390 2399 nabas
2417 2358 2528 2399 non
2554 2342 2816 2401 habemus
2845 2353 3163 2418 potestatem
3186 2348 3291 2405 hoc
3311 2351 3571 2422 operandi
3599 2353 3654 2424 (Ι
3675 2355 3808 2412 Cor.

2223 2446 2304 2499 IX,
2335 2430 2436 2502 6)?
2463 2455 2483 2480 ι
2525 2433 2645 2488 Non
2676 2449 2804 2506 ergo
2831 2435 3072 2491 minores
3099 2443 3255 2492 erant
3283 2439 3340 2493 in
3373 2438 3476 2496 hac
3524 2441 3715 2514 gloria,
3747 2442 3811 2498 in

2223 2536 2331 2594 qua
2357 2536 2414 2577 se
2441 2521 2613 2578 Judaei
2631 2522 2932 2596 jactabant,
2983 2526 3076 2582 sed
3122 2543 3233 2583 non
3280 2527 3408 2586 inde
3453 2531 3807 2602 plaudebant.

2215 2609 2472 2683 Denique
2501 2611 2656 2669 dicit.
2703 2637 2721 2660 ι
2749 2615 2812 2670 In
2861 2631 2968 2687 quo
3011 2616 3134 2688 quis
3181 2617 3342 2674 rudet
3369 2619 3485 2676 ?In
3531 2622 3813 2693 insipien-

2223 2699 2355 2756 tiam
2387 2699 2532 2768 dico,
2566 2701 2743 2758 audeo
2765 2710 2818 2758 et
2841 2720 2938 2775 ego
2965 2723 2979 2771 ;
3011 2729 3030 2752 ι
3074 2705 3178 2762 hoc
3219 2714 3320 2772 est,
3351 2724 3459 2764 non
3501 2709 3670 2766 fuisse
3711 2711 3812 2766 in-

2219 2784 2445 2842 ﬁrmum
2477 2788 2536 2843 in
2566 2789 2756 2860 gloria,
2785 2806 2890 2864 qua
2920 2808 2976 2847 se
3012 2791 3290 2863 jactabant
3342 2795 3640 2865 Israelitae;
3705 2815 3808 2856 nec

2223 2875 2448 2948 quidem
2503 2876 2562 2932 in
2608 2877 2712 2935 hac
2753 2895 2808 2935 re
2848 2879 3170 2952 prudentem
3217 2873 3493 2950 indicari;
3555 2886 3811 2957 praeferre

2223 2965 2372 3020 enim
2393 2981 2449 3021 se
2480 2967 2678 3023 nolunt
2709 2969 3026 3040 prudentes.
3053 2973 3115 3026 ln
3163 2971 3535 3043 insipientiam
3583 2988 3710 3047 ergo
3752 2991 3811 3033 se

2224 3051 2362 3108 dicit
2417 3053 2618 3111 audere
2664 3056 2722 3112 in
2770 3073 2835 3114 eo
2885 3058 3030 3130 quod
3077 3060 3281 3116 audent
3309 3061 3350 3116 ii
3396 3061 3489 3134 qui
3519 3078 3576 3118 se
3598 3061 3812 3134 jactant

2223 3157 2288 3198 eo
2315 3143 2461 3215 quod
2489 3144 2600 3200 sint
2628 3145 2731 3200 ﬁlii
2761 3147 3032 3215 Abrahze;
3066 3157 3126 3204 ut
3171 3149 3400 3220 gloriam
3444 3167 3630 3208 eorum
3679 3156 3812 3210 ina-

2224 3229 2342 3286 niat
2375 3247 2388 3285 :
2424 3230 2828 3303 imprudentem
2859 3252 2914 3290 se
2947 3238 3304 3308 pronuntiat;
3337 3255 3406 3294 ne
3435 3239 3519 3296 illi
3559 3242 3815 3313 pruden~

2224 3325 2306 3375 tes
2336 3317 2657 3376 viderentur
2684 3322 2741 3377 in
2775 3322 2878 3380 hac
2907 3332 3076 3396 parte,
3109 3333 3202 3381 aut
3232 3327 3464 3384 nobiles.

2297 3409 2480 3480 (Vers.
2515 3409 2632 3480 22.)
2674 3435 2693 3457 ι
2715 3411 2927 3468 Hebraei
2955 3421 3102 3482 sunt,
3125 3422 3179 3470 et
3204 3432 3301 3488 ego
3334 3435 3346 3473 :
3381 3418 3636 3474 Israelita:
3655 3429 3809 3488 sunt,

2225 3510 2279 3560 et
2306 3519 2405 3575 ego
2437 3521 2450 3560 :
2483 3521 2666 3562 semen
2708 3507 2942 3566 Abrahae
2985 3521 3134 3578 sunt,
3171 3521 3224 3568 et
3269 3530 3386 3586 ego.
3418 3540 3437 3563 ι
3497 3517 3559 3571 In
3588 3516 3676 3572 his
3703 3534 3811 3590 pa-

2225 3609 2340 3649 rem
2369 3611 2424 3650 se
2449 3611 2662 3664 eorum,
2696 3597 2762 3652 de
2801 3599 3002 3672 quibus
3023 3617 3186 3674 supra
3215 3602 3566 3674 significavit,
3615 3615 3811 3663 osten-

2223 3681 2342 3746 dit;
2401 3691 2464 3738 ut
2518 3683 2878 3742 detractiones
2931 3704 3140 3758 eorum,
3191 3691 3389 3762 quibus
3425 3691 3684 3765 indignus
3739 3695 3809 3752 ab

2225 3767 2313 3824 his
2334 3768 2704 3842 judicabatur,
2735 3774 2897 3830 falsas
2925 3778 3250 3835 ostenderet.

2298 3858 2480 3929 (Vers.
2510 3859 2626 3932 23.)
2675 3885 2694 3908 ι
2721 3863 2962 3920 Ministri
2993 3865 3195 3922 Christi
3227 3875 3375 3936 sunt,
3406 3876 3460 3924 et
3510 3885 3607 3942 ego
3653 3871 3810 3929 velut

2223 3947 2490 4021 insipiens
2520 3950 2662 4021 dico,
2699 3954 2821 4025 plus
2845 3971 2963 4027 ego.
2998 3981 3017 4004 ι
3061 3958 3204 4013 Vera
3233 3957 3303 4014 de
3333 3975 3388 4014 se
3416 3959 3624 4030 dicens,
3657 3963 3812 4020 insi-

2223 4037 2463 4110 pientem
2518 4057 2575 4096 se
2618 4045 2958 4114 pronuntiat,
3009 4054 3072 4102 ut
3119 4047 3457 4120 intelligatur
3499 4061 3720 4110 coactus
3749 4054 3809 4112 in

2224 4126 2439 4184 laudem
2463 4145 2616 4185 suam
2646 4135 2976 4205 prorupisse.
3006 4135 3140 4192 Nam
3180 4151 3273 4208 qui
3294 4146 3486 4209 sponte
3527 4157 3589 4196 ea
3615 4144 3806 4216 refert,

2224 4217 2367 4276 202
2397 4232 2516 4288 quae
2549 4217 2616 4273 ad
2641 4218 2856 4283 laudem
2888 4220 3006 4292 ejus
3056 4224 3367 4296 proﬁciant,
3399 4227 3807 4300 imprudentem

2221 4325 2278 4366 se
2306 4325 2416 4366 non
2447 4310 2600 4368 dicit.
2633 4313 2884 4372 Ostendit
2929 4333 3055 4391 ergo
3106 4337 3226 4395 quae
3273 4323 3404 4388 sint,
3434 4341 3554 4397 quae
3602 4328 3808 4386 faciant

2221 4397 2380 4453 illum
2409 4399 2727 4458 ministrum
2753 4403 2959 4461 Christi
2993 4411 3162 4481 magis
3187 4427 3321 4479 esse,
3355 4428 3517 4484 quam
3547 4423 3676 4470 sunt
3705 4432 3806 4472 re-

2221 4485 2360 4557 liqui
2402 4488 2800 4560 praedicatores.
2852 4495 3144 4554 Occasione
3191 4500 3338 4557 enim
3385 4501 3628 4570 inventa,
3670 4520 3805 4561 om-

2220 4575 2374 4630 nium
2424 4579 2600 4650 tangit
2653 4597 2929 4652 personas,
2961 4587 3126 4644 etiam
3158 4593 3554 4662 apostolorum,
3609 4592 3804 4652 dolens

2219 4667 2347 4736 quia
2392 4666 2491 4722 Dei
2540 4669 2711 4740 gratia
2753 4675 2935 4730 minor
2982 4676 3039 4730 in
3082 4677 3187 4733 hoc
3238 4678 3622 4750 judicabatur;
3673 4698 3804 4740 cum

2215 4753 2404 4810 eadem
2459 4763 2784 4828 operaretuf
2833 4779 2951 4834 quae
3013 4766 3196 4822 caeteri
3254 4771 3507 4841 apostoli,
3561 4779 3616 4828 et
3669 4770 3802 4828 ﬁdei

2213 4856 2374 4898 causa
2417 4844 2624 4918 majora
2665 4849 2835 4906 exitia
2882 4853 3156 4910 toleraret.
3183 4857 3336 4912 Unde
3385 4867 3441 4914 et
3469 4857 3526 4912 in
3555 4857 3661 4914 alia
3687 4859 3802 4932 epi-

2212 4930 2560 5094 stolaigicit:
2607 4959 2625 4983 ι
2655 4937 2786 4996 Plus
2815 4939 2929 4997 illis
2966 4943 3226 5002 omnibus
3272 4945 3520 5002 laboravi
3569 4946 3626 5018 (ι
3669 4930 3798 5006 σὸν.

2212 5031 2310 5088 xv,
2450 5064 2462 5078 .
2495 5045 2516 5071 ι

2212 5031 2310 5088 κν,
2349 5031 2462 5088 10).
2495 5045 2516 5071 ι

2294 5169 2376 5257 (8)
2399 5171 2561 5257 Corb.
2611 5177 2757 5249 cod.,
2814 5181 2872 5236 in
2925 5183 3032 5257 qua
3075 5200 3141 5257 se
3177 5183 3534 5255 prce/arebant
3575 5184 3797 5257 Judais,

2212 5247 2340 5318 quia
2365 5247 2535 5320 etipsi
2563 5247 2802 5306 erantex
2839 5247 3030 5308 semine
3072 5247 3323 5320 Abfahré,
3373 5257 3461 5310 sed
3512 5272 3618 5312 non
3673 5247 3798 5314 inde

2206 5316 2546 5396 plaudebant.
2574 5322 2806 5396 Denique
2825 5324 2949 5379 dicit
2978 5341 2995 5379 :
3018 5326 3082 5381 In
3109 5342 3210 5396 quo
3238 5316 3356 5395 quis
3382 5327 3556 5394 audet,
3597 5335 3701 5384 etc.

2287 5388 2367 5469 (9)
2398 5391 2524 5471 Mss.
2553 5388 2828 5471 nonnulli,
2876 5396 3049 5471 inﬁmi
3079 5388 3195 5471 non
3242 5388 3394 5453 erant
3419 5399 3476 5452 in
3501 5388 3596 5453 hac
3615 5399 3798 5471 gloria

2212 5461 2391 5535 carnis
2419 5462 2662 5535 ;_Laud.,
2691 5465 2863 5535 gloria
2891 5461 3108 5523 Christi.

2287 5532 2402 5602 (10)
2431 5532 2659 5600 Quidem
2695 5532 2847 5603 inss.,
2886 5544 2944 5591 ut
2978 5539 3388 5596 ostenderent...
3425 5541 3706 5598 dissimiles
3743 5546 3796 5601 et

2211 5601 2490 5674 iit/innati;
2530 5606 2806 5674 nonnulli,
2832 5601 2908 5661 rut
2952 5610 3324 5666 ostenderet...
3375 5611 3700 5671 dissimilem.
3745 5617 3800 5672 et

2211 5672 2483 5744 inﬁrmum
2509 5693 2528 5738 ;
2555 5676 2751 5750 reliqui
2781 5672 2835 5733 et
2861 5677 2994 5738 edit.
3026 5689 3089 5737 ut
3123 5681 3180 5737 in
3209 5689 3385 5748 textu.
