3970 6374
249 408 358 468 345

1325 409 1683 468 COMMENT.
1726 413 1798 470 IN
1828 413 2044 470 EPIST.
2078 415 2126 470 II
2153 414 2249 469 AD
2288 413 2443 473 COR.

3417 421 3520 481 346

338 556 357 581 κ
384 535 445 590 In
487 533 766 592 laboribus
813 536 1084 609 plurimis.
1117 560 1136 586 ι
1191 536 1320 594 Ideo
1372 537 1430 593 in
1473 538 1719 610 pluribus
1750 538 1827 594 ait
1853 540 1905 600 A
1940 538 2087 612 quod
2114 539 2263 595 aliud
2308 540 2416 597 fuit
2460 539 2765 613 periculum
2812 542 2872 599 in
2918 544 3103 601 mari?
3148 545 3254 602 Sed
3299 544 3406 603 hoc
3440 554 3520 604 est

246 620 550 692 laboribus,
583 625 713 697 quia
756 632 809 681 et
848 625 931 681 illi
973 626 1381 696 laboraverunt,
1424 626 1518 683 sed
1560 644 1670 684 non
1698 635 1830 684 tan-

244 715 391 765 tum.
423 712 525 769 ilic
560 714 706 768 enim
746 729 777 769 a
827 728 984 769 mane
1012 730 1181 787 usque
1230 716 1298 771 ad
1345 715 1592 787 quintam
1638 716 1829 772 horam

246 798 462 856 victum
505 800 758 857 manibus
787 803 1083 874 quaerebat,
1133 811 1186 858 et
1226 803 1300 859 ita
1331 803 1532 859 exinde
1558 820 1728 876 usque
1760 804 1830 860 ad

245 884 522 943 decimam
574 888 762 945 horam
806 889 1121 961 disputabat
1162 891 1381 963 publice
1423 900 1575 948 tanto
1625 892 1825 960 labore,

248 986 315 1031 ut
343 981 839 1037 contradicentibus
876 984 1143 1039 suaderet.
1187 1007 1205 1029 ι
1236 984 1296 1039 In
1317 984 1622 1041 carceribus
1646 984 1830 1040 abun-

247 1062 490 1122 dantius.
520 1091 539 1114 ι
580 1068 839 1139 Apertum
884 1076 965 1125 est
1010 1070 1348 1142 frequentius
1395 1072 1561 1127 istum
1600 1073 1827 1128 missum

248 1150 419 1208 fuisse
463 1155 522 1209 in
575 1172 844 1213 carcerem
899 1174 1061 1230 quam
1111 1159 1255 1216 illos.
1302 1184 1320 1208 ‹
1348 1162 1409 1217 In
1448 1161 1621 1233 plagis
1667 1177 1829 1232 supra

247 1240 495 1298 modum.
525 1268 544 1291 ι
607 1243 734 1299 Ideo
780 1261 945 1317 supra
992 1246 1238 1313 modum,
1290 1249 1419 1321 quia
1468 1249 1613 1305 ultra
1664 1265 1827 1321 quam

247 1329 511 1398 oportuit.
542 1331 677 1387 Nam
720 1340 775 1388 et
816 1334 902 1390 illi
943 1337 1067 1391 caesi
1105 1342 1252 1404 sunt,
1303 1336 1397 1393 sed
1444 1352 1553 1392 non
1592 1345 1824 1392 tantum.

260 1437 280 1461 ι
314 1417 374 1471 In
413 1419 681 1475 mortibus
726 1421 941 1493 saepius.
976 1448 996 1472 ι
1040 1423 1242 1480 Verum
1290 1432 1390 1492 est,
1420 1425 1550 1497 quia
1581 1424 1673 1483 hic
1706 1424 1827 1482 fre-

247 1506 506 1577 quentius
532 1509 775 1580 pericula
801 1512 1083 1579 sustinuit,
1114 1528 1276 1586 quam
1307 1513 1509 1571 cmteri.

323 1594 503 1665 (Vers.
552 1597 667 1669 24.)
729 1623 747 1646 ι
792 1601 842 1655 Α
880 1600 1081 1656 Iudaeis
1121 1600 1412 1674 quinquies
1450 1600 1825 1673 quadraginta,

244 1698 359 1738 una
412 1684 597 1743 minus
647 1688 848 1759 accepi.
900 1712 920 1736 ι
986 1689 1102 1745 Hoc
1146 1688 1303 1758 dicit,
1356 1690 1487 1762 quia
1539 1689 1830 1762 quinquies

244 1770 553 1843 ﬂagellatus
590 1784 670 1831 est
715 1793 748 1831 a
791 1776 994 1832 Iudaeis
1050 1777 1352 1834 secundum
1404 1778 1574 1850 legem
1604 1777 1827 1850 Moysis,

1940 630 2265 702 periculum,
2309 630 2527 703 quando
2558 631 2616 686 in
2646 633 2803 699 mari,
2833 631 2940 689 hoc
2965 640 3067 702 est,
3096 634 3153 689 in
3181 635 3330 704 navi,
3363 636 3520 693 mili-

1940 727 2022 775 tes
2037 720 2414 792 "cogitaverant
2444 737 2632 777 omnes
2660 721 2937 779 custodias
2979 722 3262 790 occidere;
3303 739 3372 780 ne
3396 726 3519 798 quis

1940 817 2163 887 enatans
2194 808 2470 881 effugeret.
2518 809 2675 876 Quod
2704 811 3009 882 periculum
3047 811 3297 868 centurio
3324 813 3519 883 prohi-

1938 895 2061 953 buit
2090 896 2304 965 inferri,
2337 914 2407 953 ne
2453 899 2654 954 Paulus
2682 898 3041 968 occideretur,
3071 906 3134 955 ut
3177 916 3301 956 eum
3330 900 3519 957 vivum

1938 983 2165 1040 Romam
2195 986 2531 1057 perduceret.
2570 1011 2589 1034 ι
2622 987 2886 1044 Periculis
2911 987 2970 1043 in
3000 986 3145 1045 fictis
3172 987 3450 1045 fratribus.
3486 1013 3506 1037 ι

1939 1072 2083 1128 Falsi
2121 1073 2313 1129 fratres
2356 1074 2396 1130 ii
2442 1083 2592 1143 sunt,
2623 1075 2690 1130 de
2731 1074 2933 1147 quibus
2967 1075 3106 1132 dicit
3134 1076 3203 1133 ad
3245 1076 3462 1136 Galatas
3502 1097 3515 1136 :

1951 1182 1971 1207 ‹
2008 1161 2234 1233 Propter
2273 1162 2719 1220 subintroductos
2754 1172 2934 1220 autem
2981 1164 3147 1221 falsos
3184 1165 3396 1234 fratres;
3425 1166 3520 1239 qui

1936 1248 2386 1305 subintraverunt
2414 1252 2700 1322 explorare
2730 1251 3037 1308 libertatem
3067 1260 3327 1321 nostram,
3357 1269 3518 1326 quam

1937 1334 2200 1395 habemus
2243 1340 2300 1395 in
2340 1340 2560 1397 Christo
2586 1342 2713 1397 Jesu
2753 1340 2959 1412 (Gatat.
2992 1358 3053 1409 ιι,
3082 1341 3164 1411 4).
3205 1368 3225 1393 ι
3275 1343 3343 1399 Hi
3372 1343 3520 1400 enim

1936 1425 2135 1497 partim
2183 1426 2483 1484 Christiani
2525 1435 2699 1497 erant,
2745 1428 2946 1500 partim
2981 1428 3177 1497 Judaei,
3221 1430 3280 1485 in
3328 1438 3521 1487 neutro

1937 1513 2184 1585 perfecti,
2220 1515 2316 1588 qui
2359 1516 2476 1572 zelo
2524 1516 2658 1588 legis
2703 1518 2970 1589 Apostolo
3008 1518 3277 1575 invidiam
3306 1519 3522 1576 excita-

1937 1599 2091 1669 bant,
2121 1618 2186 1658 eo
2227 1603 2394 1675 quod,
2428 1603 2722 1676 praedicato
2765 1604 3005 1674 Christo,
3054 1607 3223 1678 legem
3254 1606 3367 1678 jam
3397 1622 3523 1664 ces-

1937 1704 2057 1746 sare
2084 1690 2317 1748 dicebat.
2340 1692 2588 1765 Denique
2603 1691 2690 1748 his
2719 1693 3155 1764 perurgentibus,
3174 1695 3521 1751 Timotheum

1937 1779 2254 1851 compulsus
2297 1787 2382 1836 est
2419 1779 2830 1837 circumcidere.
2861 1780 3050 1837 Fictus
3090 1797 3217 1853 ergo
3246 1781 3524 1841 Christia—

243 1861 522 1932 accipieus
550 1863 734 1934 plagas
761 1863 990 1934 triginta
1016 1878 1237 1933 novem,
1266 1865 1409 1921 sicut
1445 1864 1709 1937 scriptum
1749 1872 1898 1939 estB
1936 1880 2042 1920 nus
2100 1872 2203 1933 est,
2251 1865 2347 1939 qui
2392 1865 2743 1922 aemulatione
2798 1866 2934 1938 legis
2983 1866 3325 1939 persequitur
3367 1866 3521 1925 Chri-

244 1948 308 2004 in
337 1950 764 2007 Deuteronomio
795 1953 973 2021 (Deut.
1006 1968 1143 2021 xxv,
1171 1954 1250 2022 3).
1283 1952 1439 2020 Quod
1468 1969 1563 2025 per
1587 1953 1829 2027 quinque

244 2050 378 2107 ergo
408 2037 555 2093 vices
582 2038 917 2106 factum-est,
948 2039 1038 2096 hic
1056 2041 1371 2096 summatim
1401 2041 1586 2099 refert.

323 2123 502 2194 (Vers.
537 2126 653 2195 25.)
690 2149 709 2172 ι
737 2126 840 2180 Ter
860 2126 1029 2197 virgis
1062 2143 1234 2183 caesus
1258 2144 1401 2184 sum.
1426 2154 1445 2177 ι
1488 2129 1603 2187 Hoc
1628 2146 1662 2185 a
1688 2146 1829 2203 gen-

245 2210 395 2268 tibus
424 2228 610 2284 passus
656 2220 756 2268 est.
810 2236 833 2259 ι
873 2214 1049 2269 Semel
1095 2215 1367 2287 lapidatus
1410 2233 1553 2274 sum.
1585 2243 1606 2267 ι
1647 2218 1826 2275 Alu-

245 2299 381 2355 daeis
411 2300 680 2372 lapidatus
723 2308 804 2356 est
855 2301 913 2356 in
959 2301 1182 2359 civitate
1218 2303 1495 2375 Lycaonia
1527 2305 1666 2377 (Act.
1707 2322 1824 2375 XIV,

248 2388 364 2461 18).
426 2412 445 2437 ι
491 2390 595 2447 Ter
640 2390 985 2462 naufragium
1026 2391 1151 2448 feci.
1184 2417 1204 2441 ι
1244 2393 1351 2461 Qui
1388 2394 1540 2449 omni
1586 2403 1828 2467 tempore

249 2479 449 2549 legitur
477 2481 777 2551 navigasse,
826 2480 1069 2536 adversis
1098 2482 1351 2553 procellis
1399 2483 1559 2539 facile
1604 2483 1711 2540 fuit
1745 2491 1829 2539 ter

244 2567 592 2640 naufragium
633 2570 827 2625 facere.
874 2593 891 2615 ι
917 2570 1085 2626 Nocte
1106 2578 1159 2626 et
1189 2571 1277 2626 die
1314 2571 1371 2627 in
1402 2572 1675 2644 profundo
1706 2589 1829 2629 ma—

246 2654 327 2710 ris
377 2655 480 2712 fui.
513 2682 532 2705 ι
583 2658 698 2713 Hoc
727 2658 932 2713 factum
980 2666 1081 2727 est,
1114 2659 1332 2731 quando
1387 2660 1586 2715 missus
1613 2667 1692 2715 est
1726 2661 1829 2718 Ro-

247 2768 394 2808 mam
461 2754 602 2825 (Act.
677 2771 872 2822 xxvu,
936 2755 1001 2810 12
1066 2756 1236 2827 seq.),
1309 2772 1434 2811 cum
1512 2757 1831 2828 appellasset

247 2840 538 2899 Caesarem.
603 2842 755 2898 Tunc
807 2843 1181 2913 desperatione
1236 2843 1364 2898 vitae
1421 2843 1478 2898 in
1532 2845 1663 2913 alto,
1727 2846 1829 2904 hoc

246 2937 351 2996 est,
398 2930 457 2985 in
507 2929 781 3002 profundo
833 2930 1000 2984 maris
1037 2929 1163 2997 fuit,
1209 2938 1440 2986 mortem
1483 2939 1607 2987 ante
1645 2934 1830 2990 oculos

246 3016 477 3072 habens.
508 3017 599 3071 Sic
627 3016 772 3071 enim
812 3017 1076 3087 scriptum
1120 3024 1201 3071 est
1244 3016 1301 3071 in
1345 3016 1463 3088 ipso
1497 3020 1613 3074 loco
1645 3038 1657 3075 :
1705 3043 1725 3067 ι
1751 3021 1833 3076 Ita

246 3113 310 3162 ut
339 3106 745 3177 desperaremus
789 3122 890 3161 nos
926 3106 1090 3160 etiam
1125 3105 1309 3160 vivere
1343 3106 1428 3177 (ΙΙ
1457 3107 1584 3163 Cor.
1614 3125 1652 3176 ι,
1684 3108 1764 3180 8).
1796 3132 1818 3158 ι

1936 1952 2176 2010 stianum
2208 1970 2221 2009 :
2256 1962 2310 2009 et
2337 1953 2431 2011 hic
2475 1963 2559 2011 est
2598 1954 2771 2009 falsus
2819 1954 3005 2039 frater.
3037 1954 3094 2010 Si
3121 1954 3271 2010 enim
3307 1960 3523 2011 tantum

1937 2040 2111 2098 Judzei
2157 2051 2312 2098 erant
2351 2041 2433 2112 hi,
2466 2050 2521 2098 et
2561 2050 2782 2114 propter
2826 2041 3169 2098 Judaismum
3207 2042 3402 2098 fratres
3430 2058 3523 2100 eos

1937 2127 2101 2185 falsos
2139 2129 2398 2200 appellat,
2429 2128 2562 2202 quid
2604 2144 2741 2200 opus
2769 2134 2884 2184 erat
2920 2128 3165 2185 iterare?
3205 2129 3324 2184 lam
3370 2129 3519 2186 enim

1936 2216 2186 2287 superius
2229 2217 2374 2273 dixit
2408 2235 2420 2272 :
2470 2240 2489 2264 ι
2532 2216 2796 2273 Periculis
2840 2232 2911 2271 ex
2953 2232 3163 2288 genere.
3211 2241 3232 2265 ι
3291 2217 3397 2274 Sed
3430 2232 3525 2274 se-

1936 2304 2179 2361 cundum
2227 2320 2449 2360 carnem
2480 2320 2595 2361 non
2645 2312 2773 2360 sunt
2814 2304 2937 2361 falsi
2967 2304 3181 2373 fratres,
3220 2304 3279 2360 in
3307 2304 3525 2363 Christo

1937 2399 2116 2447 autem
2157 2390 2280 2448 falsi
2334 2401 2499 2460 sunt;
2550 2391 2680 2465 quia
2721 2408 2831 2448 non
2872 2399 2990 2449 tota
3016 2400 3197 2449 mente
3226 2391 3524 2450 Christiani

1938 2487 2085 2537 sunt.
2128 2480 2374 2537 Fuerunt
2419 2488 2473 2537 et
2521 2480 2617 2536 alii
2666 2480 2792 2537 falsi
2830 2480 3045 2549 fratres,
3074 2481 3219 2539 sicut
3251 2482 3447 2539 Demas
3470 2490 3526 2541 et

1938 2578 2301 2649 Hermogenes
2331 2578 2418 2649 (II
2452 2578 2586 2634 Tim.
2629 2594 2708 2644 ιν,
2736 2577 2818 2648 9).

2012 2666 2191 2737 (Vers.
2233 2665 2347 2737 27.)
2394 2689 2413 2713 ς
2441 2666 2503 2721 In
2537 2665 2720 2721 labore
2752 2672 2806 2720 et
2844 2666 3113 2722 molestia.
3147 2689 3168 2715 ι
3211 2666 3413 2723 Verum
3442 2676 3525 2724 est

1940 2754 2068 2827 quia
2095 2761 2270 2824 potest
2312 2768 2427 2810 esse
2474 2753 2630 2809 labor
2661 2754 2778 2809 sine
2816 2754 3068 2810 molestia
3097 2770 3110 2810 :
3143 2753 3238 2809 sed
3282 2753 3374 2811 hic
3402 2754 3523 2811 ideo

1939 2840 2196 2903 addidit:
2246 2864 2265 2888 σι
2291 2841 2363 2896 Et
2404 2840 2673 2908 molestia,
2711 2865 2731 2889 ι
2773 2848 2836 2896 ut
2878 2841 3115 2898 laborem
3157 2845 3301 2903 203
3344 2842 3521 2914 ipsum

1940 2937 2232 2994 exitiosum
2282 2937 2591 2993 ostenderet
2620 2936 2760 3007 (12).
2809 2958 2830 2984 ι
2877 2938 2939 2994 In
2979 2936 3187 3008 vigiliis
3238 2937 3445 2994 multis.
3487 2962 3507 2985 ι

1937 3026 2124 3084 Multas
2173 3024 2398 3081 fuerunt
2444 3023 2561 3095 ejus
2606 3024 2857 3096 vigiliae:
2890 3025 2984 3080 sed
3027 3025 3147 3080 aliae
3178 3025 3520 3093 voluntariae,

1939 3114 2121 3169 alterae
2165 3129 2234 3169 ex
2280 3111 2637 3177 necessitate;
2692 3112 2750 3167 in
2806 3127 3057 3184 pressura
3102 3112 3251 3167 enim
3290 3112 3519 3184 positus,

322 3194 501 3264 (Vers.
536 3192 649 3263 26.)
716 3215 735 3239 ι
784 3193 845 3248 In
894 3191 1183 3249 itineribus
1238 3209 1396 3264 saepe.
1442 3217 1462 3242 ι
1513 3195 1671 3252 Nunc
1723 3196 1831 3252 alia
1860 3212 1911 3277 ρ
1939 3216 2155 3257 necesse
2198 3210 2314 3258 erat
2366 3206 2429 3255 ut
2483 3199 2737 3271 vigilaret
2779 3199 2879 3255 Dei
2926 3215 3174 3272 quaerens
3199 3201 3519 3260 auxilium:

247 3290 513 3339 memorat
564 3282 827 3354 pericula,
858 3288 920 3337 ut
975 3290 1119 3338 terra
1164 3280 1409 3353 marique
1462 3298 1562 3353 pro
1613 3282 1832 3341 Christo

247 3377 506 3427 vexatum
547 3387 604 3427 se
653 3369 951 3427 secundum
981 3385 1200 3427 carnem
1240 3369 1508 3426 ostendat.
1555 3393 1575 3419 ι
1603 3371 1833 3429 Pericu-

246 3459 335 3527 lis,
384 3460 479 3526 ait,
507 3458 819 3514 ﬂuminum.
863 3482 884 3507 ι
933 3458 990 3514 Si
1037 3458 1298 3511 itinerum
1338 3456 1579 3527 pericula
1618 3460 1831 3530 recitat,

247 3547 382 3622 quid
428 3555 507 3603 est
559 3556 622 3602 ut
659 3546 847 3602 dicat:
895 3567 914 3591 ι
950 3544 1217 3600 Periculis
1268 3543 1610 3601 fluminum?
1651 3571 1670 3595 ι
1727 3548 1833 3604 Sed

246 3636 428 3694 hieme
457 3638 561 3693 iter
590 3637 819 3703 faciens;
855 3634 982 3707 quia
1009 3634 1201 3707 utique
1232 3633 1432 3691 imbres
1450 3634 1653 3691 assidui
1682 3647 1830 3709 sunt,

247 3723 651 3799 egredientibus
730 3723 1051 3779 fluminibus
1126 3722 1445 3779 incurrebat
1504 3725 1829 3795 periculum.

260 3837 281 3862 ι
308 3812 573 3870 Periculis
614 3813 909 3868 latronum.
944 3836 963 3860 ι
1025 3810 1164 3869 Cum
1220 3810 1278 3866 in
1326 3811 1549 3869 civitate
1581 3812 1831 3871 diabolus

247 3924 372 3966 eum
398 3906 643 3963 occidere
673 3924 781 3962 non
812 3916 1010 3979 posset,
1045 3906 1283 3962 latrones
1329 3905 1413 3961 illi
1452 3905 1725 3961 excitabat
1769 3906 1829 3962 in

245 3998 357 4064 via,
388 4012 512 4051 cum
543 3995 683 4051 nihil
715 3995 901 4064 ferret,
936 4012 1055 4068 quae
1084 3995 1318 4050 latrones
1346 4002 1623 4066 cuperent.
1669 4017 1687 4040 «ι
1720 3995 1829 4050 Pe-

247 4085 435 4141 riculis
462 4100 532 4139 ex
579 4100 789 4157 genere.
821 4109 839 4131 »
884 4084 1195 4139 Iudaeorum
1241 4082 1381 4139 dicit
1405 4084 1825 4155 persecutiones,

249 4174 343 4246 qui
373 4173 567 4228 fratres
594 4172 713 4243 ejus
757 4181 910 4228 erant
960 4173 1259 4229 secundum
1287 4187 1501 4228 carnem
1528 4189 1541 4239 ;
1573 4171 1831 4228 dolebant

247 4262 414 4327 enim,
446 4262 573 4332 quia
619 4260 832 4316 deserta
875 4261 988 4333 lege
1030 4262 1145 4332 (11)
1178 4260 1246 4316 ad
1274 4260 1635 4332 Evangelium
1666 4260 1827 4317 Chri-

247 4349 320 4404 sti
371 4363 427 4404 se
480 4354 841 4403 converterat.
887 4348 1198 4403 «Periculis
1262 4363 1330 4403 ex
1385 4347 1659 4419 gentibus.
1707 4371 1726 4395 n
1779 4348 1830 4403 A

249 4434 501 4508 gentibus
560 4435 965 4505 persecutiones
1020 4451 1208 4506 passus
1249 4443 1330 4490 est
1359 4444 1577 4507 propter
1616 4444 1831 4506 myste-

247 4524 393 4581 rium
423 4523 815 4578 incarnationis
864 4522 1086 4577 Domini
1140 4523 1311 4577 nostri
1347 4521 1474 4576 Jesu
1512 4521 1739 4590 Christi,
1775 4529 1830 4578 et

247 4613 413 4670 unius
438 4612 534 4666 Dei
567 4610 1034 4683 praedicationem.
1083 4635 1102 4658 ι
1133 4610 1398 4666 Periculis
1437 4610 1494 4664 in
1523 4610 1765 4669 civitate.
1797 4635 1819 4662 ι

249 4701 428 4773 Usque
470 4698 605 4754 adeo
646 4700 949 4771 periculum
999 4699 1104 4755 fuit
1150 4698 1208 4753 in
1251 4698 1493 4762 civitate,
1524 4704 1585 4753 ut
1614 4716 1709 4770 per
1740 4699 1831 4755 fe-

248 4798 483 4845 nestram
526 4786 786 4858 effugeret
831 4802 1023 4842 manus
1066 4785 1390 4842 insidiantes
1434 4785 1539 4840 sibi
1576 4788 1716 4857 (Act.
1748 4802 1828 4856 IX,

250 4880 364 4952 25).
409 4901 427 4924 ι
458 4876 720 4933 Periculis
758 4877 814 4931 in
845 4876 1077 4932 deserto.
1108 4902 1128 4925 ι
1172 4875 1483 4931 Periculum
1530 4874 1636 4931 hoc
1659 4891 1691 4930 a
1725 4877 1831 4933 Ju-

252 4968 383 5024 dmis
410 4965 516 5020 fuit
544 4974 914 5037 procuratum,
948 4966 1166 5038 quando
1218 4981 1365 5033 eum,
1402 4963 1560 5020 factis
1589 4963 1827 5033 insidiis,

249 5059 309 5115 in
345 5058 435 5112 via
458 5057 713 5112 volebant
741 5055 986 5110 occidere
1021 5054 1160 5125 (Act.
1194 5071 1371 5123 XXVII,
1398 5053 1513 5125 43).
1557 5077 1576 5101 ι
1602 5054 1831 5112 Pericu-

251 5146 320 5202 lis
348 5146 405 5201 in
444 5144 599 5200 mari.
631 5167 650 5191 ι
706 5144 825 5199 Jam
870 5142 1120 5215 superius
1167 5140 1313 5197 dixit
1353 5158 1365 5196 :
1422 5165 1441 5191 ι
1471 5142 1573 5197 Ter
1601 5144 1831 5200 naufra-

252 5234 399 5308 gium
442 5233 570 5302 feci,
600 5242 760 5290 nocte
805 5240 859 5288 et
898 5231 987 5287 die
1034 5232 1093 5287 in
1137 5229 1411 5302 profundo
1450 5231 1616 5287 maris
1651 5231 1766 5300 fui;
1799 5257 1819 5281 ι

324 5428 439 5500 (11)
472 5428 561 5485 Sic
603 5430 760 5485 Rom.
812 5427 971 5493 edit.,
1020 5444 1143 5485 cum
1180 5442 1310 5481 mss.
1352 5426 1671 5500 nonnullis;
1717 5432 1827 5500 vet.

252 5498 382 5573 edit.
416 5498 538 5555 eum
589 5501 710 5555 aliis
759 5517 912 5569 mss.,
948 5500 1075 5573 quia
1113 5507 1287 5571 spreta
1320 5500 1463 5569 lege;
1491 5499 1676 5565 Corb.,
1706 5498 1831 5567 quia

251 5571 474 5626 adversa
506 5573 625 5641 tege.
964 5571 971 5573 ⁷

323 5642 436 5714 (12)
469 5643 567 5697 Ms.
628 5643 813 5711 Corb.,
868 5648 917 5698 et
970 5645 1223 5699 molestia.
1279 5643 1376 5698 Hic
1420 5641 1534 5696 ideo
1580 5640 1747 5714 addit,
1787 5645 1835 5694 et

251 5714 581 5781 molestiam;
630 5720 690 5769 ut
730 5716 959 5773 laborem
1009 5717 1243 5789 ipsorum
1277 5731 1491 5787 gravem
1527 5713 1829 5770 ostenderet.

1938 3295 1993 3344 et
2021 3303 2131 3344 non
2172 3288 2351 3343 solum
2403 3286 2616 3353 diebus,
2646 3287 2740 3343 sed
2782 3294 2838 3342 et
2878 3287 3133 3343 noctibus
3172 3287 3410 3357 doceret,
3436 3290 3525 3345 si-

1939 3383 2034 3433 cut
2061 3375 2199 3433 dicit
2236 3375 2294 3430 in
2325 3374 2557 3431 Actibus
2593 3375 2985 3445 apostolorum.
3029 3396 3049 3420 ¢
3078 3375 3141 3429 In
3170 3374 3311 3431 fame
3339 3383 3394 3431 et
3427 3375 3522 3433 siti

1944 3461 2084 3535 (Act.
2116 3480 2215 3531 xx,
2239 3462 2354 3532 31).
2386 3487 2404 3510 ι
2462 3463 2700 3533 Fugatus
2746 3461 3060 3534 frequenter
3086 3476 3120 3517 a
3159 3462 3362 3518 Iudaeis
3389 3479 3523 3534 per-

1940 3550 2313 3623 sequentibus,
2362 3564 2578 3605 necesse
2621 3556 2736 3603 erat
2778 3555 2843 3603 ut
2894 3548 3093 3604 famem
3150 3556 3424 3621 pateretur
3466 3560 3523 3610 et

1940 3637 2089 3695 sitim
2135 3653 2230 3709 per
2284 3635 2549 3707 inepiam.
2596 3657 2615 3683 ι
2644 3636 2705 3691 In
2756 3633 2984 3706 jejuniis
3036 3650 3196 3707 saepe.
3240 3658 3261 3684 ι
3314 3636 3524 3709 Saepius

1935 3726 2225 3799 jejunavit,
2254 3732 2318 3781 ut
2371 3723 2470 3781 Dei
2526 3721 2862 3779 adminiculo
2916 3723 3125 3796 protegi
3184 3731 3516 3784 mereretur:

1932 3813 2146 3886 jejunat
2192 3811 2359 3879 enim,
2409 3810 2504 3883 qui
2558 3809 2691 3865 dum
2730 3808 2894 3864 habet
2947 3809 3095 3882 quod
3150 3809 3294 3879 edat,
3342 3811 3523 3869 absti-

1938 3909 2032 3958 net
2069 3900 2209 3971 (13).
2256 3921 2275 3945 ι
2305 3899 2367 3954 In
2397 3898 2599 3969 frigore
2646 3903 2701 3952 et
2727 3896 2995 3953 nuditate.
3020 3921 3040 3947 ι
3081 3898 3145 3954 In
3172 3898 3376 3973 frigore
3415 3900 3524 3958 fuit

1938 3996 1993 4047 et
2019 3988 2291 4055 nuditate,
2321 3986 2541 4060 quando
2578 3986 2926 4056 naufragium
2978 4000 3169 4057 passus
3200 3994 3301 4044 est.
3344 3987 3524 4044 Deni-

1938 4093 2043 4152 que
2071 4078 2250 4149 ignem
2292 4077 2559 4144 fecerunt,
2590 4074 2689 4141 ait,
2719 4083 2773 4129 et
2811 4074 3119 4130 refecerunt
3150 4090 3272 4143 nos,
3304 4084 3523 4149 propter

1937 4166 2181 4237 pluviam
2211 4164 2590 4219 imminentem
2637 4170 2692 4216 et
2729 4160 2921 4232 frigus,
2961 4160 3185 4217 Barbari
3231 4162 3291 4219 in
3342 4163 3525 4222 insula

1937 4252 2136 4310 Melitae
2178 4252 2318 4324 (Act.
2350 4267 2552 4317 xxvm,
2585 4249 2665 4321 2).

2011 4340 2192 4412 (Vers.
2234 4336 2353 4409 28.)
2405 4361 2424 4383 ι
2454 4338 2655 4393 Praeter
2683 4335 2781 4392 illa
2819 4351 2939 4409 quae
2994 4334 3338 4393 extrinsecus
3370 4344 3521 4409 sunt,

1938 4428 2202 4486 instantia
2249 4442 2393 4495 mea,
2438 4426 2757 4499 quotidiana
2785 4424 3103 4481 sollicitudo
3134 4425 3381 4481 omnium
3406 4427 3525 4485 Eo-

1937 4517 2247 4574 clesiarum.
2278 4540 2297 4562 ι
2342 4514 2668 4571 Sollicitudo
2698 4514 2834 4581 haec,
2866 4528 3029 4585 quam
3064 4512 3200 4569 dicit
3237 4514 3524 4585 quotidia-

1940 4620 2089 4672 nam,
2119 4605 2188 4659 de
2228 4601 2544 4658 traditionis
2569 4618 2672 4657 usu
2703 4599 2819 4671 (14)
2843 4599 3144 4667 descendit,
3177 4605 3239 4654 ut
3266 4599 3523 4658 omnibus

1937 4692 2132 4749 diebus
2183 4691 2538 4748 commissum
2595 4689 2700 4744 sibi
2755 4689 3017 4760 populum
3075 4686 3312 4741 instruat
3355 4704 3367 4742 :
3422 4688 3523 4748 illa

1937 4788 2119 4837 autem
2166 4795 2285 4852 quae
2338 4793 2502 4850 supra
2532 4784 2818 4843 memorat,
2869 4771 3241 4845 superindicta
3275 4781 3425 4843 sunt,
3451 4791 3522 4835 ne

1936 4870 2188 4928 cessitate
2232 4874 2478 4939 cogente.
2527 4866 2654 4953 Dies
2700 4863 2846 4953 enim
2896 4861 2986 4953 ad_
3019 4876 3182 4933 opera
3232 4861 3391 4953 datus
3416 4872 3519 4953 est,

1937 4974 2049 5014 nox
2077 4957 2147 5012 ad
2184 4955 2429 5027 requiem
2463 4970 2475 5006 :
2512 4950 2606 5005 sed
2659 4948 2789 5022 quia
2828 4947 3065 5004 instabat
3105 4950 3415 5020 necessitas,
3457 4947 3525 5012 ut

1938 5046 2193 5103 omnibus
2220 5049 2580 5107 succurreret,
2612 5036 2775 5094 etiam
2802 5045 2967 5094 noctu
2994 5036 3241 5095 docebat.
3273 5039 3342 5096 Se
3371 5038 3522 5097 enim

1939 5134 2176 5204 affligere
2234 5144 2347 5185 non
2401 5126 2723 5198 dubitabat,
2764 5139 2833 5181 ne
2886 5124 2988 5182 Dei
3048 5125 3220 5197 gratia
3271 5134 3411 5186 esset
3458 5125 3523 5186 in

1939 5224 2072 5280 otio.

2012 5419 2127 5489 (13)
2159 5418 2279 5475 Non
2310 5412 2468 5488 pauci
2515 5429 2669 5481 mss.,
2703 5414 2797 5484 qui
2832 5429 2940 5470 non
2966 5409 3117 5469 habet
3136 5408 3277 5483 quod
3307 5407 3447 5476 edat,
3470 5414 3526 5470 et

1938 5493 2248 5636 abigi-Ziata
2289 5559 2534 5632 plerique
2568 5555 2873 5636 mss.;_.alii
2924 5559 3160 5636 v_ero,_et
3196 5560 3319 5636 vet.
3355 5550 3515 5623 edit.,

1939 5625 2307 5692 detractionis
2332 5625 2472 5694 usu}
2543 5629 2664 5684 cod.
2724 5626 2873 5690 Vat.,
2938 5625 3001 5681 de
3076 5625 3347 5681 tractiom's
3395 5638 3523 5691 «tu;

1940 5708 2097 5767 Rom.
2131 5705 2286 5774 edit.,
2315 5703 2378 5759 de
2405 5696 2808 5775 dispensationis
2834 5711 2954 5752 usu.
