3970 6380
490 342 513 370 θ

466 408 570 470 8"

1475 395 1570 453 AD
1610 395 1842 454 OPERA
1879 393 1933 451 S.
1976 389 2307 451 AMBROSII
2345 387 2720 447 APPENDIX.

3643 384 3772 447 3&8

532 525 710 600 (Vers.
741 519 860 593 29.)
904 541 925 568 ι
951 517 1088 587 Quis
1129 515 1458 583 infirmatur,
1507 524 1562 573 et
1597 533 1695 588 ego
1733 533 1842 572 non
1874 516 2040 572 inﬁr-
2068 522 2116 580 Α
2146 512 2373 569 insidias
2402 511 2686 568 tendentes
2731 507 3016 580 Apostolo,
3048 507 3278 582 implere
3315 507 3492 566 voluit
3520 523 3621 581 per
3653 523 3770 580 po-

459 616 627 675 mor?
657 639 676 662 ι
717 609 968 681 Compati
1001 623 1057 664 se
1093 605 1230 663 dicit
1269 604 1541 673 omnibus,
1574 614 1628 662 et
1666 605 1954 662 condolere
1977 622 2041 661 eo

459 705 676 768 affectu,
733 714 841 772 quo
906 695 1192 768 provideat
1244 685 1464 751 vulneri
1520 693 1868 752 medicinam.
1929 696 2043 751 lIoc

461 801 641 852 autem
669 789 794 848 ideo
831 785 1202 859 prosequitur,
1231 790 1294 841 ut
1320 783 1570 841 ostendat
1597 799 1704 858 qua
1729 799 1859 840 cura
1883 799 2044 841 com—

461 881 684 940 missam
739 875 846 937 sibi
890 873 1189 934 Ecclesiam
1237 881 1456 930 tueatur
1509 881 1564 929 et
1612 882 1779 944 regat,
1835 889 1897 930 ac
1951 889 2044 944 per

461 967 662 1028 hocin
707 965 864 1024 nullo
891 979 951 1022 se
999 963 1270 1022 minorem
1316 962 1514 1020 debere
1556 961 1794 1034 judicari
1838 962 2044 1019 caeteris

462 1057 761 1132 apostolis;
823 1055 1022 1128 quippe
1086 1053 1182 1126 qui
1245 1051 1546 1109 secundum
1602 1053 1749 1124 quod
1811 1051 2046 1108 declara-

462 1150 548 1207 vit
602 1148 743 1221 (15),
799 1145 924 1218 plus
969 1143 1083 1200 illis
1136 1141 1392 1200 omnibus
1449 1141 1798 1198 laboraverit.
1846 1140 2048 1212 Majore

463 1239 610 1298 enim
650 1233 866 1298 invidia
913 1230 1197 1289 laborabat
1241 1230 1384 1302 apud
1430 1230 1646 1288 Iudaeos
1698 1247 1798 1303 pro
1843 1229 2050 1286 caeteris

464 1324 763 1402 apostolis;
796 1322 927 1396 quia
956 1338 1084 1379 cum
1136 1327 1552 1393 persequeretur
1596 1320 1918 1388 Ecclesiam,
1965 1335 2049 1374 su-

463 1417 582 1475 bito
611 1414 954 1480 immutatus,
999 1410 1175 1467 factus
1221 1417 1302 1466 est
1329 1409 1581 1465 defensor
1610 1407 1875 1479 ejusdem,
1905 1407 2050 1462 testi-

465 1503 638 1562 ﬁcans
659 1509 820 1574 atque
839 1497 1174 1557 conﬁrmans
1201 1498 1349 1570 quod
1377 1497 1680 1565 Christum,
1711 1512 1870 1568 quem
1905 1497 2052 1566 prius

464 1599 530 1651 ut
557 1589 840 1646 hominem
898 1593 1180 1643 mortuum
1235 1585 1557 1654 mstimabat,
1597 1585 1665 1641 de
1707 1585 1844 1641 coelo
1869 1598 2052 1641 secum

467 1689 712 1758 locutum
753 1678 989 1735 audierit
1032 1678 1173 1749 (Act.
1204 1693 1288 1742 ix,
1325 1673 1359 1731 6
1387 1690 1491 1746 seq.
1519 1674 1564 1746 ).
1596 1671 1764 1745 Cujus
1798 1673 2055 1730 testimo—

465 1770 620 1829 nium
678 1767 985 1825 necessario
1031 1765 1193 1822 multi
1228 1769 1609 1837 sequerentur,
1657 1763 1890 1820 scientes
1929 1778 2055 1818 eum

2150 603 2402 671 tentiam,
2431 604 2632 659 malam
2653 600 3042 672 cogitationem
3063 615 3276 668 eorum,
3308 607 3370 655 ut
3398 600 3511 672 ipse
3543 599 3588 654 si
3623 614 3770 670 pos-

2151 701 2252 762 set,
2285 709 2411 750 eum
2439 689 2946 764 comprehenderet,
2977 695 3031 745 et
3071 697 3134 745 ut
3171 687 3375 744 Iudaeis
3402 683 3668 760 placeret,
3705 693 3773 741 et

2152 790 2215 840 ut
2243 782 2477 854 diligens
2512 781 2570 836 in
2597 779 2778 836 cilicio
2808 778 2914 836 sibi
2943 777 3154 835 credito
3183 777 3480 846 videretur,
3521 779 3567 834 si
3613 791 3771 834 eum

2155 887 2315 944 quem
2361 869 2580 942 publice
2609 868 3044 942 perturbatorem
3073 866 3309 935 audiret,
3346 883 3507 924 causa
3540 863 3770 940 quietis

2156 959 2484 1018 interﬁceret
2516 959 2656 1031 (18).
2704 959 2821 1016 Hoc
2875 958 3018 1015 inter
3073 957 3193 1029 ipsa
3246 957 3566 1030 primordia,
3608 963 3772 1010 tunc

2157 1048 2374 1122 quando
2406 1048 2656 1121 apparuit
2679 1047 2764 1103 illi
2797 1047 2856 1103 in
2883 1047 2977 1103 via
3009 1046 3276 1102 Dominus
3320 1047 3474 1102 eunti
3523 1047 3771 1102 Damas-

2158 1155 2303 1206 cum,
2334 1138 2543 1196 incensi
2567 1145 2696 1194 sunt
2723 1137 2920 1208 Judmi,
2953 1137 3200 1194 videntes
3228 1153 3376 1205 eum,
3405 1133 3499 1209 qui
3530 1135 3771 1189 vinctos

2159 1227 2438 1287 credentes
2476 1227 2534 1283 in
2586 1225 2866 1284 Christum
2913 1234 3140 1283 venerat
3179 1231 3326 1289 204
3363 1223 3666 1298 perducere
3705 1221 3770 1275 in

2159 1325 2455 1381 Jerusalem
2507 1324 2647 1396 (Act.
2706 1339 2798 1392 rx,
2857 1323 2892 1380 2
2957 1323 3113 1396 seq.),
3171 1323 3466 1397 prmdicare
3519 1325 3769 1383 sectam,

2161 1429 2321 1486 quam
2369 1419 2594 1468 venerat
2630 1411 2995 1468 condemnare
3029 1431 3040 1468 :
3079 1419 3134 1467 et
3164 1413 3244 1468 sic
3273 1413 3474 1466 factum
3511 1415 3589 1464 est
3619 1415 3697 1462 ut
3739 1419 3776 1459 a.

2162 1501 2448 1573 discipulis
2479 1516 2576 1572 per
2620 1501 2912 1556 fenestram
2962 1517 3058 1572 per
3101 1517 3320 1555 murum
3354 1503 3410 1585 ip
3440 1504 3623 1570 sporta
3668 1493 3776 1550 de-

2165 1590 2363 1646 missus
2399 1589 2676 1661 eﬂ'ugeret.
2711 1589 2868 1656 Quod
2897 1588 3120 1663 quidam
3153 1583 3610 1660 indignefactum
3662 1583 3780 1638 di-

2165 1689 2326 1749 cunt;
2361 1681 2492 1754 quia
2523 1697 2634 1738 non
2671 1681 2770 1738 Dei
2801 1681 3012 1738 auxilio
3043 1682 3304 1738 liberatus
3333 1686 3433 1736 est.
3468 1679 3570 1734 Sed
3601 1673 3780 1748 quod

2165 1772 2232 1828 ab
2259 1771 2576 1827 hominibus
2603 1769 2721 1825 ﬁeri
2773 1771 2974 1842 potuit,
3005 1770 3139 1843 quid
3183 1786 3318 1842 opus
3365 1775 3504 1836 erat,
3553 1773 3616 1821 ut
3659 1762 3781 1819 Dei

463 1859 532 1917 de
555 1864 898 1931 persecutore
943 1871 1056 1912 non
1086 1854 1278 1927 utique
1318 1853 1436 1909 sine
1482 1853 1693 1910 ratione
1721 1853 1926 1910 factum
1969 1852 2058 1909 de-
2090 1877 2136 1936 Β
2166 1861 2422 1933 suffragio
2471 1859 2818 1926 liberaretur;
2853 1875 2981 1916 cum
3028 1858 3127 1915 Dei
3176 1856 3493 1928 sum-33mm
3522 1861 3665 1909 tunc
3693 1851 3780 1907 εει

463 1951 758 2008 fensorem.
795 1949 908 2006 Hac
926 1962 1090 2005 causa
1114 1944 1573 2002 excruciabantur
1597 1943 1792 2012 Judaei,
1823 1953 1878 2000 et
1900 1960 2059 2017 quee-

465 2039 664 2096 rebant
691 2054 816 2095 eum
863 2051 1078 2110 semper
1123 2034 1451 2090 interﬁcere.
1498 2056 1516 2080 ι
1545 2033 1682 2100 Quis
1714 2033 2060 2090 scandaliza-

467 2137 584 2196 tur,
638 2134 692 2182 et
749 2142 848 2198 ego
897 2140 1011 2181 non
1064 2123 1244 2179 uror?
1271 2146 1291 2172 ι
1342 2120 1713 2178 Scandalizari
1761 2128 1843 2178 est
1879 2121 2060 2178 carnis

465 2215 581 2290 pati
611 2213 968 2282 desiderium,
999 2217 1264 2284 quantum
1293 2209 1362 2266 ad
1416 2208 1566 2266 hunc
1595 2209 1776 2266 locum
1804 2210 2056 2282 pertinet.

467 2305 542 2363 Et
593 2305 724 2378 quia
777 2302 944 2360 etiam
1001 2299 1166 2356 inviti
1213 2299 1393 2355 solent
1449 2297 1832 2366 scandalizari,
1889 2299 2060 2356 illecti

469 2394 649 2452 forma
677 2400 772 2449 aut
794 2389 1209 2466 pulchritudine
1245 2389 1514 2461 corporis,
1541 2395 1639 2444 aut
1666 2388 1900 2461 propriis
1936 2403 2062 2445 car-

467 2483 558 2540 nis
585 2485 793 2540 calore:
818 2481 1117 2554 Apostolus
1147 2478 1530 2536 necessitatem
1571 2476 1831 2533 humanae
1856 2483 2060 2534 naturae

469 2573 848 2642 considerans,
879 2571 966 2627 uri
998 2587 1054 2626 se
1082 2569 1220 2626 dicit
1252 2585 1266 2625 :
1296 2574 1358 2624 ut
1385 2567 1636 2626 consulat
1659 2567 1882 2636 talibus,
1903 2584 2063 2624 com-

469 2665 684 2736 patiens
739 2660 1051 2718 inﬁrmitati
1107 2673 1344 2716 eorum:
1383 2674 1486 2715 nec
1538 2657 1640 2715 hos
1667 2658 2057 2728 condemnans,

469 2752 564 2809 sed
623 2765 978 2810 commonens
1031 2748 1088 2804 in
1143 2748 1457 2805 humilitate
1505 2747 1803 2816 sermonis;
1853 2757 1915 2804 ut
1970 2764 2062 2820 spe

474 2841 732 2916 promissi
760 2839 972 2912 praemii
1002 2845 1306 2910 repugnent
1331 2836 1572 2894 stimulis
1599 2837 1814 2906 carnis;
1843 2853 1910 2892 ne
1941 2838 2063 2910 quis

479 2947 693 2996 eorum,
723 2929 819 3002 qui
864 2943 989 2985 eum
1043 2927 1298 2995 audiunt,
1345 2925 1632 2982 desideriis
1683 2926 1864 2982 carnis
1903 2926 2060 2996 victi,

479 3019 824 3090 desperantes
872 3015 941 3070 de
980 3030 1055 3081 se,
1097 3021 1351 3086 putantes
1370 3013 1484 3085 jam
1525 3029 1637 3070 non
1675 3023 1895 3086 accepto
1923 3015 2062 3072 ferre

478 3107 676 3174 Deum,
719 3105 766 3161 si
815 3103 1112 3175 corrigant,
1141 3109 1196 3158 et
1246 3103 1306 3158 in
1352 3101 1549 3159 iisdem
1575 3111 1876 3172 manentes,
1905 3103 2060 3176 depe-

477 3201 654 3253 ream.

547 3292 728 3366 (Vere.
761 3289 879 3363 30.)
925 3312 946 3338 ι
973 3289 1031 3347 Si
1083 3288 1304 3362 gloriari
1361 3295 1596 3362 Oportet,
1643 3289 1704 3348 in
1733 3291 1804 3349 iis
1832 3307 1952 3366 qum
1981 3291 2062 3348 in-

471 3383 750 3440 ﬁrmitatis
799 3395 934 3437 meae
961 3385 1110 3446 sunt,
1149 3377 1441 3450 gloriabor.
1477 3403 1498 3428 ›
1541 3379 1658 3438 Hoc
1685 3381 1820 3438 dicit
1851 3383 1977 3456 quia
2015 3383 2062 3439 si

473 3469 818 3546 gloriandum
848 3477 928 3525 est
947 3467 1354 3536 Christiano,in
1376 3467 1689 3526 humilitate
1718 3471 2060 3544 gloriandum

471 3567 556 3618 est
584 3577 690 3634 qua
717 3559 982 3616 crescitur
1011 3556 1156 3630 apud
1185 3558 1380 3614 Deum.
1413 3558 1566 3615 Unde
1589 3559 1700 3616 alio
1730 3561 1850 3617 loco
1877 3561 2014 3618 dicit
2045 3580 2056 3618 :

483 3671 508 3700 ι
535 3649 672 3708 Cum
688 3647 960 3714 iuﬁrmor,
990 3654 1125 3702 tunc
1143 3656 1336 3718 potens
1365 3664 1487 3704 sum
1523 3647 1611 3720 (ΙΙ
1637 3649 1760 3706 Cor.
1785 3667 1886 3718 xir,
1913 3651 2048 3723 10),»

472 3735 581 3793 hoc
607 3743 709 3804 est,
741 3749 865 3790 cum
898 3733 1165 3788 humilior
1191 3749 1290 3804 pro
1311 3735 1540 3790 fratrum
1575 3737 1788 3804 salute(
1800 3738 1908 3808 16),
1931 3747 2063 3796 tunc

472 3825 706 3882 exaltor.
739 3823 882 3879 Hinc
910 3820 1254 3894 gloriandum
1303 3829 1404 3890 est,
1459 3839 1569 3878 non
1616 3823 1685 3880 de
1735 3825 1914 3881 carnis
1941 3842 2061 3899 pro-

471 3913 650 3988 genie,
674 3912 804 3985 quia
831 3919 911 3969 est
936 3909 1058 3986 quis
1083 3927 1151 3967 ex
1179 3911 1384 3968 semine
1405 3910 1658 3970 Abrahae.

548 4009 730 4082 (Vers.
767 4005 885 4080 31.)
928 4029 948 4056 α
976 4008 1120 4064 Deus
1149 4015 1203 4062 et
1248 4007 1406 4063 Pater
1451 4006 1673 4064 Domini
1726 4009 1899 4066 nostri
1937 4009 2063 4066 Jesu

474 4095 682 4158 Christi
731 4095 827 4169 qui
873 4103 953 4152 est
1007 4094 1326 4152 benedictus
1380 4097 1438 4152 in
1494 4098 1715 4168 saecula,
1765 4099 1869 4156 scit
1917 4098 2064 4171 quod

472 4203 586 4245 non
631 4185 888 4241 mentior.
923 4209 944 4233 ι
1004 4186 1179 4240 Deum
1221 4192 1414 4241 testem
1454 4184 1582 4254 dat,
1625 4193 1688 4241 ut
1741 4203 1861 4260 quae
1905 4187 2060 4256 dicit,

471 4274 634 4334 facile
671 4273 998 4339 credantur;
1028 4279 1082 4327 et
1119 4279 1338 4344 propter
1378 4289 1472 4328 eos
1502 4273 1772 4330 duntaxat
1801 4275 1895 4348 qui
1937 4291 2061 4331 eum

473 4377 585 4420 non
615 4369 676 4418 ut
704 4377 894 4417 verum
923 4359 1232 4432 apostolum
1272 4358 1726 4418 honoriﬁcabant.

547 4461 728 4535 (Vers.
751 4459 840 4528 32,
873 4458 988 4532 33.)
1035 4484 1054 4507 ε
1077 4459 1331 4516 Damasci
1362 4459 1614 4532 princeps
1643 4460 1819 4534 gentis
1845 4461 2063 4520 Aretlize

471 4549 614 4624 regis
661 4546 1000 4606 custodiebat
1036 4545 1314 4604 civitatem
1361 4548 1842 4621 Damascenorum,
1883 4560 1946 4608 ut
1978 4571 2062 4610 me

473 4638 1007 4713 comprehenderet:
1051 4643 1104 4694 et
1153 4653 1250 4711 per
1291 4637 1586 4694 fenestram
1630 4639 1688 4694 in
1739 4650 1922 4714 sporta
1958 4643 2062 4700 de—

475 4728 672 4786 missus
691 4743 814 4784 sum
845 4743 941 4800 per
971 4743 1214 4796 murum,
1245 4733 1299 4782 et
1324 4727 1486 4800 effugi
1516 4740 1712 4786 manus
1744 4728 1878 4804 ejus.
1903 4755 1922 4780 ι

1087 4870 1314 4929 CAPUT
1343 4871 1468 4929 XII.

550 4995 732 5070 (Vers.
779 4995 860 5070 1.)
913 5017 932 5043 ι
960 4993 1020 5052 Si
1068 4996 1290 5069 gloriari
1337 5005 1568 5070 oportet,
1627 4999 1721 5058 sed
1775 5017 1886 5058 non
1929 5020 2063 5076 opus

475 5093 558 5146 est
588 5086 728 5146 mihi
759 5085 900 5162 (17).
929 5110 952 5136 ι
992 5085 1251 5162 Princeps
1303 5088 1554 5148 Damasci
1601 5091 1796 5150 videns
1849 5093 2064 5152 Judzeos

552 5227 930 5358 ἓὲὅέιαῆιέιιίῗιδ.
985 5227 1118 5284 edit.
1171 5243 1295 5286 cum
1343 5246 1472 5288 mss.
1524 5233 1754 5306 aliquot,
1784 5237 2062 5292 secundum

511 5318 617 5359 u-oa
646 5318 861 5358 ctaruu.

476 5319 617 5376 quoa
646 5319 861 5358 caaruu.

547 5372 852 5451 (16)‘Cod_.
902 5369 1099 5451 haud”
1133 5387 1237 5441 pro
1279 5374 1453 5451 salute
1490 5377 1689 5451 _1_nundi
1709 5395 1730 5442 ,'
1767 5378 1934 5446 Vall.,
1961 5398 2062 5451 pro

478 5441 658 5501 salute
675 5443 886 5524 fratris.
907 5441 1056 5498 Idem
1087 5457 1218 5522 vero
1248 5443 1370 5524 cod.
1405 5443 1550 5524 vall.
1574 5441 1884 5524 postpauca
1913 5441 2060 5524 legit,

477 5533 584 5591 qua
615 5524 687 5571 est
713 5517 930 5591 quisque
963 5531 1028 5591 ea;
1070 5514 1262 5569 semine
1300 5515 1534 5573 Abrahae
1551 5514 1593 5584 ,ς’
1620 5514 1731 5574 ιιιιῖ
1768 5514 1992 5591 caeteri;
2012 5514 2066 5580 et

481 5585 642 5652 édit.,
675 5585 802 5657 quia
823 5585 896 5642 est
923 5585 1062 5656 quis,
1095 5593 1197 5642 etc.

557 5659 782 5734 (i7)_lta
810 5661 992 5730 plures
1037 5674 1110 5734 ac_
1148 5657 1384 5734 potiores
1413 5675 1607 5734 mss._a
1649 5662 1846 5734 quibus
1885 5665 1979 5718 alii
2010 5671 2062 5718 et

481 5735 597 5784 vet.
627 5728 758 5783 edit.
809 5727 920 5785 non
957 5727 1238 5798 recedunt,
1271 5729 1377 5786 nisi
1426 5731 1574 5806 quod
1611 5727 1930 5803 praeferunt,
1962 5752 2067 5789 non

2163 1949 2552 2018 necessarium,
2584 1949 2630 2005 si
2663 1948 2965 2005 humanum
3008 1947 3282 2004 auxilium
3341 1941 3605 2000 deﬁciat?
3635 1940 3778 2008 Quo

2167 2040 2310 2096 facto
2339 2055 2449 2094 non
2478 2037 2584 2094 sibi
2604 2038 2741 2094 dicit
2769 2036 3026 2110 expedire
3056 2034 3298 2110 gloriari,
3323 2033 3452 2107 quia
3471 2029 3776 2104 praesentis

2166 2127 2294 2182 vita:
2325 2125 2582 2199 gaudium
2632 2125 2826 2198 fragile
2863 2133 2975 2191 est;
3011 2123 3059 2180 si
3108 2123 3255 2180 enim
3308 2138 3421 2178 non
3473 2119 3770 2184 evasisset,

2167 2217 2493 2288 martyrium
2539 2215 2757 2273 fecerat.
2789 2214 2894 2272 Sed
2941 2215 3066 2288 quia
3114 2211 3436 2286 fugiendum
3476 2212 3534 2266 in
3565 2224 3774 2282 perse—

2167 2307 2388 2364 cutione
2438 2305 2756 2362 mandatum
2814 2311 2896 2361 est
2937 2305 3146 2377 (Matth.
3181 2320 3244 2373 x,
3283 2302 3397 2374 23),
3429 2300 3554 2357 data
3591 2313 3774 2372 opera

2169 2395 2376 2468 eﬁ'ugit,
2406 2409 2508 2452 nec
2550 2394 2697 2450 enim
2723 2393 2884 2450 debet
2912 2393 3112 2466 aliquis
3158 2401 3473 2464 exspectare
3501 2396 3562 2444 ut
3591 2389 3653 2444 in
3684 2401 3772 2442 se-

2171 2484 2461 2556 metipsum
2521 2491 2792 2556 peccetur.
2847 2484 2992 2554 Ergo
3046 2480 3390 2554 gloriandum
3439 2477 3595 2546 dicit,
3628 2475 3774 2550 quia

2169 2574 2342 2630 evasit
2367 2591 2378 2630 :
2403 2572 2497 2629 sed
2517 2590 2628 2629 non
2661 2570 2904 2644 expedit,
2939 2561 3142 2644 inquit,
3173 2579 3394 2643 propter
3421 2567 3768 2641 superbiam:

2169 2664 2299 2736 quia
2318 2663 2385 2719 de
2415 2662 2728 2718 humilitate
2749 2660 3099 2730 crescitur,et
3115 2659 3386 2716 auxilium
3406 2657 3505 2714 Dei
3529 2657 3772 2712 mitibus

2168 2753 2408 2826 prolicit,
2440 2768 2551 2809 non
2597 2753 2773 2808 elatis.
2815 2753 3081 2808 Praeterea
3126 2749 3256 2822 quia
3302 2749 3568 2820 gloriatur
3617 2761 3770 2801 mor-

2169 2849 2278 2898 tem
2307 2857 2364 2898 se
2393 2842 2646 2910 evasisse,
2680 2856 2800 2914 quae
2831 2857 2927 2913 pro
2951 2839 3060 2894 ﬁde
3103 2838 3358 2905 infertur,
3390 2837 3550 2892 inane
3581 2834 3770 2890 videri

2169 2931 2438 3004 signiﬁcat
2471 2932 2588 3004 (19)
2639 2931 2752 3004 pati
2782 2946 2881 3004 pro
2918 2929 3176 2996 Christo;
3227 2926 3350 2983 ideo
3381 2942 3492 2983 non
3536 2925 3772 2997 expedit

2170 3025 2414 3096 gloriari.

2241 3123 2423 3194 (Vers.
2457 3123 2538 3194 2.)
2583 3144 2604 3171 ι
2635 3121 2866 3181 Veniam
2887 3129 3071 3178 autem
3106 3120 3174 3176 ad
3201 3119 3440 3177 visiones
3469 3127 3522 3176 et
3550 3118 3768 3175 revela-

2091 3234 2142 3299 ρ
2169 3211 2348 3268 tiones
2372 3213 2616 3269 Domini.
2640 3236 2661 3262 ι
2697 3213 2856 3268 Nunc
2891 3221 3208 3268 ostensurus
3245 3220 3346 3279 est,
3375 3227 3482 3284 quo
3511 3209 3768 3264 sublatus

2171 3308 2253 3358 est
2283 3319 2294 3358 :
2329 3311 2391 3358 ut
2446 3301 2675 3374 proinde
2725 3307 2927 3376 quanta
2974 3309 3028 3357 et
3079 3300 3262 3374 qualia
3317 3299 3432 3354 sint
3476 3313 3565 3366 ne,
3617 3297 3770 3352 sicut

2171 3407 2292 3464 quae
2347 3392 2433 3448 illi
2473 3401 2687 3449 ostensa
2732 3401 2786 3449 et
2835 3393 2983 3450 dicta
3020 3399 3166 3460 sunt,
3202 3390 3412 3464 possint
3466 3387 3711 3462 intelligi
3750 3405 3764 3444 :

2171 3481 2498 3554 quibusdam
2527 3483 2834 3552 videbatur,
2883 3481 3064 3537 minor
3119 3481 3328 3536 caeteris
3357 3477 3620 3551 apostolis
3649 3491 3766 3534 cre-

2170 3569 2410 3627 deretur.
2473 3596 2491 3618 ‹
2519 3572 2662 3642 Scio,
2697 3571 2896 3647 inquit,
2949 3571 3232 3627 hominem
3278 3569 3334 3624 in
3367 3566 3586 3624 Christo
3633 3573 3769 3624 ante

2170 3675 2341 3714 annos
2375 3661 2809 3732 quatuordecim,
2849 3659 2966 3715 sive
3013 3659 3070 3715 in
3118 3673 3364 3731 corpore,
3397 3657 3615 3722 nescio;
3645 3657 3768 3712 sive

2171 3756 2327 3805 extra
2350 3765 2569 3819 corpus,
2605 3749 2809 3816 nescio,
2841 3751 2983 3802 Deus
3034 3749 3154 3816 scit,
3189 3756 3400 3820 raptum
3441 3743 3767 3818 hujusmodi

2170 3853 2342 3911 usque
2369 3836 2436 3892 ad
2467 3837 2691 3892 tertium
2736 3838 2956 3892 coelum.
2991 3863 3008 3885 ι
3054 3838 3357 3908 Utrumque
3387 3835 3766 3899 conﬁrmavit,

2172 3925 2300 3999 quia
2328 3931 2622 3996 utrumque
2651 3941 2804 3996 posse
2833 3924 2952 3980 ﬁeri
2997 3940 3106 3980 non
3151 3925 3385 3996 negavit
3411 3943 3424 3980 :
3455 3932 3518 3980 ut
3561 3931 3615 3980 et
3642 3924 3770 3980 sine

2173 4030 2397 4088 corpore
2434 4012 2551 4085 rapi
2591 4012 2878 4086 potuisset,
2912 4021 2966 4066 et
2994 4011 3050 4066 in
3079 4028 3322 4082 corpore.
3364 4013 3437 4067 Et
3466 4011 3606 4068 forte
3643 4011 3768 4086 qui-

2171 4103 2400 4160 busdam
2431 4101 2684 4156 videatur
2721 4116 2832 4155 non
2874 4116 3130 4171 magnum
3171 4115 3306 4167 esse,
3337 4097 3382 4153 si
3413 4099 3579 4153 homo
3604 4100 3768 4156 Chri-

2173 4193 2242 4250 sti
2288 4199 2476 4263 raptus
2517 4197 2597 4245 est
2644 4205 2816 4261 usque
2847 4189 2914 4244 ad
2965 4187 3188 4244 tertium
3239 4189 3475 4255 coelum;
3533 4204 3664 4244 cum
3707 4189 3765 4245 in

2171 4281 2570 4340 tertio‘circulo
2599 4279 2813 4335 dicatur
2860 4279 2975 4350 (20)
3023 4279 3153 4334 luna
3203 4293 3336 4334 esse.
3383 4275 3488 4332 Sed
3532 4293 3644 4332 non
3689 4279 3765 4334 ita

2172 4379 2274 4439 est,
2302 4369 2430 4444 quia
2460 4369 2604 4424 ultra
2645 4367 2829 4423 omnia
2859 4366 3054 4422 mundi
3101 4366 3282 4424 sidera
3332 4373 3520 4439 raptus
3558 4365 3764 4422 intelli-

2173 4461 2362 4534 gitur:
2397 4466 2450 4515 et
2500 4459 2623 4514 ideo
2674 4457 3030 4530 magniﬁcum
3079 4466 3133 4512 et
3179 4456 3432 4512 mirabile
3483 4463 3564 4510 est
3613 4456 3762 4529 quod

2173 4557 2357 4606 narrat
2402 4567 2414 4606 :
2475 4547 2745 4620 signiﬁcat
2799 4548 2946 4604 enim
3001 4563 3164 4620 supra
3217 4547 3644 4616 ﬁrmamentum,
3701 4545 3758 4603 in

2173 4639 2396 4698 tertium
2452 4653 2680 4694 numero
2727 4639 2924 4694 coelum
2981 4637 3049 4693 de
3104 4637 3444 4711 spiritalibus
3489 4636 3642 4694 coslis
3678 4651 3758 4694 ra-

2168 4735 2322 4804 ptum
2352 4729 2729 4798 semetipsum.

2245 4829 2424 4900 (Vers.
2453 4826 2507 4892 3,
2538 4825 2589 4893 4,
2621 4825 2701 4896 5.)
2751 4848 2768 4871 ι
2796 4825 2868 4880 Et
2917 4824 3032 4881 scio
3084 4825 3248 4882 talem
3298 4825 3605 4895 hominem,
3643 4824 3760 4881 sive

2162 4901 2230 4974 'in
2259 4931 2482 4987 corpore
2539 4913 2654 4970 sive
2700 4919 2855 4968 extra
2917 4928 3132 4985 corpus,
3185 4913 3389 4982 nescio,
3440 4914 3584 4969 Deus
3635 4913 3756 4980 scit,

2171 5007 2298 5082 quia
2339 5015 2524 5078 raptus
2578 5012 2658 5060 est
2699 5003 2756 5058 in
2814 5003 3152 5075 paradisum,
3192 5012 3245 5061 et
3300 5004 3514 5061 audivit
3567 5019 3760 5062 arcana

2172 5097 2337 5152 verba
2365 5111 2485 5169 quae
2529 5109 2640 5149 non
2672 5093 2798 5148 licet
2837 5091 3055 5148 homini
3096 5093 3268 5164 loqui.
3305 5093 3410 5149 Pro
3444 5090 3758 5167 hujusmodi

2173 5239 2380 5310 expedit
2404 5237 2552 5305 mihi,
2587 5253 2684 5308 pro
2713 5252 2818 5292 anon
2844 5242 2917 5290 est
2945 5252 3076 5310 opus
3103 5235 3354 5310 militum
3401 5235 3559 5310 Rom.
3592 5234 3748 5300 edit.,

2173 5305 2373 5380 rejecto
2407 5305 2602 5364 eodeni
2628 5316 2933 5380 textupost
2963 5305 3224 5380 inferiora
3253 5305 3376 5380 illa,
3399 5306 3447 5380 si
3477 5308 3758 5361 humanum

2172 5376 2437 5438 acui-ilium
2468 5381 2691 5452 deficiat,
2727 5376 2928 5452 ibidem
2963 5377 3176 5452 orditur
3204 5392 3322 5447 cap.
3357 5376 3442 5432 12.

2247 5455 2362 5525 (18)
2397 5448 2551 5510 Rom.
2585 5451 2716 5506 edit.
2748 5450 2882 5514 sola,
2913 5449 3335 5521 perturbatorem
3362 5449 3574 5504 audiret
3607 5448 3759 5521 quie-

2176 5525 2241 5580 tis
2281 5527 2587 5580 interﬁcere.

2281 5528 2416 5578 inter
2441 5528 2587 5578 'cere.

2277 5598 2364 5666 19)
2398 5528 2600 5650 hiisdem
2630 5591 2760 5666 edit.
2803 5592 3171 5666 Rom.,_iuane
3199 5592 3407 5646 videtur
3437 5592 3750 5666 signiﬁcare.

2277 5600 2364 5666 19)
2398 5600 2600 5650 Eadem
2630 5600 2760 5648 edit.
2803 5600 2984 5660 ltom.,
3016 5600 3171 5646 inane
3199 5600 3407 5646 videtur
3437 5600 3750 5664 signiﬁcare.

2248 5600 2366 5739 (20)
2398 5667 2582 5723 Codex
2631 5665 2816 5735 Corb.,
2847 5679 2964 5721 cuin
2994 5662 3048 5719 in
3075 5670 3265 5735 quarto
3295 5666 3493 5721 circulo
3530 5665 3752 5720 dicatur.
