3970 6388
251 462 357 523 349

1313 464 1673 526 COMMENT.
1715 468 1788 527 IN
1825 467 2039 527 EPIST.
2070 468 2118 527 II
2156 468 2251 525 AD
2291 466 2444 527 COB.

3401 474 3506 531 350

253 594 546 667 gloriabor.
574 620 596 645 ι
636 595 731 654 Bis
757 612 815 654 se
842 602 1060 670 raptum
1088 595 1246 665 dicit,
1271 596 1329 654 id
1357 606 1457 669 est,
1487 599 1667 671 primo
1696 592 1828 658 hinc
1856 600 1905 659 A
1935 598 2333 654 revelationum
2372 599 2500 670 quia
2548 596 2782 654 otiosum
2812 603 2998 670 peetus
3026 613 3241 656 necesse
3270 599 3504 662 habebat

251 700 427 759 usque
470 686 540 743 ad
588 688 814 745 tertium
878 688 1098 755 cmlum,
1155 686 1352 744 deinde
1404 689 1462 744 in
1516 689 1828 762 paradisum

251 775 624 847 easiestemJin
652 792 761 848 quo
797 776 993 832 latroni
1015 776 1159 832 dixit
1186 777 1473 847 Dominus,
1507 781 1651 853 quod
1682 781 1827 838 futu-

252 878 350 922 rus
377 871 519 921 esset
564 880 688 921 cum
716 880 781 920 eo
826 865 884 920 in
932 865 1204 936 paradiso,
1253 868 1434 942 inquit
1474 869 1623 940 (Luc.
1662 887 1826 941 χχιιι,

250 950 374 1025 43),
401 954 576 1011 Patris
606 971 619 1010 :
652 954 769 1011 illic
794 952 889 1010 ubi
912 953 1028 1026 (21)
1051 963 1104 1010 et
1129 956 1324 1012 civitas
1350 958 1450 1013 Dei
1480 957 1685 1016 dicitur
1715 976 1830 1017 esse

252 1040 551 1102 Jerusalem
602 1052 773 1101 mater
818 1051 1003 1099 nostra
1046 1044 1194 1114 (Gal.
1235 1061 1313 1112 IV,
1357 1048 1472 1119 26).
1512 1046 1656 1116 Quid
1704 1065 1830 1122 ergo

253 1133 457 1192 mirum
508 1136 556 1193 si
597 1142 718 1209 post
760 1137 1208 1193 resurrectionem
1240 1154 1436 1211 corpus
1471 1140 1583 1213 jam
1635 1143 1831 1215 expia-

250 1228 371 1279 tum
427 1230 587 1298 atque
642 1232 925 1281 tenuatum
956 1226 1183 1295 factum,
1224 1228 1530 1286 immortale
1580 1230 1829 1287 futurum

249 1310 508 1370 credatur
551 1313 611 1370 in
655 1314 829 1382 caelis,
880 1314 1098 1386 quando
1126 1332 1235 1372 non
1278 1316 1493 1373 dubitat
1540 1319 1831 1391 Apostolus

251 1400 435 1459 adhuc
481 1404 710 1460 mortale
765 1420 963 1477 corpus
1012 1406 1255 1476 potuisse
1310 1409 1480 1464 levari
1532 1409 1589 1465 in
1643 1411 1829 1479 caelos,

249 1497 312 1547 et
333 1491 455 1547 tolli
482 1491 540 1548 lu
578 1493 889 1565 paradisum
918 1495 1016 1551 Dei
1045 1496 1220 1552 Patris
1246 1499 1517 1554 caelestem
1540 1499 1569 1555 ?
1595 1499 1701 1556 Pro
1732 1500 1831 1557 hu-

245 1580 491 1652 iusmodi
512 1581 754 1652 homine,
791 1584 846 1640 id
868 1592 969 1654 est,
1001 1584 1096 1657 qui
1125 1594 1236 1641 tam
1272 1587 1470 1658 dignus
1499 1595 1578 1644 est
1606 1589 1737 1656 Deo,
1767 1596 1831 1644 ut

251 1667 362 1725 hoc
385 1670 744 1742 experiretur,
776 1673 994 1745 gloriari
1021 1689 1077 1728 se
1105 1673 1270 1730 dicit:
1296 1683 1349 1729 et
1370 1690 1479 1730 non
1508 1675 1629 1730 vult
1648 1683 1830 1747 aperte

251 1755 434 1815 dicere
471 1759 601 1832 quia
640 1760 707 1816 de
759 1776 815 1817 se
865 1760 1129 1833 loquitur,
1174 1778 1242 1816 ne
1285 1761 1502 1819 laudare
1550 1779 1605 1820 se
1650 1765 1831 1823 videa-

248 1849 365 1904 tur.
393 1845 466 1902 Et
488 1846 723 1904 Joannes
750 1848 1048 1920 apostolus,
1067 1864 1192 1905 cum
1218 1848 1285 1905 de
1314 1866 1369 1906 se
1399 1850 1608 1907 sciatur
1636 1853 1786 1926 loqui
1814 1872 1827 1909 :

232 1934 420 1991 'cHio
465 1944 565 2003 est,
605 1935 703 2003 ait,
760 1936 1083 2007 discipulus,
1126 1953 1286 2009 quem
1343 1938 1605 2012 diligebat
1654 1940 1827 2011 Jesus,
1863 1959 1909 2018 Β

232 2022 434 2096 quiet
476 2024 729 2082 recubuit
766 2025 822 2080 in
865 2041 1020 2082 coena
1061 2041 1223 2099 supra
1255 2036 1444 2099 pectus
1488 2028 1604 2100 ejus
1648 2030 1826 2101 (Joan.

234 2114 375 2180 'xxr,
403 2110 531 2183 20);
564 2135 585 2162 ι
626 2126 694 2168 ne
724 2114 957 2184 gloriose
979 2113 1046 2169 de
1071 2128 1127 2170 se
1156 2115 1305 2170 effari
1338 2115 1632 2172 videretur.
1682 2142 1699 2164 ι
1727 2118 1830 2173 Pro

231 2215 342 2257 :me
396 2207 577 2258 autem
634 2215 747 2257 non
799 2201 1090 2273 gloriabor,
1148 2204 1256 2260 nisi
1314 2205 1371 2260 in
1420 2205 1832 2262 inﬁrmitatibus

232 2287 408 2365 jmeis.
439 2312 459 2337 ι
504 2288 596 2345 Sic
637 2286 703 2345 de
750 2303 807 2345 se
853 2303 963 2345 non
1008 2290 1290 2361 gloriatur,
1323 2290 1452 2347 dum
1497 2308 1607 2348 non
1651 2300 1831 2365 aperte

232 2375 322 2454 'lde
350 2392 405 2433 se
430 2376 735 2449 proﬁtetur.
758 2378 820 2433 In
851 2377 1266 2435 inﬁrmitatibus
1294 2396 1440 2449 sane,
1472 2381 1674 2454 inquit,
1697 2382 1831 2437 meis

250 2465 546 2538 gloriabor.
580 2468 869 2539 Exponere
915 2468 1062 2523 enim
1112 2484 1388 2541 pressuras
1432 2469 1745 2542 passionum
1779 2478 1832 2525 et

249 2552 601 2612 inﬁrmitates
642 2558 1035 2629 angustiarum,
1086 2574 1197 2614 non
1246 2558 1466 2615 videtur
1514 2560 1828 2632 gloriosum,

250 2642 349 2699 sed
393 2642 573 2700 ﬂebile
624 2646 764 2716 (22).
816 2647 1027 2702 Idcirco
1058 2662 1114 2702 se
1162 2648 1219 2703 in
1273 2647 1360 2703 his
1408 2648 1626 2718 gloriari
1674 2648 1829 2716 dicit,

234 2730 430 2799 ,sciens
476 2742 659 2789 tamen
697 2735 825 2805 quia
866 2735 932 2790 ad
966 2735 1268 2807 profectum
1304 2735 1610 2808 perducunt
1638 2752 1831 2793 remu-

251 2822 599 2879 nerationum
630 2823 931 2879 caelestium
971 2824 1111 2895 (23).
1143 2823 1288 2890 Quid
1321 2824 1466 2879 enim
1496 2834 1604 2880 tam
1638 2826 1829 2895 glorio-

249 2925 376 2968 sum
406 2912 462 2967 in
484 2912 729 2968 futurum
756 2912 1089 2981 Christiano,
1115 2928 1275 2986 quam
1306 2913 1475 2969 exitia
1498 2931 1595 2987 pro
1614 2914 1831 2972 Christo

250 2999 408 3057 illata
434 3000 540 3055 sibi
573 3015 791 3057 narrare
811 3001 841 3056 ?

326 3092 508 3163 (Vers.
539 3091 621 3163 6.)
662 3114 682 3139 ι
709 3093 843 3148 Nam
886 3099 942 3148 et
983 3091 1030 3149 si
1071 3094 1299 3150 voluero
1327 3094 1571 3165 gloriari,
1600 3110 1711 3151 non
1740 3109 1831 3150 ero

250 3181 490 3249 stultus;
526 3196 653 3238 nam
683 3183 967 3239 veritatem
998 3182 1197 3240 dicam.
1233 3207 1252 3232 ι
1298 3183 1412 3240 Hoc
1441 3183 1599 3253 dicit,
1633 3183 1762 3257 quia
1784 3184 1831 3240 si

250 3271 511 3371 meritum
534 3288 694 3372 suum
724 3272 1062 3372 proﬁteatur,
1093 3273 1238 3372 quod
1268 3273 1432 3372 habet
1451 3275 1602 3372 apud
1614 3277 1828 3372 _Deum,
1861 3312 1904 3372 Ο

251 3375 367 3416 non
408 3361 515 3418 erit
554 3361 909 3434 imprudens;
945 3377 1076 3419 vera
1118 3363 1265 3418 enim
1314 3364 1576 3437 loquitur.
1612 3365 1755 3437 Ergo
1784 3363 1830 3418 si

251 3450 381 3523 quis
426 3465 527 3523 pro
567 3450 777 3506 meritis
817 3451 953 3518 suis,
984 3467 1103 3523 quae
1151 3450 1255 3506 sibi
1299 3461 1513 3507 ostensa
1560 3460 1708 3517 sunt,
1740 3451 1831 3507 lo-

251 3537 463 3613 quitur,
494 3553 606 3595 non
652 3547 732 3595 est
777 3539 967 3610 utique
1017 3539 1218 3594 stultus
1265 3559 1277 3595 :
1325 3540 1371 3595 si
1418 3548 1596 3596 autem
1634 3545 1828 3606 taceat,

252 3635 336 3684 est
373 3628 535 3683 etiam
583 3626 841 3699 prudens.
874 3625 976 3681 Sed
1021 3642 1127 3698 qua
1173 3641 1333 3683 causa
1374 3626 1468 3683 hic
1505 3643 1614 3682 non
1654 3627 1826 3698 palam

253 3719 540 3789 glorietur,
569 3732 717 3773 nunc
753 3716 979 3788 subjicit
1008 3716 1193 3773 dicens
1228 3735 1239 3772 :
1286 3740 1304 3764 ι
1335 3719 1502 3774 Parce
1530 3726 1732 3785 autem,
1762 3735 1829 3773 ne
1867 3763 1874 3770 .

252 3806 381 3879 quis
422 3820 509 3861 me
544 3806 822 3863 existimet
853 3821 1017 3879 supra
1062 3806 1117 3861 id
1149 3807 1294 3879 quod
1324 3806 1473 3863 videt
1513 3807 1568 3862 in
1597 3824 1702 3875 me,
1739 3817 1831 3863 aut

253 3894 409 3952 audit
454 3895 662 3967 aliquid
712 3912 781 3951 ex
823 3913 929 3953 me.
962 3922 981 3945 ι
1039 3896 1290 3952 Ostendit
1332 3898 1501 3968 igitur
1538 3912 1643 3970 qua
1670 3913 1831 3953 causa

249 3998 364 4040 non
394 3992 576 4055 aperte
604 3984 867 4055 glorietur
898 4001 909 4041 :
941 3983 1017 4041 Ne
1038 3978 1170 4057 quis
1192 4001 1277 4041 me
1298 3986 1595 4055 existimet,
1628 3987 1828 4060 inquit,

250 4071 399 4130 ultra.
444 4071 674 4144 gloriam
723 4089 898 4129 meam
944 4073 1188 4142 tendere,
1222 4090 1380 4147 quam
1425 4075 1581 4130 limes
1615 4075 1829 4130 merito-

249 4175 377 4218 rum
424 4159 685 4219 admittit.
737 4162 848 4219 Hos
902 4160 1196 4235 signiﬁcat,
1256 4179 1392 4236 quos
1442 4163 1830 4220 obtrectatores

248 4248 489 4308 habebat
528 4266 690 4307 causa
732 4252 883 4323 legis,
928 4252 1072 4309 sicut
1118 4268 1281 4324 supra
1328 4253 1648 4309 memoravi.
1693 4252 1828 4310 Nam

250 4340 445 4411 utique
482 4341 798 4395 meritorum
832 4341 1057 4412 gloriam
1105 4340 1313 4397 bonum
1364 4348 1444 4397 est
1472 4357 1585 4399 non
1611 4347 1827 4409 tacere;

249 4435 319 4483 ut
344 4426 652 4481 invitentur
678 4427 978 4483 credentes.

333 4519 478 4580 205
509 4515 689 4586 (Vers.
724 4517 801 4587 7.)
838 4539 855 4562 ι
874 4517 944 4572 Et
974 4533 1041 4573 ne
1070 4518 1406 4574 sublimitate
1434 4520 1829 4577 revelationum

248 4615 506 4683 extollar,
557 4614 715 4670 datus
765 4621 845 4671 est
893 4614 1031 4670 mihi
1072 4615 1327 4671 stimulus
1369 4618 1565 4684 carnis,
1609 4618 1832 4689 angelus

250 4703 484 4772 Satanae,
517 4711 578 4759 ut
608 4721 693 4759 me
721 4704 1022 4775 colaphizet
1055 4704 1193 4776 (2’s),
1228 4720 1294 4759 ne
1315 4705 1564 4760 extollar.
1596 4694 1617 4755 ἰ
1657 4708 1829 4761 Deum

249 4792 412 4850 bonis
456 4792 665 4848 meritis
714 4791 1000 4864 providere
1057 4798 1306 4859 testatur,
1375 4792 1506 4847 dum
1564 4794 1831 4865 permittit

247 4881 649 4941 tentationibus
664 4880 836 4936 bonos
855 4880 1110 4952 deprimi,
1134 4896 1245 4935 non
1276 4880 1455 4935 solum
1485 4896 1551 4936 ne
1581 4881 1827 4938 laborum

249 4986 475 5027 suorum
509 4969 778 5028 fructibus
816 4968 1157 5037 abdicentur,
1190 4984 1381 5024 verum
1424 4968 1587 5025 etiam
1633 4977 1695 5026 ut
1723 4986 1831 5026 au-

250 5067 478 5131 geantur
524 5058 612 5115 his
656 5058 723 5114 ad
752 5058 1033 5115 cumulum
1068 5057 1423 5128 possessionis
1453 5066 1684 5115 aeterna).
1718 5059 1831 5116 Hoc

248 5161 378 5218 ergo
425 5146 728 5203 remedium
776 5146 961 5202 datum
1021 5151 1100 5200 est
1157 5144 1440 5215 Apostolo,
1500 5144 1557 5200 in
1609 5145 1829 5218 injuriis

248 5253 486 5309 pressus,
517 5236 704 5292 animo
741 5250 851 5291 non
900 5232 1070 5307 possit
1102 5232 1296 5288 extolli
1326 5248 1424 5303 pro
1455 5234 1829 5305 magnitudine

324 5430 440 5513 (21)
482 5429 639 5486 Rom.
684 5424 816 5482 edit.
863 5424 994 5492 sola,
1034 5439 1151 5480 cum
1195 5439 1251 5479 eo
1288 5423 1345 5478 in
1371 5422 1629 5496 paradiso
1662 5438 1681 5480 :
1713 5427 1827 5484 illic
1890 5416 1899 5427 ’

247 5502 360 5559 ubi.
386 5508 489 5558 etc.

345 5544 658 5647 ’22)V_C_odex
676 5570 875 5647 _Corb.,
906 5569 993 5623 sed
1020 5569 1201 5624 debile.

348 5641 441 5700 23⁷)
471 5642 732 5698 Nonnulli
769 5657 894 5696 mss.
932 5641 1347 5695 remuneratione
1374 5641 1668 5698 cwlestium.

348 5574 440 5647 22)
472 5574 658 5630 Codex
689 5574 875 5635 Corb.,
906 5574 993 5623 sed
1020 5574 1201 5624 debile.
1244 5641 1253 5651 .
1550 5641 1561 5653 θ

348 5644 417 5700 23
471 5642 732 5698 Nonnulli
769 5657 894 5696 mss.
932 5649 1347 5695 remuneratione
1374 5644 1668 5698 cwlestmm.

320 5574 441 5786 ini
473 5713 600 5769 Post
628 5718 881 5787 vocesiut
928 5728 1007 5768 me
1050 5714 1357 5785 colaphizet,
1394 5715 1550 5774 Rom.
1582 5713 1713 5772 edit.
1739 5711 1828 5787 ju-

248 5787 530 5859 gulaverat
560 5801 624 5839 ne
649 5786 897 5838 extollar.

1859 4663 1908 4721 D

1938 687 1994 742 in
2026 686 2095 742 iis
2123 703 2241 759 quae
2269 686 2502 752 viderat,
2533 686 2745 742 extolli.

2011 776 2188 846 (Vers.
2219 775 2271 844 8,
2302 775 2383 848 9.)
2429 799 2447 822 ι
2473 776 2698 849 Propter
2725 774 2829 832 hoc
2856 784 2939 833 ter
2966 776 3261 835 Dominum
3300 781 3505 853 rogavi,

1938 872 2000 920 ut
2025 864 2325 921 discederet
2353 881 2384 921 a
2412 881 2517 935 me,
2548 873 2601 921 et
2630 865 2707 921 ait
2753 864 2888 921 mihi
2921 884 2933 923 :
2966 864 3178 924 Suﬁicit
3205 866 3309 925 tibi
3339 870 3507 938 gratia

1941 970 2093 1018 mea;
2126 969 2252 1008 nam
2274 952 2451 1009 virtus
2472 953 2527 1009 in
2559 953 2877 1011 inﬁrmitate
2907 954 3205 1027 perﬁcitur.
3236 981 3254 1003 ι
3288 955 3504 1013 Stimuli

1939 1042 2163 1110 diaboli,
2197 1059 2330 1115 quos
2360 1043 2561 1115 perﬁde
2594 1044 2711 1115 (25)
2752 1043 3024 1101 mentibus
3055 1044 3292 1101 inferens
3323 1045 3387 1100 ad
3420 1062 3510 1101 no-

1938 1131 2171 1189 cendum
2211 1133 2310 1188 Dei
2339 1133 2510 1189 servis
2539 1132 2782 1205 instigat,
2811 1142 2873 1189 ut
2917 1145 3190 1192 cessarent
3217 1135 3283 1192 ab
3312 1151 3396 1204 eo,
3430 1143 3512 1193 ter

1938 1221 2233 1277 Dominum
2264 1221 2609 1294 deprecatum
2657 1239 2712 1279 se
2754 1223 2939 1293 fuisse,
2978 1232 3032 1281 et
3060 1240 3169 1281 non
3198 1226 3511 1299 impetrasse

1940 1317 2169 1367 testatur
2205 1331 2218 1369 :
2250 1329 2361 1368 non
2403 1314 2532 1387 quia
2576 1312 2888 1388 despectum
2937 1330 2992 1371 se
3033 1314 3188 1385 dicit,
3241 1315 3333 1373 sed
3382 1316 3514 1391 quia

1939 1398 2146 1457 inscius
2176 1412 2365 1459 contra
2394 1417 2450 1458 se
2482 1403 2716 1475 petebat,
2747 1412 2809 1460 ut
2837 1412 3108 1462 cessarent
3135 1404 3202 1461 ab
3234 1422 3297 1461 eo
3326 1413 3512 1461 tenta-

1939 1488 2136 1558 tiones,
2182 1506 2277 1562 per
2320 1506 2454 1564 quas
2502 1492 2793 1563 perfectior
2837 1509 2893 1549 se
2938 1493 3119 1550 ﬁebat.
3158 1494 3283 1550 Ideo
3313 1495 3377 1550 ad
3412 1497 3511 1553 Ro-

1939 1593 2128 1633 manos
2176 1577 2313 1635 dicit
2350 1598 2362 1635 :
2406 1602 2424 1626 ι
2452 1581 2587 1636 Nam
2628 1581 2760 1653 quid
2803 1599 3039 1652 oremus,
3084 1585 3227 1641 sicut
3279 1592 3511 1658 oportet,

1939 1665 2213 1721 nescimus
2253 1667 2428 1736 (Rom.
2458 1683 2581 1731 vm,
2613 1668 2726 1739 26).
2760 1692 2778 1716 ›
2822 1669 2975 1726 Unde
3004 1669 3109 1728 hoc
3136 1671 3272 1729 dicit
3300 1673 3402 1730 sibi
3435 1689 3512 1731 re-

1939 1770 2217 1825 sponsum,
2243 1763 2303 1809 ut
2334 1756 2603 1813 suﬂiceret
2641 1755 2743 1812 sibi
2774 1758 2943 1830 gratia
2963 1760 3083 1825 Dei,
3114 1778 3221 1835 qua
3248 1768 3340 1818 aut
3370 1762 3514 1817 vires

1943 1844 2207 1900 tolerandi
2246 1844 2604 1915 addebantur,
2635 1853 2729 1903 aut
2771 1856 2985 1920 tempus
3014 1865 3276 1922 pressura)
3311 1850 3514 1909 abbre-

1938 1931 2227 1999 viabatur;
2259 1942 2321 1989 ut
2339 1934 2561 1991 devotio
2589 1934 2717 1992 dum
2740 1936 3057 1995 inﬁrmitate
3081 1955 3340 2011 pressurae
3362 1940 3513 1997 acci-

1938 2018 2118 2076 dentis
2166 2037 2277 2077 non
2320 2022 2611 2094 frangitur,
2657 2025 2883 2097 probata
2919 2025 3189 2082 videatur.
3249 2049 3268 2073 ‹
3316 2027 3512 2083 Liben-

1938 2109 2147 2165 tissime
2194 2111 2378 2183 itaque
2434 2113 2604 2183 magis
2657 2112 2929 2185 gloriabor
2983 2113 3042 2171 in
3100 2115 3513 2173 inﬁrmitatibus

1940 2197 2094 2265 meis,
2117 2205 2180 2254 ut
2208 2198 2477 2255 inhabitet
2502 2199 2558 2255 in
2584 2217 2667 2257 me
2699 2201 2815 2272 (26)
2847 2201 3021 2259 virtus
3043 2201 3267 2260 Christi.
3297 2231 3314 2253 ι
3348 2188 3513 2277 Aper-

1939 2290 2055 2339 tum
2095 2293 2175 2340 est
2204 2286 2330 2357 quia
2359 2294 2492 2343 tunc
2520 2286 2865 2360 gloriandum
2900 2288 3077 2357 docet,
3109 2291 3327 2364 quando
3356 2292 3514 2366 inju-

1941 2371 2039 2428 riis
2066 2372 2409 2431 humiliatur.
2442 2376 2492 2431 A
2539 2374 2759 2432 Christo
2795 2384 2976 2432 autem
3027 2377 3203 2436 virtus
3245 2381 3511 2438 tolerandi

1940 2461 2242 2533 praebetur;
2290 2471 2352 2519 ut
2389 2463 2518 2537 quia
2556 2465 2708 2534 prius
2736 2481 2955 2539 asperae,
2984 2482 3049 2523 ac
3091 2484 3187 2540 per
3216 2468 3321 2526 hoc
3349 2470 3515 2527 fasti-

1940 2552 2153 2609 dienda:
2199 2553 2418 2624 injurias
2464 2553 2811 2623 videbantur,
2841 2566 3026 2627 postea
3066 2557 3300 2616 libenter
3332 2560 3516 2618 susci—

1940 2642 2183 2713 piendae;
2216 2651 2277 2697 ut
2296 2641 2502 2699 Christi
2530 2644 2742 2699 auxilio
2768 2644 3087 2702 lenirentur.
3116 2647 3370 2705 Libenter
3389 2666 3515 2723 ergo

1940 2730 2073 2785 caedi
2104 2746 2160 2785 se
2187 2729 2342 2799 dicit,
2375 2730 2676 2787 dummodo
2704 2750 2735 2788 a
2761 2732 2987 2789 Christo
3020 2744 3260 2803 curetur,
3293 2738 3514 2794 sciendo

1938 2820 2062 2891 plus
2108 2820 2303 2875 addere
2343 2820 2671 2877 medicinam
2715 2820 2919 2878 Christi
2966 2822 3035 2879 ad
3072 2824 3320 2896 salutem,
3350 2841 3512 2900 quam

1940 2906 2231 2963 inﬁrmitas
2260 2908 2498 2965 detrahit
2527 2910 2768 2967 sanitati.

2015 2996 2194 3065 (Vers.
2240 2998 2352 3070 10.)
2398 3019 2418 3043 ι
2448 2999 2786 3071 Quapropter
2822 3002 3009 3073 placeo
3035 3003 3173 3058 mihi
3199 3003 3254 3059 in
3288 3003 3515 3063 infirmi-

1938 3084 2162 3153 tatibus,
2208 3086 2268 3141 in
2306 3087 2690 3153 contumeliis;
2737 3103 2862 3145 cum
2906 3090 3052 3146 enim
3085 3088 3352 3160 inﬁrmor,
3386 3101 3517 3151 tunc

1939 3182 2131 3246 potens
2178 3190 2318 3231 sum.
2353 3199 2373 3224 ι
2415 3176 2620 3231 Verum
2660 3182 2761 3245 est,
2793 3178 2923 3249 quia
2954 3185 3089 3235 tunc
3125 3180 3300 3237 vincit
3346 3180 3518 3239 Chri—

1939 3263 2169 3331 stianus,
2199 3279 2323 3319 cum
2372 3264 2594 3336 perdere
2641 3271 2865 3337 putatur
2891 3283 2903 3319 :
2936 3273 2991 3321 et
3018 3274 3151 3323 tunc
3179 3269 3356 3340 perdit
3385 3286 3517 3344 per-

1940 3352 2091 3421 ﬁdia,
2122 3368 2246 3409 cum
2294 3368 2352 3409 se
2387 3353 2584 3409 vicisse
2614 3353 2934 3425 gratulatur.
2966 3354 3185 3411 Plaudit
3213 3373 3361 3430 ergo,
3390 3375 3514 3415 cum

1939 3439 2023 3495 illi
2049 3442 2378 3509 insultatur;
2412 3450 2465 3497 et
2489 3442 2685 3514 surgit,
2714 3457 2839 3499 cum
2872 3443 3159 3513 premitur.

2012 3538 2191 3609 (Vers.
2238 3539 2350 3609 11.)
2394 3561 2415 3586 ι
2444 3539 2640 3596 Factus
2668 3555 2788 3595 sum
2821 3539 3103 3612 insipiens,
3138 3557 3237 3599 vos
3267 3559 3352 3599 me
3379 3561 3515 3603 coe-

1940 3623 2111 3695 gistis.
2143 3651 2163 3675 ι
2206 3626 2561 3699 Compulsum
2591 3643 2648 3683 se
2684 3628 2841 3697 dicit,
2872 3635 2933 3684 ut
2973 3628 3106 3701 quid
3135 3639 3294 3698 esset,
3324 3641 3515 3690 osten-

1939 3716 2107 3773 deret.
2156 3718 2226 3774 Et
2268 3734 2379 3775 non
2426 3718 2617 3793 utique
2662 3720 2864 3775 stultus
2901 3727 3002 3787 est,
3051 3720 3143 3792 qui
3191 3720 3257 3777 de
3295 3740 3351 3778 se
3390 3740 3515 3781 vera

1939 3805 2153 3862 locutus
2181 3813 2261 3863 est
2284 3825 2297 3875 ;
2318 3804 2423 3863 ‘sed
2461 3807 2691 3864 inclinat
2719 3824 2794 3871 se,
2827 3814 2888 3863 ut
2914 3806 3222 3867 manifestet
3250 3813 3375 3884 quia
3406 3828 3513 3869 non

1938 3895 2220 3951 voluntate
2268 3898 2463 3953 merita
2499 3914 2596 3953 sua
2625 3896 2880 3953 ostendit.
2928 3920 2946 3945 ι
2973 3898 3087 3968 Ego
3116 3899 3260 3954 enim
3293 3898 3453 3955 debui
3485 3917 3517 3957 a

1938 3984 2095 4041 vobis
2122 3986 2516 4043 commendari.
2540 4012 2558 4036 ι
2598 3986 2947 4043 Manifestum
2971 3997 3071 4055 est,
3095 3988 3219 4061 quia
3244 3987 3297 4043 hi
3321 3988 3514 4046 debue-

1938 4080 2061 4129 rant
2103 4075 2480 4132 testimonium
2522 4075 2574 4132 ei
2618 4075 2904 4148 perhibere
2948 4075 3208 4132 adversus
3226 4076 3518 4135 obtrecta-

1939 4169 2082 4219 tores
2114 4163 2251 4234 ejus,
2285 4163 2426 4235 apud
2475 4181 2610 4238 quos
2655 4164 2953 4221 Ecclesiam
3006 4166 3316 4235 constituit,
3347 4173 3401 4223 et
3445 4168 3513 4223 si-

1941 4268 2169 4324 gnorum
2230 4251 2478 4325 prodigia
2538 4254 2872 4326 apostolatus
2944 4253 3215 4323 ostendit;
3274 4262 3354 4323 ut,
3415 4254 3519 4314 hoc

1937 4348 2170 4409 tacente,
2196 4341 2278 4397 illi
2298 4358 2424 4398 eum
2455 4341 2810 4399 defenderent
2830 4358 2988 4416 quem
3014 4353 3217 4415 patrem
3248 4343 3518 4402 habebant

1940 4430 1997 4485 in
2025 4431 2326 4503 Evangelio
2348 4430 2573 4489 Christi.
2614 4454 2633 4479 ι
2662 4432 2811 4489 Nihil
2834 4433 2979 4488 enim
3003 4432 3185 4488 minus
3206 4433 3330 4502 feci,
3355 4451 3514 4507 quam

1940 4518 2024 4575 illi
2066 4520 2225 4576 valde
2264 4522 2521 4593 apostoli.
2568 4540 2593 4573 »
2626 4519 2818 4589 Valde,
2869 4520 2975 4576 hoc
3019 4528 3100 4576 est
3146 4520 3330 4587 nimis,
3374 4522 3517 4578 sicut

1942 4608 2268 4680 quibusdam
2321 4609 2645 4677 videbatur;
2706 4623 2829 4663 nam
2880 4607 2985 4665 hoc
3031 4615 3204 4677 erant,
3268 4608 3409 4682 quod
3463 4617 3517 4664 et

1938 4700 2215 4770 apostolus
2260 4699 2478 4755 Paulus.
2527 4698 2640 4753 Hoc
2686 4713 2812 4769 ergo
2841 4696 2996 4764 dicit,
3029 4696 3155 4768 quia
3190 4696 3367 4751 minor
3406 4713 3514 4753 non

1938 4797 2019 4845 est
2048 4806 2222 4863 neque
2248 4791 2304 4845 in
2336 4789 2743 4863 praedicatione,
2765 4804 2939 4859 neque
2961 4786 3017 4841 in
3039 4787 3211 4858 signis
3230 4786 3511 4859 faciendis,

1938 4880 2197 4949 apostolis
2242 4877 2657 4951 praecessoribus
2704 4875 2837 4945 suis,
2870 4890 2979 4930 non
3012 4873 3067 4931 in
3106 4874 3390 4948 dignitate,
3422 4876 3513 4933 scd

1936 4974 2198 5040 tempore.
2231 4969 2365 5024 Nam
2412 4968 2458 5022 si
2487 4965 2552 5021 de
2586 4972 2827 5034 tempore
2857 4962 3316 5037 prrescribendum
3350 4976 3515 5038 puta-

1935 5061 2045 5124 tur,
2077 5062 2201 5110 ante
2229 5054 2397 5125 coepit
2432 5053 2665 5108 Joannes
2686 5050 3002 5123 praedicare,
3033 5068 3193 5126 quam
3226 5052 3510 5124 Christus;

1936 5150 1991 5200 et
2036 5161 2145 5201 non
2189 5142 2440 5202 Christus
2482 5142 2765 5209 Joannem,
2816 5138 2908 5196 sed
2964 5140 3197 5197 Joannes
3236 5139 3513 5199 Christum

1934 5235 2249 5308 baptizavit.
2296 5234 2437 5289 Num
2488 5249 2616 5304 ergo
2660 5232 2740 5288 sic
2782 5231 2997 5303 judicat
3040 5231 3229 5287 Deus?
3268 5231 3514 5304 Denique

2007 5426 2122 5499 (25)
2155 5427 2317 5486 Rom.
2356 5424 2512 5496 edit.,
2543 5424 2600 5481 in
2630 5422 2938 5499 inﬁrmitate
2963 5429 3377 5499 consummatur.
3414 5425 3513 5499 Sti-

1931 5495 2111 5556 mulos
2133 5515 2263 5571 quos
2290 5499 2531 5555 diabolus
2550 5495 2751 5571 perfide
2772 5505 2928 5571 ;_ve_t.
2953 5495 3085 5551 edit.
3116 5512 3178 5553 ac
3200 5511 3329 5571 mss.
3358 5496 3515 5571 nobis

1934 5566 2454 5646 sull‘l'agantur,‘nisi
2488 5566 2774 5643 quod'illaa
2803 5568 3005 5646 habent
3034 5583 3159 5623 cum
3190 5566 3327 5646 cod.
3347 5568 3510 5623 etiam

1933 5638 2237 5711 nonnullis,
2277 5638 2533 5711 sinuatos,
2571 5648 2626 5696 et
2674 5656 2800 5695 mss.
2850 5638 3079 5711 aliquot,
3132 5638 3377 5709 perﬁdis,
3423 5648 3515 5695 aut

1928 5715 2467 5789 per/idicementibus.
2584 5783 2597 5789 _
2734 5788 2740 5789 ί
2892 5786 2900 5789 _

2007 5778 2124 5858 (26)
2156 5786 2317 5845 Rom.
2356 5784 2489 5841 edit.
2521 5783 2656 5852 sola,
2687 5788 2745 5837 ut
2766 5778 3059 5852 praetendat
3090 5778 3145 5835 in
3172 5795 3269 5848 me,
3301 5787 3404 5837 etc.
