3970 6408
443 428 566 505 est

1507 441 1602 497 AD
1640 440 1875 499 OPERA
1912 438 1968 496 s.
1998 435 2328 518 aueuosu
2368 438 2744 499 APPENDIX.

458 570 614 649 prior
630 574 850 627 secutus
869 573 951 624 est
968 561 1217 622 Andreas
1245 562 1608 633 Salvatorem,
1630 581 1792 637 quam
1817 566 2041 633 Petrus;
2072 565 2124 625 A
2150 579 2318 637 gnum
2373 573 2456 622 est
2510 572 2591 633 ut,
2648 564 2919 638 spiritalia
2978 566 3275 637 tradentes,
3333 575 3745 641 consequantur

461 668 516 720 et
559 666 743 715 tamen
784 656 1081 727 primatum
1128 669 1242 710 non
1282 654 1493 726 accepit
1522 654 1788 723 Andreas,
1820 655 1914 712 sed
1957 655 2051 712 Pe-

459 755 602 806 trus.
642 745 820 813 Quare
862 759 989 815 ergo
1026 743 1305 815 apostolus
1333 742 1660 816 quibusdam
1690 760 1803 801 non
1830 743 2051 802 videba-

461 841 592 899 tur;
639 848 765 888 cum
813 829 999 886 eadem
1046 838 1226 904 posset
1262 846 1358 904 per
1403 831 1503 887 Dei
1549 831 1798 904 gratiam,
1831 841 2051 906 quaeet

461 923 744 997 apostoli?
771 922 899 980 Ideo
927 922 1098 992 dolet,
1129 930 1185 979 et
1212 923 1531 995 compulsus
1562 922 1825 992 ostendit,
1857 922 1992 997 quid
2018 941 2051 982 a

462 1010 779 1083 dignatione
819 1010 1043 1068 Domini
1092 1009 1210 1084 (27)
1251 1018 1544 1068 mereatur.
1598 1010 1740 1067 Hinc
1786 1018 1867 1067 est
1903 1010 2050 1069 unde

461 1116 577 1157 non
614 1101 793 1156 solum
837 1099 1106 1157 minorem
1150 1114 1207 1157 se
1235 1115 1349 1157 non
1380 1115 1496 1157 esse
1528 1108 1751 1158 coactus
1777 1108 1859 1156 est
1886 1101 2050 1173 proﬁ-

462 1191 588 1257 teri,
614 1189 708 1246 sed
740 1196 796 1245 et
834 1189 956 1261 plus
985 1188 1242 1246 omnibus
1260 1187 1552 1247 laborasse.
1585 1189 1683 1245 His
1707 1204 1835 1262 ergo
1860 1188 2048 1263 displi-

462 1279 618 1338 cebat
644 1278 785 1350 (28),
807 1285 860 1332 et
880 1293 991 1335 non
1014 1277 1304 1335 videbatur
1326 1293 1442 1334 esse
1457 1279 1735 1350 apostolus
1760 1279 1857 1351 qui
1884 1294 2050 1335 aemu-

463 1368 669 1426 latione
697 1374 936 1439 paternas
959 1366 1092 1437 legis
1114 1365 1561 1437 praedicationem
1590 1365 1708 1439 ejus
1741 1366 2047 1438 respuebat,

463 1455 620 1531 quasi
664 1455 880 1511 inimici
936 1453 1252 1511 traditionis
1306 1453 1547 1526 Moysis;
1603 1454 1732 1527 quia
1770 1469 1889 1511 eam
1932 1454 2047 1525 jam

463 1559 673 1602 cessare
714 1541 950 1611 dicebat,
991 1542 1252 1614 apostolis
1300 1542 1471 1613 magis
1501 1541 1767 1609 faventes,
1800 1548 1854 1596 et
1881 1540 2047 1597 istum

438 1632 553 1691 .his
580 1631 975 1696 humiliautes;
1013 1630 1143 1703 quia
1184 1628 1269 1684 illi
1300 1644 1413 1686 non
1441 1637 1552 1686 tam
1582 1635 1895 1686 constanter
1920 1645 2047 1687 con-

436 1711 548 1801 ;tra
575 1721 747 1793 legem
774 1717 984 1792 aliquid
1013 1716 1346 1774 asserebant.

425 1812 445 1901 ’ν
536 1818 719 1893 (Vers.
746 1819 859 1890 l2.)
892 1818 997 1874 «Et
1025 1816 1071 1874 si
1092 1816 1234 1873 nihil
1264 1834 1411 1885 sum,
1434 1819 1590 1891 signa
1608 1827 1796 1880 tamen
1816 1821 2048 1895 apostoli

2160 652 2418 708 carnalia.
2461 652 2564 709 Hic
2608 660 2790 710 autem
2830 653 2886 709 in
2915 661 3130 711 tantum
3160 653 3353 727 probat
3378 670 3436 712 se
3464 656 3611 712 nolle
3636 672 3745 713 ac-

2159 740 2360 813 cipere,
2390 750 2454 798 ut
2479 742 2771 799 transferat
2798 759 3015 800 causam
3053 744 3289 802 carnalis
3335 745 3505 816 patris
3535 744 3605 801 ad
3628 745 3741 818 spi-

2159 833 2374 890 ritalem
2399 851 2413 902 ;
2444 842 2507 891 ut
2540 849 2652 890 non
2698 834 2875 891 solum
2905 849 3016 889 non
3044 834 3112 891 ab
3142 834 3230 891 his
3257 834 3507 906 accipiat,
3537 835 3632 893 sed
3659 842 3741 903 et,

2158 919 2206 976 si
2254 928 2433 994 potest
2484 921 2625 990 ﬁeri,
2681 922 2796 994 ipse
2838 921 2952 978 illis
3008 921 3236 988 tribuat,
3290 922 3433 979 sicut
3480 922 3596 994 jam
3650 937 3743 979 su-

2158 1023 2256 1081 pra
2314 1008 2433 1065 dixi
2484 1028 2496 1067 :
2559 1034 2579 1057 ς
2616 1010 2769 1067 Alias
2820 1010 3091 1068 Ecclesias
3144 1010 3469 1083 exspoliavi,
3518 1018 3745 1084 accepto

2159 1097 2435 1171 stipendio
2455 1098 2523 1155 ad
2547 1098 2914 1155 ministerium
2945 1107 3186 1156 vestrum
3219 1099 3304 1171 (ΙΙ
3321 1100 3447 1157 Cor.
3478 1116 3558 1168 χι,
3588 1099 3670 1171 8).
3705 1122 3727 1147 ι

2159 1184 2275 1243 Hoc
2321 1186 2471 1245 dicto
2514 1187 2686 1260 tangit
2721 1204 2832 1257 eos,
2863 1197 2926 1245 ut
2971 1188 3282 1260 intelligant
3315 1195 3552 1261 quantus
3576 1186 3660 1244 sit
3684 1195 3743 1243 et

2158 1278 2292 1352 quid
2339 1278 2377 1334 ii
2417 1286 2749 1349 mereantur,
2781 1279 2875 1352 qui
2909 1280 3044 1337 tanti
3074 1280 3305 1352 apostoli
3336 1279 3742 1353 providentiam
3812 1322 3817 1325 λ

2157 1366 2535 1437 neglexerunt.

2230 1454 2410 1523 (Vers.
2444 1456 2558 1527 15.)
2603 1480 2623 1503 ι
2650 1457 2766 1529 Ego
2798 1472 2927 1511 vero
2958 1455 3319 1513 libentissime
3349 1454 3662 1529 impendam
3684 1460 3748 1511 et

2160 1544 2661 1619 superimpendam,
2710 1556 2764 1603 et
2812 1547 2927 1619 ipse
2976 1547 3261 1619 impendar
3307 1564 3405 1620 pro
3454 1544 3748 1603 animabus

2157 1632 2376 1690 vestris.
2432 1659 2451 1683 ι
2522 1636 2681 1691 Nunc
2731 1644 2913 1708 aperte
2968 1636 3222 1694 allectum
3279 1644 3333 1693 et
3393 1636 3743 1703 charitatem,

2157 1733 2320 1790 quam
2349 1721 2497 1779 circa
2539 1739 2630 1780 eos
2673 1724 2925 1792 habebat,
2956 1724 3231 1791 ostendit;
3269 1724 3487 1797 quando
3517 1740 3627 1781 non
3656 1738 3744 1780 so-

2157 1809 2271 1867 lum
2319 1827 2419 1869 sua
2462 1830 2560 1885 pro
2603 1814 2681 1870 eis
2725 1814 3060 1887 impendere,
3093 1823 3147 1871 et
3179 1816 3503 1887 propensius
3532 1815 3747 1885 impen-

435 1897 606 1989 :facta
636 1916 766 1966 sunt
794 1908 850 1963 in
872 1906 1030 1963 vobis
1050 1906 1109 1964 in
1137 1907 1295 1963 omni
1324 1906 1609 1980 patientia,
1640 1909 1831 1982 signis,
1854 1920 1908 1967 et
1926 1926 2047 1982 pro-
2086 1900 2132 1972 B
2160 1897 2287 1989 (ῙΘΓΘ
2337 1909 2586 1973 paratum
2638 1918 2695 1958 se
2734 1902 2891 1971 dicit,
2938 1901 3033 1959 sed
3078 1910 3133 1958 et
3163 1902 3401 1974 seipsum
3439 1918 3539 1975 pro
3565 1903 3746 1960 salute

460 1995 646 2069 digiis,
688 2004 745 2053 et
780 1994 1104 2051 virtutibus.
1150 2018 1171 2044 ι
1235 1993 1325 2051 Sic
1352 2010 1409 2051 se
1438 1995 1719 2065 humiliat,
1749 2004 1813 2053 ut
1840 1997 2047 2070 erigat;

460 2083 805 2157 patientiam‘
832 2090 1015 2138 tamen
1059 2081 1293 2153 primam
1324 2091 1609 2153 memorat,
1646 2084 1775 2156 quia
1800 2085 1898 2141 diu
1925 2086 2051 2142 illos

464 2170 708 2245 portavit
741 2169 895 2243 quasi
946 2170 1292 2243 impatientes
1332 2187 1536 2243 aegros;
1563 2179 1627 2229 ut
1666 2171 1916 2229 adhibita
1942 2189 2052 2229 me-

468 2258 657 2315 dicina
700 2258 981 2329 signorum
1020 2265 1181 2330 atque
1219 2258 1517 2329 virtutum,
1561 2270 1779 2317 curaret
1824 2260 2052 2318 vulnera

465 2347 668 2403 erroris
700 2345 925 2402 illorum
939 2389 951 2402 .

542 2444 725 2516 (Vers.
765 2442 877 2515 i3.)
922 2467 941 2489 ι
961 2442 1104 2511 Quid
1124 2452 1204 2502 est
1234 2444 1382 2501 enim
1404 2445 1549 2519 quod
1579 2447 1764 2504 minus
1782 2445 2052 2505 habuistis

440 2531 680 2607 (caeteris
720 2530 1003 2599 Ecclesiis,
1043 2531 1151 2588 nisi
1184 2533 1331 2605 quod
1378 2549 1477 2607 ego
1524 2533 1637 2607 ipse
1670 2551 1782 2591 non
1830 2534 2050 2607 gravavi

439 2635 568 2697 _vos
590 2619 618 2675 ?
646 2620 855 2675 Donate
883 2617 1021 2674 mihi
1048 2618 1190 2675 hanc
1220 2619 1501 2692 injuriam.
1529 2645 1550 2669 ι
1594 2620 1794 2680 Adhuc
1827 2638 1923 2694 per
1949 2621 2051 2680 hu-

464 2707 758 2764 militatem
806 2722 862 2763 se
911 2707 1260 2764 commendat
1304 2707 1459 2780 (29);
1490 2708 1731 2766 ostendit
1761 2710 1910 2766 enim
1938 2725 2051 2769 non

465 2799 610 2860 206
641 2797 826 2853 minus
854 2796 981 2853 illos
1008 2795 1220 2869 aliquid
1251 2796 1505 2854 habuisse
1533 2799 1744 2856 caeteris
1767 2799 2048 2870 Ecclesiis,

462 2893 560 2952 sed
606 2904 661 2952 et
706 2895 981 2968 amplius;
1022 2895 1383 2968 Evangelium
1432 2897 1580 2953 enim
1622 2898 1722 2955 Dei
1768 2899 1936 2970 gratis
1963 2898 2051 2957 his

461 2982 807 3056 praedicavit,
858 2982 1006 3057 quod
1051 2984 1222 3039 nullis
1267 3000 1586 3041 concessum
1634 2996 1713 3043 est
1765 2987 2047 3056 Ecclesiis,

464 3070 681 3127 dicente
710 3070 950 3126 Domino
974 3087 989 3127 :
1037 3094 1056 3118 ι
1087 3070 1299 3142 Dignus
1327 3080 1409 3127 est
1436 3073 1579 3128 enim
1604 3073 1882 3146 operarius
1911 3090 2048 3131 mer-

467 3157 600 3215 cede
628 3174 727 3215 sua
758 3158 911 3229 (Luc.
952 3174 1012 3227 χ,
1047 3158 1127 3230 7).
1159 3182 1180 3208 ι
1222 3158 1279 3216 Si
1309 3175 1436 3233 ergo
1464 3178 1561 3234 pro
1588 3163 1735 3219 bono
1762 3180 1922 3235 opere
1953 3164 2050 3220 in-

2160 1988 2468 2047 animarum
2510 2008 2699 2048 eorum
2744 1992 2907 2048 etiam
2964 1991 3126 2059 mori,
3169 1991 3313 2048 sicut
3358 1999 3411 2048 et
3467 1992 3747 2064 apostolus

2158 2076 2394 2137 Joannes
2435 2079 2573 2137 dicit
2606 2099 2618 2136 :
2651 2080 2790 2149 Quia
2831 2080 3083 2151 exemplo
3131 2078 3429 2136 Salvatoris
3485 2097 3582 2153 pro
3635 2081 3744 2137 fra-

2162 2166 2338 2222 tribus
2383 2168 2548 2224 etiam
2599 2171 2809 2226 animas
2856 2178 3069 2227 nostras
3117 2170 3380 2227 debemus
3438 2187 3636 2244 ponere
3689 2173 3749 2244 (I
3836 2242 3853 2251 ο

2159 2252 2317 2309 Joan.
2379 2272 2461 2325 ιιι,
2521 2256 2634 2329 16).
2681 2281 2699 2304 ε
2733 2258 3040 2314 Plurimum
3096 2273 3194 2314 vos
3247 2258 3503 2331 diligens,
3559 2261 3745 2317 minus

2162 2339 2383 2413 diligor.
2425 2368 2444 2393 ι
2503 2344 2769 2403 Provocat
2809 2361 2901 2402 eos
2937 2344 3007 2402 ad
3052 2362 3291 2403 amorem
3327 2349 3458 2421 quia
3486 2348 3591 2420 ipsi
3619 2349 3744 2421 plus

2160 2427 2318 2485 illum
2362 2430 2623 2489 deberent
2667 2433 2913 2505 diligere,
2948 2434 3189 2492 maxime
3225 2452 3321 2508 per
3348 2452 3511 2508 quem
3539 2436 3743 2495 didice-

2161 2525 2293 2574 runt
2321 2519 2467 2576 viam
2495 2522 2707 2591 salutis,
2734 2539 2830 2595 per
2873 2538 3035 2596 quem
3082 2531 3136 2579 et
3164 2524 3422 2597 acquisiti
3451 2536 3580 2583 sunt
3608 2528 3740 2596 Deo,

2157 2619 2229 2662 ex
2283 2607 2506 2678 perﬁdis
2559 2609 2690 2668 facti
2740 2610 2951 2679 ﬁdeles,
2975 2618 3028 2667 et
3061 2626 3131 2666 ex
3170 2612 3562 2670 contaminatis
3592 2615 3743 2686 puri-

2163 2692 2331 2754 ﬁcati.

2240 2796 2419 2869 (Vers.
2456 2800 2570 2873 16.)
2621 2824 2640 2848 ι
2666 2798 2770 2856 Sed
2798 2805 2934 2868 esto,
2964 2814 3062 2871 ego
3086 2815 3185 2855 vos
3214 2815 3325 2856 non
3355 2802 3614 2873 gravavi;
3650 2802 3744 2860 sed

2157 2899 2221 2949 ut
2265 2897 2477 2947 astutus
2522 2887 2649 2945 dolo
2694 2904 2792 2944 vos
2820 2887 2960 2960 cepi.
2996 2911 3017 2937 ι
3059 2886 3258 2944 Omnia
3281 2905 3403 2962 quae
3429 2898 3650 2962 possent
3673 2906 3743 2947 ex

2158 2980 2385 3037 adverso
2417 2976 2669 3049 proponi,
2701 2992 2812 3032 non
2865 2982 3029 3041 tacet,
3079 2983 3142 3032 ut
3181 2992 3237 3031 se
3270 2985 3463 3049 purget
3490 2994 3586 3049 per
3616 2994 3746 3035 om-

2157 3067 2285 3135 nia;
2317 3066 2447 3139 quia
2468 3064 2609 3120 nihil
2640 3080 2735 3136 per
2762 3063 3290 3121 circumventionem
3323 3066 3437 3136 agit
3465 3065 3607 3138 apud
3627 3082 3741 3137 eos,

2156 3155 2252 3212 sed
2283 3154 2341 3212 in
2370 3153 2740 3227 simplicitate,
2777 3151 2881 3208 sibi
2926 3154 3091 3209 semel
3132 3153 3489 3225 prospiciens,
3521 3154 3608 3211 his
3634 3154 3741 3213 dn-

464 3244 635 3318 juria,
693 3244 893 3318 inquit,
951 3243 1151 3317 dignus
1198 3260 1345 3313 sum,
1390 3246 1655 3319 ignoscite
1699 3248 1839 3304 mihi
1879 3248 1995 3321 (30)
2032 3267 2045 3307 :
2084 3266 2128 3327 C
2158 3245 2291 3317 plici
2335 3259 2558 3317 genere;
2605 3249 2667 3298 ut
2706 3248 2761 3297 et
2806 3240 2950 3314 apud
2993 3243 3167 3299 Deum
3218 3243 3530 3314 provideret
3556 3243 3654 3309 eis,
3687 3252 3744 3300 et

469 3334 652 3391 omnis
697 3334 843 3390 enim
890 3335 1094 3391 stultus
1120 3334 1253 3391 boni
1284 3344 1566 3393 accusator
1594 3344 1693 3394 est.
1727 3338 1797 3394 Ut
1826 3338 1926 3396 hos
1954 3355 2051 3396 er-

463 3439 531 3496 go
559 3423 844 3494 imperitos
885 3421 1158 3490 ostendat,
1188 3423 1405 3481 veniam
1433 3425 1503 3482 ab
1547 3424 1636 3482 his
1666 3427 1905 3499 postulat
1933 3427 2050 3500 ejus

458 3511 614 3578 facti,
646 3511 713 3567 de
743 3528 852 3585 quo
883 3511 1041 3569 laude
1069 3511 1269 3584 dignus
1297 3522 1403 3571 est.

536 3610 717 3681 (Vers.
744 3608 859 3679 14.)
903 3632 923 3655 ι
952 3610 1093 3665 Ecce
1122 3609 1288 3667 tertio
1317 3610 1423 3670 hoc
1450 3621 1672 3684 paratus
1710 3630 1833 3671 sum
1862 3615 2050 3671 venire

458 3696 527 3753 ad
561 3714 679 3766 vos,
712 3703 768 3752 et
794 3712 907 3752 non
945 3712 1046 3753 vos
1092 3698 1347 3769 gravabo.
1380 3725 1401 3749 ι
1438 3702 1518 3758 Ne
1563 3703 1705 3758 forte
1757 3703 1863 3760 hoc
1908 3704 2052 3760 inter

461 3785 626 3843 initia
672 3785 864 3842 fecisse
900 3793 1186 3857 putaretur
1214 3788 1283 3844 ad
1310 3790 1841 3846 commendationem
1872 3808 2048 3860 suam,

463 3881 589 3949 post
642 3881 825 3930 autem
891 3873 1198 3932 mercedem
1258 3878 1587 3950 evangelicae
1647 3878 2052 3952 praedicationis

465 3962 613 4020 velle
658 3962 923 4036 accipere,
954 3963 1195 4020 ostendit
1224 3964 1282 4021 in
1311 3981 1375 4021 ea
1420 3983 1478 4023 se
1506 3968 1787 4024 voluntate
1814 3968 2046 4037 durare;

466 4065 536 4106 ne
592 4050 799 4107 factum
842 4068 1002 4108 suum
1068 4061 1255 4125 postea
1298 4054 1587 4113 emendare
1643 4055 1942 4125 videretur,
1998 4063 2052 4113 et

470 4146 611 4197 esset
674 4138 822 4214 quod
885 4139 954 4197 ab
1018 4139 1477 4200 obtrectatoribus
1539 4145 2049 4218 reprehenderetur.

484 4252 505 4278 ι
537 4228 660 4285 Non
705 4227 854 4285 enim
900 4245 1088 4303 quaero
1132 4247 1252 4303 qua)
1298 4239 1480 4288 vestra
1516 4241 1666 4302 sunt,
1702 4234 1797 4290 sed
1839 4249 1961 4290 vos.
2017 4259 2037 4283 ι

467 4315 725 4374 Ostendit
752 4316 876 4374 ideo
904 4333 962 4373 se
988 4317 1137 4375 nolle
1165 4318 1409 4391 accipere
1436 4319 1509 4376 ab
1535 4320 1635 4389 eis,
1662 4328 1723 4377 ut
1753 4321 1879 4378 illos
1904 4320 2050 4393 ipsos

388 4430 395 4437 ι
466 4402 807 4471 lucraretur;
850 4412 914 4460 ut
940 4404 1309 4477 intelligentes
1337 4406 1465 4478 quia
1508 4408 1753 4479 pecuniae
1782 4408 2051 4481 praeponit

466 4508 579 4560 eos,
621 4491 844 4549 tandem
892 4502 1285 4566 cognoscerent
1329 4494 1584 4552 allectum
1634 4495 1787 4553 illius
1819 4513 1945 4570 erga
1970 4512 2046 4553 se.

474 4603 497 4630 ι
550 4582 661 4641 Nec
707 4582 852 4639 enim
905 4582 1108 4640 debent
1152 4584 1255 4640 ﬁlii
1303 4585 1620 4657 parentibus
1659 4586 2043 4656 thesaurizare,

460 4672 556 4730 sed
599 4682 852 4746 parentes
897 4672 1047 4730 ﬁliis.
1095 4698 1114 4723 ι
1168 4674 1382 4731 Patrem
1430 4691 1486 4732 se
1528 4692 1714 4732 eorum
1754 4676 2045 4750 signiﬁcat,

457 4760 604 4817 sicut
634 4761 690 4816 iu
722 4762 901 4835 prima
928 4761 1160 4834 epistola
1180 4760 1316 4819 dicit
1349 4781 1361 4820 :
1405 4787 1424 4811 ι
1454 4763 1557 4819 Per
1581 4765 1923 4837 evangelium
1950 4780 2048 4836 ego

454 4864 556 4906 vos
588 4850 750 4921 genui
784 4850 841 4921 (Ι
869 4849 993 4906 Cor.
1028 4867 1107 4919 1v,
1145 4850 1257 4922 15).
1286 4874 1306 4899 ι
1348 4850 1608 4909 Carnales
1634 4858 1819 4908 tamen
1858 4868 2047 4925 paren-

454 4943 538 4994 tes
582 4947 732 5009 sunt,
780 4938 877 5012 qui
931 4938 1064 4996 ﬁliis
1118 4938 1519 5008 thesaurizant;
1583 4957 1710 4997 nam
1776 4941 2047 5014 spiritales

454 5042 489 5084 a
551 5026 681 5082 ﬁliis
748 5027 975 5099 dignum
1036 5036 1118 5086 est
1168 5037 1233 5087 ut
1284 5030 1463 5104 accipi
1516 5040 1610 5087 aut
1665 5041 1915 5104 sumptus
1978 5031 2048 5090 ad

455 5111 867 5174 sustentandam
920 5115 1094 5173 vitam
1147 5128 1490 5190 praesentem.
1547 5120 1671 5177 Non
1725 5122 1873 5178 enim
1926 5137 2047 5178 ma-

551 5330 646 5403 27)
677 5330 806 5403 Mss.
838 5328 1067 5403 aliquot,
1099 5328 1171 5403 ad
1197 5330 1517 5400 agnitionem
1538 5334 1775 5403 Domini,
1802 5343 1907 5392 etc.

554 5399 645 5472 28)
682 5400 816 5481 Cod.
839 5399 1045 5481 _Cdrb.,_
1073 5400 1189 5481 .Ifis
1228 5399 1347 5481 ergo
1376 5404 1698 5481 displicebat,
1731 5399 1780 5481 et
1818 5423 1924 5462 non
1951 5408 2044 5481 vi:-

454 5471 678 5527 debatur
700 5490 721 5538 ;
742 5480 795 5549 et
830 5473 987 5549 istum
1028 5471 1083 5526 hi
1111 5471 1771 5549 liztmiliantegerantmui
1798 5478 2046 5549 apostoli-

454 5558 583 5618 «ταθῇΔ
598 5544 1031 5618 ῃτῳᾴἰεαεὶοηςπι
1056 5541 1384 5618 fefuwbant.
1418 5546 1490 5599 Et
1526 5546 1572 5599 si
1608 5541 1743 5603 nihil
1770 5541 1907 5618 su'm,
1938 5558 2042 5605 etc.

533 5612 650 5683 (29)
682 5615 829 5669 [dem
879 5614 999 5670 cod.
1048 5612 1237 5682 Corb.,
1279 5630 1332 5668 se
1377 5618 1613 5681 exultat;
1661 5612 2046 5674 ostendit'euim

454 5698 562 5761 non
591 5685 764 5739 minus
810 5686 930 5740 illos
972 5685 1184 5761 aliquid
1211 5685 1415 5761 habere,
1445 5692 1495 5740 et
1524 5693 1643 5761 tunc
1670 5691 1850 5760 prodit
1871 5692 2046 5761 perﬁ-

454 5753 623 5825 diam,
662 5770 780 5810 cum
828 5771 881 5809 se
930 5753 1109 5812 vicisse
1151 5758 1477 5835 gratulatur.
1513 5753 1737 5816 Plaudit
1773 5753 1891 5832 ενρό
1930 5753 2047 5815 cum

2158 3331 2251 3390 hic
2281 3347 2504 3390 censum
2552 3330 2775 3386 illorum
2807 3344 2917 3385 non
2948 3337 3211 3401 quaereret
3250 3348 3262 3387 :
3295 3329 3401 3387 sibi
3430 3337 3607 3387 autem
3639 3330 3745 3388 hoc

2158 3421 2403 3477 sufﬁcere
2437 3418 2582 3493 quod
2636 3434 2668 3474 a
2713 3420 2826 3475 Deo
2867 3416 3200 3490 promissum
3246 3425 3328 3474 est
3384 3419 3441 3474 in
3470 3418 3740 3476 futurum.

2158 3510 2320 3566 Forte
2350 3509 2498 3565 enim
2546 3507 2954 3580 suspicarentur
2993 3503 3116 3561 ideo
3146 3506 3304 3561 illum
3332 3507 3740 3579 contempsisse,

2158 3597 2287 3670 quia
2316 3612 2483 3670 parva
2513 3602 2689 3663 erant,
2724 3610 2843 3666 quae
2873 3593 3259 3663 offerebantur,
3291 3603 3354 3651 ut
3383 3595 3592 3668 majora
3615 3611 3743 3652 con-

2159 3696 2511 3762 sequeretur;
2545 3694 2606 3741 ut
2643 3682 3091 3755 circumspiciens
3124 3684 3318 3741 merita
3358 3701 3474 3753 sua,
3500 3701 3610 3740 non
3639 3700 3743 3757 pe-

2158 3777 2366 3833 curiam
2414 3774 2675 3830 refutaret
2706 3771 2845 3843 (31),
2874 3769 2970 3826 sed
2997 3786 3288 3828 numerum
3317 3772 3605 3845 indignum
3633 3773 3740 3830 sibi
3794 3792 3817 3803 κ

2160 3865 2434 3923 aestimans
2462 3866 2852 3920 contemneret.

2233 3961 2415 4034 (Vers.
2449 3959 2562 4030 17.)
2610 3982 2629 4005 ι
2658 3958 2797 4014 Num
2819 3974 2917 4030 per
2944 3958 3183 4030 aliquem
3211 3972 3422 4026 eorum,
3454 3974 3589 4031 quos
3615 3962 3744 4018 misi

2159 4048 2228 4107 ad
2255 4065 2374 4117 vos,
2406 4045 2745 4103 circumveni
2765 4046 2906 4101 vos?
2929 4070 2948 4095 ι
2991 4044 3106 4101 Hoc
3134 4051 3235 4111 est,
3259 4043 3407 4117 quod
3436 4044 3591 4114 dicit,
3615 4050 3747 4121 quia

2160 4152 2296 4211 quos
2324 4135 2495 4201 misit,
2527 4149 2641 4189 non
2680 4133 2793 4188 illis
2833 4132 2939 4189 hoc
2967 4131 3316 4200 intimarunt,
3348 4139 3429 4200 ut,
3461 4134 3508 4189 si
3537 4136 3746 4195 vellent

2158 4232 2409 4298 pacatum
2455 4220 2653 4277 habere
2708 4218 3056 4291 Apostolum,
3103 4217 3323 4289 dignam
3379 4222 3740 4293 quantitatem

2159 4329 2401 4388 personae
2436 4310 2587 4366 illius
2628 4309 2922 4375 offerrent;
2964 4307 3093 4380 quia
3138 4306 3263 4363 ideo
3301 4309 3567 4366 noluisset
3602 4314 3740 4371 acci-

2158 4416 2304 4474 pere,
2347 4397 2478 4471 quia
2520 4396 2703 4452 minus
2749 4411 2910 4469 quam
2948 4394 3178 4467 dignum
3216 4403 3349 4464 erat,
3392 4397 3735 4458 offerebatur.

2158 4489 2314 4559 Quod
2345 4487 2707 4561 compositum
2738 4485 2987 4559 Apostoli
3016 4486 3217 4543 astutia
3244 4486 3645 4560 intelligerent;
3679 4498 3741 4547 ut

2161 4577 2307 4652 quod
2334 4578 2463 4649 egit,
2499 4591 2610 4630 non
2652 4590 2748 4647 per
2781 4580 3179 4648 contemptum,
3209 4573 3303 4631 sed
3332 4590 3428 4648 per
3453 4577 3736 4636 avaritiam

2161 4669 2330 4741 egisse
2357 4666 2696 4739 probaretur.

2231 4767 2414 4838 (Vers.
2444 4764 2557 4835 18.)
2605 4789 2622 4812 ι
2653 4762 2858 4836 Rogavi
2888 4761 3094 4829 Titum,
3124 4769 3178 4817 et
3203 4761 3329 4818 misi
3356 4778 3483 4820 cum
3513 4764 3610 4821 illo
3634 4765 3735 4821 fra-

2156 4863 2317 4912 trem.
2348 4852 2630 4926 Numquid
2681 4868 2877 4909 avarus
2918 4851 2976 4906 in
3021 4866 3118 4906 vos
3157 4850 3264 4906 fuit
3300 4852 3504 4909 Titus?
3548 4855 3737 4913 Nonne

2153 4943 2347 5001 eodem
2392 4942 2591 5015 spiritu
2630 4939 3079 4996 ambulavimus?
3125 4955 3307 4994 nonne
3338 4940 3531 4997 iisdem
3561 4944 3737 5000 vesti-

2156 5034 2300 5107 giis?
2329 5059 2347 5082 ι
2389 5032 2657 5104 Apertum
2685 5039 2767 5086 est
2796 5028 2924 5103 quia
2953 5028 3170 5101 quando
3196 5029 3263 5085 ab
3294 5028 3362 5086 iis
3391 5046 3529 5103 quos
3558 5032 3730 5102 misit,

2155 5121 2297 5177 nihil
2336 5121 2447 5177 tale
2483 5119 2695 5178 dictum
2734 5125 2828 5175 aut
2861 5118 3068 5175 factum
3098 5124 3209 5185 est;
3243 5133 3355 5174 una
3399 5135 3590 5176 eorum
3617 5137 3734 5178 sen-

2151 5336 2238 5393 illi
2281 5335 2607 5390 insultantur
2652 5332 2891 5389 habuisse
2925 5330 3181 5399 condigna
3228 5330 3426 5385 cwteris
3467 5332 3731 5401 Ecclesiis,

2153 5408 2346 5463 diemitc
2374 5406 2597 5461 Domino
2632 5424 2642 5460 :
2674 5406 2877 5475 Dignus
2900 5410 2975 5457 est
3002 5402 3137 5475 enim
3170 5402 3468 5470 operarius,
3500 5411 3603 5459 etc.

2227 5479 2342 5547 (30)
2388 5479 2545 5534 Rom.
2579 5472 2972 5547 edit.,finjuﬂag
3017 5472 3207 5542 dignus
3231 5488 3365 5541 sum,
3405 5474 3609 5541 donate,
3640 5475 3735 5529 in.

2152 5544 2287 5620 quit,
2317 5544 2409 5604 hoc
2437 5555 2531 5614 est,
2560 5546 2802 5618 ignoscite
2840 5544 2992 5620 inihi.

2227 5620 2344 5690 (31)
2396 5620 2477 5674 Ita
2515 5613 2646 5674 mss.
2692 5625 2762 5690 at_
2794 5616 2949 5683 edit.,
2999 5621 3226 5685 excepto
3254 5613 3731 5690 cod._Corb.,_ubi

2139 5686 2390 5763 habetur
2433 5707 2539 5745 non
2575 5688 2851 5763 pecuniam
2905 5690 3214 5758 reputaret;
3261 5693 3317 5742 et
3372 5687 3527 5746 Rom.
3572 5686 3729 5763 edit.,

2152 5761 2272 5830 ubi,
2304 5762 2392 5818 sed
2417 5759 2609 5817 munus
2635 5759 2933 5830 indignum,
2953 5764 3058 5816 etc.
