3970 6374
112 1346 125 1351 -
220 1291 444 1364 quimur

219 362 328 427 353

1281 370 1643 429 COMMENT.
1684 372 1757 429 IN
1793 368 2010 435 EPIST.
2051 378 2100 434 II
2137 377 2234 432 AD
2272 375 2425 436 COll.

3400 383 3502 441 334

214 491 391 586 tentia
415 491 678 565 probatur
731 492 792 551 in
832 491 1003 561 bono,
1048 492 1274 553 exclusa
1315 496 1628 586 suspicione
1668 515 1810 555 ava-
1837 502 1890 563 Α
1921 510 2054 558 runt
2084 503 2484 574 paenitentiam,
2513 504 2656 561 sicut
2684 505 2903 576 quidam
2935 520 3070 577 quos
3098 505 3368 578 signiﬁcat
3389 524 3503 563 nou

218 580 383 638 ritia.

291 672 474 744 (Vers.
508 674 624 747 19.)
666 698 687 723 ι
713 677 917 733 Iterum
940 675 1143 749 putatis
1170 675 1317 749 quod
1346 692 1668 735 excusemus
1711 695 1812 735 nos

216 760 366 833 apud
394 763 535 821 vos?
561 787 582 813 ι
632 765 748 821 Hoc
784 772 883 832 est,
916 765 1062 838 quod
1117 765 1254 821 dicit
1297 783 1312 822 :
1362 766 1507 822 Olim
1557 767 1624 823 de
1652 766 1812 841 nobis

219 847 540 918 dubitastis,
596 852 923 910 arbitrantes
972 852 1088 925 (32)
1144 854 1274 926 quia
1327 870 1437 909 non
1487 855 1812 927 simpliciter

216 954 446 1012 agamus
480 941 786 999 vobiscum.
817 943 867 999 A
906 942 1371 1015 pseudoapostolis
1423 944 1569 1000 enim
1618 945 1814 1016 exagi-

218 1026 501 1097 tabantur,
534 1030 663 1103 quia
690 1031 935 1087 volentes
971 1030 1269 1101 depradari
1318 1048 1428 1099 eos,
1478 1033 1813 1102 tergiversa-

218 1114 374 1172 tione
428 1116 532 1173 hoc
584 1133 739 1189 agere
793 1120 1115 1190 Apostolum
1174 1119 1502 1186 asserebant,
1556 1120 1710 1191 quasi
1750 1128 1813 1176 ut

220 1202 351 1274 plus
378 1204 552 1276 possit
579 1206 841 1277 accipere.
888 1230 908 1253 ι
945 1206 1137 1264 Coram
1168 1208 1282 1262 Deo
1332 1206 1389 1261 in
1444 1205 1663 1264 Christo
1720 1208 1814 1262 lo-

506 1311 520 1350 :
577 1295 763 1351 omnia
813 1302 1020 1364 autem,
1078 1294 1410 1364 charissimi,
1476 1312 1575 1368 pro
1634 1305 1813 1353 vestra

219 1380 599 1438 aediﬁcatione.
632 1408 651 1431 ι
710 1383 800 1440 Sic
840 1384 995 1456 cupit
1040 1382 1166 1439 illos
1210 1399 1403 1439 verum
1434 1391 1487 1439 et
1515 1384 1651 1439 bene
1679 1399 1814 1439 sen-

226 1470 327 1524 tire
358 1468 423 1525 de
453 1486 530 1539 se,
562 1479 622 1527 ut
652 1478 705 1527 et
733 1473 946 1529 ratione
982 1481 1036 1529 et
1084 1471 1468 1529 testiﬁcatione
1515 1472 1646 1528 satis
1700 1471 1814 1529 illis

220 1555 423 1627 faciat;
476 1559 605 1632 quia
650 1577 763 1617 non
812 1569 876 1617 ut
912 1560 1019 1618 sibi
1066 1561 1259 1634 prosit,
1288 1562 1452 1617 talem
1480 1577 1537 1617 se
1574 1559 1765 1633 probet
1795 1591 1809 1629 ;

215 1645 313 1703 sed
372 1654 435 1703 ut
501 1649 569 1705 ad
624 1649 1045 1708 aediﬁcationem
1095 1666 1282 1706 eorum
1331 1654 1476 1712 207
1529 1648 1809 1721 proﬁciat;

216 1747 282 1797 ut
334 1742 423 1798 vel
478 1744 559 1801 sic
614 1760 855 1802 amorem
914 1728 1138 1802 illorum
1209 1744 1356 1802 circa
1425 1759 1483 1800 se
1532 1750 1812 1816 provocet,

1922 591 2092 663 egisse
2124 592 2264 663 (35),
2294 607 2441 648 nunc
2468 600 2724 664 agerent;
2776 600 2839 648 ut
2883 594 3108 655 veniens
3133 595 3251 651 sine
3277 596 3503 652 tristitia

1921 686 2062 734 esset
2088 695 2212 736 cum
2246 679 2345 736 eis.
2378 680 2514 738 Cum
2546 681 2691 737 enim
2726 680 2864 737 dicit
2896 699 2909 737 ε
2952 703 2972 727 ι
2996 681 3069 736 Et
3098 682 3310 753 lugeam
3350 684 3503 739 mul-

1924 777 2006 826 tos
2035 787 2105 825 ex
2135 770 2223 839 iis,
2241 771 2337 845 qui
2366 781 2490 828 ante
2520 779 2901 844 peccaverunt,
2933 778 2988 829 et
3014 787 3126 828 non
3152 781 3376 844 egerunt
3395 790 3501 844 poe-

1922 858 2230 926 nitentiam,
2259 883 2277 907 ι
2342 859 2535 932 probat
2584 860 2849 933 quosdam
2894 876 2965 916 ex
2997 859 3085 915 his
3112 860 3281 932 egisse
3321 861 3504 932 poeni-

1922 946 2172 1014 tentiam,
2241 947 2505 1021 quosdam
2561 964 2671 1002 non
2739 948 2929 1020 egisse.
2991 946 3150 1014 Quod
3200 948 3503 1004 Novatiano

1923 1034 2210 1091 adversum
2276 1045 2377 1104 est,
2435 1036 2531 1108 qui
2582 1035 2720 1092 dicit
2771 1035 3129 1092 fornicatores
3186 1050 3296 1091 non
3352 1051 3506 1107 posse

1922 1138 2173 1195 peragere
2237 1123 2634 1196 paenitentiam,
2697 1130 2751 1179 et
2805 1124 2975 1197 recipi
3037 1124 3096 1179 in
3151 1123 3504 1179 communio-

1923 1227 2068 1267 nem.
2127 1213 2227 1267 Hic
2280 1211 2473 1283 probat
2534 1212 2824 1284 peregisse,
2893 1228 2957 1269 ac
3027 1228 3123 1284 per
3197 1211 3303 1267 hoc
3363 1227 3505 1267 rece-

1924 1308 2044 1372 ptos
2072 1316 2187 1356 esse
2215 1300 2273 1355 in
2302 1316 2429 1372 pace
2458 1300 2734 1357 Ecclesia.
2777 1301 2909 1357 Tres
2959 1316 3084 1372 ergo
3133 1300 3334 1356 formas
3382 1315 3504 1371 pec-

1922 1400 2166 1446 catorum
2184 1391 2393 1463 probat,
2409 1408 2534 1447 cum
2552 1391 2993 1460 fornicationem,
3010 1400 3064 1448 et
3080 1389 3499 1464 impudicitiam,

1924 1486 1977 1536 et
2004 1480 2412 1536 immunditiam
2446 1480 2712 1538 nominat.

2520 1628 2746 1686 CAPUT
2776 1628 2925 1685 XIII.

1995 1755 2176 1828 (Vers.
2218 1756 2297 1827 1.)
2359 1777 2378 1803 ι
2406 1753 2650 1812 Tertium
2685 1754 2791 1812 hoc
2832 1753 2996 1810 venio
3023 1753 3092 1809 ad
3121 1769 3235 1810 vos.
3269 1779 3288 1802 »
3338 1754 3503 1825 Supe-

215 1827 352 1887 dum
398 1847 511 1889 non
539 1842 729 1905 gravat
773 1849 997 1890 censum
1046 1834 1268 1889 illorum
1323 1839 1378 1889 et
1429 1833 1806 1891 auctoritatem
1834 1848 1882 1909 Β
1919 1844 2035 1900 rius
2062 1849 2422 1916 praeparatum
2465 1858 2522 1899 se
2550 1842 2714 1911 dixit,
2761 1858 2911 1899 ηιιηο
2954 1840 3067 1913 jam
3102 1848 3395 1897 venturum
3432 1840 3503 1896 si.

214 1920 504 1989 potestatis
563 1920 623 1975 in
678 1921 971 1992 arguendis
1007 1920 1162 1975 vitiis
1218 1936 1330 1976 non
1382 1918 1630 1976 inclinat.
1682 1919 1809 1975 Sine

215 2006 390 2063 dubio
418 2007 567 2064 enim
597 2009 817 2080 prodest
846 2010 916 2076 ei,
948 2009 1044 2082 qui
1072 2009 1387 2081 corripitur,
1420 2016 1482 2065 ut
1511 2008 1759 2064 emendet
1792 2024 1805 2064 :

213 2095 266 2152 si
295 2098 620 2169 prapositus
646 2097 771 2153 ideo
799 2097 981 2153 oblata
1017 2098 1240 2166 refutet,
1286 2105 1348 2153 ut
1387 2097 1555 2154 libere
1597 2105 1806 2170 arguat.

293 2184 476 2256 (Vers.
509 2185 625 2257 20.)
671 2210 689 2233 ε
719 2186 907 2242 Timeo
936 2184 1104 2253 enim,
1135 2201 1224 2253 ne,
1272 2200 1399 2241 cum
1446 2200 1670 2253 venero,
1697 2201 1808 2241 non

217 2275 408 2347 quales
436 2273 587 2342 volo,
637 2272 918 2329 inveniam
954 2290 1068 2330 vos.
1100 2296 1121 2320 ι
1172 2271 1442 2340 Quoniam
1471 2290 1583 2328 non
1621 2289 1809 2330 omnes

217 2361 403 2419 adhuc
431 2376 568 2434 quos
596 2360 655 2416 in
684 2360 861 2433 prima
889 2360 1120 2433 epistola
1156 2360 1424 2432 corripuit
1472 2361 1809 2417 emendave-

217 2459 343 2508 rant
371 2467 449 2519 se,
476 2450 536 2506 in
566 2451 766 2523 quibus
810 2451 1027 2507 fuerant
1084 2448 1237 2506 vitiis
1292 2449 1642 2522 reprehensi;
1686 2449 1809 2506 ideo

216 2556 345 2597 cum
375 2539 697 2595 auctoritate
725 2539 848 2594 vult
892 2537 1068 2594 videri
1118 2537 1297 2594 iturus
1337 2538 1405 2594 ad
1435 2539 1581 2607 illos,
1617 2545 1678 2593 ut
1706 2545 1810 2593 ter-

216 2628 315 2687 riti
351 2628 697 2701 corrigantur
718 2646 733 2696 ;
754 2636 818 2684 ut
850 2627 980 2684 tales
1006 2627 1133 2683 illos
1160 2626 1427 2693 inveniat,
1451 2628 1638 2700 quales
1666 2626 1808 2681 vult.

232 2740 252 2762 ι
282 2716 353 2771 Et
387 2732 485 2787 ego
532 2714 784 2771 inveniar
834 2731 865 2770 a
911 2713 1089 2781 vobis,
1138 2731 1252 2770 non
1294 2714 1511 2787 qualem
1554 2712 1743 2769 vultis.
1776 2737 1798 2763 ι

219 2803 337 2859 Hoc
366 2801 521 2869 dicit,
551 2810 614 2857 ut
656 2803 793 2858 tales
837 2818 894 2857 se
937 2802 1234 2873 prabeant,
1289 2808 1352 2856 ut
1398 2800 1689 2857 conveniat
1734 2800 1813 2856 eis

215 2905 345 2946 cum
374 2890 660 2962 Apostolo,
707 2896 771 2945 ut
818 2889 1055 2945 invicem
1110 2888 1485 2960 congaudeant
1537 2888 1661 2944 sibi.
1714 2889 1812 2945 Ille

215 2977 371 3033 enim
400 2975 619 3033 invenit
670 2977 929 3050 aliquem,
978 2979 1194 3051 qualem
1232 2994 1344 3033 non
1406 2977 1547 3047 vult,
1609 2977 1705 3050 qui
1758 2992 1815 3034 se

1919 1932 2157 2006 gniﬁcat.
2202 1954 2221 1978 ι
2252 1932 2315 1987 In
2345 1946 2439 1987 ore
2468 1929 2701 1986 duorum
2731 1930 2818 1985 vel
2848 1930 3018 1985 trium
3067 1931 3290 1985 testium
3338 1927 3505 1985 stabit

1918 2036 2079 2077 omne
2106 2015 2357 2075 verbum.
2390 2041 2411 2066 ι
2454 2018 2571 2075 Hoc
2597 2016 2902 2074 secundum
2942 2017 3115 2088 legem
3141 2016 3288 2071 dixit
3319 2015 3499 2085 (Deut.

1918 2125 2038 2174 χιχ,
2071 2108 2181 2179 15),
2225 2113 2285 2162 ut
2309 2106 2510 2176 aliquis
2559 2104 2776 2162 duobus
2802 2113 2898 2161 aut
2924 2104 3104 2160 tribus
3132 2102 3380 2170 testibus,
3410 2111 3505 2158 aut

1917 2202 2197 2268 purgetur,
2225 2200 2320 2249 aut
2348 2193 2769 2249 condemnetur:
2803 2193 2884 2248 ita
2906 2199 2961 2247 et
2987 2190 3047 2246 hi
3073 2192 3237 2247 tertio
3267 2189 3503 2246 adventu

1917 2283 2187 2356 Apostoli,
2218 2289 2281 2338 ut
2309 2282 2523 2355 purgati
2551 2282 2927 2348 inveniantur,
2954 2288 3285 2337 commonet.

1990 2373 2170 2445 (Vers.
2193 2371 2273 2443 2.)
2321 2398 2338 2418 ι
2380 2371 2618 2428 Praedixi
2646 2370 2795 2427 enim
2824 2378 2879 2426 et
2906 2369 3163 2442 praedico,
3192 2378 3254 2425 ut
3272 2385 3505 2441 prasens

1919 2460 2158 2519 secundo
2216 2459 2477 2529 adventu,
2540 2466 2596 2516 et
2650 2460 2845 2515 absens
2877 2473 3026 2514 nunc
3072 2457 3253 2514 scribo
3302 2458 3370 2512 iis
3410 2457 3505 2530 qui

1920 2558 2044 2605 ante
2072 2557 2453 2621 peccaverunt,
2508 2554 2565 2604 et
2620 2547 2828 2603 cateris
2874 2544 3151 2613 omnibus,
3183 2546 3311 2618 quia
3339 2546 3384 2600 si
3414 2560 3503 2599 ve-

1920 2653 2052 2694 nero
2111 2637 2333 2700 iterum,
2390 2650 2502 2691 non
2555 2649 2794 2706 parcam.
2824 2656 2845 2679 ι
2917 2633 3135 2688 Pridem
3191 2648 3248 2689 se
3299 2631 3504 2688 dixisse

1921 2723 2193 2796 signiﬁcat
2244 2730 2586 2795 praesentem,
2638 2729 2702 2777 ut
2741 2719 3076 2791 corrigerent
3117 2735 3206 2785 se;
3264 2734 3332 2774 ne
3377 2735 3502 2775 cum

1921 2812 2128 2886 pudore
2183 2812 2616 2882 corriperentur;
2668 2816 2724 2864 et
2773 2822 2922 2864 nunc
2974 2806 3173 2863 iterum
3226 2806 3502 2864 absentem

1923 2916 1979 2956 se
2033 2899 2219 2955 eadem
2281 2897 2461 2953 dicere
2510 2902 2878 2961 contestatur;
2919 2901 2982 2950 ut
3036 2902 3158 2966 post
3211 2893 3503 2951 secundam

1924 2988 2341 3060 correptionem,
2373 2986 2420 3042 si
2474 3001 2532 3041 se
2576 3000 2688 3041 non
2734 2981 3166 3051 emendaverint,
3226 2983 3375 3055 parci
3426 2981 3505 3037 eis

216 3066 385 3123 talem
439 3064 593 3133 facit,
633 3071 696 3120 ut
742 3064 1017 3121 discordet
1065 3065 1133 3121 ab
1188 3065 1306 3122 illo.
1351 3088 1370 3112 ι
1397 3066 1476 3122 Ne
1517 3065 1658 3122 forte
1704 3064 1817 3130 sint
1923 3093 2035 3135 non
2062 3075 2275 3132 debeat.

218 3151 365 3209 inter
395 3169 493 3209 vos
528 3153 927 3221 contentiones,
975 3153 1371 3222 amulationes,
1418 3153 1810 3236 animositates,
1846 3191 1891 3253 ο

215 3241 607 3311 dissensiones,
652 3240 1036 3311 detractiones,
1078 3241 1496 3309 susurrationes,
1550 3250 1811 3308 tumores,

215 3328 537 3387 seditiones.
568 3354 588 3379 ι
629 3329 787 3386 Nunc
832 3346 1042 3386 errores
1085 3337 1370 3398 memorat,
1418 3346 1556 3403 quos
1600 3330 1661 3385 in
1710 3346 1813 3388 su-

216 3420 431 3494 periore
450 3419 682 3493 epistola
710 3418 1093 3491 reprehendit;
1149 3418 1367 3490 quando
1419 3418 1668 3490 personis
1722 3418 1812 3476 de-

216 3508 474 3576 ferentes,
502 3517 557 3564 et
586 3507 820 3563 alterum
849 3504 1007 3561 alteri
1054 3511 1431 3577 praeponentes
1476 3504 1815 3562 dissidebant

213 3595 286 3652 ab
312 3595 570 3652 invicem.

291 3683 476 3755 (Vers.
507 3681 625 3754 21.)
672 3682 799 3738 «Ne
846 3679 1067 3747 iterum,
1114 3693 1241 3736 cum
1290 3693 1513 3748 venero,
1557 3678 1814 3737 humiliet

212 3783 305 3826 me
330 3770 475 3825 Deus
502 3767 649 3841 apud
691 3784 809 3836 vos,
857 3774 911 3823 et
954 3768 1164 3839 lugeam
1221 3767 1426 3823 multos
1480 3782 1550 3821 ex
1600 3768 1669 3823 iis
1716 3782 1812 3840 qui

212 3864 344 3913 ante
399 3864 779 3929 peccaverunt,
839 3863 893 3911 et
954 3871 1066 3910 non
1140 3862 1365 3927 egerunt
1432 3854 1809 3927 paenitentiam

212 3960 379 4019 super
406 3944 781 4013 immunditia,
813 3951 868 3999 et
914 3943 1297 4012 fornicatione,
1347 3950 1401 3999 et
1443 3943 1809 4016 impudicitia,

214 4048 379 4108 quam
434 4040 738 4105 gesserunt.
769 4056 788 4080 ι
852 4032 968 4087 Hoc
1023 4038 1346 4103 praemonet,
1406 4036 1469 4085 ut
1519 4045 1631 4086 non
1684 4030 1812 4087 illos

211 4124 353 4179 tales
379 4122 644 4190 inveniat,
694 4120 882 4195 quales
922 4119 1132 4176 dudum
1180 4120 1467 4175 invenerat
1495 4135 1621 4175 cum
1658 4118 1811 4175 vitiis

213 4210 450 4269 diversis
483 4227 710 4283 operum
767 4206 1204 4276 immundorum,
1252 4207 1341 4262 vel
1408 4206 1581 4278 magis
1636 4206 1811 4263 nomi-

213 4315 387 4365 num;
444 4298 573 4371 quia
627 4312 789 4352 omne
814 4311 953 4367 opus
981 4295 1098 4350 sine
1136 4293 1367 4352 crimine
1412 4303 1495 4351 est
1529 4293 1669 4366 (33),
1716 4294 1811 4351 sed

218 4384 646 4442 inordinationis
701 4399 901 4439 nomen
942 4382 1081 4438 facit
1124 4383 1351 4439 crimen.
1386 4381 1538 4438 Tunc
1565 4381 1710 4437 enim
1731 4390 1814 4440 est
1878 4426 1893 4435 .

214 4474 499 4541 illicitum,
532 4487 657 4528 cum
688 4470 846 4527 aliter
873 4470 937 4525 ﬁt
985 4485 1146 4542 quam
1187 4485 1504 4527 concessum
1548 4477 1649 4526 est.
1693 4471 1811 4527 Illis

213 4584 345 4641 ergo
374 4563 745 4639 peccantibus,
778 4578 834 4618 se
865 4560 1147 4617 humiliari
1196 4560 1371 4626 dicit;
1418 4560 1548 4632 quia
1594 4561 1809 4634 incipit,
1836 4536 1885 4596 D

212 4666 281 4714 ut
309 4654 433 4729 pius
467 4661 636 4725 pater,
668 4657 888 4723 peccata
934 4646 1175 4704 ﬁliorum
1202 4647 1419 4704 deﬂere.
1476 4647 1611 4714 Quis
1655 4650 1803 4706 enim

214 4756 371 4824 pater
397 4763 508 4803 non
539 4743 790 4817 gaudeat,
820 4743 959 4799 bene
980 4740 1266 4814 agentibus
1286 4741 1416 4796 ﬁliis
1433 4741 1461 4797 ‘P
1485 4741 1576 4798 Sic
1604 4741 1804 4799 iterum

216 4852 436 4895 necesse
471 4842 552 4890 est
581 4835 783 4906 lugeat,
825 4833 873 4889 si
918 4848 1082 4904 prave
1136 4838 1425 4887 versentur
1482 4830 1622 4903 (34).
1676 4829 1805 4888 Ideo

216 4926 494 4993 admonet,
544 4932 606 4980 ut
659 4922 706 4979 si
759 4922 852 4995 qui
904 4921 1299 4995 prateritarum
1356 4920 1803 4992 fornicationum,

214 5023 315 5076 aut
342 5013 568 5072 alterius
618 5010 986 5069 immunditia
1034 5011 1122 5068 vel
1161 5010 1521 5084 impudicitia
1547 5026 1659 5068 non
1688 5025 1806 5085 ege-

293 5251 410 5324 (32)
454 5249 638 5309 Codex
666 5247 859 5319 Laud,
909 5246 1160 5303 dubitatis
1202 5247 1342 5319 quod
1396 5264 1631 5305 accusem
1666 5248 1808 5306 arbi-

221 5330 439 5389 trantes,
472 5331 575 5378 etc.

282 5394 408 5475 (33)
447 5393 548 5475 llis.
596 5391 782 5462 Corb.,
812 5391 936 5463 quia
987 5407 1134 5446 omne
1172 5407 1301 5463 opus
1340 5390 1529 5447 bonum
1555 5391 1666 5447 sine
1691 5390 1809 5447 cri-

217 5471 588 5608 m‘gigsIdem
617 5531 789 5608 codex
820 5532 1005 5603 Corb.,
1037 5536 1086 5589 si
1109 5537 1499 5608 pervertuntur.

293 5601 411 5687 (35)
439 5607 567 5687 _Vet.
595 5606 727 5663 edit.
772 5622 896 5663 cum
943 5601 1072 5663 mss.
1104 5601 1215 5663 non
1244 5606 1450 5679 paucis,
1481 5621 1608 5679 quos
1636 5601 1811 5678 sigon“-

215 5680 346 5753 ﬁcat
369 5680 547 5750 egisse.

1997 3165 2178 3237 (Vers.
2206 3163 2295 3235 3.)
2337 3185 2357 3211 ι
2376 3161 2661 3231 Quomodo
2679 3158 3056 3235 probationem
3085 3158 3331 3232 quaeritis
3364 3156 3503 3229 ejus,
3572 3152 3585 3161 “

1922 3254 2018 3330 qui
2046 3254 2104 3310 in
2132 3268 2220 3309 me
2248 3252 2511 3325 loquitur,
2553 3249 2886 3309 Christus?»
2944 3246 3328 3304 Probationem
3363 3263 3504 3320 qua-

1922 3352 2052 3401 runt
2080 3343 2283 3401 Christi
2312 3340 2587 3413 loquentis
2621 3339 2681 3395 in
2731 3336 3016 3409 Apostolo,
3044 3336 3176 3392 dum
3224 3336 3506 3408 praeceptis

1922 3447 2035 3489 non
2067 3430 2354 3497 obcdiunt,
2388 3428 2633 3483 volentes
2668 3423 2919 3498 probare,
2950 3422 2999 3479 si
3025 3422 3169 3478 ausit
3195 3422 3501 3490 vindicari;

1922 3526 1985 3575 ut
2012 3533 2108 3590 per
2134 3515 2191 3572 id
2219 3514 2559 3587 intelligatur
2601 3525 2716 3568 esse
2741 3509 2867 3567 ﬁda
2896 3507 3236 3566 auctoritatis
3264 3507 3403 3579 (36),
3442 3516 3506 3565 ut

1922 3606 1990 3663 de
2013 3613 2209 3663 caetero
2235 3605 2514 3660 timeatur.
2559 3600 2666 3669 Qui
2698 3599 2846 3656 enim
2885 3596 3204 3670 magistrum
3249 3604 3505 3653 contem-

1920 3696 2026 3763 nit,
2055 3691 2332 3749 emendari
2360 3707 2417 3748 se
2449 3689 2662 3764 quarit.
2726 3712 2746 3737 ι
2776 3686 2884 3755 Qui
2913 3685 2973 3741 in
3002 3683 3161 3741 vobis
3202 3700 3315 3741 non
3352 3684 3503 3742 inﬁr-

1922 3790 2121 3849 matur,
2154 3780 2248 3837 sed
2278 3788 2471 3854 potens
2499 3785 2580 3834 est
2606 3776 2665 3832 in
2694 3774 2872 3831 vobis.
2904 3798 2925 3824 ›
2966 3773 3165 3829 Potens
3191 3780 3273 3829 est
3319 3772 3377 3829 in
3415 3772 3505 3831 his

1922 3870 2205 3937 Christus;
2247 3869 2376 3943 quia
2408 3867 2668 3924 viderunt
2723 3863 2782 3921 in
2832 3862 3056 3920 nomine
3092 3860 3208 3933 ejus
3260 3868 3505 3919 mortuos

1920 3959 2206 4027 excitatos,
2278 3957 2553 4013 damones
2614 3955 2846 4026 fugatos,
2910 3950 3241 4023 paralyticos
3292 3966 3505 4006 conva-

1921 4050 2108 4119 luisse,
2129 4049 2322 4105 surdos
2340 4047 2577 4114 audisse,
2598 4045 2767 4100 mutis
2786 4041 3063 4099 redditum
3093 4041 3337 4108 effatum,
3358 4041 3504 4100 clau-

1920 4140 2020 4197 dos
2047 4138 2373 4206 cucurrisse,
2401 4153 2573 4194 cacos
2619 4133 2844 4191 vidisse.
2863 4132 2991 4187 Hac
3045 4130 3232 4188 omnia
3282 4130 3505 4187 virtutis

1921 4236 2071 4296 sunt,
2094 4242 2207 4282 non
2236 4223 2573 4282 inﬁrmitatis
2604 4239 2617 4281 :
2651 4220 2887 4294 denique
2930 4218 3034 4276 hac
3080 4235 3244 4278 causa
3287 4218 3502 4277 attracti

1920 4317 1990 4375 ad
2016 4315 2180 4373 ﬁdem
2207 4322 2356 4371 sunt.

1993 4405 2174 4477 (Vers.
2205 4402 2286 4477 4.)
2318 4426 2336 4449 ι
2355 4402 2493 4460 Nam
2511 4398 2614 4458 etsi
2631 4397 2932 4457 cruciﬁxus
2953 4404 3055 4466 est,
3094 4413 3164 4451 ex
3184 4393 3503 4452 inﬁrmitate

1920 4503 2125 4562 nostra,
2155 4492 2249 4549 sed
2278 4491 2422 4546 vivit
2444 4505 2514 4546 ex
2549 4487 2758 4546 virtute
2787 4487 2908 4545 Dei.
2939 4512 2958 4535 ι
3010 4484 3214 4542 Verum
3245 4491 3346 4550 est,
3375 4483 3503 4555 quia

1920 4588 2140 4654 propter
2166 4585 2384 4653 peccata
2420 4584 2606 4633 nostra
2649 4573 2946 4631 cruciﬁxus
2991 4578 3072 4627 est
3122 4568 3404 4635 Christus;
3440 4577 3504 4626 ut

1914 4675 2144 4724 mortem
2191 4668 2495 4734 destruens,
2542 4664 2822 4721 credentes
2871 4658 2979 4715 sibi
3038 4656 3293 4712 liberaret
3318 4654 3387 4710 ab
3415 4670 3496 4711 ea.

1913 4756 2186 4813 Inﬁrmari
2214 4773 2340 4830 ergo
2367 4772 2424 4812 se
2452 4770 2640 4827 passus
2667 4758 2751 4808 est
2790 4754 3009 4822 propter
3059 4761 3179 4812 nos,
3228 4751 3291 4799 ut
3343 4759 3501 4800 mor-

1913 4853 2023 4905 tem
2055 4848 2300 4905 vinceret
2343 4844 2521 4902 nobis.
2557 4838 2898 4899 Descendens
2947 4834 3095 4892 enim
3149 4833 3220 4890 ad
3274 4833 3498 4907 inferos,

1915 4938 2010 5010 qui
2048 4937 2277 4994 omnino
2314 4941 2594 5008 peccatum
2649 4924 2944 4994 nesciebat,
2989 4933 3041 4980 et
3069 4921 3224 4997 quasi
3253 4931 3501 4995 peccator

1915 5026 2148 5098 occisus,
2175 5020 2602 5096 chirographum
2655 5016 2791 5076 Ada
2830 5014 3078 5082 delevit;
3121 5020 3185 5070 ut
3210 5013 3278 5071 de
3306 5020 3499 5070 caetero
3533 5090 3541 5099 .

1989 5242 2104 5317 (36)
2131 5243 2257 5299 Mss.
2280 5240 2509 5317 aliquot,
2542 5252 2651 5317 esse
2692 5233 2817 5306 ﬁdes
2853 5224 3493 5317 auctoritatis.‘§equenti

1917 5299 2100 5372 autem
2127 5330 2287 5369 versu
2318 5299 2473 5368 llom.
2494 5299 2628 5363 edit.
2670 5299 2982 5377 reposuerat
3029 5299 3339 5377 magistrum
3367 5310 3501 5377 coii-

1919 5366 2100 5453 teiidit,
2131 5366 2185 5442 et
2212 5366 2457 5453 quaedam
2486 5366 2803 5453 Paris.,__&d
2840 5366 3153 5453 magistrum
3194 5366 3501 5453 contendit,-

1917 5436 2326 5515 ubiwvetfedit.’
2341 5436 2407 5509 ac
2435 5468 2564 5509 mss.
2596 5436 2812 5516 melius,
2870 5436 2961 5517 ut"
2985 5442 3043 5498 in
3098 5445 3270 5495 textu.
3314 5436 3501 5517 Inter-7

1918 5512 2245 5603 pretandum
2280 5542 2410 5583 vero
2465 5520 2754 5587 emendari,
2796 5512 2965 5589 'quasi
3022 5517 3163 5568 esset
3211 5512 3413 5580 corripi
3446 5512 3502 5563 et

1916 5599 2189 5674 castigari.
