3970 6390
417 383 528 446 353

1448 375 1546 434 AD
1571 374 1805 434 OPERA
1840 371 1896 432 S.
1935 367 2270 432 AMBROSII
2308 371 2684 430 APPENDIX.

3593 367 3703 429 336

414 503 658 567 defuncti
682 500 786 560 sub
809 500 930 574 ejus
956 499 1202 568 nomine,
1234 503 1378 562 208
1407 515 1437 556 a
1474 508 1649 557 morte
1687 516 1797 556 non
1836 507 1998 556 tene-
2029 504 2080 561 A
2107 507 2273 556 testas
2319 513 2430 555 non
2472 507 2553 555 est
2596 498 2722 554 data
2767 502 2958 554 contra
3007 495 3312 563 veritatem,
3357 501 3421 552 ut
3468 503 3704 566 arguant

413 611 624 670 rentur,
686 597 782 656 sed
838 597 1102 654 haberent
1155 595 1418 652 ﬁduciam
1473 596 1642 653 eundi
1695 593 1766 653 ad
1816 597 2002 653 caelos.

411 694 641 764 Propter
669 687 1051 745 inﬁrmitatem
1099 701 1228 760 ergo
1257 695 1500 744 nostram
1552 685 1764 744 occisus
1800 687 2006 743 revixit

411 787 618 844 virtute
648 783 863 852 Patris;
893 788 957 840 ut
984 780 1272 856 discipulis
1312 781 1568 855 probaret
1595 797 1716 854 quae
1746 781 2004 838 docuerat

412 890 530 934 esse
579 888 730 942 vera,
784 871 1038 944 exemplo
1093 870 1154 927 in
1197 886 1254 928 se
1309 879 1546 928 ostenso.
1609 893 1629 917 ι
1654 869 1871 926 Etenim
1903 883 2004 925 nos

413 963 764 1023 inﬁrmamur
790 959 850 1017 in
886 959 1006 1018 illo.
1037 981 1059 1009 ι
1112 959 1228 1018 Hoc
1274 959 1346 1016 ad
1400 959 1770 1032 apostolorum
1819 974 2002 1030 perso-

415 1070 543 1114 nam
603 1051 860 1126 pertinet,
916 1049 1012 1122 qui
1065 1061 1212 1119 eum,
1271 1048 1331 1106 id
1387 1058 1469 1106 est
1515 1048 1816 1115 Christum,
1857 1063 2004 1121 prae-

413 1142 658 1201 dicantes
713 1137 1164 1205 inﬁrmabantur;
1223 1135 1356 1194 dum
1415 1137 1634 1211 injuriis
1685 1137 2002 1210 agebantur,

403 1231 830 1298 claudebantur,
877 1227 1242 1286 caedebantur.
1304 1251 1324 1276 ι
1359 1228 1466 1284 Sed
1500 1228 1742 1284 vivimus
1771 1243 1894 1284 cum
1939 1241 2003 1283 eo

414 1335 485 1378 ex
515 1320 720 1376 virtute
749 1317 850 1374 Dei
877 1332 1004 1389 erga
1031 1332 1150 1374 vos.
1181 1341 1201 1367 ι
1241 1317 1591 1375 Manifestum
1619 1325 1700 1374 est
1726 1317 1855 1390 quia
1895 1315 1938 1371 si
1971 1330 2004 1372 a

413 1407 642 1482 perﬁdis
694 1405 1120 1462 inﬁrmabantur
1173 1405 1317 1479 apud
1369 1406 1692 1463 credentes:
1723 1421 1831 1461 non
1889 1409 2004 1460 erat

415 1496 534 1553 haec
561 1495 876 1563 inﬁrmitas,
909 1495 1004 1550 sed
1033 1494 1342 1566 profectus;
1375 1494 1505 1566 quia
1548 1494 1680 1550 hinc
1721 1491 2002 1566 potentio-

413 1601 501 1642 res
531 1584 674 1640 ﬁunt
711 1582 919 1650 ﬁdeles,
951 1582 1084 1637 dum
1113 1581 1486 1637 inﬁrmantur.
1515 1583 1674 1636 Illata
1709 1596 1834 1651 ergo
1859 1594 2002 1634 mors

413 1691 446 1731 a
466 1673 688 1746 perﬁdis
710 1673 849 1744 (37),
884 1671 998 1726 vita
1018 1676 1099 1726 est
1127 1685 1254 1742 erga
1280 1668 1596 1738 credentes;
1631 1671 1833 1726 virtute
1852 1670 2000 1726 enim

412 1761 514 1818 Dei
541 1766 844 1831 resurgant,
874 1765 936 1814 ut
963 1757 1158 1813 vivant
1187 1772 1315 1814 cum
1345 1757 1585 1816 Christo.

2111 593 2251 651 bene
2278 593 2557 650 viventem
2591 611 2603 650 :
2653 593 2747 649 sed
2794 609 2891 664 pro
2938 590 3184 657 veritate,
3219 596 3280 645 ut
3322 588 3608 646 vindicent
3638 587 3702 646 in

2113 697 2238 738 eum
2269 683 2364 756 qui
2409 681 2668 738 inimicus
2721 689 2802 736 est
2848 677 2999 752 legis.
3039 677 3273 750 Ideoque
3319 676 3553 734 cessabit
3605 689 3703 750 po-

2114 784 2298 847 testas,
2329 775 2376 835 si
2427 778 2575 852 quod
2623 777 2829 833 bonum
2885 782 2965 832 est
3019 773 3273 831 fecerint.
3322 771 3477 830 Unde
3523 781 3578 830 et
3633 770 3703 830 ad

2112 867 2384 925 Romanos
2413 867 2490 924 ait
2523 885 2536 923 :
2597 889 2617 916 ι
2644 867 2746 926 Vis
2796 883 2907 922 non
2951 865 3146 922 timere
3191 869 3510 936 potestatem
3530 861 3560 919 Ἰ
3584 863 3706 919 Βο-

2113 971 2246 1016 num
2271 959 2378 1029 fac,
2407 965 2460 1015 et
2490 959 2716 1017 habebis
2745 960 2959 1016 laudem
2990 973 3058 1014 ex
3089 957 3186 1014 illa
3215 957 3390 1029 (Rom.
3422 971 3548 1026 xm,
3567 953 3646 1030 3).
3670 978 3691 1006 ι

2112 1048 2250 1109 Cum
2306 1066 2434 1122 ergo
2485 1065 2597 1106 non
2638 1051 2798 1108 timet
2845 1049 3051 1106 bonum
3098 1045 3395 1122 cperando,
3443 1051 3709 1104 evacuate

2111 1147 2194 1196 est
2249 1137 2398 1212 apud
2445 1154 2570 1195 eum
2614 1145 2890 1212 potestas;
2935 1137 3040 1195 hoc
3073 1144 3156 1194 est
3209 1137 3360 1211 quasi
3413 1135 3706 1210 reprobum

2113 1243 2258 1296 esse;
2292 1227 2422 1301 quia
2453 1227 2559 1286 hoc
2598 1227 2658 1284 in
2705 1243 2770 1286 eo
2815 1234 3006 1298 cessat,
3056 1223 3202 1284 unde
3245 1225 3508 1300 probatur
3554 1229 3708 1301 pote-

2113 1323 2241 1376 stas.

2185 1407 2366 1481 (Vers.
2401 1408 2482 1480 9.)
2522 1433 2540 1456 ι
2567 1407 2878 1466 Gaudemus
2922 1408 3092 1478 enim,
3135 1425 3264 1466 cum
3321 1423 3420 1464 nos
3463 1401 3708 1462 inﬁrma-

2111 1509 2274 1564 mur;
2307 1510 2404 1552 vos
2431 1504 2612 1554 autem
2652 1499 2822 1556 fortes
2869 1499 3018 1555 estis.
3048 1523 3066 1548 ι
3124 1496 3238 1554 Hoc
3283 1503 3365 1552 est
3411 1493 3707 1564 inﬁrmari,

2112 1597 2223 1639 non
2249 1599 2502 1642 exercere
2531 1595 2852 1660 potestatem
2893 1604 2906 1642 :
2955 1585 3056 1642 hos
3100 1592 3281 1642 autem
3331 1590 3482 1658 optat
3539 1585 3712 1640 fortes

2111 1687 2262 1741 esse;
2293 1681 2357 1728 ut
2386 1673 2522 1730 bene
2551 1683 2769 1748 agentes
2797 1673 2934 1730 vitia
2974 1673 3200 1730 vincant
3239 1679 3292 1730 et
3323 1671 3650 1746 prohibeant
3675 1688 3716 1728 a

2111 1777 2168 1818 se
2219 1761 2526 1820 vindictam
2585 1772 2680 1820 aut
2712 1761 3132 1834 correptionem.
3182 1784 3201 1808 ι
3233 1761 3349 1820 Hoc
3386 1767 3441 1818 et
3485 1776 3717 1818 oramus

485 1851 668 1922 (Vers.
697 1847 780 1919 ὅ.)
822 1865 843 1894 ι
873 1846 986 1904 Vos
1018 1845 1169 1918 ipsos
1218 1851 1444 1914 tentate,
1485 1847 1532 1904 si
1583 1845 1716 1904 estis
1757 1847 1816 1902 in
1856 1846 1998 1902 ﬁde:
2035 1861 2081 1922 Β
2109 1859 2164 1908 et
2199 1860 2438 1909 vestram
2485 1849 3031 1910 consummationem.
3068 1875 3086 1898 ι
3132 1849 3276 1907 Petit
3323 1863 3483 1908 orans
3533 1856 3597 1906 ut
3647 1849 3711 1906 in

411 1939 516 2012 ipsi
545 1954 644 1995 vos
669 1935 910 2009 probate.
933 1955 954 1984 ι
1013 1933 1257 1992 Invicem
1285 1943 1350 1992 ut
1375 1948 1433 1990 se
1458 1935 1654 1992 fratres
1681 1935 1998 2005 discutiant,

411 2025 698 2102 praecipit;
727 2023 1078 2082 sollicitiores
1093 2023 1236 2080 ﬁunt
1272 2023 1442 2093 enim,
1473 2023 1520 2080 si
1548 2039 1732 2081 secum
1763 2023 1998 2080 invicem

412 2118 718 2176 conferant.
801 2114 1182 2172 Tcntationem
1257 2129 1384 2186 ergo
1439 2113 1583 2172 hanc
1625 2114 2001 2187 probationem

413 2207 594 2264 voluit
613 2205 876 2278 intelligi;
903 2205 1031 2279 quia
1045 2204 1224 2261 omnis
1239 2203 1486 2277 probatio
1506 2205 1737 2261 tentatio
1753 2211 1836 2261 est
1854 2221 1866 2270 ;
1891 2218 2001 2258 non

413 2305 600 2354 tamen
629 2296 810 2354 omnis
833 2295 1068 2352 tentatio
1087 2294 1356 2368 probatio.
1379 2293 1437 2351 Si
1460 2293 1608 2350 enim
1633 2296 1778 2350 Deus
1796 2300 2003 2348 tentare

417 2385 646 2456 dicitur,
676 2385 927 2460 probatio
955 2391 1038 2442 est
1071 2402 1082 2442 :
1115 2384 1162 2441 si
1195 2390 1376 2441 autem
1425 2382 1680 2440 diabolus
1710 2382 1824 2455 (38)
1874 2391 2004 2438 ten-

417 2486 534 2536 tare
572 2479 806 2545 dicatur,
837 2476 1072 2534 tentatio
1097 2482 1216 2544 est;
1248 2475 1379 2548 quia
1413 2479 1656 2530 evertere
1685 2473 1902 2529 nititur.
1935 2472 2006 2526 Et

414 2567 586 2626 homo
613 2565 908 2642 aliquando
944 2572 1139 2634 tentat,
1186 2571 1250 2620 ut
1294 2560 1527 2636 probet;
1584 2561 1899 2634 aliquando,
1943 2566 2005 2615 ut

415 2654 615 2728 capiat.
673 2676 694 2701 ι
741 2655 828 2710 An
868 2667 980 2708 non
1021 2649 1350 2724 cognoscitis
1396 2663 1514 2715 vos,
1554 2647 1700 2720 quod
1756 2645 2007 2703 Christus

417 2743 576 2800 Jesus
603 2742 663 2799 in
701 2741 858 2799 vobis
885 2746 989 2809 est,
1017 2740 1126 2797 nisi
1154 2737 1374 2812 reprobi
1413 2735 1593 2794 estis?
1633 2761 1652 2786 ι
1685 2735 1800 2791 Hoc
1849 2734 2004 2801 dicit,

423 2832 551 2906 quia
579 2831 626 2888 si
649 2831 878 2904 probare
905 2845 1005 2888 vos
1033 2829 1274 2886 invicem
1316 2826 1558 2894 nescitis,
1581 2839 1692 2882 non
1729 2823 2006 2896 cognosci-

419 2923 494 2979 tis
545 2923 676 2996 quia
720 2922 875 2980 Jesus
921 2919 1174 2980 Christus
1192 2925 1274 2974 est
1309 2917 1368 2972 in
1397 2915 1574 2984 vobis,
1604 2922 1659 2971 et
1687 2913 1792 2970 hoc
1820 2921 1900 2969 est
1929 2928 2008 2968 re~

417 3011 649 3084 probum
679 3027 814 3081 esse,
862 3009 1073 3068 nescire
1123 3005 1406 3078 religionis
1437 3011 1492 3061 et
1517 3001 1870 3078 professionis
1897 3018 2007 3059 suae

417 3099 604 3157 ﬁdem.
635 3099 742 3168 Qui
782 3100 932 3157 enim
971 3097 1102 3154 ﬁdei
1137 3111 1251 3154 suae
1280 3109 1501 3150 sensum
1531 3093 1591 3150 in
1618 3091 1780 3152 corde
1823 3091 2006 3161 habet,

429 3191 524 3250 hic
545 3190 648 3248 scit
676 3187 955 3248 Christum
979 3188 1164 3244 Jesum
1193 3185 1253 3240 in
1280 3198 1338 3241 se
1363 3197 1496 3240 esse.

491 3279 676 3352 (Vers.
707 3278 792 3351 ϐ.)
835 3302 855 3327 ι
883 3277 1052 3350 Spero
1065 3279 1248 3331 autem
1276 3272 1592 3346 cognituros
1619 3285 1719 3328 vos
1742 3269 1869 3346 quia
1893 3286 2003 3328 non

413 3380 607 3426 sumus
643 3366 881 3442 reprobi.
913 3390 935 3416 ι
983 3363 1252 3421 Provocat
1281 3375 1374 3418 eos
1419 3360 1487 3418 ad
1525 3360 1807 3419 scientiam
1852 3359 2000 3429 ﬁdei,

409 3467 468 3516 et
495 3464 659 3516 rectae
687 3456 838 3514 vita.
885 3453 1024 3513 Cum
1058 3449 1206 3508 enim
1257 3449 1522 3524 omperint
1575 3449 1715 3508 scire
1773 3450 2004 3524 apostoli

411 3545 500 3604 sui
535 3554 738 3604 certam
794 3539 1179 3601 auctoritatem
1237 3545 1292 3597 et
1346 3538 1605 3598 meritum
1635 3538 1779 3613 apud
1808 3537 2032 3607 Deum,”

411 3643 674 3710 poterunt
700 3643 755 3691 et
781 3632 928 3692 circa
953 3645 1012 3689 se
1045 3643 1162 3689 esse
1190 3629 1436 3689 solliciti.

483 3731 668 3804 (Vere.
706 3729 786 3802 7.)
828 3751 850 3778 ι
877 3727 988 3788 Oro
1025 3735 1208 3787 autem
1243 3731 1420 3786 Deum
1447 3743 1516 3786 ne
1547 3725 1844 3802 quidquam
1877 3727 2004 3785 mali

409 3818 667 3876 faciatis:
723 3831 838 3873 non
882 3825 946 3875 ut
999 3833 1102 3875 nos
1139 3817 1352 3890 probati
1385 3831 1760 3890 appareamus,
1797 3815 1892 3874 sed
1945 3825 2007 3875 ut

409 3922 510 3964 vos
538 3905 685 3980 quod
717 3903 924 3963 bonum
953 3913 1055 3977 est,
1089 3905 1306 3964 faciatis
1339 3922 1352 3963 :
1385 3921 1486 3963 nos
1515 3913 1718 3974 autem,
1753 3913 1813 3962 ut
1846 3923 1930 3980 qu‘
1959 3908 2004 3964 si

408 3994 628 4067 reprobi
659 3995 852 4053 simus.
880 4019 902 4045 ι
959 3993 1044 4054 Εο
1097 3994 1295 4054 affectu
1349 4012 1458 4070 quo
1511 4009 1726 4068 semper
1761 4004 1877 4052 orat
1907 4011 2004 4069 pro

411 4082 513 4153 eis,
543 4090 607 4140 ut
651 4099 684 4140 a
713 4083 873 4140 malis
926 4091 1251 4158 temperent.
1311 4107 1332 4133 ι
1375 4082 1495 4140 Non
1544 4093 1607 4142 ut
1649 4099 1768 4154 nos,
1802 4085 2004 4158 inquit,

409 4169 626 4246 probati
665 4187 1043 4246 appareamus,
1072 4195 1092 4221 ι
1140 4171 1200 4229 id
1228 4177 1330 4242 est,
1359 4187 1468 4229 non
1500 4182 1561 4230 ut
1589 4173 1642 4227 in
1679 4173 2004 4230 auctoritate

411 4259 720 4331 videamur,
769 4261 928 4320 vobis
970 4260 1342 4336 peccantibus.
1410 4286 1427 4310 ‹
1465 4261 1568 4317 Sed
1610 4270 1666 4316 nt
1715 4281 1804 4316 w-
1861 4279 1924 4336 ςτ-
1970 4261 1999 4318 τι

407 4349 618 4427 bonum
657 4358 761 4421 est,
801 4351 1012 4410 faciatis
1049 4370 1063 4408 :
1095 4369 1196 4408 nos
1225 4358 1430 4421 autem,
1479 4359 1541 4408 ut
1587 4368 1685 4424 qua
1725 4354 1736 4405 i
1791 4357 2000 4424 ιἰῃιμ-κῡι

410 4440 606 4499 simus.
638 4466 657 4489 ι
699 4441 847 4509 Quid
873 4450 954 4501 est
983 4439 1134 4500 hoc?
1157 4442 1287 4498 Orat
1326 4441 1624 4515 Apostolus
1645 4453 1706 4499 ut
1744 4442 2002 4515 reprobus

408 4531 530 4590 sit?
574 4531 697 4590 Non
736 4549 865 4590 sane
904 4551 916 4590 :
966 4533 1058 4590 sed
1105 4529 1210 4590 hoc
1260 4541 1400 4602 orat,
1444 4538 1528 4604 ut,
1558 4531 1647 4589 his
1673 4533 1810 4590 bene
1843 4549 2000 4606 agen-

405 4619 578 4692 tibus,
610 4620 742 4678 dum
793 4637 904 4679 non
954 4619 1218 4678 auderent
1271 4623 1562 4693 corripere,
1623 4621 1776 4694 quasi
1825 4621 2002 4677 humi-

409 4711 633 4782 lientur,
665 4719 720 4768 et
748 4711 1027 4769 humiliati
1058 4713 1144 4768 vel
1172 4710 1390 4784 reprobi
1424 4719 1738 4784 appareant.
1785 4707 2004 4768 Probati

406 4801 554 4857 enim
608 4816 640 4857 a
687 4803 800 4859 Deo
849 4803 1130 4872 videntur,
1187 4801 1320 4859 dum
1361 4799 1614 4874 judicant
1674 4807 1998 4874 peccatores,

409 4889 735 4946 auctoritate
786 4906 1062 4950 concessa.
1122 4889 1180 4948 Si
1227 4904 1354 4962 ergo
1398 4904 1534 4964 quos
1583 4887 1853 4960 judicent,
1892 4905 2001 4944 non

409 4978 544 5044 sint,
600 4986 846 5037 cessante
901 4981 960 5038 in
1013 4980 1102 5038 his
1157 4979 1508 5050 auctoritate,
1579 4977 1728 5052 quasi
1785 4979 2006 5051 reprobi

410 5065 698 5121 videntur.

484 5162 666 5234 (Vers.
699 5161 782 5234 8.)
827 5163 986 5220 «Non
1015 5163 1163 5220 enim
1195 5181 1486 5235 possumus
1511 5165 1722 5238 aliquid
1743 5164 2000 5222 adversus

409 5251 723 5317 veritatem,
755 5250 848 5308 sed
879 5267 977 5324 pro
1028 5253 1276 5310 veritate.
1312 5279 1331 5304 ι
1391 5255 1508 5310 Hoc
1547 5255 1704 5324 dicit,
1737 5255 1862 5328 quia
1893 5271 1999 5327 p0-

411 5429 793 5554 ἀίέδζξϐςοὼ.
826 5429 1020 5500 codex,
1065 5430 1133 5490 In
1179 5433 1310 5490 tales
1365 5449 1486 5506 ergo
1543 5452 1686 5492 mors
1737 5453 1772 5493 a
1824 5436 2001 5508 pciﬁ-

448 5511 730 5645 “(’3336lﬂs.
779 5571 964 5642 Corb.,
996 5573 1045 5630 si
1081 5581 1255 5631 autem
1298 5574 1541 5632 diabolus
1587 5583 1762 5645 tentat,
1795 5558 1994 5636 evertit.

409 5641 624 5715 Annon
657 5641 978 5715 cognoscitis,
1010 5655 1114 5705 etc.

485 5711 602 5786 (39)
655 5711 921 5773 Nunnulli
963 5711 1125 5787 ’mss.,
1163 5725 1224 5778 ut
1268 5717 1558 5786 correctio;
1590 5721 1836 5793 quidam,
1883 5739 1996 5778 cor-

2110 1957 2172 1997 eo
2202 1942 2577 2014 perﬁciantur,
2623 1955 2726 1998 nec
2769 1947 2994 2012 peccent
3053 1938 3418 1997 consummati
3463 1938 3524 1994 in
3579 1934 3704 1994 vir-

2108 2038 2222 2086 tute
2251 2030 2406 2086 bonae
2435 2029 2581 2099 vitm,
2613 2028 2996 2101 etincorrupta
3018 2028 3143 2084 ﬁde.

2183 2119 2362 2190 (Vers.
2398 2117 2511 2188 10.)
2556 2139 2575 2164 ι
2613 2113 2824 2174 Idcirco
2867 2117 2984 2174 haec
3030 2115 3222 2174 absens
3261 2114 3461 2186 scribo,
3497 2123 3559 2174 ut
3588 2129 3698 2174 non

2110 2219 2343 2279 praesens
2357 2203 2550 2262 durius
2574 2221 2746 2278 agam.
2770 2231 2790 2255 ι
2827 2207 3094 2278 Apertum
3115 2213 3196 2263 est
3215 2206 3344 2279 quia
3371 2205 3494 2263 ideo
3513 2204 3706 2262 absens

2112 2302 2440 2363 commonet,
2462 2301 2525 2350 ut
2545 2293 2899 2352 correctiores
2924 2294 3040 2367 (39)
3062 2294 3186 2350 illos
3214 2293 3483 2363 inveniat,
3515 2302 3568 2350 et
3587 2309 3698 2350 non

2112 2381 2232 2440 illic
2283 2383 2492 2455 positus
2539 2383 2782 2456 increpet
2827 2399 2950 2440 cum
2995 2382 3230 2455 pudore;
3283 2389 3346 2440 ut
3407 2383 3705 2448 erubescat,

2113 2471 2209 2546 qui
2231 2479 2438 2546 peccat,
2472 2471 2531 2528 in
2583 2481 2726 2529 coetu
2773 2472 3034 2529 fraterno.
3082 2498 3099 2519 ι
3129 2471 3440 2530 Secundum
3473 2480 3708 2545 potesta-

2112 2569 2223 2619 tem
2279 2577 2442 2636 quam
2485 2563 2755 2619 Dominus
2791 2561 2945 2620 dedit
2989 2561 3130 2618 mihi
3175 2561 3234 2618 in
3261 2560 3704 2632 aediﬁcationem,

2113 2659 2166 2708 et
2194 2667 2303 2708 non
2336 2653 2394 2708 in
2432 2652 2882 2711 destructionem.
2921 2677 2942 2702 ι
2981 2653 3108 2710 Haec
3136 2659 3374 2725 potestas
3413 2659 3510 2721 est,
3543 2667 3706 2726 quam

2114 2741 2362 2815 superius
2390 2749 2544 2816 optat
2580 2750 2720 2800 esset
2767 2745 3018 2812 otiosam,
3063 2742 3153 2800 his
3193 2741 3332 2800 bene
3369 2741 3660 2814 agentibus
3690 2760 3702 2799 :

2113 2829 2161 2887 si
2189 2848 2297 2902 quo
2328 2831 2532 2902 minus,
2563 2849 2816 2891 exercere
2854 2850 2909 2890 se
2962 2833 3020 2890 in
3075 2829 3199 2900 hac,
3257 2839 3320 2890 ut
3365 2831 3709 2890 aediﬁcentur

2115 2919 2369 2993 correpti,
2444 2939 2555 2980 non
2607 2923 2922 2982 mortiﬁcati
2998 2929 3326 2996 peccatores.
3381 2921 3504 2980 Non
3557 2923 3706 2981 enim

2115 3009 2490 3080 destruantur,
2547 3012 2641 3086 qui
2691 3019 3016 3087 arguuntur,
3063 3021 3128 3072 ut
3166 3011 3512 3086 corrigantur
3551 3030 3562 3070 :
3610 3009 3708 3072 sed

2115 3097 2460 3156 aediﬁcantur
2487 3099 2555 3156 ad
2594 3100 2786 3158 vitam.

2035 3219 2080 3280 ο
2167 3186 2368 3262 ,(νθιε.
2405 3187 2518 3258 11.)
2541 3213 2566 3280 Ῠι
2593 3187 2671 3244 De
2700 3199 2915 3259 caetero,
2947 3187 3162 3262 fratres,
3183 3191 3442 3266 gaudete,
3475 3187 3708 3266 perfecti

2113 3283 2305 3342 estote,
2369 3279 2798 3339 consolationem
2840 3281 3123 3357 percipite,
3191 3283 3336 3344 idem
3407 3285 3596 3359 sapite,
3646 3285 3709 3345 in

2113 3385 2244 3441 pace
2272 3367 2416 3443 agite
2439 3389 2452 3438 ;
2483 3378 2535 3426 et
2562 3373 2706 3428 Deus
2737 3371 2885 3446 pacis
2918 3381 2972 3430 et
3009 3373 3326 3432 dilectionis
3362 3375 3467 3432 erit
3511 3375 3710 3434 vobis-

2113 3473 2262 3516 cum.
2295 3482 2314 3508 ι
2357 3457 2630 3515 Gaudium
2665 3459 2772 3517 hoc
2803 3461 2870 3518 de
2893 3461 3274 3521 emendatione
3303 3463 3430 3532 erit,
3466 3463 3610 3522 unde
3651 3474 3708 3524 et

2113 3547 2314 3620 poterit
2347 3549 2636 3621 provenire
2663 3549 2928 3622 perfectio
2969 3571 2982 3608 :
3019 3551 3114 3610 sed
3167 3562 3293 3611 ante
3347 3553 3452 3612 erit
3502 3570 3710 3613 conso-

2115 3637 2270 3706 latio,
2301 3644 2362 3692 ut
2397 3653 2493 3710 spe
2521 3639 2837 3696 futurorum
2887 3639 3140 3698 deserant
3183 3650 3506 3716 praesentem
3559 3643 3706 3702 oble-

2115 3726 2430 3783 ctationem.
2476 3749 2496 3774 ι
2525 3726 2674 3784 Idem
2696 3727 2906 3800 sapite;
2929 3753 2948 3777 ι
2977 3727 3082 3788 hoc
3095 3730 3192 3800 ait,
3216 3739 3438 3806 propter
3466 3739 3706 3792 veterem

2115 3813 2477 3885 discordiam;
2508 3823 2572 3874 ut
2594 3815 2708 3890 jam
2750 3820 2894 3880 209
2919 3832 3094 3874 unum
3139 3819 3400 3879 sentiant.
3444 3843 3462 3868 ι
3489 3821 3554 3878 In
3576 3836 3708 3894 pace

2114 3913 2274 3985 agite.
2307 3937 2326 3962 ι
2389 3913 2447 3970 Si
2501 3913 2798 3972 concordes
2851 3913 3080 3982 fuerint,
3136 3913 3418 3974 habebunt
3489 3933 3702 3991 pacem.

2125 4027 2146 4051 ι
2169 4005 2244 4061 Et
2278 4005 2424 4060 Deus
2454 4005 2602 4076 pacis
2645 4012 2699 4061 et
2741 4002 3055 4060 dilectionis
3108 4003 3236 4073 erit,
3275 4004 3478 4078 inquit,
3525 4007 3707 4066 vobis-

2111 4109 2258 4152 cum.
2289 4117 2310 4143 ι
2350 4093 2499 4150 Deus
2525 4093 2674 4165 pacis
2697 4099 2779 4148 est
2807 4090 3058 4149 Christus
3085 4093 3180 4165 qui
3223 4091 3370 4149 dixit
3398 4109 3412 4149 :
3461 4117 3480 4142 ι
3508 4092 3707 4155 Pacem

2113 4199 2288 4239 meam
2316 4181 2388 4237 do
2415 4181 2592 4249 vobis,
2628 4196 2814 4254 pacem
2861 4180 3115 4252 relinquo
3153 4179 3311 4237 vobis
3363 4181 3546 4253 (Joan.
3579 4199 3702 4256 xxv,

2112 4271 2228 4344 27).
2258 4295 2276 4319 ι
2318 4271 2436 4342 Ipse
2461 4277 2540 4325 est
2562 4278 2616 4326 et
2653 4270 2799 4326 Deus
2835 4268 3150 4327 dilectionis
3173 4287 3186 4338 ;
3211 4268 3340 4343 quia
3359 4269 3558 4328 iterum
3579 4273 3658 4330 ait
3684 4291 3702 4333 ε

2125 4360 2382 4417 «Novum
2409 4357 2729 4415 mandatum
2785 4357 2858 4416 do
2907 4358 3088 4430 vobis,
3143 4368 3205 4416 ut
3255 4359 3498 4432 diligatis
3559 4362 3703 4420 invi-

2111 4465 2248 4504 cem.
2283 4447 2354 4502 Et
2383 4447 2442 4504 in
2472 4446 2598 4516 hoc,
2629 4447 2836 4520 inquit,
2863 4457 3194 4522 cognoscent
3221 4465 3410 4508 omnes
3438 4449 3566 4522 quia
3592 4451 3702 4510 dis.

2113 4535 2284 4608 cipuli
2321 4537 2429 4592 mei
2457 4537 2609 4604 estis,
2637 4537 2684 4594 si
2708 4537 3082 4608 dilectionem,
3116 4554 3225 4612 qua
3246 4538 3417 4596 dilexi
3448 4555 3566 4608 vos,
3594 4539 3704 4597 ha-

2113 4626 2342 4683 bueritis
2373 4627 2611 4684 invicem
2636 4628 2815 4699 (Joan.
2848 4645 2974 4698 xm,
3004 4628 3094 4698 34,
3125 4629 3240 4700 35).
3275 4653 3295 4678 ι
3352 4629 3478 4684 Alia
3518 4636 3704 4690 tamen

2119 4735 2225 4790 pax
2251 4717 2372 4786 Dei,
2402 4719 2513 4774 alia
2543 4717 2735 4774 mundi
2764 4726 2883 4786 est;
2912 4717 3042 4791 quia
3085 4725 3140 4773 et
3178 4717 3402 4790 maligni
3435 4725 3490 4774 et
3518 4723 3704 4792 spurci

2117 4807 2320 4864 habent.
2350 4823 2532 4880 pacem
2563 4807 2702 4882 (40),
2733 4807 2826 4864 sed
2846 4807 3285 4874 damnationem;
3320 4807 3524 4866 Christi
3553 4809 3701 4868 enim

2116 4913 2224 4969 pax
2277 4897 2448 4954 libera
2498 4903 2579 4952 est
2628 4912 2661 4952 a
2703 4895 2958 4968 peccatis.
3011 4893 3302 4952 Perﬁdiam
3359 4911 3486 4968 ergo
3538 4897 3700 4970 fugit,

2115 4985 2302 5042 dolum
2341 4983 2572 5058 spernit,
2601 4983 2762 5040 factis
2797 4983 2954 5040 malis
2973 4991 3259 5058 repugnat.
3289 4970 3418 5040 Krec
3445 4985 3560 5040 Deo
3589 4984 3702 5057 pla-

2116 5077 2221 5134 cita
2250 5085 2329 5132 est
2356 5083 2410 5131 et
2439 5075 2632 5144 amica,
2661 5075 2880 5132 diabolo
2911 5085 3095 5132 autem
3137 5074 3384 5132 inimica.
3430 5075 3582 5132 Hanc
3605 5076 3702 5149 qui

2115 5165 2389 5233 habuerit,
2425 5164 2645 5220 habebit
2698 5174 2752 5222 et
2806 5165 3157 5222 dilectionem
3197 5163 3364 5222 simul
3413 5169 3468 5220 et
3521 5165 3697 5221 Deum
3787 5165 3796 5174 ’

2115 5269 2304 5312 eorum
2331 5253 2400 5310 ad
2427 5253 2718 5310 tuitionem
2757 5262 3094 5328 perpetuam.

2113 5433 2282 5507 reptio
2311 5434 2550 5490 rectiores
2579 5433 2700 5507 illos
2729 5431 2976 5490 inveniat.

2187 5507 2300 5578 (40)
2330 5507 2530 5562 Omnes
2558 5505 2688 5578 edit.
2716 5519 2778 5559 ac
2811 5521 2938 5578 mss.
2971 5503 3199 5578 aliquot,
3231 5509 3278 5558 et
3305 5503 3478 5575 spurii
3507 5503 3696 5578 (tabent

2107 5573 2322 5650 pacm;
2356 5579 2534 5650 aptius
2581 5575 2689 5650 alii
2730 5574 2852 5631 cod.
2913 5573 3189 5644 nonnulli,
3245 5581 3293 5632 et
3326 5573 3542 5650 spurci,
3595 5575 3702 5636 hoc

2114 5647 2215 5720 est,
2243 5647 2528 5722 impudici,
2560 5647 2770 5720 molles,
2805 5653 2912 5706 etc.
