  <div class='ocr_page' id='page_1' title='image "/cluster/home/n/w/nwhite01/storage/ocr_20150623/17/umn.31951002477311b/186.png"; bbox 0 0 3970 6380; ppageno 0'>
   <div class='ocr_carea' id='block_1_1' title="bbox 234 378 342 441">
    <p class='ocr_par' dir='ltr' id='par_1_1' title="bbox 234 378 342 441">
     <span class='ocr_line' id='line_1_1' title="bbox 234 378 342 441; baseline -0.056 -1"><span class='ocrx_word' id='word_1_1' title='bbox 234 378 342 441; x_wconf 73' lang='lat'>357</span> 
     </span>
    </p>
   </div>
   <div class='ocr_carea' id='block_1_2' title="bbox 1303 383 2431 449">
    <p class='ocr_par' dir='ltr' id='par_1_2' title="bbox 1303 383 2431 449">
     <span class='ocr_line' id='line_1_2' title="bbox 1303 383 2431 449; baseline 0.004 -6"><span class='ocrx_word' id='word_1_2' title='bbox 1303 383 1642 444; x_wconf 79' lang='lat' dir='ltr'>COMMENT</span> <span class='ocrx_word' id='word_1_3' title='bbox 1682 389 1752 447; x_wconf 82' lang='grc' dir='ltr'>ΙΝ</span> <span class='ocrx_word' id='word_1_4' title='bbox 1789 389 2004 447; x_wconf 83' lang='lat' dir='ltr'>EPIST.</span> <span class='ocrx_word' id='word_1_5' title='bbox 2045 392 2140 448; x_wconf 78' lang='lat' dir='ltr'>AD</span> <span class='ocrx_word' id='word_1_6' title='bbox 2178 392 2431 449; x_wconf 79' lang='lat' dir='ltr'>GALAT.</span> 
     </span>
    </p>
   </div>
   <div class='ocr_carea' id='block_1_3' title="bbox 3390 400 3493 459">
    <p class='ocr_par' dir='ltr' id='par_1_3' title="bbox 3390 400 3493 459">
     <span class='ocr_line' id='line_1_3' title="bbox 3390 400 3493 459; baseline 0 0"><span class='ocrx_word' id='word_1_7' title='bbox 3390 400 3493 459; x_wconf 67' lang='lat'>358</span> 
     </span>
    </p>
   </div>
   <div class='ocr_carea' id='block_1_4' title="bbox 319 506 3491 589">
    <p class='ocr_par' dir='ltr' id='par_1_4' title="bbox 319 506 3491 589">
     <span class='ocr_line' id='line_1_4' title="bbox 319 506 3491 589; baseline 0.007 -26"><span class='ocrx_word' id='word_1_8' title='bbox 319 528 339 553; x_wconf 73' lang='grc' dir='ltr'><strong><em>ο</em></strong></span> <span class='ocrx_word' id='word_1_9' title='bbox 376 506 617 564; x_wconf 80' lang='lat' dir='ltr'>Salutate</span> <span class='ocrx_word' id='word_1_10' title='bbox 663 524 762 565; x_wconf 87' lang='lat' dir='ltr'>vos</span> <span class='ocrx_word' id='word_1_11' title='bbox 807 508 1043 566; x_wconf 85' lang='lat' dir='ltr'>invicem</span> <span class='ocrx_word' id='word_1_12' title='bbox 1068 508 1128 566; x_wconf 90' lang='lat' dir='ltr'>in</span> <span class='ocrx_word' id='word_1_13' title='bbox 1157 511 1344 568; x_wconf 90' lang='lat' dir='ltr'>osculo</span> <span class='ocrx_word' id='word_1_14' title='bbox 1381 523 1585 571; x_wconf 90' lang='lat' dir='ltr'>sancto.</span> <span class='ocrx_word' id='word_1_15' title='bbox 1618 538 1637 564; x_wconf 78' lang='grc' dir='ltr'><strong><em>ι</em></strong></span> <span class='ocrx_word' id='word_1_16' title='bbox 1680 516 1807 574; x_wconf 77' lang='lat' dir='ltr'>llaec</span> <span class='ocrx_word' id='word_1_17' title='bbox 1836 520 1884 577; x_wconf 88' lang='lat' dir='ltr'><strong>A</strong></span> <span class='ocrx_word' id='word_1_18' title='bbox 1914 518 2033 586; x_wconf 86' lang='lat' dir='ltr'>Dei,</span> <span class='ocrx_word' id='word_1_19' title='bbox 2083 525 2136 575; x_wconf 92' lang='lat' dir='ltr'>et</span> <span class='ocrx_word' id='word_1_20' title='bbox 2178 518 2605 575; x_wconf 92' lang='lat' dir='ltr'>communicatio</span> <span class='ocrx_word' id='word_1_21' title='bbox 2633 517 2870 589; x_wconf 80' lang='lat' dir='ltr'>Spiritus</span> <span class='ocrx_word' id='word_1_22' title='bbox 2893 522 3067 579; x_wconf 80' lang='lat' dir='ltr'>sancti</span> <span class='ocrx_word' id='word_1_23' title='bbox 3094 523 3167 580; x_wconf 87' lang='lat' dir='ltr'>sit</span> <span class='ocrx_word' id='word_1_24' title='bbox 3204 541 3328 582; x_wconf 88' lang='lat' dir='ltr'>cum</span> <span class='ocrx_word' id='word_1_25' title='bbox 3360 542 3491 586; x_wconf 82' lang='lat' dir='ltr'>om-</span> 
     </span>
    </p>
   </div>
   <div class='ocr_carea' id='block_1_5' title="bbox 228 595 1810 675">
    <p class='ocr_par' dir='ltr' id='par_1_5' title="bbox 228 595 1810 675">
     <span class='ocr_line' id='line_1_5' title="bbox 228 595 1810 675; baseline 0.008 -24"><span class='ocrx_word' id='word_1_26' title='bbox 228 595 489 653; x_wconf 88' lang='lat' dir='ltr'>salutatio</span> <span class='ocrx_word' id='word_1_27' title='bbox 510 599 875 659; x_wconf 87' lang='lat' dir='ltr'>ecclesiastica</span> <span class='ocrx_word' id='word_1_28' title='bbox 919 608 1034 667; x_wconf 88' lang='lat' dir='ltr'>est;</span> <span class='ocrx_word' id='word_1_29' title='bbox 1067 604 1207 666; x_wconf 82' lang='lat'>120</span> <span class='ocrx_word' id='word_1_30' title='bbox 1263 602 1394 675; x_wconf 88' lang='lat' dir='ltr'>quia</span> <span class='ocrx_word' id='word_1_31' title='bbox 1452 604 1637 662; x_wconf 90' lang='lat' dir='ltr'>oscula</span> <span class='ocrx_word' id='word_1_32' title='bbox 1691 604 1810 663; x_wconf 72' lang='lat' dir='ltr'>hmo</span> 
     </span>
    </p>
   </div>
   <div class='ocr_carea' id='block_1_6' title="bbox 228 696 1816 774">
    <p class='ocr_par' dir='ltr' id='par_1_6' title="bbox 228 696 1816 774">
     <span class='ocr_line' id='line_1_6' title="bbox 228 696 1816 774; baseline 0.005 -24"><span class='ocrx_word' id='word_1_33' title='bbox 228 708 344 750; x_wconf 87' lang='lat' dir='ltr'>non</span> <span class='ocrx_word' id='word_1_34' title='bbox 391 696 651 765; x_wconf 83' lang='lat' dir='ltr'>carnalia,</span> <span class='ocrx_word' id='word_1_35' title='bbox 701 696 793 755; x_wconf 89' lang='lat' dir='ltr'>sed</span> <span class='ocrx_word' id='word_1_36' title='bbox 850 696 1119 769; x_wconf 82' lang='lat' dir='ltr'>spiritalia</span> <span class='ocrx_word' id='word_1_37' title='bbox 1162 705 1312 768; x_wconf 88' lang='lat' dir='ltr'>sunt,</span> <span class='ocrx_word' id='word_1_38' title='bbox 1361 715 1480 767; x_wconf 72' lang='lat' dir='ltr'>qum</span> <span class='ocrx_word' id='word_1_39' title='bbox 1526 701 1816 774; x_wconf 85' lang='lat' dir='ltr'>complexu</span> 
     </span>
    </p>
   </div>
   <div class='ocr_carea' id='block_1_7' title="bbox 227 788 1812 862">
    <p class='ocr_par' dir='ltr' id='par_1_7' title="bbox 227 788 1812 862">
     <span class='ocr_line' id='line_1_7' title="bbox 227 788 1812 862; baseline 0.003 -19"><span class='ocrx_word' id='word_1_40' title='bbox 227 804 524 858; x_wconf 85' lang='lat' dir='ltr'>corporum</span> <span class='ocrx_word' id='word_1_41' title='bbox 570 788 782 847; x_wconf 86' lang='lat' dir='ltr'>animos</span> <span class='ocrx_word' id='word_1_42' title='bbox 832 791 1091 857; x_wconf 79' lang='lat' dir='ltr'>copulant</span> <span class='ocrx_word' id='word_1_43' title='bbox 1138 806 1251 848; x_wconf 88' lang='lat' dir='ltr'>non</span> <span class='ocrx_word' id='word_1_44' title='bbox 1299 789 1572 849; x_wconf 90' lang='lat' dir='ltr'>desiderio</span> <span class='ocrx_word' id='word_1_45' title='bbox 1609 793 1812 862; x_wconf 89' lang='lat' dir='ltr'>carnis,</span> 
     </span>
    </p>
   </div>
   <div class='ocr_carea' id='block_1_8' title="bbox 226 876 1813 950">
    <p class='ocr_par' dir='ltr' id='par_1_8' title="bbox 226 876 1813 950">
     <span class='ocr_line' id='line_1_8' title="bbox 226 876 1813 950; baseline 0.006 -20"><span class='ocrx_word' id='word_1_46' title='bbox 226 876 326 931; x_wconf 87' lang='lat' dir='ltr'>sed</span> <span class='ocrx_word' id='word_1_47' title='bbox 368 878 613 950; x_wconf 78' lang='lat' dir='ltr'>spiritus.</span> <span class='ocrx_word' id='word_1_48' title='bbox 658 903 699 946; x_wconf 71' lang='grc' dir='ltr'>,ι</span> <span class='ocrx_word' id='word_1_49' title='bbox 739 880 992 938; x_wconf 75' lang='lat' dir='ltr'>Salutant</span> <span class='ocrx_word' id='word_1_50' title='bbox 1038 897 1138 938; x_wconf 91' lang='lat' dir='ltr'>vos</span> <span class='ocrx_word' id='word_1_51' title='bbox 1182 882 1357 938; x_wconf 86' lang='lat' dir='ltr'>sancti</span> <span class='ocrx_word' id='word_1_52' title='bbox 1387 897 1593 939; x_wconf 90' lang='lat' dir='ltr'>omnes.</span> <span class='ocrx_word' id='word_1_53' title='bbox 1625 906 1645 931; x_wconf 75' lang='grc' dir='ltr'><strong>ι</strong></span> <span class='ocrx_word' id='word_1_54' title='bbox 1685 883 1813 939; x_wconf 88' lang='lat' dir='ltr'>Pro-</span> 
     </span>
    </p>
   </div>
   <div class='ocr_carea' id='block_1_9' title="bbox 226 966 1815 1044">
    <p class='ocr_par' dir='ltr' id='par_1_9' title="bbox 226 966 1815 1044">
     <span class='ocr_line' id='line_1_9' title="bbox 226 966 1815 1044; baseline 0.006 -25"><span class='ocrx_word' id='word_1_55' title='bbox 226 974 390 1021; x_wconf 77' lang='lat' dir='ltr'>vocat</span> <span class='ocrx_word' id='word_1_56' title='bbox 436 983 527 1023; x_wconf 87' lang='lat' dir='ltr'>eos</span> <span class='ocrx_word' id='word_1_57' title='bbox 571 966 637 1023; x_wconf 90' lang='lat' dir='ltr'>ad</span> <span class='ocrx_word' id='word_1_58' title='bbox 682 970 1052 1040; x_wconf 87' lang='lat' dir='ltr'>sanctitatem,</span> <span class='ocrx_word' id='word_1_59' title='bbox 1099 977 1164 1028; x_wconf 87' lang='lat' dir='ltr'>ut</span> <span class='ocrx_word' id='word_1_60' title='bbox 1206 978 1260 1027; x_wconf 88' lang='lat' dir='ltr'>et</span> <span class='ocrx_word' id='word_1_61' title='bbox 1286 971 1391 1044; x_wconf 89' lang='lat' dir='ltr'>ipsi</span> <span class='ocrx_word' id='word_1_62' title='bbox 1419 971 1653 1029; x_wconf 79' lang='lat' dir='ltr'>audeant</span> <span class='ocrx_word' id='word_1_63' title='bbox 1681 972 1815 1028; x_wconf 89' lang='lat' dir='ltr'>red-</span> 
     </span>
    </p>
   </div>
   <div class='ocr_carea' id='block_1_10' title="bbox 229 1050 1814 1126">
    <p class='ocr_par' dir='ltr' id='par_1_10' title="bbox 229 1050 1814 1126">
     <span class='ocr_line' id='line_1_10' title="bbox 229 1050 1814 1126; baseline 0.007 -20"><span class='ocrx_word' id='word_1_64' title='bbox 229 1050 362 1109; x_wconf 88' lang='lat' dir='ltr'>dere</span> <span class='ocrx_word' id='word_1_65' title='bbox 390 1054 563 1113; x_wconf 83' lang='lat' dir='ltr'>vicem</span> <span class='ocrx_word' id='word_1_66' title='bbox 594 1058 793 1113; x_wconf 87' lang='lat' dir='ltr'>sanctis</span> <span class='ocrx_word' id='word_1_67' title='bbox 824 1058 878 1113; x_wconf 91' lang='lat' dir='ltr'>in</span> <span class='ocrx_word' id='word_1_68' title='bbox 914 1058 1275 1126; x_wconf 81' lang='lat' dir='ltr'>salutatione;</span> <span class='ocrx_word' id='word_1_69' title='bbox 1309 1057 1430 1117; x_wconf 89' lang='lat' dir='ltr'>ideo</span> <span class='ocrx_word' id='word_1_70' title='bbox 1455 1059 1601 1116; x_wconf 90' lang='lat' dir='ltr'>enim</span> <span class='ocrx_word' id='word_1_71' title='bbox 1623 1076 1654 1116; x_wconf 92' lang='lat' dir='ltr'>a</span> <span class='ocrx_word' id='word_1_72' title='bbox 1680 1076 1814 1117; x_wconf 84' lang='lat' dir='ltr'>san-</span> 
     </span>
    </p>
   </div>
   <div class='ocr_carea' id='block_1_11' title="bbox 224 1140 1271 1209">
    <p class='ocr_par' dir='ltr' id='par_1_11' title="bbox 224 1140 1271 1209">
     <span class='ocr_line' id='line_1_11' title="bbox 224 1140 1271 1209; baseline 0.007 -12"><span class='ocrx_word' id='word_1_73' title='bbox 224 1140 335 1197; x_wconf 84' lang='lat' dir='ltr'>ctis</span> <span class='ocrx_word' id='word_1_74' title='bbox 364 1142 688 1209; x_wconf 85' lang='lat' dir='ltr'>salutantur,</span> <span class='ocrx_word' id='word_1_75' title='bbox 720 1152 781 1201; x_wconf 88' lang='lat' dir='ltr'>ut</span> <span class='ocrx_word' id='word_1_76' title='bbox 811 1145 936 1202; x_wconf 90' lang='lat' dir='ltr'>illos</span> <span class='ocrx_word' id='word_1_77' title='bbox 967 1145 1271 1204; x_wconf 88' lang='lat' dir='ltr'>imitentur.</span> 
     </span>
    </p>
   </div>
   <div class='ocr_carea' id='block_1_12' title="bbox 314 1229 1811 1306">
    <p class='ocr_par' dir='ltr' id='par_1_12' title="bbox 314 1229 1811 1306">
     <span class='ocr_line' id='line_1_12' title="bbox 314 1229 1811 1306; baseline 0.003 -20"><span class='ocrx_word' id='word_1_78' title='bbox 314 1252 333 1279; x_wconf 74' lang='grc' dir='ltr'><strong>ε</strong></span> <span class='ocrx_word' id='word_1_79' title='bbox 378 1229 565 1287; x_wconf 86' lang='lat' dir='ltr'>Gratia</span> <span class='ocrx_word' id='word_1_80' title='bbox 605 1233 830 1291; x_wconf 83' lang='lat' dir='ltr'>Domini</span> <span class='ocrx_word' id='word_1_81' title='bbox 869 1234 1043 1291; x_wconf 87' lang='lat' dir='ltr'>nostri</span> <span class='ocrx_word' id='word_1_82' title='bbox 1088 1234 1216 1293; x_wconf 85' lang='lat' dir='ltr'>Jesu</span> <span class='ocrx_word' id='word_1_83' title='bbox 1244 1234 1472 1306; x_wconf 79' lang='lat' dir='ltr'>Christi,</span> <span class='ocrx_word' id='word_1_84' title='bbox 1503 1243 1557 1293; x_wconf 90' lang='lat' dir='ltr'>et</span> <span class='ocrx_word' id='word_1_85' title='bbox 1583 1234 1811 1294; x_wconf 88' lang='lat' dir='ltr'>dilectio</span> 
     </span>
    </p>
   </div>
   <div class='ocr_carea' id='block_1_13' title="bbox 1925 606 3490 688">
    <p class='ocr_par' dir='ltr' id='par_1_13' title="bbox 1925 606 3490 688">
     <span class='ocr_line' id='line_1_13' title="bbox 1925 606 3490 688; baseline 0.009 -26"><span class='ocrx_word' id='word_1_86' title='bbox 1925 606 2089 664; x_wconf 89' lang='lat' dir='ltr'>nibus</span> <span class='ocrx_word' id='word_1_87' title='bbox 2124 606 2299 663; x_wconf 85' lang='lat' dir='ltr'>vobis.</span> <span class='ocrx_word' id='word_1_88' title='bbox 2333 609 2529 664; x_wconf 80' lang='lat' dir='ltr'>Amen.</span> <span class='ocrx_word' id='word_1_89' title='bbox 2565 630 2586 657; x_wconf 72' lang='grc' dir='ltr'><strong><em>ι</em></strong></span> <span class='ocrx_word' id='word_1_90' title='bbox 2631 606 2914 664; x_wconf 90' lang='lat' dir='ltr'>Trinitatis</span> <span class='ocrx_word' id='word_1_91' title='bbox 2940 609 3030 667; x_wconf 93' lang='lat' dir='ltr'>hic</span> <span class='ocrx_word' id='word_1_92' title='bbox 3056 614 3361 685; x_wconf 85' lang='lat' dir='ltr'>complexio</span> <span class='ocrx_word' id='word_1_93' title='bbox 3388 625 3490 688; x_wconf 74' lang='lat' dir='ltr'>est,</span> 
     </span>
    </p>
   </div>
   <div class='ocr_carea' id='block_1_14' title="bbox 1925 694 3492 770">
    <p class='ocr_par' dir='ltr' id='par_1_14' title="bbox 1925 694 3492 770">
     <span class='ocr_line' id='line_1_14' title="bbox 1925 694 3492 770; baseline 0.004 -18"><span class='ocrx_word' id='word_1_94' title='bbox 1925 703 1978 753; x_wconf 90' lang='lat' dir='ltr'>et</span> <span class='ocrx_word' id='word_1_95' title='bbox 2034 696 2215 754; x_wconf 88' lang='lat' dir='ltr'>unitas</span> <span class='ocrx_word' id='word_1_96' title='bbox 2261 694 2562 770; x_wconf 85' lang='lat' dir='ltr'>potestatis,</span> <span class='ocrx_word' id='word_1_97' title='bbox 2607 695 2735 768; x_wconf 86' lang='lat' dir='ltr'>quia</span> <span class='ocrx_word' id='word_1_98' title='bbox 2783 696 2954 755; x_wconf 86' lang='lat' dir='ltr'>totius</span> <span class='ocrx_word' id='word_1_99' title='bbox 2998 700 3189 756; x_wconf 87' lang='lat' dir='ltr'>salutis</span> <span class='ocrx_word' id='word_1_100' title='bbox 3234 705 3492 770; x_wconf 81' lang='lat' dir='ltr'>perfectio</span> 
     </span>
    </p>
   </div>
   <div class='ocr_carea' id='block_1_15' title="bbox 1924 790 3491 855">
    <p class='ocr_par' dir='ltr' id='par_1_15' title="bbox 1924 790 3491 855">
     <span class='ocr_line' id='line_1_15' title="bbox 1924 790 3491 855; baseline 0.004 -8"><span class='ocrx_word' id='word_1_101' title='bbox 1924 798 2024 849; x_wconf 88' lang='lat' dir='ltr'>est.</span> <span class='ocrx_word' id='word_1_102' title='bbox 2069 791 2305 851; x_wconf 89' lang='lat' dir='ltr'>Dilectio</span> <span class='ocrx_word' id='word_1_103' title='bbox 2347 791 2493 848; x_wconf 90' lang='lat' dir='ltr'>enim</span> <span class='ocrx_word' id='word_1_104' title='bbox 2542 790 2640 849; x_wconf 89' lang='lat' dir='ltr'>Dei</span> <span class='ocrx_word' id='word_1_105' title='bbox 2683 790 2836 848; x_wconf 90' lang='lat' dir='ltr'>misit</span> <span class='ocrx_word' id='word_1_106' title='bbox 2862 791 3022 849; x_wconf 84' lang='lat' dir='ltr'>nobis</span> <span class='ocrx_word' id='word_1_107' title='bbox 3050 793 3382 852; x_wconf 86' lang='lat' dir='ltr'>Salvatorem</span> <span class='ocrx_word' id='word_1_108' title='bbox 3412 799 3491 855; x_wconf 82' lang='lat' dir='ltr'>Je-</span> 
     </span>
    </p>
   </div>
   <div class='ocr_carea' id='block_1_16' title="bbox 1922 879 3492 953">
    <p class='ocr_par' dir='ltr' id='par_1_16' title="bbox 1922 879 3492 953">
     <span class='ocr_line' id='line_1_16' title="bbox 1922 879 3492 953; baseline 0.003 -17"><span class='ocrx_word' id='word_1_109' title='bbox 1922 895 2064 948; x_wconf 91' lang='lat' dir='ltr'>sum,</span> <span class='ocrx_word' id='word_1_110' title='bbox 2124 879 2282 953; x_wconf 86' lang='lat' dir='ltr'>cujus</span> <span class='ocrx_word' id='word_1_111' title='bbox 2337 880 2510 952; x_wconf 86' lang='lat' dir='ltr'>gratia</span> <span class='ocrx_word' id='word_1_112' title='bbox 2552 880 2749 937; x_wconf 87' lang='lat' dir='ltr'>salvati</span> <span class='ocrx_word' id='word_1_113' title='bbox 2790 897 2997 938; x_wconf 90' lang='lat' dir='ltr'>sumus.</span> <span class='ocrx_word' id='word_1_114' title='bbox 3032 883 3099 940; x_wconf 88' lang='lat' dir='ltr'>Ut</span> <span class='ocrx_word' id='word_1_115' title='bbox 3127 884 3492 951; x_wconf 85' lang='lat' dir='ltr'>possideamus</span> 
     </span>
    </p>
   </div>
   <div class='ocr_carea' id='block_1_17' title="bbox 1924 966 3491 1040">
    <p class='ocr_par' dir='ltr' id='par_1_17' title="bbox 1924 966 3491 1040">
     <span class='ocr_line' id='line_1_17' title="bbox 1924 966 3491 1040; baseline 0.002 -16"><span class='ocrx_word' id='word_1_116' title='bbox 1924 966 2067 1025; x_wconf 90' lang='lat' dir='ltr'>hanc</span> <span class='ocrx_word' id='word_1_117' title='bbox 2121 969 2351 1040; x_wconf 79' lang='lat' dir='ltr'>gratiam</span> <span class='ocrx_word' id='word_1_118' title='bbox 2403 968 2615 1038; x_wconf 89' lang='lat' dir='ltr'>salutis,</span> <span class='ocrx_word' id='word_1_119' title='bbox 2674 970 3099 1028; x_wconf 87' lang='lat' dir='ltr'>communicatio</span> <span class='ocrx_word' id='word_1_120' title='bbox 3151 973 3283 1028; x_wconf 81' lang='lat' dir='ltr'>facit</span> <span class='ocrx_word' id='word_1_121' title='bbox 3323 974 3491 1030; x_wconf 80' lang='lat' dir='ltr'>sancti</span> 
     </span>
    </p>
   </div>
   <div class='ocr_carea' id='block_1_18' title="bbox 1921 1057 3492 1132">
    <p class='ocr_par' dir='ltr' id='par_1_18' title="bbox 1921 1057 3492 1132">
     <span class='ocr_line' id='line_1_18' title="bbox 1921 1057 3492 1132; baseline 0.002 -17"><span class='ocrx_word' id='word_1_122' title='bbox 1921 1058 2158 1130; x_wconf 86' lang='lat' dir='ltr'>Spiritus</span> <span class='ocrx_word' id='word_1_123' title='bbox 2185 1075 2195 1111; x_wconf 91' lang='lat'>:</span> <span class='ocrx_word' id='word_1_124' title='bbox 2231 1058 2325 1115; x_wconf 90' lang='lat' dir='ltr'>hic</span> <span class='ocrx_word' id='word_1_125' title='bbox 2357 1059 2503 1115; x_wconf 90' lang='lat' dir='ltr'>enim</span> <span class='ocrx_word' id='word_1_126' title='bbox 2548 1057 2781 1116; x_wconf 88' lang='lat' dir='ltr'>dilectos</span> <span class='ocrx_word' id='word_1_127' title='bbox 2808 1074 2840 1115; x_wconf 89' lang='lat' dir='ltr'>a</span> <span class='ocrx_word' id='word_1_128' title='bbox 2860 1060 2993 1130; x_wconf 87' lang='lat' dir='ltr'>Deo,</span> <span class='ocrx_word' id='word_1_129' title='bbox 3026 1070 3079 1119; x_wconf 89' lang='lat' dir='ltr'>et</span> <span class='ocrx_word' id='word_1_130' title='bbox 3105 1063 3344 1120; x_wconf 87' lang='lat' dir='ltr'>salvatos</span> <span class='ocrx_word' id='word_1_131' title='bbox 3381 1080 3492 1132; x_wconf 80' lang='lat' dir='ltr'>gra-</span> 
     </span>
    </p>
   </div>
   <div class='ocr_carea' id='block_1_19' title="bbox 1921 1145 3492 1222">
    <p class='ocr_par' dir='ltr' id='par_1_19' title="bbox 1921 1145 3492 1222">
     <span class='ocr_line' id='line_1_19' title="bbox 1921 1145 3492 1222; baseline 0.004 -21"><span class='ocrx_word' id='word_1_132' title='bbox 1921 1147 1998 1201; x_wconf 90' lang='lat' dir='ltr'>tia</span> <span class='ocrx_word' id='word_1_133' title='bbox 2028 1145 2233 1204; x_wconf 84' lang='lat' dir='ltr'>Christi</span> <span class='ocrx_word' id='word_1_134' title='bbox 2258 1154 2479 1214; x_wconf 88' lang='lat' dir='ltr'>tuetur;</span> <span class='ocrx_word' id='word_1_135' title='bbox 2512 1154 2574 1204; x_wconf 91' lang='lat' dir='ltr'>ut</span> <span class='ocrx_word' id='word_1_136' title='bbox 2602 1146 2771 1206; x_wconf 88' lang='lat' dir='ltr'>trium</span> <span class='ocrx_word' id='word_1_137' title='bbox 2808 1147 3072 1222; x_wconf 74' lang='lat' dir='ltr'>perfectio</span> <span class='ocrx_word' id='word_1_138' title='bbox 3092 1153 3492 1213; x_wconf 77' lang='lat' dir='ltr'>consummatio</span> 
     </span>
    </p>
   </div>
   <div class='ocr_carea' id='block_1_20' title="bbox 1921 1234 2625 1294">
    <p class='ocr_par' dir='ltr' id='par_1_20' title="bbox 1921 1234 2625 1294">
     <span class='ocr_line' id='line_1_20' title="bbox 1921 1234 2625 1294; baseline 0.004 -3"><span class='ocrx_word' id='word_1_139' title='bbox 1921 1234 1992 1291; x_wconf 90' lang='lat' dir='ltr'>sit</span> <span class='ocrx_word' id='word_1_140' title='bbox 2020 1234 2260 1291; x_wconf 83' lang='lat' dir='ltr'>hominis</span> <span class='ocrx_word' id='word_1_141' title='bbox 2287 1234 2345 1291; x_wconf 90' lang='lat' dir='ltr'>in</span> <span class='ocrx_word' id='word_1_142' title='bbox 2373 1235 2625 1294; x_wconf 87' lang='lat' dir='ltr'>salutem.</span> 
     </span>
    </p>
   </div>
   <div class='ocr_carea' id='block_1_21' title="bbox 226 1417 3495 1453">
    <p class='ocr_par' dir='ltr' id='par_1_21' title="bbox 226 1417 3495 1453">
     <span class='ocr_line' id='line_1_21' title="bbox 226 1417 3495 1453; baseline 0.002 -20"><span class='ocrx_word' id='word_1_143' title='bbox 226 1417 3495 1453; x_wconf 81' lang='lat'>._.________._____________________________________________</span> 
     </span>
    </p>
   </div>
   <div class='ocr_carea' id='block_1_22' title="bbox 367 1593 3348 1701">
    <p class='ocr_par' dir='ltr' id='par_1_22' title="bbox 367 1593 3348 1701">
     <span class='ocr_line' id='line_1_22' title="bbox 367 1593 3348 1701; baseline 0.007 -24"><span class='ocrx_word' id='word_1_144' title='bbox 367 1593 500 1680; x_wconf 84' lang='lat' dir='ltr'>IN</span> <span class='ocrx_word' id='word_1_145' title='bbox 590 1593 1356 1681; x_wconf 88' lang='lat' dir='ltr'>EPlSTOLAM</span> <span class='ocrx_word' id='word_1_146' title='bbox 1458 1597 1847 1682; x_wconf 89' lang='lat' dir='ltr'>BEATI</span> <span class='ocrx_word' id='word_1_147' title='bbox 1940 1599 2335 1687; x_wconf 87' lang='lat' dir='ltr'><strong>PAULI</strong></span> <span class='ocrx_word' id='word_1_148' title='bbox 2426 1604 2592 1689; x_wconf 91' lang='lat' dir='ltr'><strong>AD</strong></span> <span class='ocrx_word' id='word_1_149' title='bbox 2691 1605 3348 1701; x_wconf 86' lang='lat' dir='ltr'>GALATAS.</span> 
     </span>
    </p>
   </div>
   <div class='ocr_carea' id='block_1_23' title="bbox 832 1912 1211 1969">
    <p class='ocr_par' dir='ltr' id='par_1_23' title="bbox 832 1912 1211 1969">
     <span class='ocr_line' id='line_1_23' title="bbox 832 1912 1211 1969; baseline 0.005 -2"><span class='ocrx_word' id='word_1_150' title='bbox 832 1912 1211 1969; x_wconf 78' lang='lat' dir='ltr'>PROLOGUS.</span> 
     </span>
    </p>
   </div>
   <div class='ocr_carea' id='block_1_24' title="bbox 201 2017 1807 2091">
    <p class='ocr_par' dir='ltr' id='par_1_24' title="bbox 201 2017 1807 2091">
     <span class='ocr_line' id='line_1_24' title="bbox 201 2017 1807 2091; baseline 0.005 -24"><span class='ocrx_word' id='word_1_151' title='bbox 201 2036 207 2043; x_wconf 85' lang='lat'><strong>-</strong></span> <span class='ocrx_word' id='word_1_152' title='bbox 298 2017 494 2075; x_wconf 86' lang='lat' dir='ltr'>Omnis</span> <span class='ocrx_word' id='word_1_153' title='bbox 541 2017 767 2074; x_wconf 74' lang='lat' dir='ltr'>credens</span> <span class='ocrx_word' id='word_1_154' title='bbox 814 2017 871 2074; x_wconf 90' lang='lat' dir='ltr'>iu</span> <span class='ocrx_word' id='word_1_155' title='bbox 903 2018 1203 2087; x_wconf 80' lang='lat' dir='ltr'>Christum,</span> <span class='ocrx_word' id='word_1_156' title='bbox 1238 2025 1290 2074; x_wconf 86' lang='lat' dir='ltr'>et</span> <span class='ocrx_word' id='word_1_157' title='bbox 1313 2017 1606 2075; x_wconf 85' lang='lat' dir='ltr'>observans</span> <span class='ocrx_word' id='word_1_158' title='bbox 1634 2020 1807 2091; x_wconf 76' lang='lat' dir='ltr'>legem</span> 
     </span>
    </p>
   </div>
   <div class='ocr_carea' id='block_1_25' title="bbox 220 2104 1809 2179">
    <p class='ocr_par' dir='ltr' id='par_1_25' title="bbox 220 2104 1809 2179">
     <span class='ocr_line' id='line_1_25' title="bbox 220 2104 1809 2179; baseline 0.001 -16"><span class='ocrx_word' id='word_1_159' title='bbox 220 2104 514 2177; x_wconf 81' lang='lat' dir='ltr'>factorum,</span> <span class='ocrx_word' id='word_1_160' title='bbox 557 2108 694 2160; x_wconf 87' lang='lat' dir='ltr'>male</span> <span class='ocrx_word' id='word_1_161' title='bbox 728 2105 987 2176; x_wconf 72' lang='lat' dir='ltr'>intelligit</span> <span class='ocrx_word' id='word_1_162' title='bbox 1027 2106 1305 2164; x_wconf 84' lang='lat' dir='ltr'>Christum</span> <span class='ocrx_word' id='word_1_163' title='bbox 1341 2123 1352 2161; x_wconf 92' lang='lat'>:</span> <span class='ocrx_word' id='word_1_164' title='bbox 1387 2106 1525 2163; x_wconf 83' lang='lat' dir='ltr'>sicut</span> <span class='ocrx_word' id='word_1_165' title='bbox 1556 2116 1606 2163; x_wconf 88' lang='lat' dir='ltr'>et</span> <span class='ocrx_word' id='word_1_166' title='bbox 1639 2108 1809 2179; x_wconf 77' lang='lat' dir='ltr'>Sym-</span> 
     </span>
    </p>
   </div>
   <div class='ocr_carea' id='block_1_26' title="bbox 222 2191 1808 2267">
    <p class='ocr_par' dir='ltr' id='par_1_26' title="bbox 222 2191 1808 2267">
     <span class='ocr_line' id='line_1_26' title="bbox 222 2191 1808 2267; baseline 0.002 -19"><span class='ocrx_word' id='word_1_167' title='bbox 222 2191 522 2263; x_wconf 89' lang='lat' dir='ltr'>machiani,</span> <span class='ocrx_word' id='word_1_168' title='bbox 569 2193 662 2266; x_wconf 91' lang='lat' dir='ltr'>qui</span> <span class='ocrx_word' id='word_1_169' title='bbox 718 2210 785 2248; x_wconf 79' lang='lat' dir='ltr'>ex</span> <span class='ocrx_word' id='word_1_170' title='bbox 831 2192 1118 2250; x_wconf 85' lang='lat' dir='ltr'>Pharisaeis</span> <span class='ocrx_word' id='word_1_171' title='bbox 1145 2194 1410 2265; x_wconf 74' lang='lat' dir='ltr'>originem</span> <span class='ocrx_word' id='word_1_172' title='bbox 1442 2194 1687 2262; x_wconf 89' lang='lat' dir='ltr'>trahunt,</span> <span class='ocrx_word' id='word_1_173' title='bbox 1712 2194 1808 2267; x_wconf 89' lang='lat' dir='ltr'>qui</span> 
     </span>
    </p>
   </div>
   <div class='ocr_carea' id='block_1_27' title="bbox 221 2280 1809 2352">
    <p class='ocr_par' dir='ltr' id='par_1_27' title="bbox 221 2280 1809 2352">
     <span class='ocr_line' id='line_1_27' title="bbox 221 2280 1809 2352; baseline -0.001 -12"><span class='ocrx_word' id='word_1_174' title='bbox 221 2288 438 2340; x_wconf 83' lang='lat' dir='ltr'>servata</span> <span class='ocrx_word' id='word_1_175' title='bbox 469 2280 619 2337; x_wconf 91' lang='lat' dir='ltr'>omni</span> <span class='ocrx_word' id='word_1_176' title='bbox 654 2280 1138 2352; x_wconf 85' lang='lat' dir='ltr'>lege,Christianos</span> <span class='ocrx_word' id='word_1_177' title='bbox 1162 2298 1218 2339; x_wconf 89' lang='lat' dir='ltr'>se</span> <span class='ocrx_word' id='word_1_178' title='bbox 1248 2281 1460 2352; x_wconf 89' lang='lat' dir='ltr'>dicunt,</span> <span class='ocrx_word' id='word_1_179' title='bbox 1492 2298 1642 2339; x_wconf 88' lang='lat' dir='ltr'>more</span> <span class='ocrx_word' id='word_1_180' title='bbox 1672 2282 1809 2339; x_wconf 91' lang='lat' dir='ltr'>Pho-</span> 
     </span>
    </p>
   </div>
   <div class='ocr_carea' id='block_1_28' title="bbox 220 2369 1806 2441">
    <p class='ocr_par' dir='ltr' id='par_1_28' title="bbox 220 2369 1806 2441">
     <span class='ocr_line' id='line_1_28' title="bbox 220 2369 1806 2441; baseline 0.001 -16"><span class='ocrx_word' id='word_1_181' title='bbox 220 2370 325 2426; x_wconf 86' lang='lat' dir='ltr'>tini</span> <span class='ocrx_word' id='word_1_182' title='bbox 387 2369 662 2425; x_wconf 87' lang='lat' dir='ltr'>Christum</span> <span class='ocrx_word' id='word_1_183' title='bbox 726 2387 831 2424; x_wconf 87' lang='lat' dir='ltr'>non</span> <span class='ocrx_word' id='word_1_184' title='bbox 890 2372 1061 2425; x_wconf 87' lang='lat' dir='ltr'>Deum</span> <span class='ocrx_word' id='word_1_185' title='bbox 1120 2377 1173 2427; x_wconf 86' lang='lat' dir='ltr'>et</span> <span class='ocrx_word' id='word_1_186' title='bbox 1214 2369 1512 2441; x_wconf 87' lang='lat' dir='ltr'>hominem,</span> <span class='ocrx_word' id='word_1_187' title='bbox 1570 2371 1662 2428; x_wconf 85' lang='lat' dir='ltr'>sed</span> <span class='ocrx_word' id='word_1_188' title='bbox 1713 2372 1806 2429; x_wconf 85' lang='lat' dir='ltr'>ho-</span> 
     </span>
    </p>
   </div>
   <div class='ocr_carea' id='block_1_29' title="bbox 221 2457 1804 2515">
    <p class='ocr_par' dir='ltr' id='par_1_29' title="bbox 221 2457 1804 2515">
     <span class='ocr_line' id='line_1_29' title="bbox 221 2457 1804 2515; baseline -0.001 0"><span class='ocrx_word' id='word_1_189' title='bbox 221 2460 428 2515; x_wconf 92' lang='lat' dir='ltr'>minem</span> <span class='ocrx_word' id='word_1_190' title='bbox 459 2458 842 2515; x_wconf 82' lang='lat' dir='ltr'>tantummodo</span> <span class='ocrx_word' id='word_1_191' title='bbox 879 2457 1221 2514; x_wconf 85' lang='lat' dir='ltr'>deﬁnientes.</span> <span class='ocrx_word' id='word_1_192' title='bbox 1255 2460 1313 2515; x_wconf 91' lang='lat' dir='ltr'>Si</span> <span class='ocrx_word' id='word_1_193' title='bbox 1341 2459 1486 2515; x_wconf 90' lang='lat' dir='ltr'>enim</span> <span class='ocrx_word' id='word_1_194' title='bbox 1519 2460 1691 2515; x_wconf 91' lang='lat' dir='ltr'>Deum</span> <span class='ocrx_word' id='word_1_195' title='bbox 1725 2458 1804 2514; x_wconf 90' lang='lat' dir='ltr'>in-</span> 
     </span>
    </p>
   </div>
   <div class='ocr_carea' id='block_1_30' title="bbox 220 2546 1806 2621">
    <p class='ocr_par' dir='ltr' id='par_1_30' title="bbox 220 2546 1806 2621">
     <span class='ocr_line' id='line_1_30' title="bbox 220 2546 1806 2621; baseline 0.001 -20"><span class='ocrx_word' id='word_1_196' title='bbox 220 2547 527 2618; x_wconf 88' lang='lat' dir='ltr'>telligerent</span> <span class='ocrx_word' id='word_1_197' title='bbox 568 2546 867 2617; x_wconf 85' lang='lat' dir='ltr'>Christum,</span> <span class='ocrx_word' id='word_1_198' title='bbox 919 2546 1062 2602; x_wconf 91' lang='lat' dir='ltr'>nihil</span> <span class='ocrx_word' id='word_1_199' title='bbox 1107 2547 1190 2621; x_wconf 47' lang='lat' dir='ltr'>de,</span> <span class='ocrx_word' id='word_1_200' title='bbox 1220 2548 1335 2620; x_wconf 92' lang='lat' dir='ltr'>lege</span> <span class='ocrx_word' id='word_1_201' title='bbox 1381 2549 1646 2604; x_wconf 87' lang='lat' dir='ltr'>factorum</span> <span class='ocrx_word' id='word_1_202' title='bbox 1692 2563 1806 2620; x_wconf 86' lang='lat' dir='ltr'>spe-</span> 
     </span>
    </p>
   </div>
   <div class='ocr_carea' id='block_1_31' title="bbox 224 2633 1807 2704">
    <p class='ocr_par' dir='ltr' id='par_1_31' title="bbox 224 2633 1807 2704">
     <span class='ocr_line' id='line_1_31' title="bbox 224 2633 1807 2704; baseline 0.002 -14"><span class='ocrx_word' id='word_1_203' title='bbox 224 2642 430 2704; x_wconf 79' lang='lat' dir='ltr'>rarent,</span> <span class='ocrx_word' id='word_1_204' title='bbox 484 2633 539 2689; x_wconf 93' lang='lat' dir='ltr'>id</span> <span class='ocrx_word' id='word_1_205' title='bbox 582 2643 683 2702; x_wconf 90' lang='lat' dir='ltr'>est,</span> <span class='ocrx_word' id='word_1_206' title='bbox 728 2635 794 2690; x_wconf 89' lang='lat' dir='ltr'>de</span> <span class='ocrx_word' id='word_1_207' title='bbox 840 2634 1172 2704; x_wconf 84' lang='lat' dir='ltr'>Neomeniis,</span> <span class='ocrx_word' id='word_1_208' title='bbox 1220 2635 1476 2704; x_wconf 88' lang='lat' dir='ltr'>Sabbato,</span> <span class='ocrx_word' id='word_1_209' title='bbox 1508 2634 1807 2693; x_wconf 83' lang='lat' dir='ltr'>circumci—</span> 
     </span>
    </p>
   </div>
   <div class='ocr_carea' id='block_1_32' title="bbox 222 2723 1808 2797">
    <p class='ocr_par' dir='ltr' id='par_1_32' title="bbox 222 2723 1808 2797">
     <span class='ocr_line' id='line_1_32' title="bbox 222 2723 1808 2797; baseline 0.001 -18"><span class='ocrx_word' id='word_1_210' title='bbox 222 2723 401 2792; x_wconf 90' lang='lat' dir='ltr'>sione,</span> <span class='ocrx_word' id='word_1_211' title='bbox 443 2730 496 2779; x_wconf 90' lang='lat' dir='ltr'>et</span> <span class='ocrx_word' id='word_1_212' title='bbox 542 2723 871 2780; x_wconf 86' lang='lat' dir='ltr'>discretione</span> <span class='ocrx_word' id='word_1_213' title='bbox 914 2739 1186 2791; x_wconf 89' lang='lat' dir='ltr'>escarum;</span> <span class='ocrx_word' id='word_1_214' title='bbox 1238 2724 1367 2797; x_wconf 87' lang='lat' dir='ltr'>quia</span> <span class='ocrx_word' id='word_1_215' title='bbox 1415 2724 1507 2797; x_wconf 88' lang='lat' dir='ltr'>qui</span> <span class='ocrx_word' id='word_1_216' title='bbox 1551 2725 1722 2780; x_wconf 88' lang='lat' dir='ltr'>Deum</span> <span class='ocrx_word' id='word_1_217' title='bbox 1753 2730 1808 2780; x_wconf 89' lang='lat' dir='ltr'>et</span> 
     </span>
    </p>
   </div>
   <div class='ocr_carea' id='block_1_33' title="bbox 227 2810 1807 2883">
    <p class='ocr_par' dir='ltr' id='par_1_33' title="bbox 227 2810 1807 2883">
     <span class='ocr_line' id='line_1_33' title="bbox 227 2810 1807 2883; baseline 0 -16"><span class='ocrx_word' id='word_1_218' title='bbox 227 2810 526 2867; x_wconf 91' lang='lat' dir='ltr'>Dominum</span> <span class='ocrx_word' id='word_1_219' title='bbox 576 2812 708 2881; x_wconf 79' lang='lat' dir='ltr'>legis</span> <span class='ocrx_word' id='word_1_220' title='bbox 754 2811 907 2879; x_wconf 91' lang='lat' dir='ltr'>colit,</span> <span class='ocrx_word' id='word_1_221' title='bbox 941 2827 1104 2883; x_wconf 90' lang='lat' dir='ltr'>supra</span> <span class='ocrx_word' id='word_1_222' title='bbox 1133 2812 1307 2882; x_wconf 85' lang='lat' dir='ltr'>legem</span> <span class='ocrx_word' id='word_1_223' title='bbox 1338 2819 1456 2867; x_wconf 90' lang='lat' dir='ltr'>est:</span> <span class='ocrx_word' id='word_1_224' title='bbox 1499 2826 1599 2867; x_wconf 89' lang='lat' dir='ltr'>nec</span> <span class='ocrx_word' id='word_1_225' title='bbox 1630 2818 1807 2882; x_wconf 87' lang='lat' dir='ltr'>potest</span> 
     </span>
    </p>
   </div>
   <div class='ocr_carea' id='block_1_34' title="bbox 219 2897 1805 2973">
    <p class='ocr_par' dir='ltr' id='par_1_34' title="bbox 219 2897 1805 2973">
     <span class='ocr_line' id='line_1_34' title="bbox 219 2897 1805 2973; baseline 0.001 -20"><span class='ocrx_word' id='word_1_226' title='bbox 219 2899 468 2973; x_wconf 84' lang='lat' dir='ltr'>judicari</span> <span class='ocrx_word' id='word_1_227' title='bbox 498 2916 525 2956; x_wconf 89' lang='lat' dir='ltr'>a</span> <span class='ocrx_word' id='word_1_228' title='bbox 562 2900 696 2969; x_wconf 80' lang='lat' dir='ltr'>lege,</span> <span class='ocrx_word' id='word_1_229' title='bbox 738 2899 829 2969; x_wconf 91' lang='lat' dir='ltr'>qui</span> <span class='ocrx_word' id='word_1_230' title='bbox 872 2914 995 2953; x_wconf 90' lang='lat' dir='ltr'>cum</span> <span class='ocrx_word' id='word_1_231' title='bbox 1029 2898 1333 2969; x_wconf 84' lang='lat' dir='ltr'>legislatore</span> <span class='ocrx_word' id='word_1_232' title='bbox 1362 2897 1673 2955; x_wconf 80' lang='lat' dir='ltr'>concordat.</span> <span class='ocrx_word' id='word_1_233' title='bbox 1706 2899 1805 2955; x_wconf 91' lang='lat' dir='ltr'>De-</span> 
     </span>
    </p>
   </div>
   <div class='ocr_carea' id='block_1_35' title="bbox 227 2986 1807 3060">
    <p class='ocr_par' dir='ltr' id='par_1_35' title="bbox 227 2986 1807 3060">
     <span class='ocr_line' id='line_1_35' title="bbox 227 2986 1807 3060; baseline -0.003 -14"><span class='ocrx_word' id='word_1_234' title='bbox 227 2990 395 3060; x_wconf 91' lang='lat' dir='ltr'>nique</span> <span class='ocrx_word' id='word_1_235' title='bbox 443 3003 553 3043; x_wconf 89' lang='lat' dir='ltr'>non</span> <span class='ocrx_word' id='word_1_236' title='bbox 604 2988 825 3042; x_wconf 87' lang='lat' dir='ltr'>illorum</span> <span class='ocrx_word' id='word_1_237' title='bbox 863 3002 1023 3044; x_wconf 88' lang='lat' dir='ltr'>causa</span> <span class='ocrx_word' id='word_1_238' title='bbox 1078 2987 1165 3041; x_wconf 82' lang='lat' dir='ltr'>lex</span> <span class='ocrx_word' id='word_1_239' title='bbox 1193 2986 1318 3042; x_wconf 91' lang='lat' dir='ltr'>data</span> <span class='ocrx_word' id='word_1_240' title='bbox 1371 2994 1469 3055; x_wconf 91' lang='lat' dir='ltr'>est,</span> <span class='ocrx_word' id='word_1_241' title='bbox 1510 2986 1604 3059; x_wconf 90' lang='lat' dir='ltr'>qui</span> <span class='ocrx_word' id='word_1_242' title='bbox 1632 2988 1807 3043; x_wconf 91' lang='lat' dir='ltr'>Deum</span> 
     </span>
    </p>
   </div>
   <div class='ocr_carea' id='block_1_36' title="bbox 228 3075 1806 3148">
    <p class='ocr_par' dir='ltr' id='par_1_36' title="bbox 228 3075 1806 3148">
     <span class='ocr_line' id='line_1_36' title="bbox 228 3075 1806 3148; baseline -0.003 -12"><span class='ocrx_word' id='word_1_243' title='bbox 228 3077 516 3136; x_wconf 84' lang='lat' dir='ltr'>colebant:</span> <span class='ocrx_word' id='word_1_244' title='bbox 566 3076 657 3132; x_wconf 90' lang='lat' dir='ltr'>sed</span> <span class='ocrx_word' id='word_1_245' title='bbox 686 3091 872 3131; x_wconf 89' lang='lat' dir='ltr'>eorum</span> <span class='ocrx_word' id='word_1_246' title='bbox 904 3075 998 3148; x_wconf 90' lang='lat' dir='ltr'>qui</span> <span class='ocrx_word' id='word_1_247' title='bbox 1027 3077 1167 3131; x_wconf 90' lang='lat' dir='ltr'>male</span> <span class='ocrx_word' id='word_1_248' title='bbox 1195 3083 1247 3132; x_wconf 93' lang='lat' dir='ltr'>et</span> <span class='ocrx_word' id='word_1_249' title='bbox 1272 3075 1561 3132; x_wconf 87' lang='lat' dir='ltr'>credebant</span> <span class='ocrx_word' id='word_1_250' title='bbox 1589 3084 1641 3131; x_wconf 90' lang='lat' dir='ltr'>et</span> <span class='ocrx_word' id='word_1_251' title='bbox 1670 3090 1806 3146; x_wconf 90' lang='lat' dir='ltr'>age-</span> 
     </span>
    </p>
   </div>
   <div class='ocr_carea' id='block_1_37' title="bbox 223 3161 1808 3235">
    <p class='ocr_par' dir='ltr' id='par_1_37' title="bbox 223 3161 1808 3235">
     <span class='ocr_line' id='line_1_37' title="bbox 223 3161 1808 3235; baseline -0.003 -12"><span class='ocrx_word' id='word_1_252' title='bbox 223 3167 358 3223; x_wconf 87' lang='lat' dir='ltr'>bant</span> <span class='ocrx_word' id='word_1_253' title='bbox 402 3164 467 3220; x_wconf 90' lang='lat' dir='ltr'>ad</span> <span class='ocrx_word' id='word_1_254' title='bbox 506 3171 877 3235; x_wconf 80' lang='lat' dir='ltr'>contemptum</span> <span class='ocrx_word' id='word_1_255' title='bbox 928 3161 1217 3220; x_wconf 87' lang='lat' dir='ltr'>Creatoris.</span> <span class='ocrx_word' id='word_1_256' title='bbox 1267 3163 1421 3220; x_wconf 91' lang='lat' dir='ltr'>Unde</span> <span class='ocrx_word' id='word_1_257' title='bbox 1448 3163 1582 3221; x_wconf 89' lang='lat' dir='ltr'>dicit</span> <span class='ocrx_word' id='word_1_258' title='bbox 1609 3163 1676 3219; x_wconf 90' lang='lat' dir='ltr'>ad</span> <span class='ocrx_word' id='word_1_259' title='bbox 1704 3162 1808 3219; x_wconf 83' lang='lat' dir='ltr'>Ti-</span> 
     </span>
    </p>
   </div>
   <div class='ocr_carea' id='block_1_38' title="bbox 1838 1895 3493 1977">
    <p class='ocr_par' dir='ltr' id='par_1_38' title="bbox 1838 1895 3493 1977">
     <span class='ocr_line' id='line_1_38' title="bbox 1838 1895 3493 1977; baseline 0.007 -21"><span class='ocrx_word' id='word_1_260' title='bbox 1838 1895 1885 1956; x_wconf 93' lang='lat' dir='ltr'><strong>B</strong></span> <span class='ocrx_word' id='word_1_261' title='bbox 1922 1895 2053 1967; x_wconf 77' lang='lat'>5’6);</span> <span class='ocrx_word' id='word_1_262' title='bbox 2109 1920 2129 1947; x_wconf 70' lang='grc' dir='ltr'><strong><em>ι</em></strong></span> <span class='ocrx_word' id='word_1_263' title='bbox 2190 1905 2437 1973; x_wconf 86' lang='lat' dir='ltr'>tempore</span> <span class='ocrx_word' id='word_1_264' title='bbox 2480 1900 2628 1958; x_wconf 90' lang='lat' dir='ltr'>enim</span> <span class='ocrx_word' id='word_1_265' title='bbox 2673 1918 2781 1977; x_wconf 91' lang='lat' dir='ltr'>quo</span> <span class='ocrx_word' id='word_1_266' title='bbox 2810 1902 2974 1963; x_wconf 89' lang='lat' dir='ltr'>simul</span> <span class='ocrx_word' id='word_1_267' title='bbox 3003 1904 3183 1967; x_wconf 90' lang='lat' dir='ltr'>adhuc</span> <span class='ocrx_word' id='word_1_268' title='bbox 3211 1919 3365 1966; x_wconf 88' lang='lat' dir='ltr'>erant</span> <span class='ocrx_word' id='word_1_269' title='bbox 3390 1909 3493 1967; x_wconf 85' lang='lat' dir='ltr'>ﬁlii</span> 
     </span>
    </p>
   </div>
   <div class='ocr_carea' id='block_1_39' title="bbox 1918 1984 3491 2070">
    <p class='ocr_par' dir='ltr' id='par_1_39' title="bbox 1918 1984 3491 2070">
     <span class='ocr_line' id='line_1_39' title="bbox 1918 1984 3491 2070; baseline 0.009 -31"><span class='ocrx_word' id='word_1_270' title='bbox 1918 1984 2078 2041; x_wconf 91' lang='lat' dir='ltr'>Israel</span> <span class='ocrx_word' id='word_1_271' title='bbox 2128 1986 2185 2042; x_wconf 91' lang='lat' dir='ltr'>in</span> <span class='ocrx_word' id='word_1_272' title='bbox 2226 2004 2427 2059; x_wconf 89' lang='lat' dir='ltr'>eremo,</span> <span class='ocrx_word' id='word_1_273' title='bbox 2457 2001 2744 2065; x_wconf 88' lang='lat' dir='ltr'>antequam</span> <span class='ocrx_word' id='word_1_274' title='bbox 2776 1992 2946 2049; x_wconf 90' lang='lat' dir='ltr'>vicini</span> <span class='ocrx_word' id='word_1_275' title='bbox 2976 2003 3156 2052; x_wconf 90' lang='lat' dir='ltr'>essent</span> <span class='ocrx_word' id='word_1_276' title='bbox 3183 1998 3491 2070; x_wconf 78' lang='lat' dir='ltr'>gentilium,</span> 
     </span>
    </p>
   </div>
   <div class='ocr_carea' id='block_1_40' title="bbox 1916 2075 3495 2142">
    <p class='ocr_par' dir='ltr' id='par_1_40' title="bbox 1916 2075 3495 2142">
     <span class='ocr_line' id='line_1_40' title="bbox 1916 2075 3495 2142; baseline 0.01 -16"><span class='ocrx_word' id='word_1_277' title='bbox 1916 2088 2028 2128; x_wconf 90' lang='lat' dir='ltr'>non</span> <span class='ocrx_word' id='word_1_278' title='bbox 2077 2082 2206 2130; x_wconf 89' lang='lat' dir='ltr'>sunt</span> <span class='ocrx_word' id='word_1_279' title='bbox 2237 2075 2565 2135; x_wconf 82' lang='lat' dir='ltr'>circumcisi.</span> <span class='ocrx_word' id='word_1_280' title='bbox 2615 2082 2689 2135; x_wconf 88' lang='lat' dir='ltr'>At</span> <span class='ocrx_word' id='word_1_281' title='bbox 2719 2078 2816 2136; x_wconf 91' lang='lat' dir='ltr'>ubi</span> <span class='ocrx_word' id='word_1_282' title='bbox 2847 2081 3188 2139; x_wconf 89' lang='lat' dir='ltr'>commisceri</span> <span class='ocrx_word' id='word_1_283' title='bbox 3219 2082 3495 2142; x_wconf 89' lang='lat' dir='ltr'>habebant</span> 
     </span>
    </p>
   </div>
   <div class='ocr_carea' id='block_1_41' title="bbox 1920 2162 3495 2245">
    <p class='ocr_par' dir='ltr' id='par_1_41' title="bbox 1920 2162 3495 2245">
     <span class='ocr_line' id='line_1_41' title="bbox 1920 2162 3495 2245; baseline 0.01 -30"><span class='ocrx_word' id='word_1_284' title='bbox 1920 2162 2191 2233; x_wconf 77' lang='lat' dir='ltr'>gentibus,</span> <span class='ocrx_word' id='word_1_285' title='bbox 2235 2171 2369 2224; x_wconf 90' lang='lat' dir='ltr'>tunc</span> <span class='ocrx_word' id='word_1_286' title='bbox 2405 2182 2437 2223; x_wconf 90' lang='lat' dir='ltr'>a</span> <span class='ocrx_word' id='word_1_287' title='bbox 2480 2167 2605 2225; x_wconf 84' lang='lat' dir='ltr'>Jesu</span> <span class='ocrx_word' id='word_1_288' title='bbox 2634 2167 2783 2224; x_wconf 87' lang='lat' dir='ltr'>Nave</span> <span class='ocrx_word' id='word_1_289' title='bbox 2828 2169 3137 2227; x_wconf 90' lang='lat' dir='ltr'>circumcisi</span> <span class='ocrx_word' id='word_1_290' title='bbox 3167 2180 3295 2229; x_wconf 89' lang='lat' dir='ltr'>sunt</span> <span class='ocrx_word' id='word_1_291' title='bbox 3322 2171 3388 2228; x_wconf 91' lang='lat' dir='ltr'>de</span> <span class='ocrx_word' id='word_1_292' title='bbox 3409 2189 3495 2245; x_wconf 88' lang='lat' dir='ltr'>pe-</span> 
     </span>
    </p>
   </div>
   <div class='ocr_carea' id='block_1_42' title="bbox 1916 2252 3492 2336">
    <p class='ocr_par' dir='ltr' id='par_1_42' title="bbox 1916 2252 3492 2336">
     <span class='ocr_line' id='line_1_42' title="bbox 1916 2252 3492 2336; baseline 0.01 -32"><span class='ocrx_word' id='word_1_293' title='bbox 1916 2256 2001 2305; x_wconf 87' lang='lat' dir='ltr'>tra</span> <span class='ocrx_word' id='word_1_294' title='bbox 2060 2252 2239 2321; x_wconf 81' lang='lat' dir='ltr'>(Josue</span> <span class='ocrx_word' id='word_1_295' title='bbox 2276 2270 2332 2322; x_wconf 94' lang='lat' dir='ltr'>v,</span> <span class='ocrx_word' id='word_1_296' title='bbox 2392 2254 2469 2327; x_wconf 87' lang='lat'>3),</span> <span class='ocrx_word' id='word_1_297' title='bbox 2528 2272 2649 2331; x_wconf 73' lang='lat' dir='ltr'>quae</span> <span class='ocrx_word' id='word_1_298' title='bbox 2691 2256 2964 2329; x_wconf 88' lang='lat' dir='ltr'>signiﬁcat</span> <span class='ocrx_word' id='word_1_299' title='bbox 3017 2258 3297 2317; x_wconf 88' lang='lat' dir='ltr'>Christum</span> <span class='ocrx_word' id='word_1_300' title='bbox 3327 2260 3492 2336; x_wconf 65' lang='lat' dir='ltr'>(lii):</span> 
     </span>
    </p>
   </div>
   <div class='ocr_carea' id='block_1_43' title="bbox 1931 2338 3485 2420">
    <p class='ocr_par' dir='ltr' id='par_1_43' title="bbox 1931 2338 3485 2420">
     <span class='ocr_line' id='line_1_43' title="bbox 1931 2338 3485 2420; baseline 0.003 -26"><span class='ocrx_word' id='word_1_301' title='bbox 1931 2360 1952 2385; x_wconf 73' lang='grc' dir='ltr'><strong>α</strong></span> <span class='ocrx_word' id='word_1_302' title='bbox 1980 2338 2118 2405; x_wconf 88' lang='lat' dir='ltr'>Quia</span> <span class='ocrx_word' id='word_1_303' title='bbox 2149 2350 2318 2411; x_wconf 89' lang='lat' dir='ltr'>petra,</span> <span class='ocrx_word' id='word_1_304' title='bbox 2352 2342 2552 2415; x_wconf 90' lang='lat' dir='ltr'>inquit,</span> <span class='ocrx_word' id='word_1_305' title='bbox 2585 2353 2700 2402; x_wconf 89' lang='lat' dir='ltr'>erat</span> <span class='ocrx_word' id='word_1_306' title='bbox 2728 2344 2983 2403; x_wconf 88' lang='lat' dir='ltr'>Christus</span> <span class='ocrx_word' id='word_1_307' title='bbox 3018 2347 3083 2418; x_wconf 87' lang='grc' dir='ltr'>(Ι</span> <span class='ocrx_word' id='word_1_308' title='bbox 3107 2348 3233 2405; x_wconf 87' lang='lat' dir='ltr'>Cor.</span> <span class='ocrx_word' id='word_1_309' title='bbox 3262 2365 3321 2416; x_wconf 83' lang='lat' dir='ltr'>x,</span> <span class='ocrx_word' id='word_1_310' title='bbox 3352 2347 3433 2420; x_wconf 76' lang='grc'>4),</span> <span class='ocrx_word' id='word_1_311' title='bbox 3464 2374 3485 2399; x_wconf 74' lang='grc' dir='ltr'><strong>ι</strong></span> 
     </span>
    </p>
   </div>
   <div class='ocr_carea' id='block_1_44' title="bbox 1916 2427 3494 2502">
    <p class='ocr_par' dir='ltr' id='par_1_44' title="bbox 1916 2427 3494 2502">
     <span class='ocr_line' id='line_1_44' title="bbox 1916 2427 3494 2502; baseline 0.006 -19"><span class='ocrx_word' id='word_1_312' title='bbox 1916 2434 1977 2483; x_wconf 90' lang='lat' dir='ltr'>ut</span> <span class='ocrx_word' id='word_1_313' title='bbox 2006 2427 2313 2501; x_wconf 79' lang='lat' dir='ltr'>designaret</span> <span class='ocrx_word' id='word_1_314' title='bbox 2334 2448 2429 2502; x_wconf 88' lang='lat' dir='ltr'>per</span> <span class='ocrx_word' id='word_1_315' title='bbox 2449 2432 2729 2490; x_wconf 89' lang='lat' dir='ltr'>Christum</span> <span class='ocrx_word' id='word_1_316' title='bbox 2760 2434 3003 2492; x_wconf 85' lang='lat' dir='ltr'>futuram</span> <span class='ocrx_word' id='word_1_317' title='bbox 3022 2435 3494 2495; x_wconf 90' lang='lat' dir='ltr'>circumcisionem</span> 
     </span>
    </p>
   </div>
   <div class='ocr_carea' id='block_1_45' title="bbox 1915 2516 3490 2598">
    <p class='ocr_par' dir='ltr' id='par_1_45' title="bbox 1915 2516 3490 2598">
     <span class='ocr_line' id='line_1_45' title="bbox 1915 2516 3490 2598; baseline 0.007 -28"><span class='ocrx_word' id='word_1_318' title='bbox 1915 2516 2113 2585; x_wconf 85' lang='lat' dir='ltr'>cordis,</span> <span class='ocrx_word' id='word_1_319' title='bbox 2145 2520 2287 2574; x_wconf 90' lang='lat' dir='ltr'>sicut</span> <span class='ocrx_word' id='word_1_320' title='bbox 2323 2518 2539 2577; x_wconf 85' lang='lat' dir='ltr'>dixerat</span> <span class='ocrx_word' id='word_1_321' title='bbox 2568 2522 2803 2595; x_wconf 83' lang='lat' dir='ltr'>Moyses,</span> <span class='ocrx_word' id='word_1_322' title='bbox 2835 2531 2890 2579; x_wconf 92' lang='lat' dir='ltr'>et</span> <span class='ocrx_word' id='word_1_323' title='bbox 2918 2523 3181 2581; x_wconf 85' lang='lat' dir='ltr'>Jeremias</span> <span class='ocrx_word' id='word_1_324' title='bbox 3201 2524 3490 2598; x_wconf 83' lang='lat' dir='ltr'>propheta:</span> 
     </span>
    </p>
   </div>
   <div class='ocr_carea' id='block_1_46' title="bbox 1931 2601 3493 2685">
    <p class='ocr_par' dir='ltr' id='par_1_46' title="bbox 1931 2601 3493 2685">
     <span class='ocr_line' id='line_1_46' title="bbox 1931 2601 3493 2685; baseline 0.007 -27"><span class='ocrx_word' id='word_1_325' title='bbox 1931 2625 1950 2650; x_wconf 73' lang='grc' dir='ltr'>ι</span> <span class='ocrx_word' id='word_1_326' title='bbox 1977 2601 2365 2662; x_wconf 89' lang='lat' dir='ltr'>Circumcidite</span> <span class='ocrx_word' id='word_1_327' title='bbox 2397 2624 2494 2662; x_wconf 84' lang='lat' dir='ltr'>vos</span> <span class='ocrx_word' id='word_1_328' title='bbox 2526 2610 2657 2676; x_wconf 88' lang='lat' dir='ltr'>Deo,</span> <span class='ocrx_word' id='word_1_329' title='bbox 2694 2617 2748 2664; x_wconf 92' lang='lat' dir='ltr'>et</span> <span class='ocrx_word' id='word_1_330' title='bbox 2776 2609 3154 2668; x_wconf 91' lang='lat' dir='ltr'>circumcidite</span> <span class='ocrx_word' id='word_1_331' title='bbox 3168 2616 3493 2685; x_wconf 61' lang='lat' dir='ltr'>praeputium</span> 
     </span>
    </p>
   </div>
   <div class='ocr_carea' id='block_1_47' title="bbox 1915 2689 3495 2770">
    <p class='ocr_par' dir='ltr' id='par_1_47' title="bbox 1915 2689 3495 2770">
     <span class='ocr_line' id='line_1_47' title="bbox 1915 2689 3495 2770; baseline 0.006 -23"><span class='ocrx_word' id='word_1_332' title='bbox 1915 2689 2099 2747; x_wconf 86' lang='lat' dir='ltr'>cordis</span> <span class='ocrx_word' id='word_1_333' title='bbox 2131 2694 2295 2748; x_wconf 79' lang='lat' dir='ltr'>vestri</span> <span class='ocrx_word' id='word_1_334' title='bbox 2347 2695 2525 2766; x_wconf 84' lang='lat' dir='ltr'>(Deut.</span> <span class='ocrx_word' id='word_1_335' title='bbox 2571 2712 2630 2763; x_wconf 85' lang='lat' dir='ltr'>x,</span> <span class='ocrx_word' id='word_1_336' title='bbox 2667 2696 2767 2763; x_wconf 79' lang='lat' dir='ltr'>i6;</span> <span class='ocrx_word' id='word_1_337' title='bbox 2818 2696 3006 2755; x_wconf 82' lang='lat' dir='ltr'>Jerem.</span> <span class='ocrx_word' id='word_1_338' title='bbox 3038 2714 3116 2767; x_wconf 78' lang='lat' dir='ltr'>1v,</span> <span class='ocrx_word' id='word_1_339' title='bbox 3146 2697 3205 2770; x_wconf 73' lang='grc'>4)</span> <span class='ocrx_word' id='word_1_340' title='bbox 3240 2718 3253 2768; x_wconf 91' lang='grc'>;</span> <span class='ocrx_word' id='word_1_341' title='bbox 3287 2709 3347 2756; x_wconf 93' lang='lat' dir='ltr'>ut</span> <span class='ocrx_word' id='word_1_342' title='bbox 3370 2717 3495 2757; x_wconf 85' lang='lat' dir='ltr'>am-</span> 
     </span>
    </p>
   </div>
   <div class='ocr_carea' id='block_1_48' title="bbox 1914 2782 3496 2860">
    <p class='ocr_par' dir='ltr' id='par_1_48' title="bbox 1914 2782 3496 2860">
     <span class='ocr_line' id='line_1_48' title="bbox 1914 2782 3496 2860; baseline 0.007 -26"><span class='ocrx_word' id='word_1_343' title='bbox 1914 2787 2101 2851; x_wconf 85' lang='lat' dir='ltr'>putata</span> <span class='ocrx_word' id='word_1_344' title='bbox 2146 2782 2403 2855; x_wconf 86' lang='lat' dir='ltr'>caligine,</span> <span class='ocrx_word' id='word_1_345' title='bbox 2448 2799 2545 2855; x_wconf 91' lang='lat' dir='ltr'>per</span> <span class='ocrx_word' id='word_1_346' title='bbox 2586 2782 2964 2841; x_wconf 90' lang='lat' dir='ltr'>remissionem</span> <span class='ocrx_word' id='word_1_347' title='bbox 2992 2795 3267 2860; x_wconf 88' lang='lat' dir='ltr'>acceptam</span> <span class='ocrx_word' id='word_1_348' title='bbox 3298 2804 3496 2860; x_wconf 89' lang='lat' dir='ltr'>pecca-</span> 
     </span>
    </p>
   </div>
   <div class='ocr_carea' id='block_1_49' title="bbox 1914 2870 3495 2952">
    <p class='ocr_par' dir='ltr' id='par_1_49' title="bbox 1914 2870 3495 2952">
     <span class='ocr_line' id='line_1_49' title="bbox 1914 2870 3495 2952; baseline 0.007 -28"><span class='ocrx_word' id='word_1_349' title='bbox 1914 2876 2095 2927; x_wconf 88' lang='lat' dir='ltr'>torum</span> <span class='ocrx_word' id='word_1_350' title='bbox 2146 2870 2299 2943; x_wconf 86' lang='lat' dir='ltr'>digni</span> <span class='ocrx_word' id='word_1_351' title='bbox 2341 2873 2535 2931; x_wconf 86' lang='lat' dir='ltr'>fierent</span> <span class='ocrx_word' id='word_1_352' title='bbox 2564 2874 2750 2930; x_wconf 91' lang='lat' dir='ltr'>videre</span> <span class='ocrx_word' id='word_1_353' title='bbox 2783 2875 3011 2947; x_wconf 85' lang='lat' dir='ltr'>gloriam</span> <span class='ocrx_word' id='word_1_354' title='bbox 3041 2877 3164 2943; x_wconf 91' lang='lat' dir='ltr'>Dei,</span> <span class='ocrx_word' id='word_1_355' title='bbox 3202 2894 3365 2952; x_wconf 89' lang='lat' dir='ltr'>quam</span> <span class='ocrx_word' id='word_1_356' title='bbox 3392 2879 3495 2935; x_wconf 91' lang='lat' dir='ltr'>sub</span> 
     </span>
    </p>
   </div>
   <div class='ocr_carea' id='block_1_50' title="bbox 1917 2958 3497 3037">
    <p class='ocr_par' dir='ltr' id='par_1_50' title="bbox 1917 2958 3497 3037">
     <span class='ocr_line' id='line_1_50' title="bbox 1917 2958 3497 3037; baseline 0.006 -24"><span class='ocrx_word' id='word_1_357' title='bbox 1917 2958 2031 3029; x_wconf 86' lang='lat' dir='ltr'>lege</span> <span class='ocrx_word' id='word_1_358' title='bbox 2078 2961 2246 3032; x_wconf 89' lang='lat' dir='ltr'>positi</span> <span class='ocrx_word' id='word_1_359' title='bbox 2291 2961 2479 3020; x_wconf 92' lang='lat' dir='ltr'>videre</span> <span class='ocrx_word' id='word_1_360' title='bbox 2526 2964 2890 3037; x_wconf 91' lang='lat' dir='ltr'>nequiverant</span> <span class='ocrx_word' id='word_1_361' title='bbox 2939 2980 3102 3021; x_wconf 89' lang='lat' dir='ltr'>causa</span> <span class='ocrx_word' id='word_1_362' title='bbox 3142 2967 3367 3037; x_wconf 89' lang='lat' dir='ltr'>peccati.</span> <span class='ocrx_word' id='word_1_363' title='bbox 3426 2968 3497 3023; x_wconf 91' lang='lat' dir='ltr'>Ut</span> 
     </span>
    </p>
   </div>
   <div class='ocr_carea' id='block_1_51' title="bbox 1915 3048 3494 3125">
    <p class='ocr_par' dir='ltr' id='par_1_51' title="bbox 1915 3048 3494 3125">
     <span class='ocr_line' id='line_1_51' title="bbox 1915 3048 3494 3125; baseline 0.006 -24"><span class='ocrx_word' id='word_1_364' title='bbox 1915 3061 2041 3118; x_wconf 91' lang='lat' dir='ltr'>ergo</span> <span class='ocrx_word' id='word_1_365' title='bbox 2090 3056 2144 3105; x_wconf 91' lang='lat' dir='ltr'>et</span> <span class='ocrx_word' id='word_1_366' title='bbox 2190 3048 2471 3108; x_wconf 90' lang='lat' dir='ltr'>Christum</span> <span class='ocrx_word' id='word_1_367' title='bbox 2517 3052 2692 3108; x_wconf 89' lang='lat' dir='ltr'>Deum</span> <span class='ocrx_word' id='word_1_368' title='bbox 2720 3052 2978 3125; x_wconf 84' lang='lat' dir='ltr'>signaret,</span> <span class='ocrx_word' id='word_1_369' title='bbox 3008 3060 3064 3110; x_wconf 91' lang='lat' dir='ltr'>et</span> <span class='ocrx_word' id='word_1_370' title='bbox 3088 3070 3199 3109; x_wconf 91' lang='lat' dir='ltr'>non</span> <span class='ocrx_word' id='word_1_371' title='bbox 3224 3070 3279 3110; x_wconf 91' lang='lat' dir='ltr'>se</span> <span class='ocrx_word' id='word_1_372' title='bbox 3304 3055 3372 3110; x_wconf 89' lang='lat' dir='ltr'>ah</span> <span class='ocrx_word' id='word_1_373' title='bbox 3401 3054 3494 3110; x_wconf 88' lang='lat' dir='ltr'>bo-</span> 
     </span>
    </p>
   </div>
   <div class='ocr_carea' id='block_1_52' title="bbox 1915 3136 3498 3221">
    <p class='ocr_par' dir='ltr' id='par_1_52' title="bbox 1915 3136 3498 3221">
     <span class='ocr_line' id='line_1_52' title="bbox 1915 3136 3498 3221; baseline 0.007 -30"><span class='ocrx_word' id='word_1_374' title='bbox 1915 3136 2065 3194; x_wconf 90' lang='lat' dir='ltr'>mine</span> <span class='ocrx_word' id='word_1_375' title='bbox 2104 3153 2167 3197; x_wconf 90' lang='lat' dir='ltr'>ea</span> <span class='ocrx_word' id='word_1_376' title='bbox 2213 3139 2470 3203; x_wconf 89' lang='lat' dir='ltr'>didicisse</span> <span class='ocrx_word' id='word_1_377' title='bbox 2500 3155 2623 3221; x_wconf 69' lang='lat' dir='ltr'>quae</span> <span class='ocrx_word' id='word_1_378' title='bbox 2651 3140 2905 3215; x_wconf 88' lang='lat' dir='ltr'>docebat,</span> <span class='ocrx_word' id='word_1_379' title='bbox 2930 3150 3212 3215; x_wconf 86' lang='lat' dir='ltr'>assereret,</span> <span class='ocrx_word' id='word_1_380' title='bbox 3244 3144 3320 3206; x_wconf 87' lang='lat' dir='ltr'>ita</span> <span class='ocrx_word' id='word_1_381' title='bbox 3347 3144 3498 3205; x_wconf 88' lang='lat' dir='ltr'>inci-</span> 
     </span>
    </p>
   </div>
   <div class='ocr_carea' id='block_1_53' title="bbox 223 3224 2041 3324">
    <p class='ocr_par' dir='ltr' id='par_1_53' title="bbox 223 3224 2041 3324">
     <span class='ocr_line' id='line_1_53' title="bbox 223 3224 2041 3324; baseline -0.002 -15"><span class='ocrx_word' id='word_1_382' title='bbox 223 3254 507 3310; x_wconf 88' lang='lat' dir='ltr'>motheum</span> <span class='ocrx_word' id='word_1_383' title='bbox 538 3269 551 3308; x_wconf 89' lang='lat'><strong>:</strong></span> <span class='ocrx_word' id='word_1_384' title='bbox 595 3277 614 3301; x_wconf 72' lang='grc' dir='ltr'>ι</span> <span class='ocrx_word' id='word_1_385' title='bbox 638 3224 747 3311; x_wconf 75' lang='lat' dir='ltr'>Nec</span> <span class='ocrx_word' id='word_1_386' title='bbox 775 3252 919 3309; x_wconf 89' lang='lat' dir='ltr'>enim</span> <span class='ocrx_word' id='word_1_387' title='bbox 948 3251 1095 3323; x_wconf 85' lang='lat' dir='ltr'>justo</span> <span class='ocrx_word' id='word_1_388' title='bbox 1127 3254 1216 3308; x_wconf 88' lang='lat' dir='ltr'>lex</span> <span class='ocrx_word' id='word_1_389' title='bbox 1246 3253 1422 3324; x_wconf 91' lang='lat' dir='ltr'>posita</span> <span class='ocrx_word' id='word_1_390' title='bbox 1450 3263 1550 3318; x_wconf 86' lang='lat' dir='ltr'>est,</span> <span class='ocrx_word' id='word_1_391' title='bbox 1584 3252 1677 3309; x_wconf 90' lang='lat' dir='ltr'>sed</span> <span class='ocrx_word' id='word_1_392' title='bbox 1707 3252 1804 3309; x_wconf 81' lang='lat' dir='ltr'>in-</span> <span class='ocrx_word' id='word_1_393' title='bbox 1832 3236 1878 3300; x_wconf 75' lang='grc' dir='ltr'>Ο</span> <span class='ocrx_word' id='word_1_394' title='bbox 1912 3224 1995 3297; x_wconf 60' lang='lat' dir='ltr'>Pi‘</span> <span class='ocrx_word' id='word_1_395' title='bbox 2027 3241 2041 3281; x_wconf 74' lang='grc'>³</span> 
     </span>
    </p>
   </div>
   <div class='ocr_carea' id='block_1_54' title="bbox 214 3340 1808 3415">
    <p class='ocr_par' dir='ltr' id='par_1_54' title="bbox 214 3340 1808 3415">
     <span class='ocr_line' id='line_1_54' title="bbox 214 3340 1808 3415; baseline -0.001 -17"><span class='ocrx_word' id='word_1_396' title='bbox 214 3341 403 3415; x_wconf 88' lang='lat' dir='ltr'>justis,</span> <span class='ocrx_word' id='word_1_397' title='bbox 462 3349 516 3399; x_wconf 90' lang='lat' dir='ltr'>et</span> <span class='ocrx_word' id='word_1_398' title='bbox 571 3342 710 3397; x_wconf 89' lang='lat' dir='ltr'>male</span> <span class='ocrx_word' id='word_1_399' title='bbox 758 3340 1101 3397; x_wconf 88' lang='lat' dir='ltr'>versantibus</span> <span class='ocrx_word' id='word_1_400' title='bbox 1158 3342 1215 3411; x_wconf 88' lang='grc' dir='ltr'>(Ι</span> <span class='ocrx_word' id='word_1_401' title='bbox 1270 3342 1401 3395; x_wconf 87' lang='lat' dir='ltr'>Tim.</span> <span class='ocrx_word' id='word_1_402' title='bbox 1455 3359 1495 3408; x_wconf 79' lang='grc' dir='ltr'>ι,</span> <span class='ocrx_word' id='word_1_403' title='bbox 1541 3341 1620 3411; x_wconf 87' lang='grc'>9).</span> <span class='ocrx_word' id='word_1_404' title='bbox 1664 3364 1683 3388; x_wconf 76' lang='grc' dir='ltr'><strong><em>ι</em></strong></span> <span class='ocrx_word' id='word_1_405' title='bbox 1735 3341 1808 3397; x_wconf 87' lang='lat' dir='ltr'>Et</span> 
     </span>
    </p>
   </div>
   <div class='ocr_carea' id='block_1_55' title="bbox 217 3428 1805 3502">
    <p class='ocr_par' dir='ltr' id='par_1_55' title="bbox 217 3428 1805 3502">
     <span class='ocr_line' id='line_1_55' title="bbox 217 3428 1805 3502; baseline -0.002 -16"><span class='ocrx_word' id='word_1_406' title='bbox 217 3430 435 3501; x_wconf 87' lang='lat' dir='ltr'>Moyses</span> <span class='ocrx_word' id='word_1_407' title='bbox 493 3429 573 3485; x_wconf 87' lang='lat' dir='ltr'>sic</span> <span class='ocrx_word' id='word_1_408' title='bbox 601 3429 782 3502; x_wconf 89' lang='lat' dir='ltr'>inquit</span> <span class='ocrx_word' id='word_1_409' title='bbox 814 3444 825 3481; x_wconf 89' lang='lat'><strong>:</strong></span> <span class='ocrx_word' id='word_1_410' title='bbox 875 3452 893 3474; x_wconf 73' lang='grc' dir='ltr'><strong>ε</strong></span> <span class='ocrx_word' id='word_1_411' title='bbox 921 3428 1197 3483; x_wconf 87' lang='lat' dir='ltr'>Timentes</span> <span class='ocrx_word' id='word_1_412' title='bbox 1228 3428 1439 3483; x_wconf 85' lang='lat' dir='ltr'>facietis</span> <span class='ocrx_word' id='word_1_413' title='bbox 1470 3428 1613 3482; x_wconf 86' lang='lat' dir='ltr'>ﬁlios</span> <span class='ocrx_word' id='word_1_414' title='bbox 1642 3428 1805 3483; x_wconf 87' lang='lat' dir='ltr'>Israel</span> 
     </span>
    </p>
   </div>
   <div class='ocr_carea' id='block_1_56' title="bbox 222 3514 1807 3591">
    <p class='ocr_par' dir='ltr' id='par_1_56' title="bbox 222 3514 1807 3591">
     <span class='ocr_line' id='line_1_56' title="bbox 222 3514 1807 3591; baseline -0.002 -17"><span class='ocrx_word' id='word_1_415' title='bbox 222 3519 414 3591; x_wconf 80' lang='lat' dir='ltr'>(Leuit.</span> <span class='ocrx_word' id='word_1_416' title='bbox 467 3534 567 3586; x_wconf 87' lang='lat' dir='ltr'>xv,</span> <span class='ocrx_word' id='word_1_417' title='bbox 618 3517 731 3589; x_wconf 87' lang='grc'>31).</span> <span class='ocrx_word' id='word_1_418' title='bbox 783 3541 802 3565; x_wconf 75' lang='grc' dir='ltr'><strong><em>ι</em></strong></span> <span class='ocrx_word' id='word_1_419' title='bbox 856 3515 1009 3571; x_wconf 90' lang='lat' dir='ltr'>Unde</span> <span class='ocrx_word' id='word_1_420' title='bbox 1060 3522 1113 3568; x_wconf 92' lang='lat' dir='ltr'>et</span> <span class='ocrx_word' id='word_1_421' title='bbox 1148 3516 1371 3583; x_wconf 84' lang='lat' dir='ltr'>Galatae,</span> <span class='ocrx_word' id='word_1_422' title='bbox 1402 3516 1489 3571; x_wconf 92' lang='lat' dir='ltr'>vel</span> <span class='ocrx_word' id='word_1_423' title='bbox 1521 3514 1561 3569; x_wconf 92' lang='lat' dir='ltr'>ii</span> <span class='ocrx_word' id='word_1_424' title='bbox 1593 3515 1807 3588; x_wconf 87' lang='lat' dir='ltr'>quieos</span> 
     </span>
    </p>
   </div>
   <div class='ocr_carea' id='block_1_57' title="bbox 219 3602 1809 3673">
    <p class='ocr_par' dir='ltr' id='par_1_57' title="bbox 219 3602 1809 3673">
     <span class='ocr_line' id='line_1_57' title="bbox 219 3602 1809 3673; baseline -0.003 -10"><span class='ocrx_word' id='word_1_425' title='bbox 219 3605 642 3673; x_wconf 87' lang='lat' dir='ltr'>subvertebant,</span> <span class='ocrx_word' id='word_1_426' title='bbox 686 3603 866 3660; x_wconf 90' lang='lat' dir='ltr'>adhuc</span> <span class='ocrx_word' id='word_1_427' title='bbox 921 3602 1118 3657; x_wconf 88' lang='lat' dir='ltr'>erroris</span> <span class='ocrx_word' id='word_1_428' title='bbox 1150 3602 1349 3657; x_wconf 90' lang='lat' dir='ltr'>nebula</span> <span class='ocrx_word' id='word_1_429' title='bbox 1376 3609 1685 3658; x_wconf 90' lang='lat' dir='ltr'>contectum</span> <span class='ocrx_word' id='word_1_430' title='bbox 1714 3618 1809 3659; x_wconf 90' lang='lat' dir='ltr'>cor</span> 
     </span>
    </p>
   </div>
   <div class='ocr_carea' id='block_1_58' title="bbox 221 3690 1807 3764">
    <p class='ocr_par' dir='ltr' id='par_1_58' title="bbox 221 3690 1807 3764">
     <span class='ocr_line' id='line_1_58' title="bbox 221 3690 1807 3764; baseline -0.003 -14"><span class='ocrx_word' id='word_1_431' title='bbox 221 3693 508 3760; x_wconf 87' lang='lat' dir='ltr'>habentes,</span> <span class='ocrx_word' id='word_1_432' title='bbox 537 3708 647 3749; x_wconf 90' lang='lat' dir='ltr'>non</span> <span class='ocrx_word' id='word_1_433' title='bbox 677 3697 907 3747; x_wconf 87' lang='lat' dir='ltr'>cernunt</span> <span class='ocrx_word' id='word_1_434' title='bbox 930 3707 1146 3746; x_wconf 87' lang='lat' dir='ltr'>sensum</span> <span class='ocrx_word' id='word_1_435' title='bbox 1178 3691 1327 3746; x_wconf 84' lang='lat' dir='ltr'>Isaiae</span> <span class='ocrx_word' id='word_1_436' title='bbox 1359 3690 1635 3764; x_wconf 84' lang='lat' dir='ltr'>prophetae</span> <span class='ocrx_word' id='word_1_437' title='bbox 1667 3690 1807 3747; x_wconf 91' lang='lat' dir='ltr'>inter</span> 
     </span>
    </p>
   </div>
   <div class='ocr_carea' id='block_1_59' title="bbox 221 3777 1806 3838">
    <p class='ocr_par' dir='ltr' id='par_1_59' title="bbox 221 3777 1806 3838">
     <span class='ocr_line' id='line_1_59' title="bbox 221 3777 1806 3838; baseline -0.004 0"><span class='ocrx_word' id='word_1_438' title='bbox 221 3790 418 3838; x_wconf 77' lang='lat' dir='ltr'>caetera</span> <span class='ocrx_word' id='word_1_439' title='bbox 465 3780 733 3836; x_wconf 88' lang='lat' dir='ltr'>dicentis:</span> <span class='ocrx_word' id='word_1_440' title='bbox 794 3801 813 3825; x_wconf 77' lang='grc' dir='ltr'>ι</span> <span class='ocrx_word' id='word_1_441' title='bbox 860 3777 1097 3834; x_wconf 84' lang='lat' dir='ltr'>Verbum</span> <span class='ocrx_word' id='word_1_442' title='bbox 1140 3779 1286 3833; x_wconf 90' lang='lat' dir='ltr'>enim</span> <span class='ocrx_word' id='word_1_443' title='bbox 1334 3794 1720 3835; x_wconf 88' lang='lat' dir='ltr'>consummans</span> <span class='ocrx_word' id='word_1_444' title='bbox 1752 3784 1806 3832; x_wconf 90' lang='lat' dir='ltr'>et</span> 
     </span>
    </p>
   </div>
   <div class='ocr_carea' id='block_1_60' title="bbox 218 3864 1807 3940">
    <p class='ocr_par' dir='ltr' id='par_1_60' title="bbox 218 3864 1807 3940">
     <span class='ocr_line' id='line_1_60' title="bbox 218 3864 1807 3940; baseline -0.003 -14"><span class='ocrx_word' id='word_1_445' title='bbox 218 3868 481 3926; x_wconf 85' lang='lat' dir='ltr'>brevians</span> <span class='ocrx_word' id='word_1_446' title='bbox 513 3868 570 3924; x_wconf 89' lang='lat' dir='ltr'>in</span> <span class='ocrx_word' id='word_1_447' title='bbox 618 3866 1025 3940; x_wconf 57' lang='lat' dir='ltr'>mquitatemuia</span> <span class='ocrx_word' id='word_1_448' title='bbox 1056 3865 1281 3920; x_wconf 88' lang='lat' dir='ltr'>verbum</span> <span class='ocrx_word' id='word_1_449' title='bbox 1310 3865 1615 3921; x_wconf 91' lang='lat' dir='ltr'>breviatum</span> <span class='ocrx_word' id='word_1_450' title='bbox 1646 3864 1807 3921; x_wconf 86' lang='lat' dir='ltr'>faciet</span> 
     </span>
    </p>
   </div>
   <div class='ocr_carea' id='block_1_61' title="bbox 217 3954 1793 4031">
    <p class='ocr_par' dir='ltr' id='par_1_61' title="bbox 217 3954 1793 4031">
     <span class='ocr_line' id='line_1_61' title="bbox 217 3954 1793 4031; baseline -0.008 -15"><span class='ocrx_word' id='word_1_451' title='bbox 217 3959 491 4016; x_wconf 90' lang='lat' dir='ltr'>Dominus</span> <span class='ocrx_word' id='word_1_452' title='bbox 526 3973 688 4031; x_wconf 90' lang='lat' dir='ltr'>super</span> <span class='ocrx_word' id='word_1_453' title='bbox 719 3965 915 4013; x_wconf 89' lang='lat' dir='ltr'>terram</span> <span class='ocrx_word' id='word_1_454' title='bbox 952 3956 1084 4026; x_wconf 82' lang='lat' dir='ltr'>(Isa.</span> <span class='ocrx_word' id='word_1_455' title='bbox 1116 3971 1175 4023; x_wconf 88' lang='lat' dir='ltr'>x,</span> <span class='ocrx_word' id='word_1_456' title='bbox 1210 3954 1297 4022; x_wconf 82' lang='lat'>23;</span> <span class='ocrx_word' id='word_1_457' title='bbox 1331 3956 1480 4011; x_wconf 85' lang='lat' dir='ltr'>Rom.</span> <span class='ocrx_word' id='word_1_458' title='bbox 1514 3971 1593 4023; x_wconf 83' lang='lat' dir='ltr'>1x,</span> <span class='ocrx_word' id='word_1_459' title='bbox 1626 3954 1741 4027; x_wconf 80' lang='lat'>27).</span> <span class='ocrx_word' id='word_1_460' title='bbox 1770 3976 1793 4003; x_wconf 69' lang='grc' dir='ltr'><strong>ι</strong></span> 
     </span>
    </p>
   </div>
   <div class='ocr_carea' id='block_1_62' title="bbox 221 4040 1805 4120">
    <p class='ocr_par' dir='ltr' id='par_1_62' title="bbox 221 4040 1805 4120">
     <span class='ocr_line' id='line_1_62' title="bbox 221 4040 1805 4120; baseline -0.004 -15"><span class='ocrx_word' id='word_1_461' title='bbox 221 4047 280 4106; x_wconf 90' lang='lat' dir='ltr'>Si</span> <span class='ocrx_word' id='word_1_462' title='bbox 322 4064 449 4120; x_wconf 87' lang='lat' dir='ltr'>ergo</span> <span class='ocrx_word' id='word_1_463' title='bbox 496 4048 613 4105; x_wconf 74' lang='lat' dir='ltr'>haec</span> <span class='ocrx_word' id='word_1_464' title='bbox 664 4045 810 4102; x_wconf 85' lang='lat' dir='ltr'>dicta</span> <span class='ocrx_word' id='word_1_465' title='bbox 854 4044 1241 4115; x_wconf 81' lang='lat' dir='ltr'>intelligerent,</span> <span class='ocrx_word' id='word_1_466' title='bbox 1274 4058 1305 4097; x_wconf 88' lang='lat' dir='ltr'>a</span> <span class='ocrx_word' id='word_1_467' title='bbox 1331 4044 1444 4114; x_wconf 86' lang='lat' dir='ltr'>lege</span> <span class='ocrx_word' id='word_1_468' title='bbox 1471 4040 1805 4111; x_wconf 87' lang='lat' dir='ltr'>recederent,</span> 
     </span>
    </p>
   </div>
   <div class='ocr_carea' id='block_1_63' title="bbox 220 4131 1799 4210">
    <p class='ocr_par' dir='ltr' id='par_1_63' title="bbox 220 4131 1799 4210">
     <span class='ocr_line' id='line_1_63' title="bbox 220 4131 1799 4210; baseline -0.005 -17"><span class='ocrx_word' id='word_1_469' title='bbox 220 4136 457 4193; x_wconf 79' lang='lat' dir='ltr'>scientes</span> <span class='ocrx_word' id='word_1_470' title='bbox 512 4150 544 4191; x_wconf 90' lang='lat' dir='ltr'>a</span> <span class='ocrx_word' id='word_1_471' title='bbox 586 4133 973 4210; x_wconf 78' lang='lat' dir='ltr'>praedicatione</span> <span class='ocrx_word' id='word_1_472' title='bbox 1038 4132 1263 4187; x_wconf 86' lang='lat' dir='ltr'>Joannis</span> <span class='ocrx_word' id='word_1_473' title='bbox 1314 4131 1569 4203; x_wconf 63' lang='lat' dir='ltr'>Baptistae</span> <span class='ocrx_word' id='word_1_474' title='bbox 1628 4132 1799 4201; x_wconf 90' lang='lat' dir='ltr'>legem</span> 
     </span>
    </p>
   </div>
   <div class='ocr_carea' id='block_1_64' title="bbox 212 4218 1807 4299">
    <p class='ocr_par' dir='ltr' id='par_1_64' title="bbox 212 4218 1807 4299">
     <span class='ocr_line' id='line_1_64' title="bbox 212 4218 1807 4299; baseline -0.002 -22"><span class='ocrx_word' id='word_1_475' title='bbox 212 4221 329 4299; x_wconf 88' lang='lat' dir='ltr'>jam</span> <span class='ocrx_word' id='word_1_476' title='bbox 382 4238 589 4281; x_wconf 89' lang='lat' dir='ltr'>cessare</span> <span class='ocrx_word' id='word_1_477' title='bbox 615 4241 628 4291; x_wconf 89' lang='lat'>;</span> <span class='ocrx_word' id='word_1_478' title='bbox 660 4231 722 4279; x_wconf 91' lang='lat' dir='ltr'>ut</span> <span class='ocrx_word' id='word_1_479' title='bbox 749 4222 865 4277; x_wconf 88' lang='lat' dir='ltr'>sola</span> <span class='ocrx_word' id='word_1_480' title='bbox 894 4219 1025 4275; x_wconf 87' lang='lat' dir='ltr'>ﬁdes</span> <span class='ocrx_word' id='word_1_481' title='bbox 1058 4219 1290 4275; x_wconf 85' lang='lat' dir='ltr'>suﬁiciat</span> <span class='ocrx_word' id='word_1_482' title='bbox 1319 4219 1386 4274; x_wconf 92' lang='lat' dir='ltr'>ad</span> <span class='ocrx_word' id='word_1_483' title='bbox 1417 4220 1669 4287; x_wconf 92' lang='lat' dir='ltr'>salutem,</span> <span class='ocrx_word' id='word_1_484' title='bbox 1700 4218 1807 4274; x_wconf 89' lang='lat' dir='ltr'>ab-</span> 
     </span>
    </p>
   </div>
   <div class='ocr_carea' id='block_1_65' title="bbox 216 4305 1806 4380">
    <p class='ocr_par' dir='ltr' id='par_1_65' title="bbox 216 4305 1806 4380">
     <span class='ocr_line' id='line_1_65' title="bbox 216 4305 1806 4380; baseline -0.004 -12"><span class='ocrx_word' id='word_1_485' title='bbox 216 4310 465 4368; x_wconf 89' lang='lat' dir='ltr'>breviata</span> <span class='ocrx_word' id='word_1_486' title='bbox 496 4328 563 4366; x_wconf 80' lang='lat' dir='ltr'>ex</span> <span class='ocrx_word' id='word_1_487' title='bbox 597 4311 732 4380; x_wconf 86' lang='lat' dir='ltr'>lege.</span> <span class='ocrx_word' id='word_1_488' title='bbox 760 4311 821 4365; x_wconf 89' lang='lat' dir='ltr'>In</span> <span class='ocrx_word' id='word_1_489' title='bbox 856 4311 967 4379; x_wconf 89' lang='lat' dir='ltr'>lege</span> <span class='ocrx_word' id='word_1_490' title='bbox 998 4309 1141 4363; x_wconf 90' lang='lat' dir='ltr'>enim</span> <span class='ocrx_word' id='word_1_491' title='bbox 1170 4316 1221 4363; x_wconf 94' lang='lat' dir='ltr'>et</span> <span class='ocrx_word' id='word_1_492' title='bbox 1252 4309 1317 4363; x_wconf 90' lang='lat' dir='ltr'>de</span> <span class='ocrx_word' id='word_1_493' title='bbox 1348 4309 1711 4374; x_wconf 90' lang='lat' dir='ltr'>DeoPatre,et</span> <span class='ocrx_word' id='word_1_494' title='bbox 1739 4305 1806 4362; x_wconf 92' lang='lat' dir='ltr'>de</span> 
     </span>
    </p>
   </div>
   <div class='ocr_carea' id='block_1_66' title="bbox 217 4395 1808 4468">
    <p class='ocr_par' dir='ltr' id='par_1_66' title="bbox 217 4395 1808 4468">
     <span class='ocr_line' id='line_1_66' title="bbox 217 4395 1808 4468; baseline -0.004 -11"><span class='ocrx_word' id='word_1_495' title='bbox 217 4398 440 4457; x_wconf 89' lang='lat' dir='ltr'>Christo</span> <span class='ocrx_word' id='word_1_496' title='bbox 489 4397 605 4451; x_wconf 82' lang='lat' dir='ltr'>ﬁlio</span> <span class='ocrx_word' id='word_1_497' title='bbox 650 4395 788 4468; x_wconf 82' lang='lat' dir='ltr'>ejus,</span> <span class='ocrx_word' id='word_1_498' title='bbox 839 4403 892 4450; x_wconf 90' lang='lat' dir='ltr'>et</span> <span class='ocrx_word' id='word_1_499' title='bbox 935 4395 1000 4451; x_wconf 92' lang='lat' dir='ltr'>de</span> <span class='ocrx_word' id='word_1_500' title='bbox 1029 4396 1236 4468; x_wconf 87' lang='lat' dir='ltr'>Spiritu</span> <span class='ocrx_word' id='word_1_501' title='bbox 1278 4404 1465 4451; x_wconf 90' lang='lat' dir='ltr'>sancto</span> <span class='ocrx_word' id='word_1_502' title='bbox 1496 4395 1808 4452; x_wconf 90' lang='lat' dir='ltr'>continetur</span> 
     </span>
    </p>
   </div>
   <div class='ocr_carea' id='block_1_67' title="bbox 219 4482 1809 4562">
    <p class='ocr_par' dir='ltr' id='par_1_67' title="bbox 219 4482 1809 4562">
     <span class='ocr_line' id='line_1_67' title="bbox 219 4482 1809 4562; baseline 0 -20"><span class='ocrx_word' id='word_1_503' title='bbox 219 4485 669 4562; x_wconf 56' lang='lat' dir='ltr'>praedestinatum</span> <span class='ocrx_word' id='word_1_504' title='bbox 712 4484 767 4538; x_wconf 91' lang='lat' dir='ltr'>in</span> <span class='ocrx_word' id='word_1_505' title='bbox 805 4492 1071 4555; x_wconf 87' lang='lat' dir='ltr'>tempore,</span> <span class='ocrx_word' id='word_1_506' title='bbox 1104 4482 1249 4555; x_wconf 91' lang='lat' dir='ltr'>quod</span> <span class='ocrx_word' id='word_1_507' title='bbox 1290 4484 1697 4541; x_wconf 84' lang='lat' dir='ltr'>manifestatum</span> <span class='ocrx_word' id='word_1_508' title='bbox 1727 4492 1809 4542; x_wconf 86' lang='lat' dir='ltr'>est</span> 
     </span>
    </p>
   </div>
   <div class='ocr_carea' id='block_1_68' title="bbox 2435 3324 2984 3386">
    <p class='ocr_par' dir='ltr' id='par_1_68' title="bbox 2435 3324 2984 3386">
     <span class='ocr_line' id='line_1_68' title="bbox 2435 3324 2984 3386; baseline 0 0"><span class='ocrx_word' id='word_1_509' title='bbox 2435 3324 2663 3386; x_wconf 83' lang='lat' dir='ltr'>CAPUT</span> <span class='ocrx_word' id='word_1_510' title='bbox 2692 3328 2984 3386; x_wconf 76' lang='lat' dir='ltr'>PRIMUM.</span> 
     </span>
    </p>
   </div>
   <div class='ocr_carea' id='block_1_69' title="bbox 1990 3410 3491 3487">
    <p class='ocr_par' dir='ltr' id='par_1_69' title="bbox 1990 3410 3491 3487">
     <span class='ocr_line' id='line_1_69' title="bbox 1990 3410 3491 3487; baseline 0.007 -21"><span class='ocrx_word' id='word_1_511' title='bbox 1990 3410 2259 3485; x_wconf 77' lang='lat' dir='ltr'>(Vers.i.)</span> <span class='ocrx_word' id='word_1_512' title='bbox 2310 3434 2331 3461; x_wconf 79' lang='grc' dir='ltr'>ι</span> <span class='ocrx_word' id='word_1_513' title='bbox 2368 3412 2569 3470; x_wconf 88' lang='lat' dir='ltr'>Paulus</span> <span class='ocrx_word' id='word_1_514' title='bbox 2612 3415 2889 3487; x_wconf 88' lang='lat' dir='ltr'>apostolus</span> <span class='ocrx_word' id='word_1_515' title='bbox 2915 3430 3026 3472; x_wconf 89' lang='lat' dir='ltr'>non</span> <span class='ocrx_word' id='word_1_516' title='bbox 3064 3413 3132 3472; x_wconf 89' lang='lat' dir='ltr'>ab</span> <span class='ocrx_word' id='word_1_517' title='bbox 3153 3414 3491 3485; x_wconf 89' lang='lat' dir='ltr'>hominibus,</span> 
     </span>
    </p>
   </div>
   <div class='ocr_carea' id='block_1_70' title="bbox 1916 3499 3491 3574">
    <p class='ocr_par' dir='ltr' id='par_1_70' title="bbox 1916 3499 3491 3574">
     <span class='ocr_line' id='line_1_70' title="bbox 1916 3499 3491 3574; baseline 0.006 -20"><span class='ocrx_word' id='word_1_518' title='bbox 1916 3514 2094 3572; x_wconf 90' lang='lat' dir='ltr'>neque</span> <span class='ocrx_word' id='word_1_519' title='bbox 2143 3515 2238 3572; x_wconf 88' lang='lat' dir='ltr'>per</span> <span class='ocrx_word' id='word_1_520' title='bbox 2281 3499 2584 3571; x_wconf 89' lang='lat' dir='ltr'>hominem,</span> <span class='ocrx_word' id='word_1_521' title='bbox 2630 3500 2723 3557; x_wconf 89' lang='lat' dir='ltr'>sed</span> <span class='ocrx_word' id='word_1_522' title='bbox 2768 3518 2864 3574; x_wconf 90' lang='lat' dir='ltr'>per</span> <span class='ocrx_word' id='word_1_523' title='bbox 2882 3502 3065 3559; x_wconf 77' lang='lat' dir='ltr'>Iesum</span> <span class='ocrx_word' id='word_1_524' title='bbox 3104 3500 3405 3573; x_wconf 89' lang='lat' dir='ltr'>Christum,</span> <span class='ocrx_word' id='word_1_525' title='bbox 3436 3515 3491 3565; x_wconf 85' lang='lat' dir='ltr'>et</span> 
     </span>
    </p>
   </div>
   <div class='ocr_carea' id='block_1_71' title="bbox 1914 3590 3479 3668">
    <p class='ocr_par' dir='ltr' id='par_1_71' title="bbox 1914 3590 3479 3668">
     <span class='ocr_line' id='line_1_71' title="bbox 1914 3590 3479 3668; baseline 0 -23"><span class='ocrx_word' id='word_1_526' title='bbox 1914 3590 2089 3646; x_wconf 90' lang='lat' dir='ltr'>Deum</span> <span class='ocrx_word' id='word_1_527' title='bbox 2154 3591 2391 3668; x_wconf 73' lang='lat' dir='ltr'>Patrem,</span> <span class='ocrx_word' id='word_1_528' title='bbox 2448 3591 2542 3665; x_wconf 91' lang='lat' dir='ltr'>qui</span> <span class='ocrx_word' id='word_1_529' title='bbox 2599 3591 2885 3651; x_wconf 87' lang='lat' dir='ltr'>suscitavit</span> <span class='ocrx_word' id='word_1_530' title='bbox 2931 3609 3053 3651; x_wconf 90' lang='lat' dir='ltr'>eum</span> <span class='ocrx_word' id='word_1_531' title='bbox 3097 3608 3129 3649; x_wconf 88' lang='lat' dir='ltr'>a</span> <span class='ocrx_word' id='word_1_532' title='bbox 3181 3597 3429 3651; x_wconf 90' lang='lat' dir='ltr'>mortuis.</span> <span class='ocrx_word' id='word_1_533' title='bbox 3460 3620 3479 3645; x_wconf 79' lang='grc' dir='ltr'>ι</span> 
     </span>
    </p>
   </div>
   <div class='ocr_carea' id='block_1_72' title="bbox 1915 3678 3492 3751">
    <p class='ocr_par' dir='ltr' id='par_1_72' title="bbox 1915 3678 3492 3751">
     <span class='ocr_line' id='line_1_72' title="bbox 1915 3678 3492 3751; baseline 0.004 -16"><span class='ocrx_word' id='word_1_534' title='bbox 1915 3678 2239 3751; x_wconf 86' lang='lat' dir='ltr'>Apostolum</span> <span class='ocrx_word' id='word_1_535' title='bbox 2271 3697 2326 3736; x_wconf 89' lang='lat' dir='ltr'>se</span> <span class='ocrx_word' id='word_1_536' title='bbox 2356 3696 2466 3736; x_wconf 90' lang='lat' dir='ltr'>non</span> <span class='ocrx_word' id='word_1_537' title='bbox 2493 3679 2561 3736; x_wconf 92' lang='lat' dir='ltr'>ab</span> <span class='ocrx_word' id='word_1_538' title='bbox 2587 3680 2904 3738; x_wconf 89' lang='lat' dir='ltr'>hominibus</span> <span class='ocrx_word' id='word_1_539' title='bbox 2933 3681 3247 3750; x_wconf 90' lang='lat' dir='ltr'>electum,et</span> <span class='ocrx_word' id='word_1_540' title='bbox 3266 3683 3492 3741; x_wconf 88' lang='lat' dir='ltr'>missum</span> 
     </span>
    </p>
   </div>
   <div class='ocr_carea' id='block_1_73' title="bbox 1915 3766 3493 3843">
    <p class='ocr_par' dir='ltr' id='par_1_73' title="bbox 1915 3766 3493 3843">
     <span class='ocr_line' id='line_1_73' title="bbox 1915 3766 3493 3843; baseline 0.004 -21"><span class='ocrx_word' id='word_1_541' title='bbox 1915 3766 1983 3822; x_wconf 88' lang='lat' dir='ltr'>ad</span> <span class='ocrx_word' id='word_1_542' title='bbox 2014 3766 2421 3838; x_wconf 64' lang='lat' dir='ltr'>praedicandum</span> <span class='ocrx_word' id='word_1_543' title='bbox 2450 3776 2700 3839; x_wconf 88' lang='lat' dir='ltr'>testatur,</span> <span class='ocrx_word' id='word_1_544' title='bbox 2723 3770 2866 3827; x_wconf 89' lang='lat' dir='ltr'>sicut</span> <span class='ocrx_word' id='word_1_545' title='bbox 2894 3777 3048 3826; x_wconf 89' lang='lat' dir='ltr'>erant</span> <span class='ocrx_word' id='word_1_546' title='bbox 3078 3769 3320 3843; x_wconf 89' lang='lat' dir='ltr'>quidam,</span> <span class='ocrx_word' id='word_1_547' title='bbox 3352 3776 3493 3835; x_wconf 84' lang='lat'>210</span> 
     </span>
    </p>
   </div>
   <div class='ocr_carea' id='block_1_74' title="bbox 1914 3862 3493 3936">
    <p class='ocr_par' dir='ltr' id='par_1_74' title="bbox 1914 3862 3493 3936">
     <span class='ocr_line' id='line_1_74' title="bbox 1914 3862 3493 3936; baseline 0.004 -20"><span class='ocrx_word' id='word_1_548' title='bbox 1914 3862 2009 3935; x_wconf 88' lang='lat' dir='ltr'>qui</span> <span class='ocrx_word' id='word_1_549' title='bbox 2060 3864 2219 3920; x_wconf 90' lang='lat' dir='ltr'>electi</span> <span class='ocrx_word' id='word_1_550' title='bbox 2270 3864 2336 3920; x_wconf 91' lang='lat' dir='ltr'>ab</span> <span class='ocrx_word' id='word_1_551' title='bbox 2384 3866 2643 3936; x_wconf 87' lang='lat' dir='ltr'>apostolis</span> <span class='ocrx_word' id='word_1_552' title='bbox 2693 3865 3052 3922; x_wconf 88' lang='lat' dir='ltr'>mittebantur</span> <span class='ocrx_word' id='word_1_553' title='bbox 3094 3865 3163 3923; x_wconf 88' lang='lat' dir='ltr'>ad</span> <span class='ocrx_word' id='word_1_554' title='bbox 3223 3867 3493 3923; x_wconf 88' lang='lat' dir='ltr'>Ecclesias</span> 
     </span>
    </p>
   </div>
   <div class='ocr_carea' id='block_1_75' title="bbox 1917 3949 3494 4027">
    <p class='ocr_par' dir='ltr' id='par_1_75' title="bbox 1917 3949 3494 4027">
     <span class='ocr_line' id='line_1_75' title="bbox 1917 3949 3494 4027; baseline 0.006 -23"><span class='ocrx_word' id='word_1_555' title='bbox 1917 3949 2288 4019; x_wconf 89' lang='lat' dir='ltr'>roborandas;</span> <span class='ocrx_word' id='word_1_556' title='bbox 2336 3969 2513 4025; x_wconf 86' lang='lat' dir='ltr'>neque</span> <span class='ocrx_word' id='word_1_557' title='bbox 2558 3954 2700 4010; x_wconf 88' lang='lat' dir='ltr'>sicut</span> <span class='ocrx_word' id='word_1_558' title='bbox 2749 3952 2867 4020; x_wconf 91' lang='lat' dir='ltr'>alii,</span> <span class='ocrx_word' id='word_1_559' title='bbox 2899 3953 3049 4027; x_wconf 89' lang='lat' dir='ltr'>quia</span> <span class='ocrx_word' id='word_1_560' title='bbox 3074 3952 3279 4012; x_wconf 61' lang='lat' dir='ltr'>Iudaeis</span> <span class='ocrx_word' id='word_1_561' title='bbox 3316 3956 3494 4013; x_wconf 85' lang='lat' dir='ltr'>mitte-</span> 
     </span>
    </p>
   </div>
   <div class='ocr_carea' id='block_1_76' title="bbox 1913 4036 3493 4117">
    <p class='ocr_par' dir='ltr' id='par_1_76' title="bbox 1913 4036 3493 4117">
     <span class='ocr_line' id='line_1_76' title="bbox 1913 4036 3493 4117; baseline 0.003 -22"><span class='ocrx_word' id='word_1_562' title='bbox 1913 4036 2115 4097; x_wconf 88' lang='lat' dir='ltr'>bantur</span> <span class='ocrx_word' id='word_1_563' title='bbox 2168 4041 2236 4098; x_wconf 90' lang='lat' dir='ltr'>ad</span> <span class='ocrx_word' id='word_1_564' title='bbox 2279 4040 2664 4100; x_wconf 89' lang='lat' dir='ltr'>disturbandas</span> <span class='ocrx_word' id='word_1_565' title='bbox 2717 4042 3012 4111; x_wconf 84' lang='lat' dir='ltr'>Ecclesias,</span> <span class='ocrx_word' id='word_1_566' title='bbox 3054 4060 3191 4116; x_wconf 87' lang='lat' dir='ltr'>quos</span> <span class='ocrx_word' id='word_1_567' title='bbox 3235 4045 3493 4117; x_wconf 85' lang='lat' dir='ltr'>pseudoa-</span> 
     </span>
    </p>
   </div>
   <div class='ocr_carea' id='block_1_77' title="bbox 1914 4131 3485 4208">
    <p class='ocr_par' dir='ltr' id='par_1_77' title="bbox 1914 4131 3485 4208">
     <span class='ocr_line' id='line_1_77' title="bbox 1914 4131 3485 4208; baseline 0.004 -22"><span class='ocrx_word' id='word_1_568' title='bbox 1914 4131 2159 4204; x_wconf 82' lang='lat' dir='ltr'>postolos</span> <span class='ocrx_word' id='word_1_569' title='bbox 2188 4139 2386 4189; x_wconf 86' lang='lat' dir='ltr'>vocat:</span> <span class='ocrx_word' id='word_1_570' title='bbox 2419 4132 2513 4189; x_wconf 92' lang='lat' dir='ltr'>sed</span> <span class='ocrx_word' id='word_1_571' title='bbox 2537 4148 2568 4189; x_wconf 85' lang='lat' dir='ltr'>a</span> <span class='ocrx_word' id='word_1_572' title='bbox 2588 4132 2731 4189; x_wconf 89' lang='lat' dir='ltr'>Filio</span> <span class='ocrx_word' id='word_1_573' title='bbox 2763 4133 2862 4189; x_wconf 88' lang='lat' dir='ltr'>Dei</span> <span class='ocrx_word' id='word_1_574' title='bbox 2896 4133 3121 4188; x_wconf 88' lang='lat' dir='ltr'>missum</span> <span class='ocrx_word' id='word_1_575' title='bbox 3152 4150 3404 4208; x_wconf 86' lang='lat' dir='ltr'>se,quem</span> <span class='ocrx_word' id='word_1_576' title='bbox 3429 4134 3485 4192; x_wconf 89' lang='lat' dir='ltr'>in</span> 
     </span>
    </p>
   </div>
   <div class='ocr_carea' id='block_1_78' title="bbox 1916 4217 3494 4294">
    <p class='ocr_par' dir='ltr' id='par_1_78' title="bbox 1916 4217 3494 4294">
     <span class='ocr_line' id='line_1_78' title="bbox 1916 4217 3494 4294; baseline 0.001 -20"><span class='ocrx_word' id='word_1_577' title='bbox 1916 4217 2018 4275; x_wconf 91' lang='lat' dir='ltr'>hac</span> <span class='ocrx_word' id='word_1_578' title='bbox 2071 4235 2233 4275; x_wconf 90' lang='lat' dir='ltr'>causa</span> <span class='ocrx_word' id='word_1_579' title='bbox 2273 4219 2479 4277; x_wconf 88' lang='lat' dir='ltr'>idcirco</span> <span class='ocrx_word' id='word_1_580' title='bbox 2534 4220 2816 4277; x_wconf 89' lang='lat' dir='ltr'>hominem</span> <span class='ocrx_word' id='word_1_581' title='bbox 2848 4236 3044 4293; x_wconf 85' lang='lat' dir='ltr'>negare</span> <span class='ocrx_word' id='word_1_582' title='bbox 3068 4221 3287 4278; x_wconf 90' lang='lat' dir='ltr'>videtur</span> <span class='ocrx_word' id='word_1_583' title='bbox 3317 4241 3332 4289; x_wconf 91' lang='lat'>;</span> <span class='ocrx_word' id='word_1_584' title='bbox 3365 4221 3494 4294; x_wconf 91' lang='lat' dir='ltr'>quia</span> 
     </span>
    </p>
   </div>
   <div class='ocr_carea' id='block_1_79' title="bbox 1915 4306 3494 4383">
    <p class='ocr_par' dir='ltr' id='par_1_79' title="bbox 1915 4306 3494 4383">
     <span class='ocr_line' id='line_1_79' title="bbox 1915 4306 3494 4383; baseline 0.004 -22"><span class='ocrx_word' id='word_1_585' title='bbox 1915 4314 2183 4379; x_wconf 73' lang='lat' dir='ltr'>przecepta</span> <span class='ocrx_word' id='word_1_586' title='bbox 2212 4307 2364 4380; x_wconf 89' lang='lat' dir='ltr'>quasi</span> <span class='ocrx_word' id='word_1_587' title='bbox 2394 4310 2541 4365; x_wconf 90' lang='lat' dir='ltr'>Deus</span> <span class='ocrx_word' id='word_1_588' title='bbox 2568 4306 2857 4379; x_wconf 89' lang='lat' dir='ltr'>dedit,non</span> <span class='ocrx_word' id='word_1_589' title='bbox 2886 4309 3039 4383; x_wconf 90' lang='lat' dir='ltr'>quasi</span> <span class='ocrx_word' id='word_1_590' title='bbox 3069 4307 3235 4367; x_wconf 90' lang='lat' dir='ltr'>homo</span> <span class='ocrx_word' id='word_1_591' title='bbox 3264 4317 3316 4366; x_wconf 93' lang='lat' dir='ltr'>et</span> <span class='ocrx_word' id='word_1_592' title='bbox 3334 4327 3494 4383; x_wconf 90' lang='lat' dir='ltr'>quem</span> 
     </span>
    </p>
   </div>
   <div class='ocr_carea' id='block_1_80' title="bbox 1916 4394 3492 4471">
    <p class='ocr_par' dir='ltr' id='par_1_80' title="bbox 1916 4394 3492 4471">
     <span class='ocr_line' id='line_1_80' title="bbox 1916 4394 3492 4471; baseline 0.003 -21"><span class='ocrx_word' id='word_1_593' title='bbox 1916 4395 2078 4466; x_wconf 88' lang='lat' dir='ltr'>elegit</span> <span class='ocrx_word' id='word_1_594' title='bbox 2110 4394 2250 4466; x_wconf 76' lang='grc'>(42),</span> <span class='ocrx_word' id='word_1_595' title='bbox 2284 4395 2475 4452; x_wconf 90' lang='lat' dir='ltr'>divino</span> <span class='ocrx_word' id='word_1_596' title='bbox 2498 4394 2709 4469; x_wconf 88' lang='lat' dir='ltr'>judicio</span> <span class='ocrx_word' id='word_1_597' title='bbox 2729 4397 2909 4470; x_wconf 88' lang='lat' dir='ltr'>elegit.</span> <span class='ocrx_word' id='word_1_598' title='bbox 2934 4398 3036 4454; x_wconf 91' lang='lat' dir='ltr'>Per</span> <span class='ocrx_word' id='word_1_599' title='bbox 3063 4397 3209 4471; x_wconf 90' lang='lat' dir='ltr'>quod</span> <span class='ocrx_word' id='word_1_600' title='bbox 3236 4396 3492 4455; x_wconf 89' lang='lat' dir='ltr'>idoneum</span> 
     </span>
    </p>
   </div>
   <div class='ocr_carea' id='block_1_81' title="bbox 1915 4481 3493 4558">
    <p class='ocr_par' dir='ltr' id='par_1_81' title="bbox 1915 4481 3493 4558">
     <span class='ocr_line' id='line_1_81' title="bbox 1915 4481 3493 4558; baseline 0.004 -21"><span class='ocrx_word' id='word_1_601' title='bbox 1915 4490 1969 4539; x_wconf 89' lang='lat' dir='ltr'>et</span> <span class='ocrx_word' id='word_1_602' title='bbox 2011 4481 2233 4538; x_wconf 87' lang='lat' dir='ltr'>ﬁrmum</span> <span class='ocrx_word' id='word_1_603' title='bbox 2280 4499 2336 4539; x_wconf 93' lang='lat' dir='ltr'>se</span> <span class='ocrx_word' id='word_1_604' title='bbox 2384 4483 2792 4557; x_wconf 84' lang='lat' dir='ltr'>praedicatorem</span> <span class='ocrx_word' id='word_1_605' title='bbox 2821 4484 3134 4556; x_wconf 84' lang='lat' dir='ltr'>significat;</span> <span class='ocrx_word' id='word_1_606' title='bbox 3162 4485 3292 4558; x_wconf 88' lang='lat' dir='ltr'>quia</span> <span class='ocrx_word' id='word_1_607' title='bbox 3322 4486 3493 4542; x_wconf 86' lang='lat' dir='ltr'>multo</span> 
     </span>
    </p>
   </div>
   <div class='ocr_carea' id='block_1_82' title="bbox 218 4571 3490 4647">
    <p class='ocr_par' dir='ltr' id='par_1_82' title="bbox 218 4571 3490 4647">
     <span class='ocr_line' id='line_1_82' title="bbox 218 4571 3490 4647; baseline -0.002 -14"><span class='ocrx_word' id='word_1_608' title='bbox 218 4575 278 4633; x_wconf 88' lang='lat' dir='ltr'>in</span> <span class='ocrx_word' id='word_1_609' title='bbox 318 4575 739 4647; x_wconf 51' lang='lat' dir='ltr'>praxlicatione;</span> <span class='ocrx_word' id='word_1_610' title='bbox 791 4587 915 4627; x_wconf 90' lang='lat' dir='ltr'>nam</span> <span class='ocrx_word' id='word_1_611' title='bbox 948 4572 992 4626; x_wconf 90' lang='lat' dir='ltr'>si</span> <span class='ocrx_word' id='word_1_612' title='bbox 1024 4572 1289 4642; x_wconf 86' lang='lat' dir='ltr'>signaculi</span> <span class='ocrx_word' id='word_1_613' title='bbox 1326 4588 1487 4628; x_wconf 89' lang='lat' dir='ltr'>causa</span> <span class='ocrx_word' id='word_1_614' title='bbox 1514 4574 1802 4632; x_wconf 89' lang='lat' dir='ltr'>circumci-</span> <span class='ocrx_word' id='word_1_615' title='bbox 1833 4578 1883 4640; x_wconf 88' lang='lat' dir='ltr'>D</span> <span class='ocrx_word' id='word_1_616' title='bbox 1913 4571 2105 4643; x_wconf 85' lang='lat' dir='ltr'>utique</span> <span class='ocrx_word' id='word_1_617' title='bbox 2155 4572 2349 4629; x_wconf 91' lang='lat' dir='ltr'>melior</span> <span class='ocrx_word' id='word_1_618' title='bbox 2396 4581 2495 4641; x_wconf 85' lang='lat' dir='ltr'>est,</span> <span class='ocrx_word' id='word_1_619' title='bbox 2546 4590 2704 4645; x_wconf 88' lang='lat' dir='ltr'>quem</span> <span class='ocrx_word' id='word_1_620' title='bbox 2746 4574 2889 4628; x_wconf 90' lang='lat' dir='ltr'>Deus</span> <span class='ocrx_word' id='word_1_621' title='bbox 2927 4572 3109 4643; x_wconf 89' lang='lat' dir='ltr'>elegit,</span> <span class='ocrx_word' id='word_1_622' title='bbox 3141 4588 3302 4645; x_wconf 91' lang='lat' dir='ltr'>quam</span> <span class='ocrx_word' id='word_1_623' title='bbox 3334 4589 3490 4643; x_wconf 89' lang='lat' dir='ltr'>quem</span> 
     </span>
    </p>
   </div>
   <div class='ocr_carea' id='block_1_83' title="bbox 219 4658 1807 4731">
    <p class='ocr_par' dir='ltr' id='par_1_83' title="bbox 219 4658 1807 4731">
     <span class='ocr_line' id='line_1_83' title="bbox 219 4658 1807 4731; baseline -0.003 -10"><span class='ocrx_word' id='word_1_624' title='bbox 219 4664 496 4721; x_wconf 78' lang='lat' dir='ltr'>debentur</span> <span class='ocrx_word' id='word_1_625' title='bbox 524 4661 627 4717; x_wconf 88' lang='lat' dir='ltr'>ﬁlii</span> <span class='ocrx_word' id='word_1_626' title='bbox 670 4662 856 4728; x_wconf 90' lang='lat' dir='ltr'>Israel,</span> <span class='ocrx_word' id='word_1_627' title='bbox 898 4668 959 4715; x_wconf 92' lang='lat' dir='ltr'>ut</span> <span class='ocrx_word' id='word_1_628' title='bbox 988 4658 1185 4715; x_wconf 80' lang='lat' dir='ltr'>exinde</span> <span class='ocrx_word' id='word_1_629' title='bbox 1213 4667 1531 4731; x_wconf 86' lang='lat' dir='ltr'>apparerent</span> <span class='ocrx_word' id='word_1_630' title='bbox 1560 4661 1662 4716; x_wconf 87' lang='lat' dir='ltr'>ﬁlii</span> <span class='ocrx_word' id='word_1_631' title='bbox 1693 4676 1807 4717; x_wconf 89' lang='lat' dir='ltr'>esse</span> 
     </span>
    </p>
   </div>
   <div class='ocr_carea' id='block_1_84' title="bbox 220 4748 1807 4824">
    <p class='ocr_par' dir='ltr' id='par_1_84' title="bbox 220 4748 1807 4824">
     <span class='ocr_line' id='line_1_84' title="bbox 220 4748 1807 4824; baseline -0.003 -14"><span class='ocrx_word' id='word_1_632' title='bbox 220 4752 455 4811; x_wconf 59' lang='lat' dir='ltr'>Abrahae</span> <span class='ocrx_word' id='word_1_633' title='bbox 491 4751 652 4824; x_wconf 83' lang='lat' dir='ltr'>juxta</span> <span class='ocrx_word' id='word_1_634' title='bbox 698 4765 937 4816; x_wconf 88' lang='lat' dir='ltr'>carnem,</span> <span class='ocrx_word' id='word_1_635' title='bbox 983 4748 1086 4803; x_wconf 88' lang='lat' dir='ltr'>rite</span> <span class='ocrx_word' id='word_1_636' title='bbox 1127 4765 1334 4805; x_wconf 83' lang='lat' dir='ltr'>cessare</span> <span class='ocrx_word' id='word_1_637' title='bbox 1368 4748 1528 4805; x_wconf 89' lang='lat' dir='ltr'>debet</span> <span class='ocrx_word' id='word_1_638' title='bbox 1577 4751 1807 4806; x_wconf 90' lang='lat' dir='ltr'>circum-</span> 
     </span>
    </p>
   </div>
   <div class='ocr_carea' id='block_1_85' title="bbox 224 4838 1809 4915">
    <p class='ocr_par' dir='ltr' id='par_1_85' title="bbox 224 4838 1809 4915">
     <span class='ocr_line' id='line_1_85' title="bbox 224 4838 1809 4915; baseline -0.003 -15"><span class='ocrx_word' id='word_1_639' title='bbox 224 4844 396 4911; x_wconf 79' lang='lat' dir='ltr'>cisro;</span> <span class='ocrx_word' id='word_1_640' title='bbox 438 4841 566 4915; x_wconf 87' lang='lat' dir='ltr'>quia</span> <span class='ocrx_word' id='word_1_641' title='bbox 608 4841 820 4913; x_wconf 75' lang='lat' dir='ltr'>signum</span> <span class='ocrx_word' id='word_1_642' title='bbox 871 4838 1070 4893; x_wconf 74' lang='lat' dir='ltr'>habent</span> <span class='ocrx_word' id='word_1_643' title='bbox 1116 4839 1396 4895; x_wconf 87' lang='lat' dir='ltr'>credentes</span> <span class='ocrx_word' id='word_1_644' title='bbox 1439 4839 1630 4893; x_wconf 89' lang='lat' dir='ltr'>mortis</span> <span class='ocrx_word' id='word_1_645' title='bbox 1659 4838 1809 4895; x_wconf 89' lang='lat' dir='ltr'>devi-</span> 
     </span>
    </p>
   </div>
   <div class='ocr_carea' id='block_1_86' title="bbox 221 4926 1806 5006">
    <p class='ocr_par' dir='ltr' id='par_1_86' title="bbox 221 4926 1806 5006">
     <span class='ocr_line' id='line_1_86' title="bbox 221 4926 1806 5006; baseline -0.003 -15"><span class='ocrx_word' id='word_1_646' title='bbox 221 4940 341 5000; x_wconf 67' lang='lat' dir='ltr'>ctae,</span> <span class='ocrx_word' id='word_1_647' title='bbox 374 4947 481 5006; x_wconf 92' lang='lat' dir='ltr'>quo</span> <span class='ocrx_word' id='word_1_648' title='bbox 505 4930 901 5003; x_wconf 87' lang='lat' dir='ltr'>dignoscuntur</span> <span class='ocrx_word' id='word_1_649' title='bbox 932 4928 1033 4982; x_wconf 84' lang='lat' dir='ltr'>ﬁlii</span> <span class='ocrx_word' id='word_1_650' title='bbox 1064 4944 1176 4983; x_wconf 88' lang='lat' dir='ltr'>esse</span> <span class='ocrx_word' id='word_1_651' title='bbox 1206 4927 1459 4994; x_wconf 67' lang='lat' dir='ltr'>Abrahae,</span> <span class='ocrx_word' id='word_1_652' title='bbox 1488 4926 1581 4982; x_wconf 88' lang='lat' dir='ltr'>sed</span> <span class='ocrx_word' id='word_1_653' title='bbox 1617 4944 1806 4986; x_wconf 88' lang='lat' dir='ltr'>secun-</span> 
     </span>
    </p>
   </div>
   <div class='ocr_carea' id='block_1_87' title="bbox 223 5015 1805 5091">
    <p class='ocr_par' dir='ltr' id='par_1_87' title="bbox 223 5015 1805 5091">
     <span class='ocr_line' id='line_1_87' title="bbox 223 5015 1805 5091; baseline -0.001 -16"><span class='ocrx_word' id='word_1_654' title='bbox 223 5018 354 5076; x_wconf 88' lang='lat' dir='ltr'>dum</span> <span class='ocrx_word' id='word_1_655' title='bbox 404 5018 567 5074; x_wconf 88' lang='lat' dir='ltr'>ﬁdem</span> <span class='ocrx_word' id='word_1_656' title='bbox 598 5037 608 5074; x_wconf 92' lang='lat'>:</span> <span class='ocrx_word' id='word_1_657' title='bbox 656 5017 890 5073; x_wconf 82' lang='lat' dir='ltr'>Abrahae</span> <span class='ocrx_word' id='word_1_658' title='bbox 936 5016 1080 5071; x_wconf 88' lang='lat' dir='ltr'>enim</span> <span class='ocrx_word' id='word_1_659' title='bbox 1114 5015 1415 5086; x_wconf 85' lang='lat' dir='ltr'>promissus</span> <span class='ocrx_word' id='word_1_660' title='bbox 1443 5024 1542 5086; x_wconf 90' lang='lat' dir='ltr'>est,</span> <span class='ocrx_word' id='word_1_661' title='bbox 1574 5017 1670 5091; x_wconf 90' lang='lat' dir='ltr'>qui</span> <span class='ocrx_word' id='word_1_662' title='bbox 1698 5034 1805 5075; x_wconf 90' lang='lat' dir='ltr'>ve-</span> 
     </span>
    </p>
   </div>
   <div class='ocr_carea' id='block_1_88' title="bbox 224 5102 1809 5177">
    <p class='ocr_par' dir='ltr' id='par_1_88' title="bbox 224 5102 1809 5177">
     <span class='ocr_line' id='line_1_88' title="bbox 224 5102 1809 5177; baseline -0.002 -10"><span class='ocrx_word' id='word_1_663' title='bbox 224 5109 381 5167; x_wconf 88' lang='lat' dir='ltr'>niens</span> <span class='ocrx_word' id='word_1_664' title='bbox 427 5107 671 5164; x_wconf 88' lang='lat' dir='ltr'>vinceret</span> <span class='ocrx_word' id='word_1_665' title='bbox 714 5112 966 5162; x_wconf 87' lang='lat' dir='ltr'>mortem.</span> <span class='ocrx_word' id='word_1_666' title='bbox 1004 5103 1250 5176; x_wconf 88' lang='lat' dir='ltr'>Denique</span> <span class='ocrx_word' id='word_1_667' title='bbox 1282 5102 1431 5160; x_wconf 90' lang='lat' dir='ltr'>hunc</span> <span class='ocrx_word' id='word_1_668' title='bbox 1459 5106 1809 5177; x_wconf 81' lang='lat' dir='ltr'>exspectabat</span> 
     </span>
    </p>
   </div>
   <div class='ocr_carea' id='block_1_89' title="bbox 221 5192 1807 5268">
    <p class='ocr_par' dir='ltr' id='par_1_89' title="bbox 221 5192 1807 5268">
     <span class='ocr_line' id='line_1_89' title="bbox 221 5192 1807 5268; baseline -0.001 -14"><span class='ocrx_word' id='word_1_669' title='bbox 221 5197 516 5265; x_wconf 83' lang='lat' dir='ltr'>Abraham,</span> <span class='ocrx_word' id='word_1_670' title='bbox 550 5212 710 5268; x_wconf 90' lang='lat' dir='ltr'>quem</span> <span class='ocrx_word' id='word_1_671' title='bbox 742 5193 798 5249; x_wconf 89' lang='lat' dir='ltr'>in</span> <span class='ocrx_word' id='word_1_672' title='bbox 832 5193 1029 5265; x_wconf 88' lang='lat' dir='ltr'>spiritu</span> <span class='ocrx_word' id='word_1_673' title='bbox 1056 5192 1297 5247; x_wconf 88' lang='lat' dir='ltr'>sentiens</span> <span class='ocrx_word' id='word_1_674' title='bbox 1328 5200 1534 5261; x_wconf 89' lang='lat' dir='ltr'>natum,</span> <span class='ocrx_word' id='word_1_675' title='bbox 1587 5195 1807 5265; x_wconf 87' lang='lat' dir='ltr'>gavisus</span> 
     </span>
    </p>
   </div>
   <div class='ocr_carea' id='block_1_90' title="bbox 222 5280 1807 5355">
    <p class='ocr_par' dir='ltr' id='par_1_90' title="bbox 222 5280 1807 5355">
     <span class='ocr_line' id='line_1_90' title="bbox 222 5280 1807 5355; baseline -0.003 -12"><span class='ocrx_word' id='word_1_676' title='bbox 222 5295 323 5355; x_wconf 89' lang='lat' dir='ltr'>est,</span> <span class='ocrx_word' id='word_1_677' title='bbox 356 5287 534 5343; x_wconf 89' lang='lat' dir='ltr'>sciens</span> <span class='ocrx_word' id='word_1_678' title='bbox 563 5301 618 5341; x_wconf 91' lang='lat' dir='ltr'>se</span> <span class='ocrx_word' id='word_1_679' title='bbox 647 5284 704 5340; x_wconf 91' lang='lat' dir='ltr'>in</span> <span class='ocrx_word' id='word_1_680' title='bbox 735 5283 886 5338; x_wconf 86' lang='lat' dir='ltr'>brevi</span> <span class='ocrx_word' id='word_1_681' title='bbox 910 5280 1185 5336; x_wconf 87' lang='lat' dir='ltr'>introduci</span> <span class='ocrx_word' id='word_1_682' title='bbox 1217 5280 1272 5335; x_wconf 90' lang='lat' dir='ltr'>in</span> <span class='ocrx_word' id='word_1_683' title='bbox 1296 5283 1473 5337; x_wconf 70' lang='lat' dir='ltr'>cados.</span> <span class='ocrx_word' id='word_1_684' title='bbox 1508 5284 1807 5343; x_wconf 88' lang='lat' dir='ltr'>Undedicit</span> 
     </span>
    </p>
   </div>
   <div class='ocr_carea' id='block_1_91' title="bbox 223 5368 1807 5441">
    <p class='ocr_par' dir='ltr' id='par_1_91' title="bbox 223 5368 1807 5441">
     <span class='ocr_line' id='line_1_91' title="bbox 223 5368 1807 5441; baseline -0.001 -10"><span class='ocrx_word' id='word_1_685' title='bbox 223 5374 493 5431; x_wconf 90' lang='lat' dir='ltr'>Dominus</span> <span class='ocrx_word' id='word_1_686' title='bbox 540 5374 608 5430; x_wconf 85' lang='lat' dir='ltr'>ad</span> <span class='ocrx_word' id='word_1_687' title='bbox 652 5372 901 5427; x_wconf 75' lang='lat' dir='ltr'>Judmos:</span> <span class='ocrx_word' id='word_1_688' title='bbox 960 5395 978 5418; x_wconf 78' lang='grc' dir='ltr'><strong>ε</strong></span> <span class='ocrx_word' id='word_1_689' title='bbox 1021 5368 1299 5426; x_wconf 83' lang='lat' dir='ltr'>Abraham</span> <span class='ocrx_word' id='word_1_690' title='bbox 1348 5369 1561 5441; x_wconf 87' lang='lat' dir='ltr'>cupivit</span> <span class='ocrx_word' id='word_1_691' title='bbox 1618 5372 1807 5429; x_wconf 86' lang='lat' dir='ltr'>videre</span> 
     </span>
    </p>
   </div>
   <div class='ocr_carea' id='block_1_92' title="bbox 226 5458 1801 5531">
    <p class='ocr_par' dir='ltr' id='par_1_92' title="bbox 226 5458 1801 5531">
     <span class='ocr_line' id='line_1_92' title="bbox 226 5458 1801 5531; baseline -0.001 -12"><span class='ocrx_word' id='word_1_692' title='bbox 226 5461 371 5520; x_wconf 90' lang='lat' dir='ltr'>diem</span> <span class='ocrx_word' id='word_1_693' title='bbox 418 5479 632 5528; x_wconf 90' lang='lat' dir='ltr'>meum;</span> <span class='ocrx_word' id='word_1_694' title='bbox 679 5470 731 5516; x_wconf 87' lang='lat' dir='ltr'>et</span> <span class='ocrx_word' id='word_1_695' title='bbox 774 5460 933 5529; x_wconf 77' lang='lat' dir='ltr'>vidit,</span> <span class='ocrx_word' id='word_1_696' title='bbox 975 5466 1028 5514; x_wconf 90' lang='lat' dir='ltr'>et</span> <span class='ocrx_word' id='word_1_697' title='bbox 1066 5459 1283 5531; x_wconf 80' lang='lat' dir='ltr'>gavisus</span> <span class='ocrx_word' id='word_1_698' title='bbox 1340 5465 1419 5513; x_wconf 89' lang='lat' dir='ltr'>est</span> <span class='ocrx_word' id='word_1_699' title='bbox 1462 5458 1644 5531; x_wconf 83' lang='lat' dir='ltr'>(Joan.</span> <span class='ocrx_word' id='word_1_700' title='bbox 1676 5475 1801 5531; x_wconf 86' lang='lat' dir='ltr'>vm,</span> 
     </span>
    </p>
   </div>
   <div class='ocr_carea' id='block_1_93' title="bbox 297 5628 1803 5707">
    <p class='ocr_par' dir='ltr' id='par_1_93' title="bbox 297 5628 1803 5707">
     <span class='ocr_line' id='line_1_93' title="bbox 297 5628 1803 5707; baseline -0.002 -17"><span class='ocrx_word' id='word_1_701' title='bbox 297 5634 417 5707; x_wconf 72' lang='grc'><strong>(41)</strong></span> <span class='ocrx_word' id='word_1_702' title='bbox 446 5633 606 5707; x_wconf 73' lang='lat' dir='ltr'>Rom.</span> <span class='ocrx_word' id='word_1_703' title='bbox 634 5630 788 5697; x_wconf 88' lang='lat' dir='ltr'>edit.,</span> <span class='ocrx_word' id='word_1_704' title='bbox 820 5629 1114 5707; x_wconf 50' lang='lat' dir='ltr'>Citj‘_lltil6t&#39;3t.</span> <span class='ocrx_word' id='word_1_705' title='bbox 1139 5636 1259 5684; x_wconf 86' lang='lat' dir='ltr'>sunt</span> <span class='ocrx_word' id='word_1_706' title='bbox 1287 5628 1472 5688; x_wconf 75' lang='lat' dir='ltr'>cultris</span> <span class='ocrx_word' id='word_1_707' title='bbox 1496 5628 1558 5687; x_wconf 83' lang='lat' dir='ltr'>de</span> <span class='ocrx_word' id='word_1_708' title='bbox 1578 5634 1803 5705; x_wconf 76' lang='lat' dir='ltr'>petra...</span> 
     </span>
    </p>
   </div>
   <div class='ocr_carea' id='block_1_94' title="bbox 226 5704 1297 5777">
    <p class='ocr_par' dir='ltr' id='par_1_94' title="bbox 226 5704 1297 5777">
     <span class='ocr_line' id='line_1_94' title="bbox 226 5704 1297 5777; baseline -0.004 -13"><span class='ocrx_word' id='word_1_709' title='bbox 226 5712 286 5765; x_wconf 79' lang='lat' dir='ltr'>ut</span> <span class='ocrx_word' id='word_1_710' title='bbox 308 5704 703 5777; x_wconf 69' lang='lat' dir='ltr'>signiﬁcaretur</span> <span class='ocrx_word' id='word_1_711' title='bbox 734 5719 831 5773; x_wconf 78' lang='lat' dir='ltr'>per</span> <span class='ocrx_word' id='word_1_712' title='bbox 872 5704 1160 5771; x_wconf 65' lang='lat' dir='ltr'>Christian,</span> <span class='ocrx_word' id='word_1_713' title='bbox 1191 5711 1297 5760; x_wconf 87' lang='lat' dir='ltr'>etc.</span> 
     </span>
    </p>
   </div>
   <div class='ocr_carea' id='block_1_95' title="bbox 1916 4659 3495 4734">
    <p class='ocr_par' dir='ltr' id='par_1_95' title="bbox 1916 4659 3495 4734">
     <span class='ocr_line' id='line_1_95' title="bbox 1916 4659 3495 4734; baseline -0.001 -17"><span class='ocrx_word' id='word_1_714' title='bbox 1916 4659 2103 4717; x_wconf 90' lang='lat' dir='ltr'>homo.</span> <span class='ocrx_word' id='word_1_715' title='bbox 2170 4682 2189 4708; x_wconf 73' lang='grc' dir='ltr'>ι</span> <span class='ocrx_word' id='word_1_716' title='bbox 2230 4661 2435 4734; x_wconf 89' lang='lat' dir='ltr'>Neque,</span> <span class='ocrx_word' id='word_1_717' title='bbox 2485 4661 2686 4734; x_wconf 89' lang='lat' dir='ltr'>inquit,</span> <span class='ocrx_word' id='word_1_718' title='bbox 2719 4676 2814 4733; x_wconf 91' lang='lat' dir='ltr'>per</span> <span class='ocrx_word' id='word_1_719' title='bbox 2852 4660 3152 4727; x_wconf 90' lang='lat' dir='ltr'>hominem,</span> <span class='ocrx_word' id='word_1_720' title='bbox 3185 4684 3203 4709; x_wconf 74' lang='grc' dir='ltr'>ι</span> <span class='ocrx_word' id='word_1_721' title='bbox 3244 4667 3385 4715; x_wconf 84' lang='lat' dir='ltr'>sicut</span> <span class='ocrx_word' id='word_1_722' title='bbox 3411 4677 3495 4716; x_wconf 88' lang='lat' dir='ltr'>ar-</span> 
     </span>
    </p>
   </div>
   <div class='ocr_carea' id='block_1_96' title="bbox 1917 4748 3492 4822">
    <p class='ocr_par' dir='ltr' id='par_1_96' title="bbox 1917 4748 3492 4822">
     <span class='ocr_line' id='line_1_96' title="bbox 1917 4748 3492 4822; baseline 0.001 -16"><span class='ocrx_word' id='word_1_723' title='bbox 1917 4750 2266 4806; x_wconf 87' lang='lat' dir='ltr'>bitrabantur</span> <span class='ocrx_word' id='word_1_724' title='bbox 2306 4751 2372 4806; x_wconf 91' lang='lat' dir='ltr'>de</span> <span class='ocrx_word' id='word_1_725' title='bbox 2422 4750 2661 4818; x_wconf 88' lang='lat' dir='ltr'>Christo,</span> <span class='ocrx_word' id='word_1_726' title='bbox 2696 4750 2787 4822; x_wconf 88' lang='lat' dir='ltr'>qui</span> <span class='ocrx_word' id='word_1_727' title='bbox 2829 4750 2928 4804; x_wconf 90' lang='lat' dir='ltr'>hos</span> <span class='ocrx_word' id='word_1_728' title='bbox 2956 4748 3219 4817; x_wconf 83' lang='lat' dir='ltr'>cogebant</span> <span class='ocrx_word' id='word_1_729' title='bbox 3244 4749 3492 4807; x_wconf 82' lang='lat' dir='ltr'>circum-</span> 
     </span>
    </p>
   </div>
   <div class='ocr_carea' id='block_1_97' title="bbox 1918 4834 3493 4912">
    <p class='ocr_par' dir='ltr' id='par_1_97' title="bbox 1918 4834 3493 4912">
     <span class='ocr_line' id='line_1_97' title="bbox 1918 4834 3493 4912; baseline -0.003 -14"><span class='ocrx_word' id='word_1_730' title='bbox 1918 4838 2061 4907; x_wconf 89' lang='lat' dir='ltr'>cidi;</span> <span class='ocrx_word' id='word_1_731' title='bbox 2092 4839 2185 4895; x_wconf 89' lang='lat' dir='ltr'>sed</span> <span class='ocrx_word' id='word_1_732' title='bbox 2213 4854 2307 4912; x_wconf 90' lang='lat' dir='ltr'>per</span> <span class='ocrx_word' id='word_1_733' title='bbox 2336 4839 2630 4893; x_wconf 89' lang='lat' dir='ltr'>Dominum</span> <span class='ocrx_word' id='word_1_734' title='bbox 2667 4838 2846 4891; x_wconf 73' lang='lat' dir='ltr'>Iesum</span> <span class='ocrx_word' id='word_1_735' title='bbox 2880 4834 3182 4903; x_wconf 88' lang='lat' dir='ltr'>Christum,</span> <span class='ocrx_word' id='word_1_736' title='bbox 3216 4834 3271 4891; x_wconf 89' lang='lat' dir='ltr'>id</span> <span class='ocrx_word' id='word_1_737' title='bbox 3301 4845 3379 4891; x_wconf 86' lang='lat' dir='ltr'>est</span> <span class='ocrx_word' id='word_1_738' title='bbox 3401 4855 3493 4910; x_wconf 81' lang='lat' dir='ltr'>per</span> 
     </span>
    </p>
   </div>
   <div class='ocr_carea' id='block_1_98' title="bbox 1918 4921 3488 5001">
    <p class='ocr_par' dir='ltr' id='par_1_98' title="bbox 1918 4921 3488 5001">
     <span class='ocr_line' id='line_1_98' title="bbox 1918 4921 3488 5001; baseline -0.001 -17"><span class='ocrx_word' id='word_1_739' title='bbox 1918 4942 2042 4985; x_wconf 86' lang='lat' dir='ltr'>eum</span> <span class='ocrx_word' id='word_1_740' title='bbox 2091 4928 2186 5001; x_wconf 92' lang='lat' dir='ltr'>qui</span> <span class='ocrx_word' id='word_1_741' title='bbox 2242 4930 2387 4983; x_wconf 86' lang='lat' dir='ltr'>Deus</span> <span class='ocrx_word' id='word_1_742' title='bbox 2433 4935 2486 4981; x_wconf 91' lang='lat' dir='ltr'>et</span> <span class='ocrx_word' id='word_1_743' title='bbox 2526 4925 2690 4978; x_wconf 87' lang='lat' dir='ltr'>homo</span> <span class='ocrx_word' id='word_1_744' title='bbox 2735 4931 2834 4978; x_wconf 87' lang='lat' dir='ltr'>est.</span> <span class='ocrx_word' id='word_1_745' title='bbox 2883 4921 3039 4992; x_wconf 84' lang='lat' dir='ltr'>Quod</span> <span class='ocrx_word' id='word_1_746' title='bbox 3083 4926 3264 4978; x_wconf 89' lang='lat' dir='ltr'>statim</span> <span class='ocrx_word' id='word_1_747' title='bbox 3297 4925 3488 4995; x_wconf 87' lang='lat' dir='ltr'>aperit,</span> 
     </span>
    </p>
   </div>
   <div class='ocr_carea' id='block_1_99' title="bbox 1916 5012 3491 5086">
    <p class='ocr_par' dir='ltr' id='par_1_99' title="bbox 1916 5012 3491 5086">
     <span class='ocr_line' id='line_1_99' title="bbox 1916 5012 3491 5086; baseline -0.003 -12"><span class='ocrx_word' id='word_1_748' title='bbox 1916 5032 2042 5074; x_wconf 87' lang='lat' dir='ltr'>cum</span> <span class='ocrx_word' id='word_1_749' title='bbox 2084 5015 2221 5072; x_wconf 88' lang='lat' dir='ltr'>dicit</span> <span class='ocrx_word' id='word_1_750' title='bbox 2246 5031 2258 5070; x_wconf 92' lang='lat'><strong>:</strong></span> <span class='ocrx_word' id='word_1_751' title='bbox 2300 5038 2320 5061; x_wconf 79' lang='grc' dir='ltr'>ι</span> <span class='ocrx_word' id='word_1_752' title='bbox 2348 5015 2420 5070; x_wconf 85' lang='lat' dir='ltr'>Et</span> <span class='ocrx_word' id='word_1_753' title='bbox 2449 5016 2623 5069; x_wconf 86' lang='lat' dir='ltr'>Deum</span> <span class='ocrx_word' id='word_1_754' title='bbox 2654 5012 2888 5079; x_wconf 86' lang='lat' dir='ltr'>Patrem,</span> <span class='ocrx_word' id='word_1_755' title='bbox 2921 5012 3015 5086; x_wconf 91' lang='lat' dir='ltr'>qui</span> <span class='ocrx_word' id='word_1_756' title='bbox 3055 5012 3341 5068; x_wconf 88' lang='lat' dir='ltr'>suscitavit</span> <span class='ocrx_word' id='word_1_757' title='bbox 3370 5030 3491 5069; x_wconf 91' lang='lat' dir='ltr'>eum</span> 
     </span>
    </p>
   </div>
   <div class='ocr_carea' id='block_1_100' title="bbox 1917 5099 3494 5173">
    <p class='ocr_par' dir='ltr' id='par_1_100' title="bbox 1917 5099 3494 5173">
     <span class='ocr_line' id='line_1_100' title="bbox 1917 5099 3494 5173; baseline 0.001 -13"><span class='ocrx_word' id='word_1_758' title='bbox 1917 5122 1950 5163; x_wconf 91' lang='lat' dir='ltr'>a</span> <span class='ocrx_word' id='word_1_759' title='bbox 1976 5103 2228 5160; x_wconf 85' lang='lat' dir='ltr'>mortuis.</span> <span class='ocrx_word' id='word_1_760' title='bbox 2266 5126 2286 5151; x_wconf 74' lang='grc' dir='ltr'><strong>ι</strong></span> <span class='ocrx_word' id='word_1_761' title='bbox 2340 5101 2455 5156; x_wconf 85' lang='lat' dir='ltr'>Hoc</span> <span class='ocrx_word' id='word_1_762' title='bbox 2481 5100 2649 5169; x_wconf 89' lang='lat' dir='ltr'>dicto,</span> <span class='ocrx_word' id='word_1_763' title='bbox 2684 5099 2819 5157; x_wconf 89' lang='lat' dir='ltr'>duas</span> <span class='ocrx_word' id='word_1_764' title='bbox 2850 5100 3082 5157; x_wconf 68' lang='lat' dir='ltr'>haereses</span> <span class='ocrx_word' id='word_1_765' title='bbox 3111 5101 3413 5173; x_wconf 87' lang='lat' dir='ltr'>damnavit,</span> <span class='ocrx_word' id='word_1_766' title='bbox 3442 5113 3494 5165; x_wconf 85' lang='lat' dir='ltr'>et</span> 
     </span>
    </p>
   </div>
   <div class='ocr_carea' id='block_1_101' title="bbox 1915 5188 3489 5263">
    <p class='ocr_par' dir='ltr' id='par_1_101' title="bbox 1915 5188 3489 5263">
     <span class='ocr_line' id='line_1_101' title="bbox 1915 5188 3489 5263; baseline -0.003 -12"><span class='ocrx_word' id='word_1_767' title='bbox 1915 5190 2205 5251; x_wconf 68' lang='lat' dir='ltr'>Manichaei</span> <span class='ocrx_word' id='word_1_768' title='bbox 2250 5197 2305 5246; x_wconf 90' lang='lat' dir='ltr'>et</span> <span class='ocrx_word' id='word_1_769' title='bbox 2356 5188 2617 5255; x_wconf 87' lang='lat' dir='ltr'>Photini;</span> <span class='ocrx_word' id='word_1_770' title='bbox 2670 5188 2797 5263; x_wconf 88' lang='lat' dir='ltr'>quia</span> <span class='ocrx_word' id='word_1_771' title='bbox 2839 5188 3171 5246; x_wconf 65' lang='lat' dir='ltr'>Manichmus</span> <span class='ocrx_word' id='word_1_772' title='bbox 3216 5188 3489 5246; x_wconf 88' lang='lat' dir='ltr'>Christum</span> 
     </span>
    </p>
   </div>
   <div class='ocr_carea' id='block_1_102' title="bbox 1919 5277 3491 5351">
    <p class='ocr_par' dir='ltr' id='par_1_102' title="bbox 1919 5277 3491 5351">
     <span class='ocr_line' id='line_1_102' title="bbox 1919 5277 3491 5351; baseline -0.002 -16"><span class='ocrx_word' id='word_1_773' title='bbox 1919 5280 2198 5336; x_wconf 90' lang='lat' dir='ltr'>hominem</span> <span class='ocrx_word' id='word_1_774' title='bbox 2249 5285 2428 5349; x_wconf 83' lang='lat' dir='ltr'>negat,</span> <span class='ocrx_word' id='word_1_775' title='bbox 2458 5284 2512 5333; x_wconf 90' lang='lat' dir='ltr'>et</span> <span class='ocrx_word' id='word_1_776' title='bbox 2550 5293 2660 5333; x_wconf 87' lang='lat' dir='ltr'>non</span> <span class='ocrx_word' id='word_1_777' title='bbox 2691 5285 2848 5351; x_wconf 88' lang='lat' dir='ltr'>negat</span> <span class='ocrx_word' id='word_1_778' title='bbox 2878 5277 3202 5337; x_wconf 85' lang='lat' dir='ltr'>cruciﬁxum</span> <span class='ocrx_word' id='word_1_779' title='bbox 3231 5293 3242 5330; x_wconf 89' lang='lat'><strong>:</strong></span> <span class='ocrx_word' id='word_1_780' title='bbox 3275 5284 3328 5331; x_wconf 92' lang='lat' dir='ltr'>et</span> <span class='ocrx_word' id='word_1_781' title='bbox 3358 5277 3491 5332; x_wconf 85' lang='lat' dir='ltr'>Pho-</span> 
     </span>
    </p>
   </div>
   <div class='ocr_carea' id='block_1_103' title="bbox 1916 5364 3493 5433">
    <p class='ocr_par' dir='ltr' id='par_1_103' title="bbox 1916 5364 3493 5433">
     <span class='ocr_line' id='line_1_103' title="bbox 1916 5364 3493 5433; baseline -0.003 -7"><span class='ocrx_word' id='word_1_782' title='bbox 1916 5367 2069 5426; x_wconf 89' lang='lat' dir='ltr'>tinus</span> <span class='ocrx_word' id='word_1_783' title='bbox 2111 5366 2392 5425; x_wconf 88' lang='lat' dir='ltr'>Christum</span> <span class='ocrx_word' id='word_1_784' title='bbox 2424 5368 2597 5422; x_wconf 90' lang='lat' dir='ltr'>Deum</span> <span class='ocrx_word' id='word_1_785' title='bbox 2629 5382 2745 5422; x_wconf 91' lang='lat' dir='ltr'>esse</span> <span class='ocrx_word' id='word_1_786' title='bbox 2773 5383 2881 5422; x_wconf 90' lang='lat' dir='ltr'>non</span> <span class='ocrx_word' id='word_1_787' title='bbox 2914 5364 3195 5433; x_wconf 87' lang='lat' dir='ltr'>concedit;</span> <span class='ocrx_word' id='word_1_788' title='bbox 3232 5370 3284 5419; x_wconf 88' lang='lat' dir='ltr'>et</span> <span class='ocrx_word' id='word_1_789' title='bbox 3312 5371 3493 5421; x_wconf 86' lang='lat' dir='ltr'>tamen</span> 
     </span>
    </p>
   </div>
   <div class='ocr_carea' id='block_1_104' title="bbox 1918 5453 3491 5528">
    <p class='ocr_par' dir='ltr' id='par_1_104' title="bbox 1918 5453 3491 5528">
     <span class='ocr_line' id='line_1_104' title="bbox 1918 5453 3491 5528; baseline -0.002 -16"><span class='ocrx_word' id='word_1_790' title='bbox 1918 5455 2098 5528; x_wconf 90' lang='lat' dir='ltr'>ipsum</span> <span class='ocrx_word' id='word_1_791' title='bbox 2144 5472 2222 5525; x_wconf 91' lang='lat' dir='ltr'>se,</span> <span class='ocrx_word' id='word_1_792' title='bbox 2267 5454 2372 5512; x_wconf 91' lang='lat' dir='ltr'>hoc</span> <span class='ocrx_word' id='word_1_793' title='bbox 2406 5461 2487 5512; x_wconf 87' lang='lat' dir='ltr'>est</span> <span class='ocrx_word' id='word_1_794' title='bbox 2524 5470 2719 5528; x_wconf 90' lang='lat' dir='ltr'>corpus</span> <span class='ocrx_word' id='word_1_795' title='bbox 2765 5471 2946 5523; x_wconf 86' lang='lat' dir='ltr'>suum,</span> <span class='ocrx_word' id='word_1_796' title='bbox 2992 5453 3253 5511; x_wconf 78' lang='lat' dir='ltr'>excitasse</span> <span class='ocrx_word' id='word_1_797' title='bbox 3286 5467 3315 5507; x_wconf 90' lang='lat' dir='ltr'>a</span> <span class='ocrx_word' id='word_1_798' title='bbox 3353 5468 3491 5509; x_wconf 87' lang='lat' dir='ltr'>mor-</span> 
     </span>
    </p>
   </div>
   <div class='ocr_carea' id='block_1_105' title="bbox 1994 5620 3491 5704">
    <p class='ocr_par' dir='ltr' id='par_1_105' title="bbox 1994 5620 3491 5704">
     <span class='ocr_line' id='line_1_105' title="bbox 1994 5620 3491 5704; baseline -0.007 -16"><span class='ocrx_word' id='word_1_799' title='bbox 1994 5629 2112 5704; x_wconf 75' lang='grc'>(42)</span> <span class='ocrx_word' id='word_1_800' title='bbox 2146 5628 2332 5692; x_wconf 82' lang='lat' dir='ltr'>Codex</span> <span class='ocrx_word' id='word_1_801' title='bbox 2360 5628 2531 5701; x_wconf 54' lang='grc' dir='ltr'>νειμ,</span> <span class='ocrx_word' id='word_1_802' title='bbox 2560 5626 2872 5701; x_wconf 79' lang='lat' dir='ltr'>etquoniam</span> <span class='ocrx_word' id='word_1_803' title='bbox 2898 5624 3077 5685; x_wconf 74' lang='lat' dir='ltr'>divino</span> <span class='ocrx_word' id='word_1_804' title='bbox 3092 5621 3299 5699; x_wconf 79' lang='lat' dir='ltr'>judicio</span> <span class='ocrx_word' id='word_1_805' title='bbox 3324 5620 3491 5694; x_wconf 73' lang='lat' dir='ltr'>elegit.</span> 
     </span>
    </p>
   </div>
  </div>
