3970 6356
536 383 645 455 389

1546 397 1642 452 AD
1680 395 1915 453 OPERA
1953 394 2011 452 S.
2053 394 2384 452 AMBROSII
2420 394 2795 450 APPENDIX.

3715 388 3823 449 360

536 517 650 576 tuis
686 528 885 589 negare
910 529 1024 572 non
1050 512 1263 573 audet:
1297 520 1363 572 ut
1397 514 1750 586 Manichaus,
1780 534 1906 575 cum
1934 518 2109 575 cruci-
2136 520 2189 579 Α
2216 516 2315 574 Dei
2345 533 2603 574 vocemur
2657 516 2787 575 facti
2817 533 2913 589 per
2949 517 3135 575 ﬁdem.
3190 515 3439 584 Quantus
3470 531 3600 588 ergo
3649 532 3824 573 error

535 605 713 663 ﬁxum
759 620 872 661 non
915 611 1095 675 negat,
1143 603 1310 661 stulte
1345 620 1470 661 eum
1501 604 1781 661 hominem
1812 623 1924 663 non
1954 607 2115 664 fateri

536 693 792 752 videatur
826 709 838 747 :
871 699 926 749 et
953 691 1222 750 Photinus
1252 691 1531 765 impietate
1557 693 1789 766 quadam
1820 697 1994 752 Deum
2024 711 2115 752 ne-

540 798 686 855 gare,
743 796 905 855 quem
954 796 1010 837 se
1056 780 1234 853 ipsum
1265 796 1297 836 a
1330 781 1562 838 mortuis
1588 782 1851 839 excitasse
1893 782 2115 839 fatetur.

536 870 692 943 Legit
734 869 881 925 enim
925 868 1131 925 dixisse
1177 869 1515 928 Dominum:
1563 895 1583 919 ι
1611 871 1818 927 Solvite
1847 872 2117 943 templum

537 958 665 1026 hoc,
687 964 742 1013 et
770 973 868 1030 ego
895 957 1075 1013 tribus
1102 956 1297 1014 diebus
1322 958 1576 1016 excitabo
1604 959 1763 1016 illud.
1794 960 1908 1016 Hoc
1932 967 2119 1016 autem

536 1044 753 1103 dicebat
780 1043 848 1101 de
877 1044 1085 1116 templo
1109 1045 1355 1118 corporis
1379 1045 1465 1101 sui
1498 1046 1678 1117 (Joan.
1712 1062 1774 1114 η,
1809 1045 1923 1116 19).
1954 1069 1974 1094 ι
2016 1045 2119 1117 Igi-

532 1141 628 1191 tur
672 1133 785 1205 ipse
829 1132 1076 1189 excitans
1105 1148 1162 1189 se
1196 1150 1228 1189 a
1252 1134 1505 1203 mortuis,
1537 1150 1737 1206 corpus
1758 1149 1924 1188 suum
1953 1132 2119 1203 signi-

534 1220 665 1278 ﬁcat
713 1236 770 1277 se
811 1238 844 1277 a
870 1221 1104 1277 mortuis
1130 1220 1426 1288 excitasse;
1458 1229 1513 1277 et
1540 1221 1907 1277 nihilominus
1935 1229 2116 1277 tamen

512 1304 567 1364 'a
596 1309 752 1364 Patre
779 1324 879 1364 suo
902 1307 1108 1364 dicitur
1130 1308 1419 1375 excitatus,
1452 1316 1734 1380 propterea
1762 1308 1909 1382 quod
1940 1308 2120 1364 omnis

532 1396 714 1452 virtus
748 1395 878 1451 Filii
925 1394 993 1451 de
1041 1395 1198 1452 Patre
1241 1404 1360 1464 est;
1404 1403 1468 1454 ut
1504 1406 1651 1469 gesta
1678 1397 1809 1453 Filii
1838 1397 1983 1453 facta
2008 1395 2121 1451 sint

532 1482 731 1550 Patris,
770 1497 840 1538 ex
869 1499 978 1555 quo
1007 1491 1137 1539 sunt
1169 1483 1377 1541 omnia.

610 1573 792 1644 (Vera.
836 1572 918 1644 2.)
984 1596 1005 1620 ι
1048 1573 1121 1629 Et
1146 1573 1241 1646 qui
1270 1587 1485 1629 mecum
1517 1580 1648 1630 sunt
1676 1587 1865 1629 omnes
1895 1571 2113 1641 fratres,

535 1659 797 1716 Ecclesia
838 1659 1084 1716 Galatia.
1134 1684 1156 1708 ι
1205 1660 1498 1733 Postquam
1541 1660 1919 1718 auctoritatem
1963 1674 2118 1716 suam

532 1746 960 1815 commendavit,
1001 1746 1182 1803 adhuc
1220 1754 1382 1819 auget
1425 1746 1495 1803 ad
1522 1762 1775 1815 causam;
1806 1754 1870 1803 ut
1895 1755 2120 1804 cateros

530 1835 626 1908 qui
680 1849 865 1891 secum
911 1842 1087 1903 erant,
1134 1850 1325 1890 omnes
1366 1843 1672 1892 commotos
1713 1836 1975 1893 adversus
2023 1853 2120 1894 eos

530 1922 860 1980 ostenderet.
914 1920 1179 1989 Quamvis
1222 1921 1494 1979 sufﬁceret
1540 1922 1838 1981 auctoritas
1877 1923 2016 1996 ejus,
2048 1940 2118 1981 ne

529 2018 711 2085 posset
737 2011 1012 2079 refutari;
1051 2018 1237 2067 tamen
1279 2019 1342 2067 ut
1388 2019 1577 2084 gravet
1627 2012 1835 2069 factum
1864 2013 2111 2083 illorum,

530 2116 641 2174 quo
689 2116 723 2157 a
759 2098 940 2171 prima
968 2098 1076 2155 ﬁde
1104 2098 1448 2169 destiterant,
1480 2102 1688 2157 mullus
1715 2117 1898 2158 secum
1926 2117 2115 2159 accen-

526 2205 622 2247 sos
649 2187 717 2245 ad
742 2204 981 2245 errorem
1016 2188 1241 2245 illorum
1270 2188 1605 2260 urguendum
1636 2188 1901 2263 designat.
1934 2190 2117 2247 Facile

533 2278 683 2336 enim
730 2277 936 2351 poterit
971 2277 1097 2352 quis
1144 2279 1449 2352 intelligere
1474 2294 1653 2337 errare
1682 2295 1761 2350 se,
1790 2278 1838 2336 si
1866 2295 1899 2335 a
1925 2278 2116 2338 multis

531 2382 588 2423 se
618 2366 802 2423 videat
828 2365 1176 2440 reprehendi.

601 2454 784 2526 (Vera.
847 2455 933 2527 3.)
1005 2478 1026 2503 ι
1067 2454 1256 2511 Gratia
1304 2454 1463 2513 vobis
1513 2462 1570 2512 et
1613 2471 1721 2530 pax
1756 2471 1788 2511 a
1814 2457 1929 2513 Deo
1955 2455 2114 2512 Patre

527 2551 737 2614 nostro,
766 2551 820 2600 et
845 2544 1084 2603 Domino
1113 2546 1240 2603 Jesu
1280 2545 1519 2605 Christo.
1556 2573 1577 2598 ι
1630 2546 1924 2620 Utriusque
1952 2545 2111 2601 bene-

524 2631 672 2700 ﬁcio,
715 2640 827 2688 tam
868 2633 1048 2689 Patris
1075 2649 1239 2706 quam
1273 2634 1422 2703 Filii,
1454 2651 1623 2707 genus
1653 2633 1941 2691 hominum
1986 2633 2114 2691 sub-

526 2720 765 2777 levatum
811 2720 1072 2777 ostendit.
1119 2721 1231 2779 Nec
1277 2722 1547 2778 minorem
1578 2720 1782 2778 Filium
1812 2720 2108 2793 signiﬁcat,

520 2824 645 2865 cum
677 2824 802 2865 eum
832 2809 1132 2866 Dominum
1159 2817 1409 2866 nostrum
1437 2820 1633 2868 vocat:
1686 2825 1864 2883 neque
1893 2811 2108 2866 Patrem

521 2895 803 2970 majorem,
856 2897 987 2970 quia
1026 2914 1152 2955 eum
1198 2901 1373 2956 Deum
1406 2908 1656 2956 nostrum
1685 2899 1947 2971 appellat;
1981 2899 2112 2971 quia

523 3002 636 3041 non
690 2986 798 3043 erit
842 3003 1007 3045 verus
1047 2988 1194 3044 Deus
1237 2987 1414 3056 Pater,
1455 2987 1563 3044 nisi
1610 2994 1665 3043 et
1692 2988 1962 3043 Dominus
1990 2987 2105 3043 sit:

526 3092 703 3150 neque
752 3092 914 3134 verus
959 3077 1228 3134 Dominus
1278 3078 1475 3147 Filius,
1516 3076 1627 3133 nisi
1673 3084 1729 3132 et
1753 3078 1898 3133 Deus
1921 3076 2013 3132 sit.
2049 3076 2107 3133 Si

526 3180 655 3237 ergo
685 3178 795 3221 una
822 3165 997 3237 gratia
1046 3164 1225 3222 Patris
1252 3175 1305 3223 et
1350 3164 1481 3222 Filii
1522 3180 1649 3238 erga
1689 3181 1789 3221 nos
1832 3173 1934 3232 est,
1973 3163 2108 3237 quid

516 3261 620 3323 est,
664 3254 864 3328 inquit,
912 3262 975 3311 ut
1017 3253 1085 3311 de
1131 3254 1275 3312 Filio
1329 3254 1516 3311 minus
1541 3253 1838 3310 sentientes
1865 3253 2003 3325 (43),
2038 3253 2111 3309 le-

521 3358 644 3416 gem
670 3376 679 3389 ι
703 3342 789 3399 illi
835 3343 1083 3417 aquetis,
1140 3351 1204 3400 ut
1243 3342 1445 3415 partim
1499 3340 1739 3410 Christo,
1772 3342 1971 3414 partim
2005 3340 2111 3413 legi

519 3430 793 3502 serviatis,
815 3448 941 3489 cum
965 3430 1210 3505 legeritis
1237 3430 1535 3487 Dominum
1573 3429 1846 3487 dicentem
1872 3449 1884 3487 :
1932 3454 1950 3478 ι
1972 3430 2113 3499 Quia

520 3520 794 3579 Dominus
821 3530 905 3577 est
928 3520 1105 3577 Filius
1133 3520 1379 3577 hominis
1404 3521 1567 3579 etiam
1597 3522 1818 3579 Sabbati
1852 3522 2002 3594 (Luc.
2027 3539 2108 3590 v1,

522 3610 584 3683 ὕ)
615 3611 644 3668 ?
676 3636 696 3661 ι
734 3618 800 3667 ut
826 3627 923 3684 per
951 3610 1060 3667 hoc
1085 3608 1311 3667 videant
1340 3618 1543 3684 quanta
1568 3612 1904 3669 contumelia
1930 3612 1999 3669 ab
2032 3612 2111 3669 eis

518 3698 762 3756 Domino
791 3698 1082 3772 irrogetur,
1114 3697 1332 3771 quando
1361 3710 1680 3775 comparant
1706 3703 2006 3761 Dominum
2031 3703 2108 3759 fa-

523 3788 713 3845 mula.

602 3874 786 3948 (Vere.
832 3873 918 3949 4.)
982 3898 1003 3924 ι
1035 3874 1143 3945 Qui
1189 3874 1342 3934 dedit
1369 3870 1721 3953 semetipsum
1747 3893 1846 3952 pro
1871 3877 2108 3951 peccatis

522 3965 748 4024 nostris.
804 3989 826 4016 ι
885 3966 1088 4039 Aperte
1135 3967 1375 4025 ostendit
1416 3969 1559 4026 nihil
1612 3969 1866 4043 prodesse
1914 3971 2107 4043 legem,

525 4055 745 4131 quando
783 4055 1063 4115 Christum
1113 4057 1252 4116 dicit
1292 4058 1557 4118 obtulisse
1603 4078 1679 4129 se,
1725 4068 1788 4118 ut
1817 4078 1915 4134 pro
1944 4060 2110 4117 nobis

524 4152 820 4218 pateretur,
877 4153 940 4203 ut
975 4163 1075 4205 nos
1114 4146 1463 4219 justiﬁcaret,
1513 4165 1651 4222 quos
1693 4151 1785 4205 lex
1811 4167 1931 4207 reos
1961 4158 2107 4207 tene-

525 4232 665 4301 bat;
717 4239 780 4289 ut
819 4232 962 4290 eruti
1000 4250 1033 4290 a
1069 4235 1184 4307 lege
1226 4250 1323 4308 per
1365 4235 1533 4293 ﬁdem
1580 4235 1807 4304 Christi,
1852 4236 1965 4307 jam
1996 4252 2108 4294 non

522 4327 833 4396 peccatores
877 4338 1148 4389 essemus;
1199 4323 1293 4380 sed
1321 4322 1605 4396 iustiﬁcati
1643 4323 1884 4380 secunda
1910 4324 2108 4381 nativi-

520 4416 654 4479 tate,
710 4408 816 4466 ﬁlii
859 4411 956 4467 Dei
1001 4411 1282 4485 appellati.
1315 4410 1453 4469 Cum
1482 4412 1631 4468 enim
1661 4411 1720 4467 in
1749 4410 2108 4470 ditione‘dia-

515 4496 630 4555 boli
675 4512 845 4571 genus
877 4498 987 4571 (44)
1030 4499 1319 4556 hominum
1357 4502 1496 4561 211
1529 4505 1825 4568 teneretur,
1856 4500 2105 4558 Salvator

2223 613 2305 663 est
2331 615 2453 679 post
2482 605 2709 679 gratiam
2742 605 2942 662 reverti
2975 604 3076 662 sub
3108 605 3243 675 lege,
3284 602 3391 659 hoc
3422 611 3527 669 est,
3564 612 3688 675 post
3711 620 3819 661 ac-

2223 702 2435 767 ceptam
2498 694 2807 751 libertatem
2862 694 3005 751 velle
3049 693 3293 761 servire;
3336 698 3400 748 ut
3432 698 3651 763 ereptus
3690 693 3826 762 gla-

2225 780 2319 838 dio
2364 782 2653 838 immemor
2689 781 2947 838 beneﬁcii
2992 781 3175 838 denuo
3221 780 3530 838 se'vendat
3559 780 3825 837 lanista?

2226 872 2525 927 Accusator
2570 877 2652 925 est
2694 871 2846 926 enim
2886 869 3171 943 emptoris,
3202 869 3320 942 qui,
3350 868 3545 925 relicto
3578 885 3662 936 eo,
3696 885 3821 925 rur-

2227 973 2350 1015 sum
2378 955 2445 1012 ad
2477 956 2714 1027 priorem
2744 957 3033 1014 dominum
3062 957 3224 1014 redit.
3271 980 3291 1004 α
3321 958 3392 1014 Ut
3429 957 3685 1013 liberaret
3714 973 3822 1014 nos

2229 1046 2297 1103 de
2325 1045 2579 1117 prasenti
2607 1048 2808 1103 saculo
2848 1047 3110 1119 maligno.
3145 1070 3165 1095 ι
3209 1046 3325 1102 Hoc
3353 1045 3510 1114 dicit,
3532 1045 3659 1118 quia
3687 1043 3820 1102 ideo

2229 1134 2395 1190 morti
2418 1133 2687 1190 concessit
2707 1150 2762 1190 se
2792 1136 3080 1203 Dominus,
3111 1141 3174 1190 ut
3205 1150 3305 1189 nos
3324 1134 3392 1190 ab
3420 1150 3601 1190 errore
3627 1133 3815 1189 saculi

2216 1221 2507 1289 ‘liberaret,
2560 1223 2617 1280 id
2672 1229 2774 1291 est,
2818 1230 2881 1278 ut
2908 1224 2976 1279 ab
3008 1222 3383 1293 intelligentia
3411 1222 3575 1293 hujus
3601 1219 3815 1289 saculi,

2230 1311 2377 1383 quod
2406 1310 2699 1367 curriculis
2728 1317 3042 1367 senescente
3072 1319 3229 1366 atate
3258 1310 3503 1382 devergit
3532 1311 3588 1365 in
3620 1308 3812 1376 ﬁnem,

2229 1399 2395 1454 alieni
2425 1399 2575 1467 facti,
2601 1399 2775 1456 futuri
2805 1400 2991 1456 saculi
3021 1400 3168 1473 quod
3195 1416 3449 1457 occasum
3479 1400 3671 1467 nescit,
3693 1412 3816 1469 par-

2231 1489 2423 1561 ticipes
2470 1490 2643 1546 simus
2694 1489 2753 1545 in
2796 1506 2959 1546 sensu
2986 1490 3151 1547 unius
3178 1490 3297 1547 Dei.
3344 1490 3632 1546 Prasentis
3662 1487 3816 1544 enim

2229 1579 2416 1636 saculi
2474 1578 2593 1636 hac
2642 1587 2725 1635 est
2762 1580 3097 1653 malignitas,
3140 1579 3271 1653 quia
3314 1595 3426 1636 non
3473 1579 3655 1635 reddit
3684 1592 3819 1633 con-

2230 1683 2421 1739 gruam
2476 1668 2838 1724 reverentiam
2874 1665 3106 1725 creatori
3160 1668 3294 1735 Deo,
3353 1675 3409 1724 et
3456 1663 3818 1723 restauratori

2229 1753 2448 1813 Christo
2475 1773 2490 1824 ;
2533 1754 2665 1811 dum
2699 1756 2905 1812 multos
2933 1754 3038 1811 sibi
3066 1753 3196 1811 deos
3220 1754 3485 1827 contingit
3513 1771 3667 1811 error
3698 1754 3820 1809 hu—

2155 1869 2203 1930 B
2228 1858 2442 1911 manus,
2472 1851 2567 1901 aut
2590 1842 2722 1901 dum
2753 1843 2972 1902 Christo
2995 1860 3028 1899 a
3048 1842 3396 1901 credentibus
3422 1842 3607 1900 debita
3635 1842 3819 1902 hono-

2226 1931 2497 1989 riﬁcentia
2524 1948 2636 1989 non
2661 1940 2988 1989 reservatur.

2301 2020 2479 2091 (Vers.
2511 2021 2595 2093 5.)
2647 2043 2667 2068 ι
2705 2020 3017 2078 Secundum
3047 2021 3387 2078 voluntatem
3417 2021 3517 2078 Dei
3548 2028 3601 2077 et
3631 2020 3816 2078 Patris

2226 2108 2421 2178 nostri,
2459 2109 2547 2166 cui
2576 2109 2750 2181 gloria
2776 2110 2834 2165 in
2863 2109 3061 2168 sacula
3088 2112 3435 2168 saculorum.
3463 2111 3689 2167 Amen»
3735 2110 3808 2168 Ut

2226 2198 2445 2255 firmum
2492 2199 2564 2254 sit
2608 2206 2661 2254 et
2707 2200 2933 2271 plenum
2964 2200 3308 2268 auctoritate,
3340 2200 3487 2273 quod
3514 2200 3651 2256 dicit
3679 2198 3814 2273 quia

2225 2286 2476 2344 Christus
2513 2302 2612 2343 nos
2646 2287 2938 2357 liberavit;
2986 2288 3142 2346 addit
3189 2290 3319 2363 quia
3355 2289 3503 2346 istud
3530 2287 3703 2345 Patris
3732 2288 3812 2345 fe-

2223 2376 2359 2432 cerit
2387 2392 2511 2433 cum
2543 2378 2845 2435 voluntate.

2296 2466 2477 2538 (Vers.
2496 2467 2575 2539 6.)
2624 2466 2822 2524 «Miror
2848 2467 2993 2541 quod
3022 2467 3100 2525 sic
3129 2475 3241 2523 tam
3265 2468 3377 2525 cito
3405 2465 3811 2525 transferimini

2220 2553 2290 2611 ab
2316 2571 2400 2623 eo,
2427 2554 2524 2628 qui
2552 2556 2770 2613 vocavit
2798 2571 2896 2611 vos
2929 2571 3025 2628 per
3048 2556 3275 2628 gratiam
3302 2555 3530 2625 Christi,
3566 2557 3623 2612 in
3654 2555 3810 2612 aliud

2219 2642 2607 2714 Evangelium.
2639 2668 2659 2692 ›
2696 2644 3056 2716 Evangelium
3086 2644 3293 2700 bonum
3315 2645 3571 2700 nuntium
3615 2650 3718 2709 est,
3744 2660 3811 2700 ac

2208 2745 2317 2874 fer
2343 2730 2449 2788 hoc
2475 2739 2529 2789 et
2581 2732 2671 2788 lex
2705 2741 2864 2790 vetus
2898 2734 3260 2805 Evangelium
3291 2742 3391 2802 est,
3432 2742 3659 2805 excepta
3689 2733 3809 2804 lege

2244 2824 2489 2874 actorum
2539 2818 2657 2874 (45)
2685 2839 2697 2874 :
2744 2820 2838 2874 sed
2893 2820 2999 2874 hoc
3042 2822 3225 2874 notius
3254 2822 3313 2874 in
3346 2838 3474 2874 auo.
3505 2820 3652 2874 quod
3679 2837 3807 2874 nro-

2244 2824 2489 2875 actorum
2539 2818 2697 2893 (45):
2744 2820 2838 2877 sed
2893 2820 2999 2878 hoc
3042 2822 3225 2893 potius
3254 2822 3313 2877 in
3346 2838 3475 2894 quo,
3505 2820 3652 2893 quod
3679 2837 3807 2893 pro-

2218 2907 2447 2963 missum
2478 2916 2579 2978 est,
2610 2910 2852 2966 solutum
2881 2917 2980 2979 est,
3011 2927 3105 2982 per
3132 2910 3279 2983 quod
3305 2917 3612 2982 peccatores
3637 2908 3707 2965 ad
3723 2909 3807 2973 in-

2217 2995 2556 3069 dulgentiam
2602 3006 2996 3055 convocantur.
3037 2999 3227 3056 Mirari
3257 3016 3383 3071 ergo
3413 2999 3537 3055 ideo
3562 3016 3618 3055 se
3645 2998 3805 3067 dicit,

2216 3085 2346 3157 quia
2399 3085 2465 3141 de
2521 3087 2730 3158 optimo
2785 3094 2840 3142 et
2881 3086 3124 3144 maximo
3175 3086 3442 3144 beneﬁcio
3471 3086 3806 3157 decidentes,

2218 3174 2603 3247 manciparunt
2659 3192 2715 3232 se
2761 3177 2867 3249 legi
2913 3177 3181 3232 factorum
3209 3195 3223 3245 ;
3253 3185 3317 3232 ut
3346 3176 3633 3249 perderent
3658 3177 3811 3250 quod

2219 3262 2435 3319 fuerant
2475 3264 2753 3321 consecuti
2774 3308 2791 3334 ,
2846 3272 2911 3321 ut
2951 3265 3019 3321 de
3058 3273 3280 3338 accepta
3303 3265 3554 3324 libertate
3584 3273 3811 3322 ruerent

2219 3350 2279 3407 in
2331 3351 2675 3422 servitutem,
2723 3353 2836 3410 cito
2892 3354 3098 3411 eversi:
3140 3371 3267 3411 cum
3293 3371 3412 3410 mos
3435 3355 3509 3411 sit
3534 3362 3596 3410 ut
3623 3355 3809 3427 paula-

2219 3438 2321 3495 tim
2373 3440 2574 3514 aliquis
2614 3442 2681 3498 de
2724 3443 2868 3499 malo
2912 3449 3151 3499 transeat
3180 3443 3250 3499 ad
3277 3443 3509 3513 bonum,
3536 3441 3596 3498 hi
3623 3450 3807 3498 autem

2218 3526 2286 3584 de
2330 3527 2491 3595 bono,
2518 3531 2677 3588 facile
2725 3530 2961 3588 traducti
3009 3540 3138 3589 sunt
3163 3533 3232 3588 ad
3263 3548 3427 3605 opera
3453 3531 3654 3601 carnis,
3683 3548 3810 3604 qua

2219 3625 2349 3673 sunt
2397 3619 2601 3691 gravia.
2653 3621 2796 3677 Raro
2836 3621 2986 3678 enim
3023 3620 3296 3694 contingit
3345 3629 3407 3678 ut
3452 3622 3576 3697 quis
3603 3621 3671 3679 de
3717 3622 3810 3678 la-

2218 3706 2343 3761 titia
2372 3708 2653 3779 confugiat
2682 3708 2751 3763 ad
2778 3710 2950 3765 exitia
2983 3728 2995 3766 :
3027 3727 3092 3768 ac
3118 3728 3215 3785 per
3241 3712 3347 3769 hoc
3374 3712 3678 3770 admiratur
3713 3711 3812 3769 he-

2218 3794 2537 3861 betudinem
2591 3795 2814 3851 illorum
2869 3797 2986 3869 qui,
3045 3799 3105 3854 in
3160 3801 3452 3858 securitate
3500 3801 3683 3873 positi,
3732 3800 3812 3857 la-

2217 3883 2338 3938 bori
2378 3900 2433 3939 se
2455 3883 2806 3956 subjecerunt
2834 3885 3007 3943 inani.
3031 3886 3158 3944 Tale
3186 3898 3289 3957 est,
3312 3890 3358 3946 si
3382 3898 3552 3947 nauta
3581 3890 3813 3947 insanus

2218 3977 2368 4029 stans
2401 3972 2461 4027 in
2482 3981 2666 4045 portu,
2696 3974 2763 4029 de
2800 3982 3120 4046 tempestate
3160 3992 3405 4046 securus,
3440 3980 3587 4034 laxet
3616 3978 3813 4034 navim

2220 4062 2278 4117 in
2331 4062 2525 4129 altum,
2570 4069 2631 4116 ut
2673 4061 3024 4133 perturbetur
3051 4062 3286 4119 diversis
3314 4066 3612 4136 procellis:
3649 4066 3732 4122 ita
3755 4073 3813 4123 et

2218 4149 2280 4206 hi
2335 4166 2430 4222 per
2485 4149 2775 4207 stultitiam
2811 4149 3161 4221 subjecerunt
3216 4169 3309 4219 se;
3365 4159 3428 4207 ut
3464 4152 3685 4209 dolores
3717 4169 3809 4223 pa-

2218 4245 2466 4294 terentur
2508 4238 2733 4310 pudoris
2781 4239 3006 4307 desecti,
3034 4247 3088 4295 et
3120 4238 3314 4313 jugum
3355 4240 3639 4297 servitutis
3669 4242 3809 4313 legis

2217 4326 2574 4398 susciperent,
2604 4328 2758 4384 nulla
2793 4326 2958 4399 hujus
2986 4328 3065 4384 rei
3095 4345 3187 4400 spe
3216 4328 3623 4400 pradicataJn
3651 4330 3810 4387 aliud

2216 4431 2344 4489 ergo
2373 4416 2717 4488 evangelium
2747 4415 2927 4473 vocati
2959 4415 3195 4485 fuerant,
3225 4434 3385 4490 quam
3416 4418 3561 4491 quod
3583 4417 3641 4472 hi
3670 4435 3809 4490 pra-

2216 4503 2490 4573 dicabant,
2537 4503 2631 4576 qui
2683 4520 2772 4560 eos
2821 4504 3235 4573 subverterent;
3286 4523 3397 4562 non
3440 4514 3623 4562 tamen
3653 4507 3804 4564 aliud

519 4596 728 4653 obtulit
772 4613 828 4653 se
883 4597 1095 4655 volenti
1141 4596 1392 4664 diabolo;
1441 4605 1505 4653 ut
1533 4595 1771 4653 illudens
1801 4614 1923 4653 eum
1955 4606 2104 4669 pote-
2132 4573 2182 4633 D
2215 4591 2284 4647 ab
2336 4608 2421 4659 ϐο,
2463 4573 2610 4665 Ἷαόἀ
2646 4593 2881 4664 apostoli
2918 4593 3341 4662 annuntiabant,
3374 4595 3519 4667 quod
3545 4594 3603 4650 hi
3633 4611 3807 4666 pseu-

513 4691 653 4742 state
696 4685 920 4741 virtutis
963 4701 1073 4741 sua
1111 4683 1380 4757 (accipere
1410 4684 1559 4741 enim
1592 4684 1795 4753 voluit,
1824 4701 1983 4757 quem
2015 4684 2105 4743 de-

520 4772 699 4830 tinere
743 4789 856 4829 non
899 4772 1104 4846 potuit)
1160 4770 1399 4827 auferret
1443 4772 1515 4841 ei,
1564 4787 1684 4846 qua
1715 4774 1859 4829 malo
1884 4773 2009 4845 jure
2032 4781 2108 4830 te-

518 4858 688 4917 nebat
734 4860 994 4918 obnoxia.
1025 4858 1365 4933 Exspoliatis
1387 4859 1569 4935 itaque
1598 4861 1809 4931 inferis,
1841 4870 2108 4935 tropaum

519 4950 829 5008 animarum
859 4950 1088 5025 pertulit
1115 4951 1185 5009 ad
1217 4952 1453 5022 Patrem,
1486 4968 1556 5008 ex
1586 4968 1695 5025 quo
1723 4961 1851 5010 sunt
1881 4954 2103 5021 omnia;

517 5038 668 5111 quod
725 5040 815 5095 lex
885 5040 1077 5115 utique
1122 5040 1301 5098 facere
1356 5057 1468 5098 non
1522 5041 1724 5115 potuit.
1787 5040 2107 5114 Quanquam

514 5126 808 5200 profutura
852 5126 980 5184 data
1025 5128 1118 5198 sit,
1166 5127 1328 5184 nobis
1378 5136 1561 5186 tamen
1602 5130 1954 5205 peccantibus
1981 5145 2108 5185 con-

516 5230 673 5272 versa
708 5222 810 5285 est,
850 5223 914 5272 ut
944 5215 1098 5273 ﬁeret
1125 5214 1389 5285 inimica;
1422 5226 1476 5275 et
1503 5220 1669 5292 coepit
1698 5219 1964 5286 occidere,
1997 5234 2109 5274 non

510 5303 820 5362 viviﬁcare.
880 5303 1134 5362 Christus
1193 5310 1376 5361 autem
1421 5305 1633 5383 donans
1689 5309 1889 5365 delicta
1919 5350 1936 5376 ,
1994 5322 2107 5362 non

507 5396 689 5456 solum
732 5394 1044 5455 viviﬁcavit
1102 5412 1226 5464 nos,
1273 5395 1369 5455 sed
1392 5403 1448 5455 et
1474 5398 1583 5455 sibi
1614 5400 1883 5468 sociavit;
1913 5407 1976 5455 ut
2004 5397 2109 5454 ﬁlii

616 5630 707 5702 44)
740 5630 1019 5702 Nonnulli
1038 5646 1193 5702 mss.,
1234 5632 1291 5687 in
1337 5632 1631 5686 conditione
1677 5632 1877 5688 diaboli
1916 5634 2102 5700 velut;

611 5560 702 5632 43)
737 5562 868 5618 Mss.
908 5561 1137 5633 aliquot,
1192 5566 1252 5615 ut
1287 5559 1349 5616 de
1400 5559 1542 5617 Filio
1570 5561 1794 5616 hominis
1820 5563 2106 5618 sentientes.

587 5560 707 5711 ἔξω
740 5632 1008 5711 Nonnulli
1038 5646 1209 5711 mss.,
1234 5632 1291 5687 in
1337 5632 1631 5711 conditione
1677 5632 1877 5688 diaboli
1916 5634 2058 5688 velut
2088 5650 2102 5700 ;

517 5700 742 5773 quidam
768 5702 871 5766 vel,
901 5700 958 5755 in
992 5701 1239 5757 servitute
1265 5719 1405 5775 gens,
1427 5710 1533 5760 etc.

2219 4680 2523 4753 doapostoli
2582 4681 2732 4737 aliud
2782 4699 2898 4738 esse
2924 4682 3236 4739 asserebant
3265 4684 3332 4739 ad
3360 4682 3628 4738 invidiam
3660 4684 3805 4751 Apo-

2217 4771 2367 4837 stoli,
2411 4769 2505 4843 qui
2553 4786 2644 4827 eos
2689 4772 3045 4827 instruxerat.
3086 4772 3159 4828 Et
3203 4779 3265 4828 ut
3289 4772 3507 4828 Galatas
3537 4788 3629 4844 per
3657 4771 3804 4830 hanc

2219 4858 2491 4915 fallaciam
2540 4860 3022 4928 circumvenirent,
3054 4876 3272 4916 necesse
3316 4867 3510 4916 eratut
3557 4860 3804 4929 Evange-

2220 4948 2357 5004 lium
2388 4948 2619 5021 apostoli
2649 4948 2801 5004 aliud
2837 4965 2951 5006 esse
2980 4949 3247 5015 dicerent,
3279 4965 3440 5022 quam
3480 4948 3627 5022 quod
3659 4950 3803 5006 ratio

2218 5039 2518 5097 Salvatoris
2562 5039 2827 5096 docebat:
2877 5039 2984 5097 hoc
3031 5047 3214 5096 autem
3259 5055 3373 5095 esse
3416 5053 3628 5106 verum,
3656 5037 3806 5111 quod

2218 5131 2286 5187 ab
2324 5131 2403 5186 eis
2451 5147 2576 5187 cum
2626 5131 2762 5205 legis
2807 5130 3009 5187 veteris
3057 5130 3351 5188 concordia
3380 5128 3800 5202 pradicabatur.

2205 5219 2289 5275 sHi
2328 5228 2457 5275 sunt
2494 5222 2588 5294 qui
2627 5222 2957 5294 quastiones
2981 5221 3229 5277 fecerunt
3258 5219 3428 5275 Paulo
3457 5227 3510 5274 et
3540 5218 3804 5276 Barnaba

2219 5309 2286 5365 de
2333 5308 2435 5365 hac
2464 5325 2543 5377 re,
2582 5309 2723 5365 sicut
2748 5308 3064 5364 continetur
3090 5308 3148 5363 in
3179 5307 3410 5364 Actibus
3430 5306 3801 5378 apostolorum

2221 5399 2363 5469 (Act.
2412 5414 2510 5467 xv,
2566 5397 2623 5469 2)
2648 5415 2663 5465 ;
2696 5397 2789 5453 isti
2818 5397 2966 5454 enim
2996 5395 3266 5454 docebant
3297 5411 3367 5452 ex
3393 5394 3646 5469 gentibus
3673 5410 3805 5452 cre—

2294 5562 2408 5633 (45)
2458 5562 2659 5619 Omnes
2695 5558 2830 5614 edit.
2877 5566 2932 5616 et
2972 5543 3230 5616 nonnulli
3277 5574 3434 5629 mss.,
3461 5561 3669 5629 accepta
3703 5556 3807 5630 legs

2218 5630 2501 5701 factorum.
2532 5632 2653 5690 Non
2680 5636 2845 5687 recte.
