3970 6384
144 395 247 452 361

1095 406 1105 415 ’
1210 397 1574 457 COMMENT.
1615 401 1686 459 IN
1721 400 1937 459 EPIST.
1981 403 2078 459 AD
2116 403 2373 462 GALAT.

3329 411 3433 472 362

133 528 327 585 dentes
351 529 483 602 quia
511 528 619 585 nisi
647 528 1170 587 circumciderentur
1215 548 1366 588 more
1394 533 1620 607 Moysis,
1661 517 1723 594 'et
1760 539 1811 598 A
1839 535 1944 592 Sed
2000 535 2138 592 forte
2190 546 2382 593 contra
2435 538 2635 611 aliquis
2688 539 2866 598 dicat:
2899 543 3043 616 Ergo
3100 545 3194 618 qui
3251 547 3426 619 legem

127 616 506 690 judaizarent,
542 619 685 678 salvi
715 637 829 678 esse
859 637 971 678 non
996 631 1236 694 possent.

213 710 395 780 (Vers.
422 711 500 781 7.)
537 735 555 758 ι
583 711 742 779 Quod
779 729 889 768 non
915 720 995 769 est
1016 712 1190 781 aliud,
1221 713 1328 770 nisi
1381 715 1554 788 aliqui
1583 725 1732 786 sunt,

131 797 233 869 qui
263 800 600 856 conturbant
630 816 749 866 vos,
793 809 847 856 et
874 803 1070 857 volunt
1107 810 1424 860 convertere
1473 806 1734 878 Evange-

131 886 277 943 lium
323 888 532 945 Christi
555 888 694 962 (46).
719 914 736 935 ι
771 891 1035 962 Apertum
1067 899 1148 947 est
1191 893 1320 965 quia
1350 891 1456 949 hoc
1481 894 1730 966 agebant,

127 985 200 1032 ut
258 988 644 1037 converterent
687 981 1049 1053 Evangelium
1104 982 1311 1040 Christi
1373 984 1729 1042 immutantes

128 1067 487 1137 traditiones,
518 1077 580 1125 ut
605 1069 709 1125 sub
738 1071 960 1127 nomine
990 1070 1195 1128 Christi
1224 1082 1404 1128 essent
1440 1073 1647 1142 Judaei;
1679 1083 1730 1132 et

126 1155 242 1212 hoc
274 1164 356 1213 est
384 1168 702 1216 convertere
731 1160 1096 1234 Evangelium
1122 1161 1330 1220 Christi
1359 1164 1415 1218 in
1449 1165 1640 1236 legem.

209 1255 395 1327 (Vers.
425 1255 478 1326 8,
512 1258 589 1328 9.)
634 1280 652 1304 ι
680 1258 786 1314 Sed
817 1266 870 1314 et
892 1260 940 1315 si
966 1276 1088 1329 vos,
1119 1268 1214 1316 aut
1243 1262 1469 1334 angelus
1499 1262 1565 1318 de
1593 1263 1732 1320 caelo

129 1346 599 1417 evangelizaverit
644 1346 825 1416 vobis,
872 1355 1231 1422 praeterquam
1263 1350 1409 1423 quod
1446 1352 1733 1424 evangeli-

131 1434 407 1502 zavimus,
461 1434 753 1493 anathema
806 1438 896 1506 sit,
930 1438 1074 1494 sicut
1096 1438 1477 1510 praediximus,
1499 1448 1552 1496 et
1582 1456 1734 1496 nunc

131 1525 338 1580 iterum
359 1525 484 1580 dico
509 1543 520 1581 :
556 1525 614 1581 Si
650 1527 774 1598 quis
805 1527 962 1584 vobis
991 1528 1468 1601 evangelizaverit,
1500 1539 1733 1602 praeter-

125 1630 298 1686 quam
329 1614 474 1686 quod
512 1615 821 1686 accepistis,
853 1617 1148 1673 anathema
1175 1618 1266 1674 sit.
1298 1643 1316 1666 ι
1348 1618 1519 1674 Nemo
1555 1619 1732 1674 mire-

124 1712 224 1758 tur
254 1705 601 1775 Apostolum,
634 1706 730 1777 qui
779 1706 1052 1763 feritatem
1085 1724 1302 1763 morum
1332 1708 1729 1778 mansuetabat,

123 1795 211 1851 sic
257 1811 375 1851 esse
418 1804 799 1852 commotum:
845 1813 942 1868 pro
997 1798 1313 1854 Galatarum
1352 1799 1500 1854 enim
1556 1801 1731 1856 salute

123 1886 456 1957 indignatur
483 1885 748 1942 adversus
779 1886 1036 1943 inimicos
1057 1887 1364 1960 disciplinae
1392 1887 1726 1946 Christianae.
1762 1911 1810 1972 Β

121 1974 447 2046 Indignatio
494 1975 642 2030 enim
699 1973 817 2031 haec
863 1975 1105 2032 ostendit
1152 1993 1263 2033 non
1301 1977 1420 2034 leve
1446 1986 1728 2051 peccatum

120 2079 248 2120 esse
279 2072 401 2135 post
431 2072 706 2137 acceptam
737 2064 902 2120 ﬁdem
934 2066 1184 2122 converti
1225 2065 1292 2122 ad
1332 2068 1503 2140 legem
1533 2087 1546 2136 ;
1601 2085 1727 2124 nam

123 2161 240 2208 tam
292 2151 519 2208 firmum
570 2161 731 2226 atque
780 2169 971 2209 verum
1023 2155 1409 2228 Evangelium,
1447 2157 1594 2229 quod
1649 2157 1728 2213 eis

121 2239 547 2313 prtedicaverat,
601 2241 824 2309 asserit;
886 2251 947 2298 ut
1008 2244 1173 2299 etiam
1229 2244 1458 2315 seipsos,
1527 2245 1584 2300 id
1647 2257 1726 2304 est

124 2333 428 2403 apostolos,
471 2329 748 2385 immutati
795 2330 936 2386 forte
993 2331 1152 2388 aliter
1184 2333 1565 2404 praedicarent,
1615 2352 1725 2392 non

123 2419 312 2476 audiri
350 2419 587 2488 doceret,
640 2437 874 2493 quorum
931 2423 1122 2494 utique
1174 2422 1318 2478 fama
1346 2423 1494 2496 quod
1547 2433 1728 2482 essent

121 2510 365 2583 apostoli
395 2510 626 2578 Christi,
657 2519 1036 2583 peragraverat
1062 2529 1280 2568 omnem
1314 2515 1519 2571 locum.
1547 2515 1660 2571 Aut
1679 2516 1728 2572 si

123 2601 272 2656 forte
324 2599 576 2657 diabolus
621 2603 875 2674 angelum
927 2607 1071 2665 212
1113 2604 1212 2659 Dei
1265 2620 1323 2659 se
1373 2603 1608 2678 fingens,
1664 2614 1727 2664 ut

121 2697 292 2754 facile
344 2699 514 2770 possit
557 2698 757 2767 audiri,
789 2700 856 2756 de
885 2701 1038 2756 oculis
1076 2711 1359 2773 appareret
1387 2711 1579 2759 contra
1608 2703 1728 2761 hzec

119 2785 456 2859 praedicans,
480 2787 713 2844 sciretur
727 2804 841 2844 esse
861 2789 1220 2859 contrarium,
1238 2799 1291 2846 et
1307 2800 1369 2847 ut
1387 2791 1725 2849 abominatio

122 2875 444 2933 haberetur.
491 2876 548 2933 Si
580 2894 706 2949 ergo
753 2879 1027 2948 apostolos
1072 2879 1300 2948 Christi,
1331 2897 1563 2953 quorum
1611 2889 1723 2940 tam

122 2967 391 3039 praeclara
410 2967 600 3038 opinio
630 2966 688 3020 in
714 2967 886 3039 signis
913 2976 967 3023 et
995 2969 1263 3042 prodigiis
1291 2978 1406 3025 erat
1434 2971 1722 3039 faciendis,

121 3064 178 3111 et
225 3054 485 3126 angelum
525 3055 592 3112 de
646 3057 804 3123 cmlo,
843 3073 1004 3130 quem
1049 3058 1222 3130 possit
1274 3058 1538 3131 spiritalis
1585 3060 1724 3117 ratio

122 3142 534 3212 commendare,
594 3144 754 3201 aliter
811 3144 1085 3213 docentes,
1145 3162 1306 3219 quam
1354 3146 1422 3202 ab
1478 3150 1723 3220 apostolo

128 3233 308 3288 Paulo
337 3232 516 3290 edocti
538 3239 712 3301 erant,
747 3232 1196 3290 anathematizari
1219 3238 1497 3309 praecepit;
1519 3245 1724 3310 quanto

123 3324 304 3395 magis
350 3339 486 3396 quos
531 3324 747 3379 nullum
796 3323 1173 3380 testimonium
1229 3325 1298 3381 ad
1352 3326 1723 3384 seducendum

122 3422 307 3487 potest
337 3413 721 3470 commendare
742 3413 770 3469 ?
799 3414 927 3470 Ideo
957 3421 1140 3470 autem
1171 3414 1333 3470 iterat
1360 3417 1725 3474 contestatio-

122 3523 280 3574 nem,
308 3514 370 3561 ut
397 3505 686 3562 confirmet
723 3520 815 3561 eos
847 3505 904 3559 in
944 3505 1121 3576 prima
1151 3505 1484 3574 traditione;
1532 3508 1727 3564 iterata

121 3595 277 3652 enim
314 3595 402 3649 lex
435 3593 791 3650 sollicitiores
819 3592 1002 3648 reddit
1029 3593 1382 3665 negligentes.

201 3693 387 3765 (Vers.
442 3691 554 3761 10.)
591 3713 610 3738 ι
640 3689 803 3747 Modo
843 3691 989 3746 enim
1051 3689 1371 3746 hominibus
1426 3690 1724 3763 satisfacio,

120 3789 223 3839 aut
248 3781 406 3837 Deo?
427 3804 443 3827 ι
485 3779 592 3836 hoc
622 3787 724 3848 est,
758 3778 1029 3852 numquid
1074 3779 1396 3837 hominibus
1427 3781 1725 3853 satisfacio,

121 3869 413 3928 suadendo
443 3868 600 3926 vobis
627 3869 827 3926 reverti
859 3868 928 3925 ad
958 3867 1186 3942 gratiam
1218 3869 1445 3939 Christi,
1478 3887 1546 3928 an
1567 3873 1680 3928 Deo
1700 3871 1728 3929 ?

122 3961 248 4017 Non
282 3958 604 4015 hominibus
634 3958 845 4032 utique,
883 3957 978 4014 sed
1007 3960 1154 4027 Deo;
1191 3967 1254 4015 ut
1282 3976 1378 4032 per
1406 3961 1728 4018 satisfactio-

127 4065 256 4104 nem
289 4055 635 4104 revertantur
661 4047 730 4104 ad
758 4048 956 4116 Deum,
988 4064 1150 4121 quem
1181 4057 1516 4120 spreverant.
1551 4051 1730 4105 Deni-

125 4156 236 4212 que
256 4139 441 4195 statim
467 4139 700 4211 subjecit
726 4157 737 4195 :
775 4161 793 4184 ι
813 4139 924 4197 Aut
943 4154 1128 4212 quaero
1147 4140 1466 4198 hominibus
1486 4143 1729 4214 placere?

126 4229 185 4284 Si
229 4227 414 4285 adhuc
454 4227 774 4284 hominibus
824 4229 1118 4300 placerem,
1148 4247 1337 4286 servus
1367 4230 1574 4288 Christi
1619 4249 1730 4288 non

127 4333 327 4374 essem.
380 4341 398 4364 ι
461 4315 745 4386 Significat
795 4317 965 4389 igitur
1014 4318 1116 4374 hos
1168 4335 1199 4374 a
1259 4319 1460 4392 quibus
1515 4320 1732 4377 fuerant

127 4406 334 4473 eversi,
368 4421 480 4460 non
509 4407 642 4473 Deo,
674 4405 768 4461 sed
815 4406 1134 4464 hominibus
1170 4410 1384 4480 placere
1415 4410 1473 4466 in
1502 4411 1732 4467 Galata-

130 4513 255 4552 rum
289 4493 672 4562 subversione,
715 4493 861 4550 sicut
905 4504 958 4551 et
991 4497 1343 4568 semetipsum
1379 4497 1730 4568 jamdudum,

131 4583 358 4658 quando
374 4583 702 4652 Ecclesiam,
718 4591 781 4639 ut
800 4583 1021 4639 Patrum
1035 4584 1386 4654 traditionem
1402 4586 1726 4657 vindicaret,

133 4671 582 4746 persequebatur.
637 4672 707 4728 Ut
754 4672 902 4728 enim
933 4689 965 4727 a
993 4672 1196 4730 Iudaeis
1225 4672 1436 4729 laudari
1487 4683 1725 4747 possent,

133 4760 438 4820 secundum
489 4762 832 4837 voluntatem
891 4761 1138 4830 illorum,
1198 4763 1370 4835 legem
1409 4763 1731 4820 servandam

135 4851 429 4919 dicebant;
482 4866 551 4906 ne
578 4851 625 4906 si
655 4866 847 4907 verum
877 4850 1240 4922 Evangelium
1286 4850 1493 4910 Christi
1525 4852 1734 4925 praedi-

136 4948 345 5007 carent,
379 4939 636 4996 inimicos
664 4955 756 4996 eos
798 4939 1062 4995 facerent.
1110 4940 1212 4997 Hic
1237 4949 1418 4997 autem
1457 4941 1736 5013 apostolus

138 5029 362 5097 Paulus,
377 5027 471 5100 qui
493 5026 645 5084 omni
675 5027 967 5084 devotione
986 5029 1100 5084 Deo
1123 5030 1334 5100 placere
1359 5029 1734 5099 docebat,non

140 5117 370 5174 timebat
399 5116 652 5173 homines
679 5116 974 5186 offendere,
1028 5117 1327 5174 dummodo
1358 5120 1456 5175 Dei
1505 5121 1733 5192 gloriam

140 5205 584 5274 commendaret;
635 5207 822 5262 omnia
867 5206 1013 5263 enim
1073 5207 1362 5278 praesentia
1405 5217 1736 5282 postponens

142 5297 367 5365 futuris,
424 5312 480 5352 se
527 5294 950 5352 commendabat
999 5295 1198 5368 spebus
1231 5297 1372 5369 (47),
1421 5306 1482 5354 ut
1529 5299 1735 5356 Christi

142 5384 373 5442 idoneus
420 5397 647 5454 servus;
682 5384 868 5441 idonei
897 5395 1080 5442 autem
1113 5385 1256 5442 servi
1295 5402 1410 5442 esse
1449 5403 1559 5442 non
1600 5404 1737 5459 pos-

143 5481 295 5544 sunt,
318 5473 412 5547 qui
438 5473 541 5530 sub
562 5474 785 5532 nomine
805 5474 1029 5532 Domini
1050 5473 1286 5547 propriis
1308 5475 1476 5532 lucris
1492 5475 1732 5532 student.

217 5616 336 5689 (46)
368 5617 526 5674 Rom.
563 5615 721 5684 edit.,
757 5623 806 5672 et
832 5617 1020 5674 volunt
1060 5615 1337 5675 invertere.
1368 5617 1440 5674 Et
1467 5617 1631 5688 infra,
1678 5623 1738 5674 ut

147 5688 464 5761 inverteer
485 5689 848 5761 Evangelia-1n.

214 5759 333 5834 (47)
361 5759 490 5819 Mss.
521 5759 800 5832 nonnulli,
829 5777 881 5816 se
923 5760 1314 5820 commendabat
1348 5759 1625 5835 speciebus.

461 5856 704 5921 Panos.
740 5858 918 5922 XVII.

1754 3274 1798 3335 Ο

1845 625 2233 698 przedicabant,
2254 643 2416 699 quam
2437 630 2581 684 Deus
2600 628 2806 685 dicitur
2834 630 3070 701 dedisse,
3111 632 3432 695 hominibus

1845 716 2174 774 serviebant.
2226 717 2513 785 Quomodo
2561 735 2688 792 ergo
2720 720 2916 778 idonea
2947 723 3037 778 lex
3065 739 3180 780 esse
3206 725 3432 798 dicitur,

1843 804 2001 876 cujus
2044 805 2356 878 praedicatio
2413 808 2714 865 secundum
2777 809 3066 868 hominum
3122 815 3437 874 voluntates

1844 902 2100 951 narratur
2150 899 2497 969 temperata?
2534 900 2676 955 Ante
2729 900 3027 959 adventum
3073 904 3298 962 Domini
3345 906 3436 962 lex

1837 982 2002 1055 juxta
2055 986 2153 1041 Dei
2188 988 2528 1044 voluntatem
2564 989 2998 1061 praedicabatur;
3035 1000 3248 1066 tempus
3287 995 3434 1052 enim

1843 1075 1893 1129 ei
1935 1074 2256 1146 debebatur,
2298 1087 2358 1135 ut
2387 1088 2698 1138 servaretur
2725 1100 2736 1138 :
2771 1091 2827 1139 at
2860 1083 2955 1140 ubi
2986 1085 3140 1141 venit
3164 1086 3436 1143 Dominus

1843 1164 2145 1233 promissus
2192 1166 2248 1222 in
2299 1168 2432 1240 lege,
2477 1185 2686 1227 cessare
2733 1173 2976 1243 oportuit
3035 1173 3231 1246 legem,
3273 1173 3440 1246 juxta

1844 1251 2158 1322 praedictam
2227 1258 2556 1314 sententiam
2615 1260 3024 1332 prophetarum.
3095 1263 3249 1321 Unde
3299 1264 3437 1324 dicit

1844 1342 2143 1400 Dominus:
2191 1368 2208 1391 ι
2240 1345 2353 1402 Lex
2400 1357 2454 1404 et
2507 1349 2787 1422 propheta:
2842 1369 3014 1426 usque
3055 1353 3132 1410 ad
3168 1355 3435 1413 Joannem

1846 1432 1998 1503 (Luc.
2043 1450 2159 1502 xvi,
2191 1433 2280 1507 16)
2307 1453 2358 1502 ;›
2403 1454 2504 1495 nec
2558 1440 2707 1496 enim
2755 1441 2984 1514 dignum
3032 1450 3146 1499 erat
3173 1451 3235 1500 ut
3285 1461 3436 1518 prae-

1843 1532 1994 1579 sente
2041 1527 2278 1583 Domino
2323 1529 2459 1601 legis
2511 1532 2809 1590 auctoritas
2843 1544 3172 1592 servaretur.
3202 1537 3437 1612 Ideoque

1843 1612 1890 1667 si
1921 1613 2044 1684 quis
2074 1613 2142 1670 de
2177 1624 2374 1673 caetero
2409 1619 2579 1691 legem
2627 1623 2952 1680 servandam
2978 1633 3154 1698 putat,
3180 1625 3295 1698 jam
3324 1643 3437 1684 non

1841 1700 2066 1788 Domini
2114 1705 2389 1762 voluntati
2419 1707 2781 1783 obtemperat,
2812 1713 2907 1770 sed
2936 1724 3238 1788 repugnat;
3270 1716 3437 1774 simi—

1843 1787 1988 1845 libus
2028 1791 2176 1848 enim
2205 1794 2319 1850 suis
2347 1797 2632 1856 satisfacit.

1917 1879 2098 1951 (Vers.
2133 1883 2220 1952 11,
2255 1884 2369 1958 12.)
2404 1887 2638 1945 ‘Notum
2654 1897 2837 1948 autem
2858 1890 3016 1950 vobis
3036 1892 3199 1964 facio,
3219 1895 3432 1966 fratres,

1839 1967 2220 2042 Evangelium,
2267 1975 2412 2046 quod
2451 1977 2802 2048 praedicatum
2843 1989 2924 2039 est
2951 1997 2983 2039 a
3012 2000 3117 2052 me,
3160 1985 3290 2057 quia
3322 2003 3433 2042 non

1839 2068 1918 2116 est
1949 2061 2248 2118 secundum
2293 2063 2596 2136 hominem;
2621 2084 2798 2144 neque
2825 2074 2973 2130 enim
2994 2091 3092 2147 ego
3113 2075 3181 2132 ab
3210 2075 3436 2133 homine

1838 2150 2022 2220 accepi
2053 2151 2217 2221 illud,
2240 2161 2335 2209 aut
2363 2153 2566 2225 didici;
2604 2158 2695 2215 sed
2729 2176 2825 2232 per
2862 2164 3254 2220 revelationem
3283 2165 3438 2223 Jesus

1838 2237 2065 2330 Christi.
2097 2267 2114 2288 ι
2155 2243 2314 2301 Nunc
2367 2246 2640 2320 principia
2692 2251 2936 2323 epistolze
2993 2254 3204 2328 aperit;
3254 2258 3434 2330 ipsum

1838 2327 1984 2385 enim
2015 2346 2234 2388 sensum
2272 2336 2394 2390 vult
2424 2337 2795 2411 manifestare,
2826 2343 2955 2415 quia
3000 2327 3064 2401 ea
3110 2361 3230 2418 quae
3264 2327 3437 2404 doce—

1836 2417 1948 2488 bat,
1980 2437 2092 2477 non
2124 2421 2192 2478 ab
2221 2422 2446 2482 homine
2476 2426 2747 2486 didicerat
2772 2449 2785 2500 ;
2816 2448 2886 2487 ne
2917 2433 3056 2490 forte
3090 2417 3438 2493 dubitaretur

1837 2505 1902 2562 de
1959 2509 2027 2565 iis
2065 2526 2186 2583 quae
2228 2511 2476 2571 docebat.
2528 2517 2713 2590 Neque
2768 2521 3069 2578 secundum
3129 2523 3432 2582 humanum

1830 2595 2104 2686 judicium
2148 2609 2330 2673 aptata
2383 2612 2498 2660 erat
2541 2605 2658 2678 ejus
2687 2608 3037 2680 praedicatio:
3095 2620 3158 2668 ut
3207 2613 3435 2686 indigna

1835 2685 2027 2742 divina
2065 2691 2390 2748 auctoritate
2430 2694 2746 2752 videretur:
2785 2697 2878 2754 sed
2929 2715 2959 2754 a
2985 2701 3084 2756 Dei
3111 2701 3253 2756 Filio
3297 2685 3434 2760 dicit

1835 2791 1891 2830 se
1920 2775 2178 2834 didicisse
2207 2795 2303 2850 per
2331 2783 2746 2853 revelationem,
2776 2801 2901 2842 cum
2936 2785 3049 2858 jam
3105 2797 3226 2860 post
3255 2805 3430 2847 resur-

1833 2867 2131 2924 rectionem
2190 2877 2332 2926 esset
2377 2871 2434 2925 in
2477 2872 2650 2941 caelis,
2680 2873 2824 2931 sicut
2875 2881 3334 2949 praememoravi;
3376 2890 3430 2938 et

1833 2969 1896 3008 ea
1943 2969 2064 3026 quae
2111 2954 2329 3026 didicit,
2381 2960 2678 3016 convenire
2725 2963 3000 3020 voluntati
3049 2963 3429 3041 majestatique

1833 3041 1968 3113 ejus,
2022 3061 2052 3099 a
2099 3061 2208 3117 quo
2257 3061 2315 3101 se
2361 3045 2619 3105 didicisse
2664 3058 2914 3108 testatur.
2952 3053 3232 3125 Spiritalia
3279 3058 3425 3114 enim

1833 3141 1982 3196 sunt,
2005 3149 2124 3205 quae
2148 3142 2362 3190 servata
2379 3136 2634 3194 meritum
2657 3139 2930 3196 collocant
2950 3141 3093 3214 apud
3113 3143 3308 3201 Deum:
3330 3145 3426 3203 illa

1834 3220 1980 3276 enim
2014 3222 2257 3278 carnalia
2286 3231 2436 3293 sunt,
2471 3242 2591 3298 qua:
2621 3235 2866 3300 tempore
2907 3245 3008 3286 suo
3035 3242 3271 3299 servata,
3324 3250 3426 3293 nec

1833 3311 2092 3368 meritum
2121 3329 2223 3369 nec
2252 3314 2592 3372 immeritum
2623 3318 2995 3389 praestiterunt
3036 3321 3180 3393 apud
3208 3324 3382 3380 Deum
3407 3342 3420 3381 :

1832 3416 1945 3455 non
1988 3411 2202 3458 servata
2248 3402 2584 3459 obfuerunt:
2629 3406 2759 3476 quia
2799 3413 2854 3461 et
2900 3407 2996 3479 qui
3044 3424 3156 3463 non
3187 3409 3428 3468 faceraut

1836 3489 2027 3558 legem,
2087 3489 2189 3545 sub
2236 3490 2526 3547 maledicto
2565 3499 2755 3548 erant:
2801 3500 2856 3549 et
2885 3495 2977 3565 qui
3007 3494 3267 3565 fecerant,
3315 3515 3428 3556 non

1829 3575 2278 3648 justificabantur
2292 3580 2436 3651 apud
2468 3582 2662 3650 Deum,
2684 3582 2812 3654 quia
2835 3581 3020 3654 justus
3044 3601 3113 3641 ex
3137 3585 3244 3643 ﬁde
3263 3589 3427 3649 vivit.

1835 3669 1935 3725 Illa
1961 3670 2107 3726 enim
2145 3678 2208 3727 ut
2238 3673 2392 3729 oneri
2430 3681 2632 3744 essent,
2681 3676 2950 3732 servanda
2977 3677 3234 3735 mandata
3279 3688 3430 3746 sunt,

1835 3776 1946 3816 non
1975 3762 2250 3835 dignitati.

1912 3859 2093 3932 (Vers.
2150 3860 2264 3934 l3.)
2339 3886 2356 3910 ι
2413 3862 2664 3920 Audistis
2733 3865 2881 3922 enim
2957 3867 3430 3925 conversationem

1839 3965 2012 4004 meam
2064 3949 2362 4023 aliquando
2407 3953 2464 4008 in
2509 3952 2811 4024 Judaismo,
2849 3956 2980 4028 quia
3012 3972 3174 4028 supra
3204 3956 3429 4014 modum

1838 4041 2200 4114 persequebar
2247 4043 2550 4099 Ecclesiam
2596 4044 2716 4114 Dei,
2767 4053 2821 4102 et
2855 4048 3240 4120 expugnabam
3287 4064 3430 4116 eam,

1840 4137 1894 4186 et
1923 4131 2272 4203 proﬁciebam
2306 4133 2363 4189 in
2391 4134 2675 4199 Judaismo
2703 4153 2868 4209 super
2901 4139 3106 4196 multos
3129 4147 3432 4198 coaetaneos

1841 4237 1990 4277 meos
2011 4221 2267 4295 ingenere
2297 4241 2438 4292 meo,
2457 4223 2828 4282 abundantius
2849 4226 3137 4284 aemulator
3162 4229 3432 4287 exsistens

1840 4318 2188 4382 paternarum
2253 4328 2497 4369 mearum
2563 4312 2948 4374 traditionum.
3005 4343 3023 4366 ι
3082 4317 3429 4390 Propositum

1840 4415 2022 4467 suum,
2070 4416 2178 4472 quo
2220 4401 2374 4473 prius
2411 4400 2575 4473 juxta
2602 4418 2822 4462 carnem
2853 4405 3091 4478 vigebat,
3123 4422 3432 4479 repugnans

1840 4487 2125 4557 Ecclesiae,
2158 4488 2403 4547 breviter
2430 4501 2700 4548 memorat
2725 4511 2736 4549 :
2782 4493 2876 4550 sed
2906 4501 2967 4549 ut
3003 4493 3244 4550 famulus
3272 4493 3428 4551 Chri-

1841 4577 1913 4632 sti
1959 4584 2119 4647 esset,
2177 4578 2283 4636 hoc
2336 4597 2393 4636 se
2430 4581 2716 4654 reliquisse
2765 4581 2919 4638 dicit.
2971 4582 3140 4653 Magis
3185 4583 3333 4638 enim
3371 4599 3428 4637 se

1837 4664 2118 4736 devotum,
2165 4684 2327 4740 quam
2370 4669 2496 4727 illos
2535 4671 2592 4725 in
2641 4668 2976 4726 vindicando
3032 4670 3201 4740 legem
3260 4669 3428 4724 fuisse

1841 4755 2088 4830 designat
2111 4777 2125 4827 ;
2147 4776 2259 4816 non
2287 4769 2470 4817 tamen
2497 4768 2718 4833 prOpter
2737 4761 3025 4817 hominum
3048 4760 3310 4829 favorem,
3334 4759 3430 4816 sed

1842 4844 1947 4902 hoc
1969 4856 2169 4919 putans
2195 4849 2331 4906 utile
2352 4849 2497 4922 apud
2528 4851 2722 4904 Deum.
2746 4849 2848 4904 Per
2866 4847 3230 4920 ignorantiam
3257 4849 3427 4918 enim,

1841 4952 1967 4992 cum
2017 4937 2348 4993 humanitati
2407 4939 2662 5009 placeret,
2692 4937 2806 4992 Deo
2847 4951 2903 4992 se
2945 4936 3152 4993 servire
3183 4936 3429 5010 putabat,

1844 5025 2073 5083 liberam
2121 5027 2328 5084 habens
2365 5023 2785 5093 conscientiam;
2839 5022 3116 5081 nesciebat
3144 5024 3288 5082 enim
3315 5025 3430 5097 jam

1845 5123 2058 5188 tempus
2104 5113 2405 5171 asserenda;
2463 5113 2597 5186 legis
2629 5113 2746 5186 (48)
2786 5129 3073 5182 nonesse,
3125 5113 3430 5173 doctrinam

1843 5212 2062 5262 secutus
2099 5215 2338 5276 patrum,
2378 5213 2472 5260 aut
2519 5202 2577 5258 in
2603 5219 2804 5270 errore,
2836 5210 2930 5258 aut
2961 5203 3016 5259 in
3046 5204 3432 5260 malevolentia

1843 5295 2269 5350 constitutorum
2295 5312 2309 5361 ;
2341 5302 2394 5350 et
2414 5291 2566 5350 omni
2597 5291 2870 5350 industria
2897 5300 2951 5351 et
2987 5292 3203 5350 fervore
3232 5293 3432 5350 mentis

1845 5381 1902 5448 id
1931 5383 2144 5454 agebat,
2184 5389 2247 5438 ut
2298 5382 2508 5439 caeteris
2533 5383 2903 5455 coaequalibus
2947 5379 3054 5438 sibi
3081 5382 3433 5438 aemulatione

1845 5471 1980 5545 legis
2025 5471 2374 5544 praestantior
2426 5470 2726 5542 videretur,
2784 5471 2865 5547 sic
2915 5469 3194 5526 insaniens
3241 5479 3434 5528 contra

1843 5613 2036 5745 etc(4:8)
2068 5615 2226 5676 Rom.
2278 5615 2437 5688 edit.,
2482 5614 2601 5686 jam
2666 5619 2864 5688 tempus
2915 5611 3251 5670 asservandw
3286 5611 3432 5685 legis,

3085 5855 3152 5912 12
