3970 6376
551 392 659 450 363

1567 395 1663 449 ΑΙ)
1703 393 1938 452 OPERA
1978 393 2034 453 S.
2075 393 2409 453 AMBROSII
2446 393 2826 451 APPENDIX.

3749 395 3857 452 36’s

548 517 900 591 disciplinam
930 517 1158 586 Christi,
1175 525 1236 574 ut
1267 517 1411 573 nulli
1433 516 1724 574 hominum
1750 527 1990 592 parceret
2012 518 2145 576 ﬁdei
2174 524 2222 581 A
2252 520 2380 577 inde
2428 521 2626 576 iterum
2669 535 2943 592 regressus
2987 529 3068 576 est
3113 520 3462 589 Damascum,
3515 529 3576 576 ut
3607 519 3863 577 visitaret

544 606 753 665 fcedera
794 614 1059 662 assecuta.
1101 604 1205 662 Sed
1233 622 1360 663 cum
1391 607 1490 663 Dei
1538 608 1871 664 revelatione
1903 609 2142 666 laborem

546 697 698 753 hunc
725 698 869 757 213
927 693 1146 751 inanem
1195 711 1310 752 esse
1347 695 1652 765 didicisset,
1702 705 1756 753 et
1814 699 1984 770 magis
2014 715 2143 755 con-

545 793 809 859 trarium;
863 791 1136 848 destitisse
1182 791 1250 848 ab
1290 808 1372 859 eo,
1407 800 1460 849 et
1493 809 1548 848 se
1581 792 1707 848 fidei
1740 793 1923 864 gratiae
1954 795 2141 851 subdi-

547 881 714 949 disse,
758 889 822 937 ut
867 881 1147 953 profectus
1194 880 1243 935 ei
1274 889 1414 937 esset
1443 882 1587 954 apud
1618 885 1813 952 Deum,
1852 891 2138 940 memorat.

544 972 600 1028 Si
623 988 748 1044 ergo
779 970 870 1028 hic
898 971 992 1044 qui
1024 970 1269 1027 Israelita
1296 979 1398 1040 est,
1419 979 1472 1027 et
1496 972 1588 1044 qui
1611 972 1879 1044 dignitate
1899 973 2142 1030 doctoris

549 1062 724 1118 fultus
753 1070 869 1139 erat
897 1062 1043 1134 apud
1067 1061 1303 1131 Iudaeos,
1337 1063 1586 1120 eruditus
1615 1079 1647 1118 a
1676 1064 1995 1132 Gamaliele,
2018 1065 2142 1120 viro

545 1151 996 1224 prudentissimo,
1044 1152 1228 1208 locum
1304 1151 1510 1208 habens
1565 1169 1690 1209 cum
1755 1155 1978 1226 optimis
2026 1155 2142 1210 vita

545 1239 886 1310 hominibus,
936 1239 1162 1312 reliquit
1202 1241 1416 1311 legem;
1464 1249 1670 1314 quanto
1719 1243 1889 1313 magis
1934 1243 1997 1312 ii,
2046 1245 2141 1316 qui

544 1337 702 1386 extra
728 1331 901 1404 legem
917 1337 1100 1398 erant,
1127 1329 1231 1402 legi
1261 1347 1316 1385 se
1346 1330 1615 1402 subjicere
1646 1347 1756 1386 non
1786 1332 2137 1388 debuerant?

542 1419 614 1474 Et
661 1419 707 1475 si
745 1419 838 1476 hic
890 1419 1088 1492 gaudet
1139 1419 1317 1474 exisse
1346 1433 1402 1474 se
1430 1418 1498 1475 de
1528 1420 1628 1475 sub
1670 1419 1806 1491 jugo
1834 1421 2138 1489 servitutis,

543 1507 678 1580 quid
715 1515 798 1566 est
846 1518 908 1566 ut
950 1509 1258 1566 libertatem
1297 1524 1451 1565 suam
1495 1508 1863 1580 obligaverint
1900 1509 2144 1566 vinculis

545 1597 678 1670 legis
700 1597 728 1655 ?

615 1695 798 1768 (Vers.
835 1697 920 1764 15,
969 1697 1081 1769 16.)
1123 1721 1142 1745 ι
1173 1697 1311 1755 Cum
1358 1704 1539 1754 autem
1581 1698 1789 1770 placuit
1836 1697 1886 1753 ei
1917 1697 2011 1770 qui
2054 1714 2140 1754 me

540 1785 844 1858 segregavit
872 1785 940 1842 de
960 1794 1118 1842 utero
1146 1786 1338 1842 matris
1369 1802 1521 1855 meae,
1564 1793 1616 1842 et
1644 1786 1865 1844 vocavit
1894 1803 1989 1858 per
2010 1803 2142 1859 gra—

539 1875 672 1930 tiam
713 1890 869 1931 suam
915 1875 1160 1932 revelare
1207 1875 1412 1931 Filium
1452 1893 1610 1932 suum
1642 1875 1701 1932 in
1731 1893 1839 1942 me,
1871 1883 1932 1932 ut
1979 1892 2139 1931 evan-
2171 1897 2218 1956 B

541 1964 827 2036 gelizarem
858 1981 984 2021 eum
1019 1965 1077 2020 in
1108 1965 1398 2037 gentibus;
1432 1965 1697 2022 continuo
1742 1983 1851 2021 non
1882 1966 2135 2038 acquievi

539 2053 693 2110 carni
721 2060 776 2108 et
805 2053 1080 2126 sanguini.
1113 2077 1132 2100 ›
1178 2053 1313 2110 Cum
1346 2054 1404 2109 in
1437 2056 1551 2125 lege
1599 2055 1824 2112 haberet
1853 2054 2133 2123 ﬁduciam,

541 2141 750 2198 inscius
778 2141 893 2213 jam
947 2151 1163 2215 tempus
1217 2143 1348 2215 legis
1395 2144 1676 2200 servandas
1739 2160 1850 2199 non
1899 2160 2034 2212 esse,
2085 2153 2138 2200 et

543 2230 697 2287 omni
727 2231 994 2288 aviditate
1015 2232 1390 2300 contenderet,
1415 2241 1611 2304 putans
1640 2233 1735 2289 Dei
1767 2250 1822 2289 se
1853 2236 2137 2289 voluntate

542 2318 650 2376 hoc
693 2335 869 2392 agere,
915 2326 978 2377 ut
1030 2321 1304 2378 resisteret
1333 2323 1635 2394 Evangelio
1663 2322 1906 2389 Christi;
1942 2323 2138 2380 videns

487 2425 494 2431 ί
541 2411 688 2466 Deus
729 2411 1135 2467 aemulationem
1183 2410 1299 2482 ejus
1346 2412 1566 2482 bonam,
1621 2411 1715 2468 sed
1767 2412 2051 2468 scientiam
2088 2413 2136 2467 ei

541 2499 745 2569 deesse,
794 2501 1002 2573 placuit
1047 2502 1097 2557 ei
1120 2518 1316 2558 vocare
1359 2503 1520 2558 illum
1568 2502 1635 2558 ad
1668 2503 1901 2575 gratiam
1957 2519 2133 2570 suam,

541 2591 720 2646 sciens
759 2589 876 2662 jam
933 2591 1193 2648 idoneum
1245 2593 1394 2649 hunc
1439 2609 1554 2649 esse
1598 2593 1666 2648 ad
1724 2591 2136 2664 praedicandum

539 2680 902 2752 Evangelium
954 2681 1084 2737 Filii
1130 2681 1247 2754 ejus
1292 2682 1350 2738 in
1391 2683 1680 2755 gentibus;
1712 2683 1840 2755 quia
1887 2683 1932 2738 si
1981 2682 2039 2737 in
2081 2699 2138 2738 re

541 2769 772 2824 minima
799 2777 910 2825 tam
941 2771 1105 2828 velox
1125 2779 1180 2828 et
1207 2771 1350 2828 ﬁdus
1371 2782 1486 2829 erat
1508 2772 1736 2829 audacia
1762 2772 2138 2838 conscientize,

538 2874 650 2913 non
697 2858 1014 2915 adulatione
1053 2859 1377 2932 cujusquam
1411 2880 1424 2927 ;
1469 2869 1675 2934 quanto
1715 2861 1886 2932 magis
1915 2861 1973 2916 in
2006 2879 2136 2934 pra:-

504 2946 775 3004 .dicando
829 2948 975 3003 dono
1030 2949 1130 3004 Dei
1187 2949 1408 3005 futurus
1461 2958 1603 3006 esset
1646 2951 1986 3006 constantior
2045 2966 2138 3020 spe

543 3035 803 3108 promissi
832 3035 1045 3107 prmmii
1070 3037 1098 3091 ‘i
1135 3037 1489 3094 Praescientia
1527 3055 1654 3110 ergo
1683 3040 1782 3095 Dei
1831 3047 2138 3110 segregatus

539 3132 621 3182 est
649 3124 717 3180 de
761 3131 919 3180 utero
944 3123 1135 3180 matris
1187 3141 1324 3193 suae,
1362 3125 1419 3181 id
1456 3135 1556 3196 est,
1581 3138 1871 3200 antequam
1899 3143 2140 3184 nascere-

540 3222 652 3282 tur,
684 3215 774 3270 vel
813 3215 999 3272 statim
1030 3223 1218 3271 natum
1259 3216 1423 3272 scivit
1446 3219 1592 3274 Deus
1630 3219 1877 3274 futurum
1909 3218 2137 3286 bonum,

540 3307 686 3364 sicut
715 3305 852 3363 dicit
881 3305 949 3363 ad
971 3307 1262 3364 Jeremiam
1288 3308 1644 3381 prophetam:
1684 3334 1703 3359 ‹
1731 3308 2055 3382 Priusquam
2085 3315 2139 3364 te

538 3396 830 3453 formarem
876 3396 936 3452 in
985 3407 1164 3465 utero,
1213 3398 1344 3455 novi
1402 3406 1476 3468 te,
1524 3407 1627 3457 etc.
1663 3400 1879 3472 (Jerem.
1913 3417 1954 3467 1,
1985 3398 2128 3469 5);-

537 3485 616 3543 ita
642 3495 696 3543 et
725 3489 1036 3560 apostolum
1069 3489 1326 3555 Paulum,
1355 3489 1535 3547 sciens
1575 3491 1698 3563 quis
1728 3498 1867 3546 esset
1896 3489 2142 3556 futurus,

536 3576 806 3648 praevenit
833 3593 959 3633 eum
984 3595 998 3645 ;
1045 3585 1111 3633 ut
1139 3586 1430 3652 antequam
1463 3588 1898 3648 converteretur,
1920 3585 2140 3635 vocaret

537 3681 685 3734 eum,
734 3665 864 3737 quia
915 3674 1031 3722 erat
1061 3669 1420 3725 necessarius.
1476 3670 1722 3742 Denique
1747 3669 1932 3725 statim
1963 3684 2140 3725 susce-

537 3755 620 3827 pit
647 3754 1112 3825 dispensationem
1160 3756 1293 3812 doni
1324 3757 1442 3826 Dei,
1478 3759 1630 3813 omni
1664 3760 1968 3830 postposita
2011 3773 2142 3814 cura

537 3843 780 3910 carnali;
814 3859 915 3900 nec
942 3843 1091 3899 enim
1130 3845 1426 3902 consilium
1457 3847 1781 3920 cujusquam
1821 3849 2003 3920 petiit,
2047 3853 2140 3902 aut

539 3932 607 3989 ad
635 3931 874 4005 aliquem
904 3934 1095 3990 retulit
1123 3935 1258 4007 quid
1287 3945 1428 3993 esset
1455 3945 1713 3992 acturus:
1755 3937 1847 3991 sed
1888 3937 2139 4009 protinus

539 4022 859 4096 praedicavit
906 4022 1212 4092 Christum,
1245 4025 1375 4097 quia
1403 4025 1497 4082 hic
1535 4034 1615 4082 est
1644 4026 1820 4082 Filius
1849 4025 1968 4082 Dei.
2001 4026 2137 4081 Nam

539 4112 682 4168 sicut
711 4111 886 4168 futuri
933 4112 1065 4168 mali
1113 4114 1427 4186 frequenter
1467 4122 1594 4170 ante
1625 4123 1755 4172 sunt
1781 4115 1914 4171 boni
1939 4134 1950 4172 :
1982 4116 2056 4172 ita
2084 4123 2138 4171 et

539 4203 718 4259 solent
764 4201 943 4258 futuri
970 4201 1103 4257 boni
1125 4203 1277 4274 prius
1305 4221 1420 4261 esse
1450 4205 1603 4262 mali.

605 4303 788 4376 (Vers.
831 4303 944 4375 17.)
982 4328 1001 4351 ε
1028 4303 1215 4376 Neque
1244 4305 1371 4360 veni
1423 4307 1861 4380 Hierosolymam
1889 4306 1958 4362 ad
1987 4323 2138 4379 prat-

539 4408 780 4450 cessores
819 4409 970 4449 meos
1010 4395 1310 4466 apostolos,
1356 4394 1449 4452 sed
1497 4396 1610 4452 abii
1659 4396 1716 4452 in
1764 4397 2044 4465 Arabiam,
2085 4406 2140 4454 et

539 4481 742 4540 iterum
799 4497 1076 4554 regressus
1127 4500 1249 4540 sum
1307 4485 1653 4542 Damascum.
1708 4512 1727 4535 ι
1794 4488 1916 4542 Νοη
1969 4487 2137 4542 fuisse

539 4571 676 4628 dicit
704 4571 1028 4628 necessitate
1060 4574 1294 4629 electum
1326 4591 1382 4631 se
1411 4593 1442 4631 a
1471 4577 1583 4632 Deo
1614 4577 1876 4649 pergendi
1905 4575 1975 4631 ad
2005 4593 2137 4647 prae-

537 4676 777 4716 cessores
804 4676 933 4717 suos
960 4664 1256 4733 apostolos,
1289 4672 1351 4720 ut
1389 4663 1598 4736 aliquid
1647 4666 1786 4720 forte
1817 4665 2050 4721 disceret
2074 4664 2141 4720 ab

539 4751 650 4817 eis;
694 4749 825 4822 quia
879 4752 1026 4807 Deus
1054 4751 1106 4808 ei
1149 4753 1418 4809 revelavit
1446 4769 1543 4825 per
1570 4753 1775 4809 Filium
1807 4771 1965 4809 suum
2015 4770 2143 4825 quo-

539 4840 705 4896 modo
750 4839 990 4898 doceret.
1033 4844 1149 4900 Hoc
1179 4843 1303 4901 ideo
1343 4844 1612 4917 loquitur,
1661 4853 1724 4900 ut
1755 4846 2005 4902 ostendat
2033 4862 2144 4902 non

537 4928 692 4984 aliud
723 4933 1020 4988 tenendum
1054 4951 1189 5004 esse,
1227 4952 1389 5008 quam
1430 4934 1578 5007 quod
1607 4934 1800 4990 docet:
1848 4951 1949 4991 nec
1968 4935 2144 4991 homi-

543 5015 710 5071 nibus
755 5021 926 5088 credi,
975 5023 1070 5077 sed
1118 5025 1252 5092 Deo,
1282 5041 1314 5080 a
1342 5042 1450 5098 quo
1497 5041 1553 5081 se
1584 5024 1843 5081 didicisse
1878 5032 2141 5093 testatur;

543 5122 606 5162 ac
635 5120 732 5178 per
769 5105 876 5164 hoc
901 5125 1012 5177 eos,
1049 5111 1143 5182 qui
1174 5112 1300 5168 illos
1349 5114 1408 5169 in
1441 5117 1612 5188 legem
1645 5115 1998 5184 induxerant,
2031 5131 2146 5172 esse

547 5195 801 5252 doctores
833 5197 1036 5266 falsos;
1061 5200 1189 5270 quia
1217 5218 1328 5257 non
1358 5220 1390 5258 a
1418 5207 1531 5262 Deo
1552 5207 1816 5263 traditum
1841 5214 1977 5272 erat,
1999 5207 2145 5278 quod

542 5285 831 5343 docebant.
882 5288 929 5342 A
978 5289 1248 5346 Damasco
1277 5308 1404 5364 ergo
1455 5295 1513 5350 in
1559 5297 1817 5352 Arabiam
1868 5297 2146 5369 profectus

542 5385 646 5445 est,
669 5375 738 5432 ad
769 5377 1204 5449 praedicandum,
1237 5381 1334 5437 ubi
1365 5385 1555 5442 nullus
1587 5395 1702 5442 erat
1731 5389 2140 5460 apostolorum;

543 5472 607 5521 ut
634 5467 750 5536 ipse
794 5467 886 5524 hic
950 5467 1206 5526 fundaret
1261 5472 1555 5544 Ecclesiae,
1596 5493 1665 5534 ne
1723 5477 2147 5551 subrepentibus

545 5553 1016 5631 pseudoapostolis
1073 5557 1214 5633 (49),
1275 5563 1594 5623 Iudaismus
1645 5568 2028 5626 seminaretur.
2077 5570 2148 5624 Et

2254 609 2455 683 quibus
2493 609 2646 665 rudis
2676 609 3073 682 praedicaverat
3116 609 3480 680 Evangelium
3511 610 3701 681 gratiae
3729 612 3856 667 Dei.

2328 701 2510 773 (Vers.
2573 701 2686 772 18.)
2749 727 2766 749 ι
2811 702 3020 759 Deinde
3077 709 3198 774 post
3243 716 3416 756 annos
3469 707 3579 756 tres
3632 701 3861 757 ascendi

2255 790 2691 863 Hierosolymam
2723 791 2910 848 videre
2961 793 3200 858 Petrum,
3231 798 3284 846 et
3311 789 3509 844 'mansi
3538 789 3684 862 apud
3727 807 3857 846 eum

2252 881 2369 936 dies
2417 880 2759 952 quindecim.
2793 906 2810 928 ι
2850 882 3090 953 Dignum
3133 879 3239 935 fuit
3284 888 3347 936 ut
3393 887 3619 951 cuperet
3665 879 3859 935 videre

2252 971 2496 1037 Petrum,
2531 970 2662 1041 quia
2691 970 2904 1041 primus
2929 977 3044 1026 erat
3076 970 3218 1025 inter
3246 969 3541 1040 apostolos,
3563 968 3653 1026 cui
3693 968 3858 1024 dele-

2253 1068 2474 1132 gaverat
2505 1061 2757 1116 Salvator
2788 1077 2976 1117 curam
3007 1059 3378 1116 Ecclesiarum
3404 1077 3414 1114 :
3451 1075 3560 1115 non
3583 1058 3776 1131 utique
3793 1065 3856 1114 ut

2252 1150 2462 1223 aliquid
2503 1149 2570 1204 ab
2611 1167 2674 1206 eo
2721 1150 2984 1216 disceret;
3036 1149 3166 1222 quia
3201 1148 3315 1220 jam
3361 1149 3430 1204 ab
3460 1157 3683 1207 auctore
3709 1149 3853 1205 didi-

2251 1248 2418 1308 cerat,
2472 1256 2502 1294 a
2549 1257 2657 1313 quo
2704 1250 2758 1297 et
2786 1241 2900 1312 ipse
2931 1241 3122 1296 Petrus
3163 1239 3342 1295 fuerat
3371 1239 3710 1296 instructus:
3755 1238 3852 1295 sed

2252 1338 2470 1401 propter
2517 1329 2772 1386 affectum
2821 1329 3178 1400 apostolatus,
3229 1335 3282 1384 et
3331 1336 3392 1384 ut
3448 1329 3612 1385 sciret
3659 1329 3854 1384 Petrus

2253 1417 2394 1473 hanc
2441 1417 2524 1472 illi
2571 1418 2750 1473 datam
2784 1418 3084 1486 licentiam,
3109 1435 3272 1492 quam
3299 1426 3352 1474 et
3385 1419 3501 1491 ipse
3548 1425 3850 1490 acceperat.

2253 1505 2493 1562 Veniens
2550 1522 2676 1578 ergo
2724 1507 2792 1564 ad
2847 1525 2991 1577 eum,
3057 1508 3296 1580 hospitio
3353 1517 3602 1581 receptus
3646 1517 3748 1578 est,
3799 1517 3854 1564 et

2251 1598 2396 1669 apud
2447 1614 2571 1653 eum
2605 1599 2806 1654 mansit
2835 1599 2952 1655 dies
2981 1599 3318 1672 quindecim,
3369 1601 3522 1671 quasi
3553 1599 3854 1656 unanimus

2251 1689 2615 1758 coapostolus.
2651 1691 2776 1744 llaec
2803 1689 2925 1744 ideo
2962 1689 3292 1756 manifestat,
3327 1698 3387 1744 ut
3418 1690 3672 1746 ostendat
3710 1705 3853 1746 con-

2251 1777 2497 1833 cordiam
2539 1795 2594 1834 se
2637 1795 2761 1835 cum
2805 1777 3067 1850 apostolis
3110 1777 3383 1845 habuisse,
3426 1793 3528 1834 nec
3572 1779 3632 1834 in
3661 1780 3854 1854 aliquo

2251 1867 2590 1937 dissensisse,
2636 1870 2777 1926 sicut
2807 1867 3162 1925 susurrabant
3185 1868 3252 1924 de
3281 1885 3344 1925 eo
3365 1869 3812 1942 pseudoapostoli
3839 1887 3853 1935 ;

2247 1969 2308 2016 ut
2357 1976 2481 2016 eum
2531 1960 2676 2033 apud
2730 1960 3010 2017 Ecclesias
3058 1959 3302 2033 gentium
3351 1959 3746 2029 deformarent,
3798 1967 3856 2016 et

2247 2067 2343 2106 sur
2397 2051 2541 2106 mala
2601 2051 3034 2123 simplicioribus
3092 2051 3414 2116 insererent,
3484 2049 3732 2107 dicentes
3788 2067 3853 2107 ea

2247 2140 2543 2198 convenire
2570 2158 2695 2197 cum
2727 2140 2982 2196 doctrina
3007 2141 3383 2212 apostolorum
3417 2138 3708 2212 majorum.

2321 2231 2501 2301 (Vers.
2546 2232 2658 2303 19.)
2707 2257 2724 2279 ι
2756 2233 2960 2288 Iterum
3012 2247 3263 2287 reversus
3310 2248 3430 2287 sum
3496 2233 3849 2299 Damascum,

2246 2321 2416 2376 alium
2445 2329 2625 2377 autem
2657 2338 2724 2377 ex
2755 2322 3017 2393 apostolis
3047 2321 3162 2378 vidi
3204 2321 3502 2388 neminem,
3533 2320 3641 2376 nisi
3678 2321 3850 2376 Iaco-

2247 2410 2377 2466 bum
2409 2411 2633 2467 fratrem
2657 2411 2899 2468 Domini.
2923 2436 2942 2459 ι
2979 2412 3242 2468 Iacobum
3265 2410 3408 2467 vidit
3428 2410 3844 2498 Hierosolyma,

2247 2501 2376 2574 quia
2423 2501 2541 2558 illic
2595 2510 2712 2558 erat
2760 2502 3094 2558 constitutus
3137 2502 3204 2557 ab
3245 2501 3506 2574 apostolis
3535 2501 3846 2573 episcopus,

2248 2591 2343 2662 qui
2372 2598 2427 2646 et
2447 2591 2561 2663 ipse
2592 2592 2744 2664 prius
2773 2593 2950 2649 fuerat
2980 2591 3315 2660 incredulus,
3340 2591 3484 2648 sicut
3520 2591 3658 2648 dicit
3682 2607 3848 2646 evan-

2250 2680 2476 2752 gelista:
2541 2705 2560 2728 ‹
2607 2682 2746 2750 Quia
2803 2699 2905 2739 nec
2953 2683 3147 2738 fratres
3203 2681 3340 2754 ejus,
3409 2681 3612 2754 inquit,
3661 2679 3847 2738 adhuc

2249 2770 2545 2826 credebant
2575 2771 2633 2826 in
2664 2788 2789 2826 eum
2827 2773 3008 2844 (Joan.
3039 2789 3141 2838 v11,
3163 2772 3245 2844 5).
3275 2796 3293 2818 ι
3330 2770 3431 2827 Hic
3451 2770 3685 2827 Iacobus
3702 2769 3856 2826 ﬁlius

2251 2858 2359 2915 fuit
2416 2860 2639 2932 Ioseph,
2683 2861 2780 2934 qui
2827 2860 2952 2916 ideo
2978 2860 3146 2917 frater
3173 2859 3394 2916 Domini
3425 2861 3727 2932 appellatus
3750 2866 3853 2928 est,

2249 2947 2378 3020 quia
2411 2956 2464 3004 et
2485 2949 2685 3022 Ioseph
2716 2957 2869 3022 pater
2905 2949 3042 3021 ejus,
3073 2949 3239 3006 etiam
3263 2948 3486 3005 Domini
3517 2956 3669 3021 pater
3698 2965 3856 3004 nun-

2249 3045 2478 3107 cupatus
2503 3047 2600 3095 est.
2639 3039 2728 3095 Sic
2759 3040 2905 3096 enim
2938 3039 3076 3096 dicit
3108 3039 3278 3096 Maria
3305 3039 3372 3095 ad
3402 3039 3584 3095 Iesum
3606 3038 3664 3094 in
3692 3038 3854 3094 Lucas

2250 3125 2583 3197 Evangelio:
2631 3153 2648 3174 ε
2679 3128 2824 3194 Quid
2864 3128 3042 3183 fecisti
3072 3129 3252 3196 nobis,
3285 3127 3414 3184 ﬁli?
3455 3128 3569 3200 Ego
3607 3135 3662 3184 et
3699 3135 3854 3200 pater

2252 3221 2379 3269 tuus
2408 3216 2586 3271 moesti
2617 3224 2670 3271 et
2701 3216 2886 3272 tristes
2913 3217 3293 3290 quaerebamus
3323 3225 3377 3273 te
3401 3218 3551 3290 (Luc.
3586 3234 3648 3286 II,
3679 3217 3796 3288 48).
3820 3242 3839 3266 ι

2254 3303 2323 3358 Et
2355 3303 2411 3358 in
2457 3304 2758 3376 Evangelio
2789 3306 3018 3362 Ioannis
3061 3307 3199 3364 dicit
3244 3306 3531 3378 Philippus
3558 3307 3625 3362 ad
3653 3306 3854 3363 Natha-

2253 3394 2412 3449 nael:
2471 3419 2488 3440 ι
2528 3394 2700 3462 Quem
2757 3396 2976 3468 scripsit
3034 3398 3245 3469 Moyses
3298 3403 3446 3459 214
3499 3397 3557 3452 in
3615 3397 3748 3469 lege,
3801 3409 3855 3456 et

2252 3491 2550 3562 prophetae,
2616 3491 2933 3550 invenimus
2989 3495 3172 3552 Iesum
3228 3512 3261 3551 a
3317 3495 3603 3563 Nazareth,
3671 3494 3853 3551 ﬁlium

2251 3580 2448 3652 Ioseph
2499 3582 2681 3654 (Joan.
2716 3600 2754 3652 ι,
2787 3583 2903 3656 45).
2937 3608 2955 3632 ι
2999 3585 3115 3642 Hoc
3161 3601 3290 3657 ergo
3338 3585 3502 3641 modo
3551 3585 3733 3641 dictus
3772 3593 3855 3641 est

2250 3670 2520 3728 Dominus
2566 3673 2735 3729 frater
2777 3674 2964 3731 Jacobi
3013 3683 3067 3730 et
3101 3683 3444 3746 caeterorum,
3486 3693 3593 3750 quo
3622 3683 3676 3732 et
3705 3675 3856 3732 ﬁlius

2253 3763 2674 3835 nuncupabatur
2717 3766 2938 3838 Ioseph.
2990 3766 3226 3832 Quidam
3273 3769 3420 3825 enim
3452 3769 3604 3826 ducti
3638 3769 3860 3825 insania

2250 3853 2349 3908 hos
2396 3871 2555 3911 veros
2591 3857 2815 3912 Domini
2867 3856 3062 3911 fratres
3112 3857 3178 3912 de
3223 3858 3394 3915 Maria
3448 3869 3625 3928 natos,
3684 3860 3860 3933 impia

2249 3946 2548 4002 assertione
2588 3946 2956 4014 contendunt,
2983 3962 3109 4002 cum
3143 3946 3341 4018 Ioseph
3371 3965 3482 4005 non
3513 3964 3706 4006 verum
3737 3948 3858 4021 ejus

2248 4044 2453 4107 patrem
2502 4036 2690 4093 dicant
2739 4036 3096 4108 appellatum.
3148 4035 3205 4092 Si
3255 4037 3401 4092 enim
3449 4037 3509 4093 hi
3551 4039 3669 4095 veri
3700 4047 3858 4097 erant

2248 4127 2441 4183 fratres
2484 4127 2622 4198 ejus,
2671 4137 2725 4183 et
2766 4126 2965 4197 Ioseph
3009 4126 3114 4182 erit
3169 4142 3333 4182 verus
3382 4135 3566 4199 pater;
3597 4131 3731 4201 quia
3758 4131 3856 4203 qui

2246 4217 2393 4273 dixit
2424 4224 2633 4287 patrem
2666 4215 2784 4287 ejus
2809 4215 3029 4288 Ioseph,
3065 4215 3212 4273 idem
3241 4217 3388 4276 dixit
3415 4226 3470 4275 et
3507 4218 3707 4277 fratres
3736 4220 3858 4292 ejus

2245 4304 2507 4361 Iacobum
2536 4313 2589 4359 et
2615 4314 2862 4361 caeteros.

2319 4393 2499 4464 (Vers.
2543 4393 2658 4464 20.)
2705 4419 2722 4441 ι
2768 4393 2899 4462 Quae
2947 4401 3130 4452 autem
3180 4397 3362 4453 scribo
3397 4397 3574 4466 vobis,
3607 4415 3732 4458 ecce
3761 4417 3854 4457 co-

2247 4500 2363 4538 ram
2407 4486 2540 4552 Deo,
2571 4484 2700 4557 quia
2749 4503 2860 4542 non
2891 4487 3147 4543 mentior.
3171 4511 3190 4535 ι
3229 4488 3350 4555 Quo
3394 4489 3462 4545 ad
3491 4491 3858 4548 commenda-

2255 4574 2462 4630 tionem
2511 4575 2629 4647 ejus
2682 4579 2920 4649 pertinet
2947 4579 3253 4648 locuturus,
3290 4587 3484 4636 testem
3515 4583 3689 4637 Deum
3733 4582 3852 4653 dat,

2257 4664 2385 4734 quia
2425 4665 2504 4722 ita
2559 4683 2615 4722 se
2665 4667 2886 4736 habent,
2945 4685 3063 4741 quae
3118 4668 3369 4725 dicturus
3423 4679 3522 4737 est,
3587 4686 3656 4727 ne
3712 4671 3856 4728 forte

2255 4755 2537 4812 videretur
2606 4757 3013 4829 compositum;
3083 4775 3210 4815 cum
3275 4776 3519 4832 persona;
3563 4759 3681 4832 ejus
3742 4778 3854 4818 non

2255 4847 2549 4903 conveniat
2595 4847 2805 4920 aliquid
2881 4847 3107 4919 ﬁngere.
3161 4848 3266 4905 Sed
3309 4866 3433 4906 cum
3482 4866 3536 4906 se
3577 4866 3857 4906 commen-

2254 4937 2366 5004 dat,
2422 4936 2522 4992 hos
2571 4939 2694 4993 vult
2739 4935 3038 5009 proﬁcere;
3101 4939 3506 4996 commendatio
3549 4939 3697 4995 enim
3737 4939 3856 4998 haec

2256 5026 2376 5081 istis
2431 5025 2668 5097 proﬁcit,
2707 5036 2769 5083 ut
2812 5027 2990 5085 sciant
3030 5045 3112 5098 ea,
3160 5045 3280 5103 quae
3322 5030 3389 5086 ab
3429 5028 3534 5086 hoc
3561 5029 3851 5100 dicuntur,

2255 5132 2368 5171 €580
2397 5132 2702 5173 verissma.

2328 5207 2508 5278 (Vers.
2560 5207 2770 5280 21-24.)
2816 5231 2834 5254 ι
2861 5208 3072 5266 Deinde
3123 5207 3252 5265 veni
3300 5209 3358 5264 in
3402 5209 3651 5282 regiones
3677 5207 3853 5282 Syriae

2255 5305 2306 5353 et
2364 5297 2589 5356 Ciliciae.
2659 5299 2823 5354 Eram
2880 5307 3061 5354 autem
3112 5300 3332 5372 ignotus
3399 5300 3538 5356 facie
3589 5299 3854 5356 Ecclesiis

2254 5389 2472 5457 Iudaeae,
2525 5406 2644 5462 quae
2693 5397 2848 5445 erant
2899 5390 2954 5444 in
2987 5390 3246 5447 Christo:
3289 5389 3638 5446 solummodo
3667 5390 3854 5447 audie-

2253 5478 2406 5546 bant,
2439 5478 2568 5551 quia
2612 5478 2707 5550 qui
2759 5479 3181 5552 persequebatur
3208 5497 3308 5536 nos
3345 5479 3662 5553 aliquando,
3705 5496 3854 5538 nunc

2255 5568 2516 5642 praedicat
2561 5568 2750 5640 fidem,
2814 5585 2978 5642 quam
3024 5570 3320 5645 aliquando
3365 5569 3755 5644 expugnabat;
3802 5580 3854 5627 et

619 5759 740 5834 (49)
776 5761 904 5822 Mss.
951 5769 1228 5840 nonnulli,
1261 5787 1325 5828 ne
1359 5773 1774 5847 subripientibus
1798 5777 2269 5851 pseudoapostolis.
