  <div class='ocr_page' id='page_1' title='image "/cluster/home/n/w/nwhite01/storage/ocr_20150623/17/umn.31951002477311b/190.png"; bbox 0 0 3970 6380; ppageno 0'>
   <div class='ocr_carea' id='block_1_1' title="bbox 206 390 310 448">
    <p class='ocr_par' dir='ltr' id='par_1_1' title="bbox 206 390 310 448">
     <span class='ocr_line' id='line_1_1' title="bbox 206 390 310 448; baseline -0.01 0"><span class='ocrx_word' id='word_1_1' title='bbox 206 390 310 448; x_wconf 87' lang='lat'>365</span> 
     </span>
    </p>
   </div>
   <div class='ocr_carea' id='block_1_2' title="bbox 1267 387 2435 447">
    <p class='ocr_par' dir='ltr' id='par_1_2' title="bbox 1267 387 2435 447">
     <span class='ocr_line' id='line_1_2' title="bbox 1267 387 2435 447; baseline -0.001 0"><span class='ocrx_word' id='word_1_2' title='bbox 1267 387 1630 447; x_wconf 88' lang='lat' dir='ltr'>COMMENT.</span> <span class='ocrx_word' id='word_1_3' title='bbox 1678 388 1750 446; x_wconf 90' lang='lat' dir='ltr'><strong>IN</strong></span> <span class='ocrx_word' id='word_1_4' title='bbox 1787 387 2002 445; x_wconf 88' lang='lat' dir='ltr'>EPIST.</span> <span class='ocrx_word' id='word_1_5' title='bbox 2044 389 2140 443; x_wconf 88' lang='lat' dir='ltr'>AD</span> <span class='ocrx_word' id='word_1_6' title='bbox 2180 387 2435 446; x_wconf 79' lang='lat' dir='ltr'>GALAT.</span> 
     </span>
    </p>
   </div>
   <div class='ocr_carea' id='block_1_3' title="bbox 3385 389 3490 448">
    <p class='ocr_par' dir='ltr' id='par_1_3' title="bbox 3385 389 3490 448">
     <span class='ocr_line' id='line_1_3' title="bbox 3385 389 3490 448; baseline -0.019 0"><span class='ocrx_word' id='word_1_7' title='bbox 3385 389 3490 448; x_wconf 86' lang='lat'>366</span> 
     </span>
    </p>
   </div>
   <div class='ocr_carea' id='block_1_4' title="bbox 208 511 3492 586">
    <p class='ocr_par' dir='ltr' id='par_1_4' title="bbox 208 511 3492 586">
     <span class='ocr_line' id='line_1_4' title="bbox 208 511 3492 586; baseline 0.001 -20"><span class='ocrx_word' id='word_1_8' title='bbox 208 511 271 567; x_wconf 91' lang='lat' dir='ltr'>in</span> <span class='ocrx_word' id='word_1_9' title='bbox 303 530 386 567; x_wconf 88' lang='lat' dir='ltr'>me</span> <span class='ocrx_word' id='word_1_10' title='bbox 409 511 834 586; x_wconf 86' lang='lat' dir='ltr'>magniﬁcabant</span> <span class='ocrx_word' id='word_1_11' title='bbox 879 513 1073 568; x_wconf 91' lang='lat' dir='ltr'>Deum.</span> <span class='ocrx_word' id='word_1_12' title='bbox 1118 538 1135 560; x_wconf 82' lang='lat'><strong><em>-</em></strong></span> <span class='ocrx_word' id='word_1_13' title='bbox 1178 513 1294 569; x_wconf 90' lang='lat' dir='ltr'>lloc</span> <span class='ocrx_word' id='word_1_14' title='bbox 1323 511 1480 580; x_wconf 81' lang='lat' dir='ltr'>dicit,</span> <span class='ocrx_word' id='word_1_15' title='bbox 1511 512 1640 586; x_wconf 84' lang='lat' dir='ltr'>quia</span> <span class='ocrx_word' id='word_1_16' title='bbox 1667 528 1794 569; x_wconf 89' lang='lat' dir='ltr'>cum</span> <span class='ocrx_word' id='word_1_17' title='bbox 1824 516 1873 574; x_wconf 85' lang='lat' dir='ltr'><strong>A</strong></span> <span class='ocrx_word' id='word_1_18' title='bbox 1909 512 2219 567; x_wconf 78' lang='lat' dir='ltr'>idololatria</span> <span class='ocrx_word' id='word_1_19' title='bbox 2277 513 2416 582; x_wconf 74' lang='lat' dir='ltr'>(Act.</span> <span class='ocrx_word' id='word_1_20' title='bbox 2479 530 2574 580; x_wconf 81' lang='lat' dir='ltr'>xv,</span> <span class='ocrx_word' id='word_1_21' title='bbox 2631 514 2747 581; x_wconf 76' lang='lat'>29).</span> <span class='ocrx_word' id='word_1_22' title='bbox 2797 513 2952 568; x_wconf 88' lang='lat' dir='ltr'>Nunc</span> <span class='ocrx_word' id='word_1_23' title='bbox 2991 513 3176 570; x_wconf 89' lang='lat' dir='ltr'>dicant</span> <span class='ocrx_word' id='word_1_24' title='bbox 3231 513 3492 585; x_wconf 67' lang='lat' dir='ltr'>sophistas</span> 
     </span>
    </p>
   </div>
   <div class='ocr_carea' id='block_1_5' title="bbox 200 601 1795 671">
    <p class='ocr_par' dir='ltr' id='par_1_5' title="bbox 200 601 1795 671">
     <span class='ocr_line' id='line_1_5' title="bbox 200 601 1795 671; baseline -0.001 -13"><span class='ocrx_word' id='word_1_25' title='bbox 200 601 546 660; x_wconf 89' lang='lat' dir='ltr'>Judaismum</span> <span class='ocrx_word' id='word_1_26' title='bbox 599 603 916 660; x_wconf 83' lang='lat' dir='ltr'>defenderet</span> <span class='ocrx_word' id='word_1_27' title='bbox 966 610 1157 660; x_wconf 87' lang='lat' dir='ltr'>contra</span> <span class='ocrx_word' id='word_1_28' title='bbox 1204 602 1392 671; x_wconf 87' lang='lat' dir='ltr'>ﬁdem,</span> <span class='ocrx_word' id='word_1_29' title='bbox 1440 602 1584 658; x_wconf 87' lang='lat' dir='ltr'>sicut</span> <span class='ocrx_word' id='word_1_30' title='bbox 1635 610 1688 658; x_wconf 90' lang='lat' dir='ltr'>et</span> <span class='ocrx_word' id='word_1_31' title='bbox 1735 601 1795 657; x_wconf 90' lang='lat' dir='ltr'>hi</span> 
     </span>
    </p>
   </div>
   <div class='ocr_carea' id='block_1_6' title="bbox 200 691 1791 765">
    <p class='ocr_par' dir='ltr' id='par_1_6' title="bbox 200 691 1791 765">
     <span class='ocr_line' id='line_1_6' title="bbox 200 691 1791 765; baseline 0 -19"><span class='ocrx_word' id='word_1_32' title='bbox 200 707 233 746; x_wconf 90' lang='lat' dir='ltr'>a</span> <span class='ocrx_word' id='word_1_33' title='bbox 264 693 463 765; x_wconf 89' lang='lat' dir='ltr'>quibus</span> <span class='ocrx_word' id='word_1_34' title='bbox 493 693 697 750; x_wconf 69' lang='lat' dir='ltr'>Galatm</span> <span class='ocrx_word' id='word_1_35' title='bbox 729 694 947 749; x_wconf 79' lang='lat' dir='ltr'>fuerant</span> <span class='ocrx_word' id='word_1_36' title='bbox 977 691 1174 761; x_wconf 84' lang='lat' dir='ltr'>eversi,</span> <span class='ocrx_word' id='word_1_37' title='bbox 1207 709 1238 748; x_wconf 91' lang='lat' dir='ltr'>a</span> <span class='ocrx_word' id='word_1_38' title='bbox 1293 693 1408 748; x_wconf 93' lang='lat' dir='ltr'>Deo</span> <span class='ocrx_word' id='word_1_39' title='bbox 1435 692 1643 748; x_wconf 89' lang='lat' dir='ltr'>electus</span> <span class='ocrx_word' id='word_1_40' title='bbox 1689 698 1791 760; x_wconf 92' lang='lat' dir='ltr'>est,</span> 
     </span>
    </p>
   </div>
   <div class='ocr_carea' id='block_1_7' title="bbox 202 781 1796 852">
    <p class='ocr_par' dir='ltr' id='par_1_7' title="bbox 202 781 1796 852">
     <span class='ocr_line' id='line_1_7' title="bbox 202 781 1796 852; baseline -0.001 -15"><span class='ocrx_word' id='word_1_41' title='bbox 202 789 258 838; x_wconf 89' lang='lat' dir='ltr'>et</span> <span class='ocrx_word' id='word_1_42' title='bbox 287 783 484 840; x_wconf 90' lang='lat' dir='ltr'>doctus</span> <span class='ocrx_word' id='word_1_43' title='bbox 510 783 860 840; x_wconf 89' lang='lat' dir='ltr'>dissimulare</span> <span class='ocrx_word' id='word_1_44' title='bbox 900 801 932 840; x_wconf 93' lang='lat' dir='ltr'>a</span> <span class='ocrx_word' id='word_1_45' title='bbox 969 783 1270 852; x_wconf 88' lang='lat' dir='ltr'>Judaismo,</span> <span class='ocrx_word' id='word_1_46' title='bbox 1301 791 1355 839; x_wconf 92' lang='lat' dir='ltr'>et</span> <span class='ocrx_word' id='word_1_47' title='bbox 1393 797 1592 837; x_wconf 86' lang='lat' dir='ltr'>novam</span> <span class='ocrx_word' id='word_1_48' title='bbox 1623 781 1796 852; x_wconf 83' lang='lat' dir='ltr'>legem</span> 
     </span>
    </p>
   </div>
   <div class='ocr_carea' id='block_1_8' title="bbox 201 872 1797 946">
    <p class='ocr_par' dir='ltr' id='par_1_8' title="bbox 201 872 1797 946">
     <span class='ocr_line' id='line_1_8' title="bbox 201 872 1797 946; baseline 0 -20"><span class='ocrx_word' id='word_1_49' title='bbox 201 873 502 943; x_wconf 80' lang='lat' dir='ltr'>praedicare</span> <span class='ocrx_word' id='word_1_50' title='bbox 536 891 547 929; x_wconf 93' lang='lat'>:</span> <span class='ocrx_word' id='word_1_51' title='bbox 585 874 660 930; x_wconf 89' lang='lat' dir='ltr'>ita</span> <span class='ocrx_word' id='word_1_52' title='bbox 688 881 749 929; x_wconf 91' lang='lat' dir='ltr'>ut</span> <span class='ocrx_word' id='word_1_53' title='bbox 775 873 1072 946; x_wconf 81' lang='lat' dir='ltr'>gauderent</span> <span class='ocrx_word' id='word_1_54' title='bbox 1119 872 1177 928; x_wconf 91' lang='lat' dir='ltr'>in</span> <span class='ocrx_word' id='word_1_55' title='bbox 1209 889 1272 928; x_wconf 91' lang='lat' dir='ltr'>eo</span> <span class='ocrx_word' id='word_1_56' title='bbox 1303 888 1372 928; x_wconf 88' lang='lat' dir='ltr'>ex</span> <span class='ocrx_word' id='word_1_57' title='bbox 1406 872 1609 927; x_wconf 78' lang='lat' dir='ltr'>Iudaeis</span> <span class='ocrx_word' id='word_1_58' title='bbox 1670 887 1797 927; x_wconf 81' lang='lat' dir='ltr'>cre-</span> 
     </span>
    </p>
   </div>
   <div class='ocr_carea' id='block_1_9' title="bbox 201 959 1794 1035">
    <p class='ocr_par' dir='ltr' id='par_1_9' title="bbox 201 959 1794 1035">
     <span class='ocr_line' id='line_1_9' title="bbox 201 959 1794 1035; baseline 0.001 -19"><span class='ocrx_word' id='word_1_59' title='bbox 201 959 418 1030; x_wconf 88' lang='lat' dir='ltr'>dentes,</span> <span class='ocrx_word' id='word_1_60' title='bbox 482 979 618 1035; x_wconf 91' lang='lat' dir='ltr'>quos</span> <span class='ocrx_word' id='word_1_61' title='bbox 656 962 866 1035; x_wconf 87' lang='lat' dir='ltr'>pridem</span> <span class='ocrx_word' id='word_1_62' title='bbox 897 962 1344 1035; x_wconf 85' lang='lat' dir='ltr'>persequebatur,</span> <span class='ocrx_word' id='word_1_63' title='bbox 1404 963 1516 1017; x_wconf 90' lang='lat' dir='ltr'>Deo</span> <span class='ocrx_word' id='word_1_64' title='bbox 1575 969 1794 1034; x_wconf 85' lang='lat' dir='ltr'>agentes</span> 
     </span>
    </p>
   </div>
   <div class='ocr_carea' id='block_1_10' title="bbox 202 1050 1800 1125">
    <p class='ocr_par' dir='ltr' id='par_1_10' title="bbox 202 1050 1800 1125">
     <span class='ocr_line' id='line_1_10' title="bbox 202 1050 1800 1125; baseline -0.001 -19"><span class='ocrx_word' id='word_1_65' title='bbox 202 1052 431 1124; x_wconf 85' lang='lat' dir='ltr'>gratias,</span> <span class='ocrx_word' id='word_1_66' title='bbox 490 1053 584 1124; x_wconf 92' lang='lat' dir='ltr'>qui</span> <span class='ocrx_word' id='word_1_67' title='bbox 639 1052 705 1108; x_wconf 91' lang='lat' dir='ltr'>de</span> <span class='ocrx_word' id='word_1_68' title='bbox 735 1059 1076 1125; x_wconf 88' lang='lat' dir='ltr'>persecutore</span> <span class='ocrx_word' id='word_1_69' title='bbox 1126 1051 1256 1107; x_wconf 90' lang='lat' dir='ltr'>fecit</span> <span class='ocrx_word' id='word_1_70' title='bbox 1311 1050 1683 1118; x_wconf 86' lang='lat' dir='ltr'>defensorem;</span> <span class='ocrx_word' id='word_1_71' title='bbox 1737 1055 1800 1105; x_wconf 90' lang='lat' dir='ltr'>ut</span> 
     </span>
    </p>
   </div>
   <div class='ocr_carea' id='block_1_11' title="bbox 203 1140 1800 1213">
    <p class='ocr_par' dir='ltr' id='par_1_11' title="bbox 203 1140 1800 1213">
     <span class='ocr_line' id='line_1_11' title="bbox 203 1140 1800 1213; baseline 0 -17"><span class='ocrx_word' id='word_1_72' title='bbox 203 1141 432 1213; x_wconf 87' lang='lat' dir='ltr'>perinde</span> <span class='ocrx_word' id='word_1_73' title='bbox 462 1141 666 1199; x_wconf 87' lang='lat' dir='ltr'>scirent</span> <span class='ocrx_word' id='word_1_74' title='bbox 690 1143 892 1198; x_wconf 76' lang='lat' dir='ltr'>Galatze</span> <span class='ocrx_word' id='word_1_75' title='bbox 925 1142 1331 1199; x_wconf 90' lang='lat' dir='ltr'>circumventos</span> <span class='ocrx_word' id='word_1_76' title='bbox 1360 1158 1436 1210; x_wconf 91' lang='lat' dir='ltr'>se,</span> <span class='ocrx_word' id='word_1_77' title='bbox 1469 1149 1531 1197; x_wconf 87' lang='lat' dir='ltr'>ut</span> <span class='ocrx_word' id='word_1_78' title='bbox 1559 1140 1661 1197; x_wconf 87' lang='lat' dir='ltr'>sub</span> <span class='ocrx_word' id='word_1_79' title='bbox 1689 1155 1800 1196; x_wconf 90' lang='lat' dir='ltr'>no—</span> 
     </span>
    </p>
   </div>
   <div class='ocr_carea' id='block_1_12' title="bbox 204 1230 1802 1306">
    <p class='ocr_par' dir='ltr' id='par_1_12' title="bbox 204 1230 1802 1306">
     <span class='ocr_line' id='line_1_12' title="bbox 204 1230 1802 1306; baseline 0.001 -22"><span class='ocrx_word' id='word_1_80' title='bbox 204 1230 356 1287; x_wconf 87' lang='lat' dir='ltr'>mine</span> <span class='ocrx_word' id='word_1_81' title='bbox 416 1230 622 1288; x_wconf 90' lang='lat' dir='ltr'>Christi</span> <span class='ocrx_word' id='word_1_82' title='bbox 674 1233 892 1290; x_wconf 74' lang='lat' dir='ltr'>Iudaeos</span> <span class='ocrx_word' id='word_1_83' title='bbox 933 1249 989 1290; x_wconf 92' lang='lat' dir='ltr'>se</span> <span class='ocrx_word' id='word_1_84' title='bbox 1035 1233 1444 1306; x_wconf 88' lang='lat' dir='ltr'>profiterentur,</span> <span class='ocrx_word' id='word_1_85' title='bbox 1499 1230 1802 1288; x_wconf 87' lang='lat' dir='ltr'>circumci—</span> 
     </span>
    </p>
   </div>
   <div class='ocr_carea' id='block_1_13' title="bbox 205 1319 1801 1395">
    <p class='ocr_par' dir='ltr' id='par_1_13' title="bbox 205 1319 1801 1395">
     <span class='ocr_line' id='line_1_13' title="bbox 205 1319 1801 1395; baseline 0.001 -20"><span class='ocrx_word' id='word_1_86' title='bbox 205 1319 398 1376; x_wconf 91' lang='lat' dir='ltr'>dentes</span> <span class='ocrx_word' id='word_1_87' title='bbox 444 1337 664 1380; x_wconf 88' lang='lat' dir='ltr'>carnem</span> <span class='ocrx_word' id='word_1_88' title='bbox 696 1323 952 1395; x_wconf 85' lang='lat' dir='ltr'>praeputii</span> <span class='ocrx_word' id='word_1_89' title='bbox 985 1322 1092 1392; x_wconf 91' lang='lat' dir='ltr'>sui,</span> <span class='ocrx_word' id='word_1_90' title='bbox 1127 1340 1255 1380; x_wconf 93' lang='lat' dir='ltr'>cum</span> <span class='ocrx_word' id='word_1_91' title='bbox 1289 1321 1499 1380; x_wconf 88' lang='lat' dir='ltr'>Christi</span> <span class='ocrx_word' id='word_1_92' title='bbox 1529 1322 1619 1377; x_wconf 83' lang='lat' dir='ltr'>lex</span> <span class='ocrx_word' id='word_1_93' title='bbox 1648 1319 1801 1376; x_wconf 88' lang='lat' dir='ltr'>aliud</span> 
     </span>
    </p>
   </div>
   <div class='ocr_carea' id='block_1_14' title="bbox 206 1409 1802 1484">
    <p class='ocr_par' dir='ltr' id='par_1_14' title="bbox 206 1409 1802 1484">
     <span class='ocr_line' id='line_1_14' title="bbox 206 1409 1802 1484; baseline 0 -19"><span class='ocrx_word' id='word_1_94' title='bbox 206 1409 458 1482; x_wconf 87' lang='lat' dir='ltr'>imperet,</span> <span class='ocrx_word' id='word_1_95' title='bbox 489 1428 650 1484; x_wconf 89' lang='lat' dir='ltr'>quam</span> <span class='ocrx_word' id='word_1_96' title='bbox 708 1412 1062 1481; x_wconf 82' lang='lat' dir='ltr'>Judaismus;</span> <span class='ocrx_word' id='word_1_97' title='bbox 1127 1413 1246 1471; x_wconf 90' lang='lat' dir='ltr'>illic</span> <span class='ocrx_word' id='word_1_98' title='bbox 1274 1413 1421 1469; x_wconf 90' lang='lat' dir='ltr'>enim</span> <span class='ocrx_word' id='word_1_99' title='bbox 1453 1410 1802 1469; x_wconf 89' lang='lat' dir='ltr'>circumcisio</span> 
     </span>
    </p>
   </div>
   <div class='ocr_carea' id='block_1_15' title="bbox 204 1499 1803 1568">
    <p class='ocr_par' dir='ltr' id='par_1_15' title="bbox 204 1499 1803 1568">
     <span class='ocr_line' id='line_1_15' title="bbox 204 1499 1803 1568; baseline 0.001 -14"><span class='ocrx_word' id='word_1_100' title='bbox 204 1499 388 1554; x_wconf 89' lang='lat' dir='ltr'>carnis</span> <span class='ocrx_word' id='word_1_101' title='bbox 421 1508 524 1568; x_wconf 91' lang='lat' dir='ltr'>est,</span> <span class='ocrx_word' id='word_1_102' title='bbox 556 1500 648 1556; x_wconf 89' lang='lat' dir='ltr'>hic</span> <span class='ocrx_word' id='word_1_103' title='bbox 672 1502 891 1558; x_wconf 87' lang='lat' dir='ltr'>cordis:</span> <span class='ocrx_word' id='word_1_104' title='bbox 928 1503 1044 1558; x_wconf 91' lang='lat' dir='ltr'>illic</span> <span class='ocrx_word' id='word_1_105' title='bbox 1084 1502 1186 1558; x_wconf 90' lang='lat' dir='ltr'>sub</span> <span class='ocrx_word' id='word_1_106' title='bbox 1233 1503 1520 1559; x_wconf 89' lang='lat' dir='ltr'>elementis</span> <span class='ocrx_word' id='word_1_107' title='bbox 1565 1500 1803 1558; x_wconf 87' lang='lat' dir='ltr'>servitur</span> 
     </span>
    </p>
   </div>
   <div class='ocr_carea' id='block_1_16' title="bbox 206 1588 1806 1664">
    <p class='ocr_par' dir='ltr' id='par_1_16' title="bbox 206 1588 1806 1664">
     <span class='ocr_line' id='line_1_16' title="bbox 206 1588 1806 1664; baseline 0.002 -21"><span class='ocrx_word' id='word_1_108' title='bbox 206 1588 516 1645; x_wconf 91' lang='lat' dir='ltr'>neomeniis</span> <span class='ocrx_word' id='word_1_109' title='bbox 561 1599 614 1646; x_wconf 92' lang='lat' dir='ltr'>et</span> <span class='ocrx_word' id='word_1_110' title='bbox 647 1590 906 1660; x_wconf 85' lang='lat' dir='ltr'>Sabhato,</span> <span class='ocrx_word' id='word_1_111' title='bbox 938 1591 1031 1648; x_wconf 93' lang='lat' dir='ltr'>hic</span> <span class='ocrx_word' id='word_1_112' title='bbox 1058 1591 1162 1647; x_wconf 90' lang='lat' dir='ltr'>soli</span> <span class='ocrx_word' id='word_1_113' title='bbox 1194 1594 1306 1648; x_wconf 90' lang='lat' dir='ltr'>Deo</span> <span class='ocrx_word' id='word_1_114' title='bbox 1333 1591 1392 1648; x_wconf 89' lang='lat' dir='ltr'>in</span> <span class='ocrx_word' id='word_1_115' title='bbox 1418 1591 1642 1664; x_wconf 89' lang='lat' dir='ltr'>spiritu,</span> <span class='ocrx_word' id='word_1_116' title='bbox 1675 1590 1806 1663; x_wconf 86' lang='lat' dir='ltr'>quia</span> 
     </span>
    </p>
   </div>
   <div class='ocr_carea' id='block_1_17' title="bbox 206 1677 1807 1752">
    <p class='ocr_par' dir='ltr' id='par_1_17' title="bbox 206 1677 1807 1752">
     <span class='ocr_line' id='line_1_17' title="bbox 206 1677 1807 1752; baseline 0.002 -19"><span class='ocrx_word' id='word_1_117' title='bbox 206 1677 375 1734; x_wconf 92' lang='lat' dir='ltr'>corde</span> <span class='ocrx_word' id='word_1_118' title='bbox 405 1679 649 1736; x_wconf 89' lang='lat' dir='ltr'>creditur</span> <span class='ocrx_word' id='word_1_119' title='bbox 679 1699 691 1736; x_wconf 91' lang='lat'>:</span> <span class='ocrx_word' id='word_1_120' title='bbox 719 1681 838 1737; x_wconf 92' lang='lat' dir='ltr'>illic</span> <span class='ocrx_word' id='word_1_121' title='bbox 875 1679 1122 1737; x_wconf 91' lang='lat' dir='ltr'>conditio</span> <span class='ocrx_word' id='word_1_122' title='bbox 1150 1691 1232 1738; x_wconf 91' lang='lat' dir='ltr'>est</span> <span class='ocrx_word' id='word_1_123' title='bbox 1259 1698 1424 1739; x_wconf 90' lang='lat' dir='ltr'>causa</span> <span class='ocrx_word' id='word_1_124' title='bbox 1463 1681 1691 1752; x_wconf 87' lang='lat' dir='ltr'>peccati,</span> <span class='ocrx_word' id='word_1_125' title='bbox 1715 1679 1807 1736; x_wconf 87' lang='lat' dir='ltr'>hic</span> 
     </span>
    </p>
   </div>
   <div class='ocr_carea' id='block_1_18' title="bbox 208 1767 1806 1844">
    <p class='ocr_par' dir='ltr' id='par_1_18' title="bbox 208 1767 1806 1844">
     <span class='ocr_line' id='line_1_18' title="bbox 208 1767 1806 1844; baseline 0.003 -22"><span class='ocrx_word' id='word_1_126' title='bbox 208 1767 439 1824; x_wconf 86' lang='lat' dir='ltr'>libertas</span> <span class='ocrx_word' id='word_1_127' title='bbox 495 1785 565 1826; x_wconf 85' lang='lat' dir='ltr'>ex</span> <span class='ocrx_word' id='word_1_128' title='bbox 621 1769 949 1827; x_wconf 88' lang='lat' dir='ltr'>remissione</span> <span class='ocrx_word' id='word_1_129' title='bbox 997 1780 1367 1844; x_wconf 83' lang='lat' dir='ltr'>peccatorum.</span> <span class='ocrx_word' id='word_1_130' title='bbox 1403 1771 1575 1830; x_wconf 88' lang='lat' dir='ltr'>Multa</span> <span class='ocrx_word' id='word_1_131' title='bbox 1623 1770 1806 1844; x_wconf 88' lang='lat' dir='ltr'>itaque</span> 
     </span>
    </p>
   </div>
   <div class='ocr_carea' id='block_1_19' title="bbox 207 1856 607 1916">
    <p class='ocr_par' dir='ltr' id='par_1_19' title="bbox 207 1856 607 1916">
     <span class='ocr_line' id='line_1_19' title="bbox 207 1856 607 1916; baseline 0.003 -2"><span class='ocrx_word' id='word_1_132' title='bbox 207 1856 478 1916; x_wconf 83' lang='lat' dir='ltr'>distantia</span> <span class='ocrx_word' id='word_1_133' title='bbox 509 1866 607 1916; x_wconf 90' lang='lat' dir='ltr'>est.</span> 
     </span>
    </p>
   </div>
   <div class='ocr_carea' id='block_1_20' title="bbox 288 2044 1808 2122">
    <p class='ocr_par' dir='ltr' id='par_1_20' title="bbox 288 2044 1808 2122">
     <span class='ocr_line' id='line_1_20' title="bbox 288 2044 1808 2122; baseline 0 -20"><span class='ocrx_word' id='word_1_134' title='bbox 288 2045 474 2117; x_wconf 88' lang='lat' dir='ltr'>(Vers.</span> <span class='ocrx_word' id='word_1_135' title='bbox 510 2047 558 2115; x_wconf 85' lang='grc'><strong>1,</strong></span> <span class='ocrx_word' id='word_1_136' title='bbox 593 2044 674 2117; x_wconf 78' lang='grc'>2.)</span> <span class='ocrx_word' id='word_1_137' title='bbox 740 2070 758 2094; x_wconf 86' lang='grc'><strong>‹</strong></span> <span class='ocrx_word' id='word_1_138' title='bbox 785 2046 996 2102; x_wconf 93' lang='lat' dir='ltr'>Deinde</span> <span class='ocrx_word' id='word_1_139' title='bbox 1027 2056 1148 2121; x_wconf 90' lang='lat' dir='ltr'>post</span> <span class='ocrx_word' id='word_1_140' title='bbox 1177 2064 1348 2105; x_wconf 91' lang='lat' dir='ltr'>annos</span> <span class='ocrx_word' id='word_1_141' title='bbox 1397 2047 1808 2122; x_wconf 89' lang='lat' dir='ltr'>quatuordecim</span> 
     </span>
    </p>
   </div>
   <div class='ocr_carea' id='block_1_21' title="bbox 211 2134 1811 2209">
    <p class='ocr_par' dir='ltr' id='par_1_21' title="bbox 211 2134 1811 2209">
     <span class='ocr_line' id='line_1_21' title="bbox 211 2134 1811 2209; baseline 0.002 -19"><span class='ocrx_word' id='word_1_142' title='bbox 211 2134 420 2191; x_wconf 90' lang='lat' dir='ltr'>iterum</span> <span class='ocrx_word' id='word_1_143' title='bbox 443 2134 664 2192; x_wconf 89' lang='lat' dir='ltr'>ascendi</span> <span class='ocrx_word' id='word_1_144' title='bbox 696 2136 1137 2209; x_wconf 88' lang='lat' dir='ltr'>Hierosolymam</span> <span class='ocrx_word' id='word_1_145' title='bbox 1166 2154 1290 2193; x_wconf 91' lang='lat' dir='ltr'>cum</span> <span class='ocrx_word' id='word_1_146' title='bbox 1307 2137 1574 2206; x_wconf 90' lang='lat' dir='ltr'>Barnaba,</span> <span class='ocrx_word' id='word_1_147' title='bbox 1604 2154 1811 2194; x_wconf 88' lang='lat' dir='ltr'>assum-</span> 
     </span>
    </p>
   </div>
   <div class='ocr_carea' id='block_1_22' title="bbox 208 2224 1807 2298">
    <p class='ocr_par' dir='ltr' id='par_1_22' title="bbox 208 2224 1807 2298">
     <span class='ocr_line' id='line_1_22' title="bbox 208 2224 1807 2298; baseline 0.001 -18"><span class='ocrx_word' id='word_1_148' title='bbox 208 2232 308 2296; x_wconf 90' lang='lat' dir='ltr'>pto</span> <span class='ocrx_word' id='word_1_149' title='bbox 337 2233 391 2280; x_wconf 93' lang='lat' dir='ltr'>et</span> <span class='ocrx_word' id='word_1_150' title='bbox 421 2224 564 2278; x_wconf 92' lang='lat' dir='ltr'>Tito.</span> <span class='ocrx_word' id='word_1_151' title='bbox 584 2225 822 2280; x_wconf 86' lang='lat' dir='ltr'>Ascendi</span> <span class='ocrx_word' id='word_1_152' title='bbox 855 2233 1039 2281; x_wconf 88' lang='lat' dir='ltr'>autem</span> <span class='ocrx_word' id='word_1_153' title='bbox 1057 2225 1362 2283; x_wconf 89' lang='lat' dir='ltr'>secundum</span> <span class='ocrx_word' id='word_1_154' title='bbox 1390 2226 1807 2298; x_wconf 87' lang='lat' dir='ltr'>revelationem,</span> 
     </span>
    </p>
   </div>
   <div class='ocr_carea' id='block_1_23' title="bbox 210 2313 1810 2390">
    <p class='ocr_par' dir='ltr' id='par_1_23' title="bbox 210 2313 1810 2390">
     <span class='ocr_line' id='line_1_23' title="bbox 210 2313 1810 2390; baseline 0.002 -21"><span class='ocrx_word' id='word_1_155' title='bbox 210 2321 267 2370; x_wconf 92' lang='lat' dir='ltr'>et</span> <span class='ocrx_word' id='word_1_156' title='bbox 293 2314 524 2386; x_wconf 86' lang='lat' dir='ltr'>exposui</span> <span class='ocrx_word' id='word_1_157' title='bbox 558 2313 670 2390; x_wconf 82' lang='lat' dir='ltr'>illis</span> <span class='ocrx_word' id='word_1_158' title='bbox 715 2314 1079 2386; x_wconf 86' lang='lat' dir='ltr'>Evangelium</span> <span class='ocrx_word' id='word_1_159' title='bbox 1131 2315 1272 2388; x_wconf 83' lang='lat'>(50),</span> <span class='ocrx_word' id='word_1_160' title='bbox 1308 2316 1454 2388; x_wconf 90' lang='lat' dir='ltr'>quod</span> <span class='ocrx_word' id='word_1_161' title='bbox 1483 2315 1719 2388; x_wconf 74' lang='lat' dir='ltr'>praedico</span> <span class='ocrx_word' id='word_1_162' title='bbox 1751 2315 1810 2372; x_wconf 89' lang='lat' dir='ltr'>in</span> 
     </span>
    </p>
   </div>
   <div class='ocr_carea' id='block_1_24' title="bbox 211 2403 1811 2478">
    <p class='ocr_par' dir='ltr' id='par_1_24' title="bbox 211 2403 1811 2478">
     <span class='ocr_line' id='line_1_24' title="bbox 211 2403 1811 2478; baseline 0.002 -20"><span class='ocrx_word' id='word_1_163' title='bbox 211 2403 493 2476; x_wconf 79' lang='lat' dir='ltr'>gentibus,</span> <span class='ocrx_word' id='word_1_164' title='bbox 532 2411 742 2460; x_wconf 88' lang='lat' dir='ltr'>secreto</span> <span class='ocrx_word' id='word_1_165' title='bbox 772 2412 992 2460; x_wconf 90' lang='lat' dir='ltr'>autem:</span> <span class='ocrx_word' id='word_1_166' title='bbox 1045 2403 1133 2460; x_wconf 87' lang='lat' dir='ltr'>his</span> <span class='ocrx_word' id='word_1_167' title='bbox 1161 2405 1258 2478; x_wconf 93' lang='lat' dir='ltr'>qui</span> <span class='ocrx_word' id='word_1_168' title='bbox 1297 2405 1510 2478; x_wconf 91' lang='lat' dir='ltr'>aliquid</span> <span class='ocrx_word' id='word_1_169' title='bbox 1566 2421 1681 2462; x_wconf 88' lang='lat' dir='ltr'>esse</span> <span class='ocrx_word' id='word_1_170' title='bbox 1712 2406 1811 2462; x_wconf 88' lang='lat' dir='ltr'>vi-</span> 
     </span>
    </p>
   </div>
   <div class='ocr_carea' id='block_1_25' title="bbox 212 2491 1812 2562">
    <p class='ocr_par' dir='ltr' id='par_1_25' title="bbox 212 2491 1812 2562">
     <span class='ocr_line' id='line_1_25' title="bbox 212 2491 1812 2562; baseline 0.001 -14"><span class='ocrx_word' id='word_1_171' title='bbox 212 2491 488 2548; x_wconf 89' lang='lat' dir='ltr'>debantur</span> <span class='ocrx_word' id='word_1_172' title='bbox 511 2511 523 2560; x_wconf 89' lang='lat'>;</span> <span class='ocrx_word' id='word_1_173' title='bbox 545 2509 610 2548; x_wconf 89' lang='lat' dir='ltr'>ne</span> <span class='ocrx_word' id='word_1_174' title='bbox 642 2493 782 2548; x_wconf 89' lang='lat' dir='ltr'>forte</span> <span class='ocrx_word' id='word_1_175' title='bbox 813 2492 872 2548; x_wconf 93' lang='lat' dir='ltr'>in</span> <span class='ocrx_word' id='word_1_176' title='bbox 903 2509 1137 2550; x_wconf 87' lang='lat' dir='ltr'>vacuum</span> <span class='ocrx_word' id='word_1_177' title='bbox 1167 2509 1464 2562; x_wconf 90' lang='lat' dir='ltr'>currerem,</span> <span class='ocrx_word' id='word_1_178' title='bbox 1499 2502 1593 2550; x_wconf 90' lang='lat' dir='ltr'>aut</span> <span class='ocrx_word' id='word_1_179' title='bbox 1620 2511 1812 2551; x_wconf 85' lang='lat' dir='ltr'>cucur-</span> 
     </span>
    </p>
   </div>
   <div class='ocr_carea' id='block_1_26' title="bbox 213 2582 1814 2658">
    <p class='ocr_par' dir='ltr' id='par_1_26' title="bbox 213 2582 1814 2658">
     <span class='ocr_line' id='line_1_26' title="bbox 213 2582 1814 2658; baseline 0.002 -20"><span class='ocrx_word' id='word_1_180' title='bbox 213 2583 432 2639; x_wconf 85' lang='lat' dir='ltr'>rissem.</span> <span class='ocrx_word' id='word_1_181' title='bbox 463 2608 480 2630; x_wconf 83' lang='lat'><strong><em>-</em></strong></span> <span class='ocrx_word' id='word_1_182' title='bbox 552 2582 822 2650; x_wconf 88' lang='lat' dir='ltr'>Quoniam</span> <span class='ocrx_word' id='word_1_183' title='bbox 869 2584 1044 2640; x_wconf 91' lang='lat' dir='ltr'>multo</span> <span class='ocrx_word' id='word_1_184' title='bbox 1084 2594 1326 2657; x_wconf 90' lang='lat' dir='ltr'>tempore</span> <span class='ocrx_word' id='word_1_185' title='bbox 1358 2585 1504 2640; x_wconf 88' lang='lat' dir='ltr'>fama</span> <span class='ocrx_word' id='word_1_186' title='bbox 1532 2585 1651 2658; x_wconf 90' lang='lat' dir='ltr'>ejus</span> <span class='ocrx_word' id='word_1_187' title='bbox 1685 2602 1814 2643; x_wconf 88' lang='lat' dir='ltr'>cre—</span> 
     </span>
    </p>
   </div>
   <div class='ocr_carea' id='block_1_27' title="bbox 217 2672 1814 2744">
    <p class='ocr_par' dir='ltr' id='par_1_27' title="bbox 217 2672 1814 2744">
     <span class='ocr_line' id='line_1_27' title="bbox 217 2672 1814 2744; baseline 0.001 -15"><span class='ocrx_word' id='word_1_188' title='bbox 217 2672 509 2730; x_wconf 89' lang='lat' dir='ltr'>brescebat</span> <span class='ocrx_word' id='word_1_189' title='bbox 556 2672 703 2744; x_wconf 92' lang='lat' dir='ltr'>apud</span> <span class='ocrx_word' id='word_1_190' title='bbox 732 2689 922 2728; x_wconf 90' lang='lat' dir='ltr'>omnes</span> <span class='ocrx_word' id='word_1_191' title='bbox 978 2672 1216 2741; x_wconf 89' lang='lat' dir='ltr'>Judaeos,</span> <span class='ocrx_word' id='word_1_192' title='bbox 1266 2673 1404 2729; x_wconf 87' lang='lat' dir='ltr'>facie</span> <span class='ocrx_word' id='word_1_193' title='bbox 1451 2681 1633 2729; x_wconf 89' lang='lat' dir='ltr'>autem</span> <span class='ocrx_word' id='word_1_194' title='bbox 1703 2691 1814 2730; x_wconf 92' lang='lat' dir='ltr'>non</span> 
     </span>
    </p>
   </div>
   <div class='ocr_carea' id='block_1_28' title="bbox 216 2762 1816 2836">
    <p class='ocr_par' dir='ltr' id='par_1_28' title="bbox 216 2762 1816 2836">
     <span class='ocr_line' id='line_1_28' title="bbox 216 2762 1816 2836; baseline 0.002 -19"><span class='ocrx_word' id='word_1_195' title='bbox 216 2762 532 2832; x_wconf 85' lang='lat' dir='ltr'>videbatur,</span> <span class='ocrx_word' id='word_1_196' title='bbox 563 2763 981 2836; x_wconf 87' lang='lat' dir='ltr'>perambulabat</span> <span class='ocrx_word' id='word_1_197' title='bbox 1009 2763 1158 2818; x_wconf 92' lang='lat' dir='ltr'>enim</span> <span class='ocrx_word' id='word_1_198' title='bbox 1210 2763 1440 2819; x_wconf 88' lang='lat' dir='ltr'>fundare</span> <span class='ocrx_word' id='word_1_199' title='bbox 1467 2772 1522 2819; x_wconf 91' lang='lat' dir='ltr'>et</span> <span class='ocrx_word' id='word_1_200' title='bbox 1560 2763 1816 2820; x_wconf 89' lang='lat' dir='ltr'>roborare</span> 
     </span>
    </p>
   </div>
   <div class='ocr_carea' id='block_1_29' title="bbox 216 2851 1818 2926">
    <p class='ocr_par' dir='ltr' id='par_1_29' title="bbox 216 2851 1818 2926">
     <span class='ocr_line' id='line_1_29' title="bbox 216 2851 1818 2926; baseline 0.001 -19"><span class='ocrx_word' id='word_1_201' title='bbox 216 2851 525 2908; x_wconf 90' lang='lat' dir='ltr'>Ecclesiam</span> <span class='ocrx_word' id='word_1_202' title='bbox 585 2853 699 2924; x_wconf 81' lang='grc'>(51)</span> <span class='ocrx_word' id='word_1_203' title='bbox 758 2853 922 2908; x_wconf 90' lang='lat' dir='ltr'>solita</span> <span class='ocrx_word' id='word_1_204' title='bbox 975 2853 1284 2909; x_wconf 83' lang='lat' dir='ltr'>constantia</span> <span class='ocrx_word' id='word_1_205' title='bbox 1323 2853 1467 2908; x_wconf 92' lang='lat' dir='ltr'>inter</span> <span class='ocrx_word' id='word_1_206' title='bbox 1522 2862 1742 2926; x_wconf 86' lang='lat' dir='ltr'>gentes:</span> <span class='ocrx_word' id='word_1_207' title='bbox 1785 2869 1818 2909; x_wconf 89' lang='lat' dir='ltr'>a</span> 
     </span>
    </p>
   </div>
   <div class='ocr_carea' id='block_1_30' title="bbox 215 2943 1813 3019">
    <p class='ocr_par' dir='ltr' id='par_1_30' title="bbox 215 2943 1813 3019">
     <span class='ocr_line' id='line_1_30' title="bbox 215 2943 1813 3019; baseline 0.002 -20"><span class='ocrx_word' id='word_1_208' title='bbox 215 2943 426 3001; x_wconf 83' lang='lat' dir='ltr'>Judaeis</span> <span class='ocrx_word' id='word_1_209' title='bbox 475 2951 660 3000; x_wconf 90' lang='lat' dir='ltr'>autem</span> <span class='ocrx_word' id='word_1_210' title='bbox 690 2960 855 3001; x_wconf 88' lang='lat' dir='ltr'>causa</span> <span class='ocrx_word' id='word_1_211' title='bbox 912 2944 1048 3017; x_wconf 91' lang='lat' dir='ltr'>legis</span> <span class='ocrx_word' id='word_1_212' title='bbox 1077 2946 1221 3000; x_wconf 89' lang='lat' dir='ltr'>mala</span> <span class='ocrx_word' id='word_1_213' title='bbox 1251 2945 1334 3000; x_wconf 90' lang='lat' dir='ltr'>illi</span> <span class='ocrx_word' id='word_1_214' title='bbox 1389 2945 1556 3001; x_wconf 88' lang='lat' dir='ltr'>fiebat</span> <span class='ocrx_word' id='word_1_215' title='bbox 1599 2945 1813 3019; x_wconf 92' lang='lat' dir='ltr'>opinio,</span> 
     </span>
    </p>
   </div>
   <div class='ocr_carea' id='block_1_31' title="bbox 216 3032 1818 3108">
    <p class='ocr_par' dir='ltr' id='par_1_31' title="bbox 216 3032 1818 3108">
     <span class='ocr_line' id='line_1_31' title="bbox 216 3032 1818 3108; baseline -0.001 -18"><span class='ocrx_word' id='word_1_216' title='bbox 216 3035 380 3108; x_wconf 90' lang='lat' dir='ltr'>quasi</span> <span class='ocrx_word' id='word_1_217' title='bbox 431 3032 767 3090; x_wconf 90' lang='lat' dir='ltr'>discordaret</span> <span class='ocrx_word' id='word_1_218' title='bbox 795 3050 827 3089; x_wconf 93' lang='lat' dir='ltr'>a</span> <span class='ocrx_word' id='word_1_219' title='bbox 864 3033 1252 3106; x_wconf 65' lang='lat' dir='ltr'>praedicatione</span> <span class='ocrx_word' id='word_1_220' title='bbox 1311 3043 1633 3091; x_wconf 69' lang='lat' dir='ltr'>caaterorum</span> <span class='ocrx_word' id='word_1_221' title='bbox 1677 3050 1818 3106; x_wconf 90' lang='lat' dir='ltr'>apo-</span> 
     </span>
    </p>
   </div>
   <div class='ocr_carea' id='block_1_32' title="bbox 217 3125 1816 3197">
    <p class='ocr_par' dir='ltr' id='par_1_32' title="bbox 217 3125 1816 3197">
     <span class='ocr_line' id='line_1_32' title="bbox 217 3125 1816 3197; baseline -0.001 -16"><span class='ocrx_word' id='word_1_222' title='bbox 217 3125 530 3192; x_wconf 87' lang='lat' dir='ltr'>stolorum;</span> <span class='ocrx_word' id='word_1_223' title='bbox 571 3132 627 3181; x_wconf 92' lang='lat' dir='ltr'>et</span> <span class='ocrx_word' id='word_1_224' title='bbox 674 3125 808 3182; x_wconf 92' lang='lat' dir='ltr'>hinc</span> <span class='ocrx_word' id='word_1_225' title='bbox 861 3125 1025 3181; x_wconf 86' lang='lat' dir='ltr'>ﬁebat</span> <span class='ocrx_word' id='word_1_226' title='bbox 1076 3125 1270 3181; x_wconf 90' lang='lat' dir='ltr'>multis</span> <span class='ocrx_word' id='word_1_227' title='bbox 1298 3126 1610 3197; x_wconf 89' lang='lat' dir='ltr'>scrupulus,</span> <span class='ocrx_word' id='word_1_228' title='bbox 1657 3125 1732 3180; x_wconf 87' lang='lat' dir='ltr'>ita</span> <span class='ocrx_word' id='word_1_229' title='bbox 1755 3131 1816 3180; x_wconf 92' lang='lat' dir='ltr'>ut</span> 
     </span>
    </p>
   </div>
   <div class='ocr_carea' id='block_1_33' title="bbox 220 3215 1815 3289">
    <p class='ocr_par' dir='ltr' id='par_1_33' title="bbox 220 3215 1815 3289">
     <span class='ocr_line' id='line_1_33' title="bbox 220 3215 1815 3289; baseline -0.001 -18"><span class='ocrx_word' id='word_1_230' title='bbox 220 3223 410 3289; x_wconf 85' lang='lat' dir='ltr'>gentes</span> <span class='ocrx_word' id='word_1_231' title='bbox 468 3224 688 3287; x_wconf 88' lang='lat' dir='ltr'>possent</span> <span class='ocrx_word' id='word_1_232' title='bbox 732 3215 1062 3288; x_wconf 89' lang='lat' dir='ltr'>perturbari,</span> <span class='ocrx_word' id='word_1_233' title='bbox 1096 3231 1165 3270; x_wconf 92' lang='lat' dir='ltr'>ne</span> <span class='ocrx_word' id='word_1_234' title='bbox 1195 3215 1254 3271; x_wconf 89' lang='lat' dir='ltr'>in</span> <span class='ocrx_word' id='word_1_235' title='bbox 1281 3215 1433 3271; x_wconf 88' lang='lat' dir='ltr'>aliud</span> <span class='ocrx_word' id='word_1_236' title='bbox 1472 3215 1815 3272; x_wconf 89' lang='lat' dir='ltr'>induceren-</span> 
     </span>
    </p>
   </div>
   <div class='ocr_carea' id='block_1_34' title="bbox 220 3304 1819 3378">
    <p class='ocr_par' dir='ltr' id='par_1_34' title="bbox 220 3304 1819 3378">
     <span class='ocr_line' id='line_1_34' title="bbox 220 3304 1819 3378; baseline -0.002 -17"><span class='ocrx_word' id='word_1_237' title='bbox 220 3313 315 3361; x_wconf 92' lang='lat' dir='ltr'>tur</span> <span class='ocrx_word' id='word_1_238' title='bbox 345 3305 412 3361; x_wconf 90' lang='lat' dir='ltr'>ab</span> <span class='ocrx_word' id='word_1_239' title='bbox 441 3321 528 3373; x_wconf 92' lang='lat' dir='ltr'>eo,</span> <span class='ocrx_word' id='word_1_240' title='bbox 587 3321 752 3378; x_wconf 91' lang='lat' dir='ltr'>quam</span> <span class='ocrx_word' id='word_1_241' title='bbox 809 3305 1099 3362; x_wconf 89' lang='lat' dir='ltr'>tradebant</span> <span class='ocrx_word' id='word_1_242' title='bbox 1128 3304 1382 3377; x_wconf 89' lang='lat' dir='ltr'>apostoli,</span> <span class='ocrx_word' id='word_1_243' title='bbox 1415 3305 1509 3376; x_wconf 91' lang='lat' dir='ltr'>qui</span> <span class='ocrx_word' id='word_1_244' title='bbox 1539 3321 1666 3360; x_wconf 89' lang='lat' dir='ltr'>cum</span> <span class='ocrx_word' id='word_1_245' title='bbox 1696 3305 1819 3360; x_wconf 93' lang='lat' dir='ltr'>Do-</span> 
     </span>
    </p>
   </div>
   <div class='ocr_carea' id='block_1_35' title="bbox 221 3393 1818 3466">
    <p class='ocr_par' dir='ltr' id='par_1_35' title="bbox 221 3393 1818 3466">
     <span class='ocr_line' id='line_1_35' title="bbox 221 3393 1818 3466; baseline -0.001 -17"><span class='ocrx_word' id='word_1_246' title='bbox 221 3394 376 3450; x_wconf 91' lang='lat' dir='ltr'>mino</span> <span class='ocrx_word' id='word_1_247' title='bbox 432 3394 669 3451; x_wconf 84' lang='lat' dir='ltr'>fuerant.</span> <span class='ocrx_word' id='word_1_248' title='bbox 714 3394 854 3451; x_wconf 88' lang='lat' dir='ltr'>Nam</span> <span class='ocrx_word' id='word_1_249' title='bbox 902 3395 1019 3466; x_wconf 91' lang='lat' dir='ltr'>ipsa</span> <span class='ocrx_word' id='word_1_250' title='bbox 1066 3395 1354 3450; x_wconf 89' lang='lat' dir='ltr'>occasione</span> <span class='ocrx_word' id='word_1_251' title='bbox 1382 3393 1632 3448; x_wconf 90' lang='lat' dir='ltr'>subversi</span> <span class='ocrx_word' id='word_1_252' title='bbox 1687 3400 1818 3449; x_wconf 90' lang='lat' dir='ltr'>sunt</span> 
     </span>
    </p>
   </div>
   <div class='ocr_carea' id='block_1_36' title="bbox 222 3481 1822 3556">
    <p class='ocr_par' dir='ltr' id='par_1_36' title="bbox 222 3481 1822 3556">
     <span class='ocr_line' id='line_1_36' title="bbox 222 3481 1822 3556; baseline 0 -16"><span class='ocrx_word' id='word_1_253' title='bbox 222 3484 430 3540; x_wconf 70' lang='lat' dir='ltr'>Galatae</span> <span class='ocrx_word' id='word_1_254' title='bbox 474 3501 505 3540; x_wconf 91' lang='lat' dir='ltr'>a</span> <span class='ocrx_word' id='word_1_255' title='bbox 551 3483 778 3550; x_wconf 63' lang='lat' dir='ltr'>Iudaeis,</span> <span class='ocrx_word' id='word_1_256' title='bbox 837 3484 1148 3542; x_wconf 88' lang='lat' dir='ltr'>dicentibus</span> <span class='ocrx_word' id='word_1_257' title='bbox 1196 3483 1326 3556; x_wconf 90' lang='lat' dir='ltr'>quia</span> <span class='ocrx_word' id='word_1_258' title='bbox 1373 3481 1526 3538; x_wconf 89' lang='lat' dir='ltr'>aliud</span> <span class='ocrx_word' id='word_1_259' title='bbox 1573 3481 1822 3540; x_wconf 89' lang='lat' dir='ltr'>tradebat</span> 
     </span>
    </p>
   </div>
   <div class='ocr_carea' id='block_1_37' title="bbox 221 3570 1819 3646">
    <p class='ocr_par' dir='ltr' id='par_1_37' title="bbox 221 3570 1819 3646">
     <span class='ocr_line' id='line_1_37' title="bbox 221 3570 1819 3646; baseline -0.002 -17"><span class='ocrx_word' id='word_1_260' title='bbox 221 3573 437 3642; x_wconf 88' lang='lat' dir='ltr'>Petrus,</span> <span class='ocrx_word' id='word_1_261' title='bbox 476 3590 642 3646; x_wconf 88' lang='lat' dir='ltr'>quam</span> <span class='ocrx_word' id='word_1_262' title='bbox 687 3574 930 3640; x_wconf 87' lang='lat' dir='ltr'>Paulus;</span> <span class='ocrx_word' id='word_1_263' title='bbox 981 3572 1113 3628; x_wconf 90' lang='lat' dir='ltr'>hinc</span> <span class='ocrx_word' id='word_1_264' title='bbox 1160 3572 1367 3628; x_wconf 89' lang='lat' dir='ltr'>factum</span> <span class='ocrx_word' id='word_1_265' title='bbox 1397 3579 1479 3627; x_wconf 88' lang='lat' dir='ltr'>est</span> <span class='ocrx_word' id='word_1_266' title='bbox 1525 3578 1588 3627; x_wconf 88' lang='lat' dir='ltr'>ut</span> <span class='ocrx_word' id='word_1_267' title='bbox 1616 3570 1819 3627; x_wconf 85' lang='lat' dir='ltr'>admo-</span> 
     </span>
    </p>
   </div>
   <div class='ocr_carea' id='block_1_38' title="bbox 219 3661 1822 3736">
    <p class='ocr_par' dir='ltr' id='par_1_38' title="bbox 219 3661 1822 3736">
     <span class='ocr_line' id='line_1_38' title="bbox 219 3661 1822 3736; baseline -0.002 -16"><span class='ocrx_word' id='word_1_268' title='bbox 219 3663 375 3720; x_wconf 89' lang='lat' dir='ltr'>nitus</span> <span class='ocrx_word' id='word_1_269' title='bbox 399 3663 736 3720; x_wconf 86' lang='lat' dir='ltr'>revelatione</span> <span class='ocrx_word' id='word_1_270' title='bbox 766 3661 990 3720; x_wconf 89' lang='lat' dir='ltr'>Domini</span> <span class='ocrx_word' id='word_1_271' title='bbox 1020 3661 1336 3719; x_wconf 88' lang='lat' dir='ltr'>ascenderet</span> <span class='ocrx_word' id='word_1_272' title='bbox 1383 3663 1822 3736; x_wconf 87' lang='lat' dir='ltr'>Hierosolymam</span> 
     </span>
    </p>
   </div>
   <div class='ocr_carea' id='block_1_39' title="bbox 218 3750 1824 3825">
    <p class='ocr_par' dir='ltr' id='par_1_39' title="bbox 218 3750 1824 3825">
     <span class='ocr_line' id='line_1_39' title="bbox 218 3750 1824 3825; baseline -0.002 -13"><span class='ocrx_word' id='word_1_273' title='bbox 218 3770 351 3812; x_wconf 86' lang='lat' dir='ltr'>cum</span> <span class='ocrx_word' id='word_1_274' title='bbox 414 3752 646 3808; x_wconf 89' lang='lat' dir='ltr'>testibus</span> <span class='ocrx_word' id='word_1_275' title='bbox 703 3751 1109 3825; x_wconf 86' lang='lat' dir='ltr'>praedicationis</span> <span class='ocrx_word' id='word_1_276' title='bbox 1163 3769 1296 3822; x_wconf 69' lang='lat' dir='ltr'>suae,</span> <span class='ocrx_word' id='word_1_277' title='bbox 1336 3751 1394 3809; x_wconf 95' lang='lat' dir='ltr'>id</span> <span class='ocrx_word' id='word_1_278' title='bbox 1438 3759 1518 3808; x_wconf 88' lang='lat' dir='ltr'>est</span> <span class='ocrx_word' id='word_1_279' title='bbox 1576 3750 1824 3808; x_wconf 89' lang='lat' dir='ltr'>Barnaba</span> 
     </span>
    </p>
   </div>
   <div class='ocr_carea' id='block_1_40' title="bbox 219 3845 1820 3920">
    <p class='ocr_par' dir='ltr' id='par_1_40' title="bbox 219 3845 1820 3920">
     <span class='ocr_line' id='line_1_40' title="bbox 219 3845 1820 3920; baseline 0.001 -19"><span class='ocrx_word' id='word_1_280' title='bbox 219 3853 277 3901; x_wconf 92' lang='lat' dir='ltr'>et</span> <span class='ocrx_word' id='word_1_281' title='bbox 309 3845 454 3914; x_wconf 89' lang='lat' dir='ltr'>Tito,</span> <span class='ocrx_word' id='word_1_282' title='bbox 481 3862 592 3902; x_wconf 90' lang='lat' dir='ltr'>uno</span> <span class='ocrx_word' id='word_1_283' title='bbox 632 3862 701 3902; x_wconf 81' lang='lat' dir='ltr'>ex</span> <span class='ocrx_word' id='word_1_284' title='bbox 726 3847 937 3918; x_wconf 75' lang='lat' dir='ltr'>Iudaeo,</span> <span class='ocrx_word' id='word_1_285' title='bbox 965 3857 1021 3904; x_wconf 92' lang='lat' dir='ltr'>et</span> <span class='ocrx_word' id='word_1_286' title='bbox 1076 3849 1249 3905; x_wconf 91' lang='lat' dir='ltr'>altero</span> <span class='ocrx_word' id='word_1_287' title='bbox 1281 3864 1351 3904; x_wconf 83' lang='lat' dir='ltr'>ex</span> <span class='ocrx_word' id='word_1_288' title='bbox 1414 3847 1608 3920; x_wconf 84' lang='lat' dir='ltr'>gentili</span> <span class='ocrx_word' id='word_1_289' title='bbox 1631 3865 1652 3912; x_wconf 87' lang='lat'>;</span> <span class='ocrx_word' id='word_1_290' title='bbox 1683 3856 1745 3904; x_wconf 91' lang='lat' dir='ltr'>ut</span> <span class='ocrx_word' id='word_1_291' title='bbox 1772 3845 1820 3902; x_wconf 90' lang='lat' dir='ltr'>si</span> 
     </span>
    </p>
   </div>
   <div class='ocr_carea' id='block_1_41' title="bbox 221 3933 1822 4008">
    <p class='ocr_par' dir='ltr' id='par_1_41' title="bbox 221 3933 1822 4008">
     <span class='ocr_line' id='line_1_41' title="bbox 221 3933 1822 4008; baseline 0.002 -19"><span class='ocrx_word' id='word_1_292' title='bbox 221 3934 319 4008; x_wconf 89' lang='lat' dir='ltr'>qui</span> <span class='ocrx_word' id='word_1_293' title='bbox 351 3933 418 3990; x_wconf 93' lang='lat' dir='ltr'>de</span> <span class='ocrx_word' id='word_1_294' title='bbox 473 3951 537 3990; x_wconf 93' lang='lat' dir='ltr'>eo</span> <span class='ocrx_word' id='word_1_295' title='bbox 567 3933 831 3992; x_wconf 89' lang='lat' dir='ltr'>haberent</span> <span class='ocrx_word' id='word_1_296' title='bbox 885 3936 1226 4007; x_wconf 89' lang='lat' dir='ltr'>scandalum,</span> <span class='ocrx_word' id='word_1_297' title='bbox 1272 3937 1472 3994; x_wconf 90' lang='lat' dir='ltr'>horum</span> <span class='ocrx_word' id='word_1_298' title='bbox 1501 3936 1822 3993; x_wconf 89' lang='lat' dir='ltr'>testimonio</span> 
     </span>
    </p>
   </div>
   <div class='ocr_carea' id='block_1_42' title="bbox 221 4025 1818 4100">
    <p class='ocr_par' dir='ltr' id='par_1_42' title="bbox 221 4025 1818 4100">
     <span class='ocr_line' id='line_1_42' title="bbox 221 4025 1818 4100; baseline 0.001 -18"><span class='ocrx_word' id='word_1_299' title='bbox 221 4025 530 4093; x_wconf 87' lang='lat' dir='ltr'>tolleretur,</span> <span class='ocrx_word' id='word_1_300' title='bbox 567 4025 887 4098; x_wconf 89' lang='lat' dir='ltr'>adaperiens</span> <span class='ocrx_word' id='word_1_301' title='bbox 945 4027 1060 4084; x_wconf 89' lang='lat' dir='ltr'>illis</span> <span class='ocrx_word' id='word_1_302' title='bbox 1105 4044 1327 4084; x_wconf 86' lang='lat' dir='ltr'>sensum</span> <span class='ocrx_word' id='word_1_303' title='bbox 1404 4027 1818 4100; x_wconf 70' lang='lat' dir='ltr'>praedicationis</span> 
     </span>
    </p>
   </div>
   <div class='ocr_carea' id='block_1_43' title="bbox 221 4113 1824 4186">
    <p class='ocr_par' dir='ltr' id='par_1_43' title="bbox 221 4113 1824 4186">
     <span class='ocr_line' id='line_1_43' title="bbox 221 4113 1824 4186; baseline 0.002 -17"><span class='ocrx_word' id='word_1_304' title='bbox 221 4131 355 4176; x_wconf 73' lang='lat' dir='ltr'>suae.</span> <span class='ocrx_word' id='word_1_305' title='bbox 391 4113 525 4170; x_wconf 91' lang='lat' dir='ltr'>Cum</span> <span class='ocrx_word' id='word_1_306' title='bbox 583 4116 845 4186; x_wconf 89' lang='lat' dir='ltr'>apostolis</span> <span class='ocrx_word' id='word_1_307' title='bbox 876 4132 1008 4172; x_wconf 93' lang='lat' dir='ltr'>vero</span> <span class='ocrx_word' id='word_1_308' title='bbox 1057 4125 1268 4172; x_wconf 89' lang='lat' dir='ltr'>secreto</span> <span class='ocrx_word' id='word_1_309' title='bbox 1296 4118 1534 4173; x_wconf 88' lang='lat' dir='ltr'>contulit</span> <span class='ocrx_word' id='word_1_310' title='bbox 1567 4134 1578 4172; x_wconf 89' lang='lat'><strong><em>:</em></strong></span> <span class='ocrx_word' id='word_1_311' title='bbox 1616 4124 1677 4172; x_wconf 90' lang='lat' dir='ltr'>ut</span> <span class='ocrx_word' id='word_1_312' title='bbox 1704 4117 1824 4173; x_wconf 89' lang='lat' dir='ltr'>sci-</span> 
     </span>
    </p>
   </div>
   <div class='ocr_carea' id='block_1_44' title="bbox 225 4202 1822 4278">
    <p class='ocr_par' dir='ltr' id='par_1_44' title="bbox 225 4202 1822 4278">
     <span class='ocr_line' id='line_1_44' title="bbox 225 4202 1822 4278; baseline 0.001 -18"><span class='ocrx_word' id='word_1_313' title='bbox 225 4212 349 4260; x_wconf 91' lang='lat' dir='ltr'>rent</span> <span class='ocrx_word' id='word_1_314' title='bbox 378 4219 490 4259; x_wconf 92' lang='lat' dir='ltr'>non</span> <span class='ocrx_word' id='word_1_315' title='bbox 521 4202 681 4258; x_wconf 90' lang='lat' dir='ltr'>illum</span> <span class='ocrx_word' id='word_1_316' title='bbox 730 4203 1045 4261; x_wconf 89' lang='lat' dir='ltr'>discordare</span> <span class='ocrx_word' id='word_1_317' title='bbox 1071 4221 1104 4260; x_wconf 90' lang='lat' dir='ltr'>a</span> <span class='ocrx_word' id='word_1_318' title='bbox 1131 4207 1321 4278; x_wconf 90' lang='lat' dir='ltr'>regula</span> <span class='ocrx_word' id='word_1_319' title='bbox 1349 4205 1685 4278; x_wconf 87' lang='lat' dir='ltr'>evangelica,</span> <span class='ocrx_word' id='word_1_320' title='bbox 1717 4205 1822 4262; x_wconf 92' lang='lat' dir='ltr'>hoc</span> 
     </span>
    </p>
   </div>
   <div class='ocr_carea' id='block_1_45' title="bbox 221 4297 1823 4367">
    <p class='ocr_par' dir='ltr' id='par_1_45' title="bbox 221 4297 1823 4367">
     <span class='ocr_line' id='line_1_45' title="bbox 221 4297 1823 4367; baseline 0 -13"><span class='ocrx_word' id='word_1_321' title='bbox 221 4304 326 4365; x_wconf 88' lang='lat' dir='ltr'>est,</span> <span class='ocrx_word' id='word_1_322' title='bbox 360 4313 427 4352; x_wconf 92' lang='lat' dir='ltr'>ne</span> <span class='ocrx_word' id='word_1_323' title='bbox 482 4303 738 4367; x_wconf 89' lang='lat' dir='ltr'>putarent</span> <span class='ocrx_word' id='word_1_324' title='bbox 786 4297 945 4352; x_wconf 91' lang='lat' dir='ltr'>illum</span> <span class='ocrx_word' id='word_1_325' title='bbox 994 4297 1050 4352; x_wconf 92' lang='lat' dir='ltr'>in</span> <span class='ocrx_word' id='word_1_326' title='bbox 1082 4314 1319 4355; x_wconf 87' lang='lat' dir='ltr'>vacuum</span> <span class='ocrx_word' id='word_1_327' title='bbox 1347 4315 1566 4355; x_wconf 90' lang='lat' dir='ltr'>currere</span> <span class='ocrx_word' id='word_1_328' title='bbox 1593 4305 1688 4354; x_wconf 89' lang='lat' dir='ltr'>aut</span> <span class='ocrx_word' id='word_1_329' title='bbox 1715 4315 1823 4355; x_wconf 92' lang='lat' dir='ltr'>cu-</span> 
     </span>
    </p>
   </div>
   <div class='ocr_carea' id='block_1_46' title="bbox 219 4383 1824 4459">
    <p class='ocr_par' dir='ltr' id='par_1_46' title="bbox 219 4383 1824 4459">
     <span class='ocr_line' id='line_1_46' title="bbox 219 4383 1824 4459; baseline 0 -15"><span class='ocrx_word' id='word_1_330' title='bbox 219 4385 487 4452; x_wconf 89' lang='lat' dir='ltr'>currisse,</span> <span class='ocrx_word' id='word_1_331' title='bbox 518 4383 662 4440; x_wconf 89' lang='lat' dir='ltr'>sicut</span> <span class='ocrx_word' id='word_1_332' title='bbox 687 4385 1035 4442; x_wconf 72' lang='lat' dir='ltr'>azstimabant</span> <span class='ocrx_word' id='word_1_333' title='bbox 1059 4387 1331 4459; x_wconf 88' lang='lat' dir='ltr'>aliquanti</span> <span class='ocrx_word' id='word_1_334' title='bbox 1361 4404 1431 4443; x_wconf 84' lang='lat' dir='ltr'>ex</span> <span class='ocrx_word' id='word_1_335' title='bbox 1461 4387 1666 4444; x_wconf 78' lang='lat' dir='ltr'>Iudaeis</span> <span class='ocrx_word' id='word_1_336' title='bbox 1694 4405 1824 4445; x_wconf 91' lang='lat' dir='ltr'>cre-</span> 
     </span>
    </p>
   </div>
   <div class='ocr_carea' id='block_1_47' title="bbox 218 4473 1818 4547">
    <p class='ocr_par' dir='ltr' id='par_1_47' title="bbox 218 4473 1818 4547">
     <span class='ocr_line' id='line_1_47' title="bbox 218 4473 1818 4547; baseline 0.001 -16"><span class='ocrx_word' id='word_1_337' title='bbox 218 4473 510 4532; x_wconf 90' lang='lat' dir='ltr'>dentibus.</span> <span class='ocrx_word' id='word_1_338' title='bbox 542 4473 652 4529; x_wconf 83' lang='lat' dir='ltr'>Nec</span> <span class='ocrx_word' id='word_1_339' title='bbox 689 4473 835 4529; x_wconf 92' lang='lat' dir='ltr'>enim</span> <span class='ocrx_word' id='word_1_340' title='bbox 881 4474 1092 4546; x_wconf 88' lang='lat' dir='ltr'>aliquid</span> <span class='ocrx_word' id='word_1_341' title='bbox 1122 4474 1192 4531; x_wconf 89' lang='lat' dir='ltr'>ab</span> <span class='ocrx_word' id='word_1_342' title='bbox 1225 4475 1305 4531; x_wconf 90' lang='lat' dir='ltr'>eis</span> <span class='ocrx_word' id='word_1_343' title='bbox 1334 4475 1541 4532; x_wconf 89' lang='lat' dir='ltr'>discere</span> <span class='ocrx_word' id='word_1_344' title='bbox 1569 4484 1818 4547; x_wconf 89' lang='lat' dir='ltr'>poterat;</span> 
     </span>
    </p>
   </div>
   <div class='ocr_carea' id='block_1_48' title="bbox 222 4564 1821 4640">
    <p class='ocr_par' dir='ltr' id='par_1_48' title="bbox 222 4564 1821 4640">
     <span class='ocr_line' id='line_1_48' title="bbox 222 4564 1821 4640; baseline 0.001 -18"><span class='ocrx_word' id='word_1_345' title='bbox 222 4567 358 4640; x_wconf 89' lang='lat' dir='ltr'>quia</span> <span class='ocrx_word' id='word_1_346' title='bbox 412 4567 584 4622; x_wconf 92' lang='lat' dir='ltr'>aDeo</span> <span class='ocrx_word' id='word_1_347' title='bbox 651 4564 827 4620; x_wconf 85' lang='lat' dir='ltr'>fuerat</span> <span class='ocrx_word' id='word_1_348' title='bbox 865 4564 1208 4622; x_wconf 90' lang='lat' dir='ltr'>instructus:</span> <span class='ocrx_word' id='word_1_349' title='bbox 1255 4567 1350 4623; x_wconf 89' lang='lat' dir='ltr'>sed</span> <span class='ocrx_word' id='word_1_350' title='bbox 1403 4575 1625 4640; x_wconf 89' lang='lat' dir='ltr'>propter</span> <span class='ocrx_word' id='word_1_351' title='bbox 1678 4585 1821 4625; x_wconf 91' lang='lat' dir='ltr'>con-</span> 
     </span>
    </p>
   </div>
   <div class='ocr_carea' id='block_1_49' title="bbox 221 4654 1820 4726">
    <p class='ocr_par' dir='ltr' id='par_1_49' title="bbox 221 4654 1820 4726">
     <span class='ocr_line' id='line_1_49' title="bbox 221 4654 1820 4726; baseline -0.001 -11"><span class='ocrx_word' id='word_1_352' title='bbox 221 4655 471 4715; x_wconf 87' lang='lat' dir='ltr'>cordiam</span> <span class='ocrx_word' id='word_1_353' title='bbox 497 4662 552 4710; x_wconf 92' lang='lat' dir='ltr'>et</span> <span class='ocrx_word' id='word_1_354' title='bbox 580 4671 770 4726; x_wconf 90' lang='lat' dir='ltr'>pacem</span> <span class='ocrx_word' id='word_1_355' title='bbox 809 4654 908 4710; x_wconf 91' lang='lat' dir='ltr'>Dei</span> <span class='ocrx_word' id='word_1_356' title='bbox 936 4663 1078 4710; x_wconf 88' lang='lat' dir='ltr'>nutu</span> <span class='ocrx_word' id='word_1_357' title='bbox 1104 4655 1310 4712; x_wconf 89' lang='lat' dir='ltr'>factum</span> <span class='ocrx_word' id='word_1_358' title='bbox 1341 4665 1455 4712; x_wconf 91' lang='lat' dir='ltr'>est:</span> <span class='ocrx_word' id='word_1_359' title='bbox 1491 4664 1554 4712; x_wconf 89' lang='lat' dir='ltr'>ut</span> <span class='ocrx_word' id='word_1_360' title='bbox 1591 4657 1820 4713; x_wconf 89' lang='lat' dir='ltr'>tollere-</span> 
     </span>
    </p>
   </div>
   <div class='ocr_carea' id='block_1_50' title="bbox 222 4744 1822 4817">
    <p class='ocr_par' dir='ltr' id='par_1_50' title="bbox 222 4744 1822 4817">
     <span class='ocr_line' id='line_1_50' title="bbox 222 4744 1822 4817; baseline 0 -15"><span class='ocrx_word' id='word_1_361' title='bbox 222 4754 319 4802; x_wconf 89' lang='lat' dir='ltr'>tur</span> <span class='ocrx_word' id='word_1_362' title='bbox 361 4745 654 4816; x_wconf 88' lang='lat' dir='ltr'>scrupulus</span> <span class='ocrx_word' id='word_1_363' title='bbox 681 4751 776 4800; x_wconf 91' lang='lat' dir='ltr'>aut</span> <span class='ocrx_word' id='word_1_364' title='bbox 827 4744 1067 4815; x_wconf 89' lang='lat' dir='ltr'>suspicio</span> <span class='ocrx_word' id='word_1_365' title='bbox 1096 4744 1359 4815; x_wconf 74' lang='lat' dir='ltr'>fratribus</span> <span class='ocrx_word' id='word_1_366' title='bbox 1387 4753 1441 4801; x_wconf 89' lang='lat' dir='ltr'>et</span> <span class='ocrx_word' id='word_1_367' title='bbox 1496 4745 1822 4817; x_wconf 88' lang='lat' dir='ltr'>coapostolis</span> 
     </span>
    </p>
   </div>
   <div class='ocr_carea' id='block_1_51' title="bbox 225 4833 1823 4908">
    <p class='ocr_par' dir='ltr' id='par_1_51' title="bbox 225 4833 1823 4908">
     <span class='ocr_line' id='line_1_51' title="bbox 225 4833 1823 4908; baseline -0.001 -17"><span class='ocrx_word' id='word_1_368' title='bbox 225 4834 366 4907; x_wconf 88' lang='lat' dir='ltr'>ejus,</span> <span class='ocrx_word' id='word_1_369' title='bbox 395 4841 448 4890; x_wconf 93' lang='lat' dir='ltr'>et</span> <span class='ocrx_word' id='word_1_370' title='bbox 475 4840 538 4890; x_wconf 91' lang='lat' dir='ltr'>ut</span> <span class='ocrx_word' id='word_1_371' title='bbox 567 4833 820 4906; x_wconf 87' lang='lat' dir='ltr'>gentibus</span> <span class='ocrx_word' id='word_1_372' title='bbox 849 4833 1159 4905; x_wconf 84' lang='lat' dir='ltr'>proﬁceret,</span> <span class='ocrx_word' id='word_1_373' title='bbox 1210 4834 1664 4907; x_wconf 88' lang='lat' dir='ltr'>cognoscentibus</span> <span class='ocrx_word' id='word_1_374' title='bbox 1693 4835 1823 4908; x_wconf 89' lang='lat' dir='ltr'>quia</span> 
     </span>
    </p>
   </div>
   <div class='ocr_carea' id='block_1_52' title="bbox 223 4921 1822 4997">
    <p class='ocr_par' dir='ltr' id='par_1_52' title="bbox 223 4921 1822 4997">
     <span class='ocr_line' id='line_1_52' title="bbox 223 4921 1822 4997; baseline 0.001 -18"><span class='ocrx_word' id='word_1_375' title='bbox 223 4921 599 4980; x_wconf 88' lang='lat' dir='ltr'>concordabat</span> <span class='ocrx_word' id='word_1_376' title='bbox 627 4923 991 4995; x_wconf 89' lang='lat' dir='ltr'>Evangelium</span> <span class='ocrx_word' id='word_1_377' title='bbox 1039 4923 1159 4996; x_wconf 88' lang='lat' dir='ltr'>ejus</span> <span class='ocrx_word' id='word_1_378' title='bbox 1188 4941 1313 4981; x_wconf 92' lang='lat' dir='ltr'>cum</span> <span class='ocrx_word' id='word_1_379' title='bbox 1343 4924 1625 4997; x_wconf 88' lang='lat' dir='ltr'>apostolis.</span> <span class='ocrx_word' id='word_1_380' title='bbox 1666 4925 1822 4981; x_wconf 76' lang='lat' dir='ltr'>Prae-</span> 
     </span>
    </p>
   </div>
   <div class='ocr_carea' id='block_1_53' title="bbox 225 5013 1817 5086">
    <p class='ocr_par' dir='ltr' id='par_1_53' title="bbox 225 5013 1817 5086">
     <span class='ocr_line' id='line_1_53' title="bbox 225 5013 1817 5086; baseline 0.002 -15"><span class='ocrx_word' id='word_1_381' title='bbox 225 5022 377 5071; x_wconf 87' lang='lat' dir='ltr'>terea</span> <span class='ocrx_word' id='word_1_382' title='bbox 432 5029 557 5070; x_wconf 91' lang='lat' dir='ltr'>cum</span> <span class='ocrx_word' id='word_1_383' title='bbox 592 5014 765 5086; x_wconf 87' lang='lat' dir='ltr'>legem</span> <span class='ocrx_word' id='word_1_384' title='bbox 798 5013 1081 5070; x_wconf 89' lang='lat' dir='ltr'>dedissent</span> <span class='ocrx_word' id='word_1_385' title='bbox 1107 5014 1223 5086; x_wconf 75' lang='lat'>(52)</span> <span class='ocrx_word' id='word_1_386' title='bbox 1257 5031 1366 5070; x_wconf 93' lang='lat' dir='ltr'>non</span> <span class='ocrx_word' id='word_1_387' title='bbox 1399 5015 1675 5072; x_wconf 89' lang='lat' dir='ltr'>molestari</span> <span class='ocrx_word' id='word_1_388' title='bbox 1706 5032 1817 5086; x_wconf 88' lang='lat' dir='ltr'>eos,</span> 
     </span>
    </p>
   </div>
   <div class='ocr_carea' id='block_1_54' title="bbox 225 5101 1819 5178">
    <p class='ocr_par' dir='ltr' id='par_1_54' title="bbox 225 5101 1819 5178">
     <span class='ocr_line' id='line_1_54' title="bbox 225 5101 1819 5178; baseline 0.003 -19"><span class='ocrx_word' id='word_1_389' title='bbox 225 5103 322 5178; x_wconf 91' lang='lat' dir='ltr'>qui</span> <span class='ocrx_word' id='word_1_390' title='bbox 364 5119 434 5159; x_wconf 82' lang='lat' dir='ltr'>ex</span> <span class='ocrx_word' id='word_1_391' title='bbox 467 5101 721 5176; x_wconf 87' lang='lat' dir='ltr'>gentibus</span> <span class='ocrx_word' id='word_1_392' title='bbox 764 5101 1060 5160; x_wconf 89' lang='lat' dir='ltr'>credebant</span> <span class='ocrx_word' id='word_1_393' title='bbox 1091 5120 1102 5158; x_wconf 91' lang='lat'>:</span> <span class='ocrx_word' id='word_1_394' title='bbox 1163 5102 1257 5159; x_wconf 89' lang='lat' dir='ltr'>sed</span> <span class='ocrx_word' id='word_1_395' title='bbox 1289 5111 1349 5159; x_wconf 92' lang='lat' dir='ltr'>ut</span> <span class='ocrx_word' id='word_1_396' title='bbox 1373 5103 1441 5160; x_wconf 90' lang='lat' dir='ltr'>ab</span> <span class='ocrx_word' id='word_1_397' title='bbox 1486 5103 1574 5161; x_wconf 90' lang='lat' dir='ltr'>his</span> <span class='ocrx_word' id='word_1_398' title='bbox 1604 5113 1819 5164; x_wconf 88' lang='lat' dir='ltr'>tantum</span> 
     </span>
    </p>
   </div>
   <div class='ocr_carea' id='block_1_55' title="bbox 223 5195 1820 5268">
    <p class='ocr_par' dir='ltr' id='par_1_55' title="bbox 223 5195 1820 5268">
     <span class='ocr_line' id='line_1_55' title="bbox 223 5195 1820 5268; baseline 0.001 -14"><span class='ocrx_word' id='word_1_399' title='bbox 223 5196 602 5266; x_wconf 86' lang='lat' dir='ltr'>observarent,</span> <span class='ocrx_word' id='word_1_400' title='bbox 668 5195 727 5252; x_wconf 90' lang='lat' dir='ltr'>id</span> <span class='ocrx_word' id='word_1_401' title='bbox 754 5203 858 5265; x_wconf 89' lang='lat' dir='ltr'>est,</span> <span class='ocrx_word' id='word_1_402' title='bbox 887 5213 918 5252; x_wconf 93' lang='lat' dir='ltr'>a</span> <span class='ocrx_word' id='word_1_403' title='bbox 961 5196 1224 5268; x_wconf 88' lang='lat' dir='ltr'>sanguine</span> <span class='ocrx_word' id='word_1_404' title='bbox 1282 5205 1335 5252; x_wconf 90' lang='lat' dir='ltr'>et</span> <span class='ocrx_word' id='word_1_405' title='bbox 1375 5197 1738 5256; x_wconf 88' lang='lat' dir='ltr'>fornicatione</span> <span class='ocrx_word' id='word_1_406' title='bbox 1765 5206 1820 5256; x_wconf 90' lang='lat' dir='ltr'>et</span> 
     </span>
    </p>
   </div>
   <div class='ocr_carea' id='block_1_56' title="bbox 328 5329 1812 5403">
    <p class='ocr_par' dir='ltr' id='par_1_56' title="bbox 328 5329 1812 5403">
     <span class='ocr_line' id='line_1_56' title="bbox 328 5329 1812 5403; baseline 0 -16"><span class='ocrx_word' id='word_1_407' title='bbox 328 5329 421 5402; x_wconf 80' lang='lat'>50)</span> <span class='ocrx_word' id='word_1_408' title='bbox 453 5331 611 5403; x_wconf 85' lang='lat' dir='ltr'>Rom.</span> <span class='ocrx_word' id='word_1_409' title='bbox 648 5329 804 5403; x_wconf 75' lang='lat' dir='ltr'>edit.,</span> <span class='ocrx_word' id='word_1_410' title='bbox 839 5330 1104 5403; x_wconf 84' lang='lat' dir='ltr'>et_contuli</span> <span class='ocrx_word' id='word_1_411' title='bbox 1133 5346 1249 5384; x_wconf 80' lang='lat' dir='ltr'>cum</span> <span class='ocrx_word' id='word_1_412' title='bbox 1283 5331 1414 5403; x_wconf 76' lang='lat' dir='ltr'>illis</span> <span class='ocrx_word' id='word_1_413' title='bbox 1445 5333 1812 5403; x_wconf 78' lang='lat' dir='ltr'>Evangelium.</span> 
     </span>
    </p>
   </div>
   <div class='ocr_carea' id='block_1_57' title="bbox 327 5401 1814 5474">
    <p class='ocr_par' dir='ltr' id='par_1_57' title="bbox 327 5401 1814 5474">
     <span class='ocr_line' id='line_1_57' title="bbox 327 5401 1814 5474; baseline 0.001 -16"><span class='ocrx_word' id='word_1_414' title='bbox 327 5403 421 5473; x_wconf 83' lang='grc'>51)</span> <span class='ocrx_word' id='word_1_415' title='bbox 452 5402 656 5459; x_wconf 87' lang='lat' dir='ltr'>Eadem</span> <span class='ocrx_word' id='word_1_416' title='bbox 683 5401 841 5469; x_wconf 89' lang='lat' dir='ltr'>edit.,</span> <span class='ocrx_word' id='word_1_417' title='bbox 872 5401 1020 5472; x_wconf 84' lang='lat' dir='ltr'>fama</span> <span class='ocrx_word' id='word_1_418' title='bbox 1048 5402 1290 5474; x_wconf 81' lang='lat' dir='ltr'>Apostoli</span> <span class='ocrx_word' id='word_1_419' title='bbox 1307 5401 1814 5474; x_wconf 74' lang='lat' dir='ltr'>percrebrescebat...</span> 
     </span>
    </p>
   </div>
   <div class='ocr_carea' id='block_1_58' title="bbox 222 5473 1817 5546">
    <p class='ocr_par' dir='ltr' id='par_1_58' title="bbox 222 5473 1817 5546">
     <span class='ocr_line' id='line_1_58' title="bbox 222 5473 1817 5546; baseline 0.002 -17"><span class='ocrx_word' id='word_1_420' title='bbox 222 5473 365 5545; x_wconf 84' lang='lat' dir='ltr'>facie</span> <span class='ocrx_word' id='word_1_421' title='bbox 393 5481 564 5529; x_wconf 82' lang='lat' dir='ltr'>autem</span> <span class='ocrx_word' id='word_1_422' title='bbox 617 5491 725 5530; x_wconf 78' lang='lat' dir='ltr'>non</span> <span class='ocrx_word' id='word_1_423' title='bbox 767 5473 1210 5546; x_wconf 77' lang='lat' dir='ltr'>agnoscebatur...</span> <span class='ocrx_word' id='word_1_424' title='bbox 1243 5473 1522 5544; x_wconf 68' lang='lat' dir='ltr'>funda-vitio</span> <span class='ocrx_word' id='word_1_425' title='bbox 1551 5481 1598 5531; x_wconf 84' lang='lat' dir='ltr'>et</span> <span class='ocrx_word' id='word_1_426' title='bbox 1647 5477 1817 5532; x_wconf 83' lang='lat' dir='ltr'>robo—</span> 
     </span>
    </p>
   </div>
   <div class='ocr_carea' id='block_1_59' title="bbox 222 5546 710 5602">
    <p class='ocr_par' dir='ltr' id='par_1_59' title="bbox 222 5546 710 5602">
     <span class='ocr_line' id='line_1_59' title="bbox 222 5546 710 5602; baseline 0 0"><span class='ocrx_word' id='word_1_427' title='bbox 222 5546 401 5602; x_wconf 82' lang='lat' dir='ltr'>rando</span> <span class='ocrx_word' id='word_1_428' title='bbox 427 5546 710 5602; x_wconf 79' lang='lat' dir='ltr'>Ecclesias.</span> 
     </span>
    </p>
   </div>
   <div class='ocr_carea' id='block_1_60' title="bbox 301 5617 1815 5692">
    <p class='ocr_par' dir='ltr' id='par_1_60' title="bbox 301 5617 1815 5692">
     <span class='ocr_line' id='line_1_60' title="bbox 301 5617 1815 5692; baseline -0.001 -18"><span class='ocrx_word' id='word_1_429' title='bbox 301 5619 426 5689; x_wconf 80' lang='grc'>(52)</span> <span class='ocrx_word' id='word_1_430' title='bbox 452 5619 575 5692; x_wconf 86' lang='lat' dir='ltr'>V_et.</span> <span class='ocrx_word' id='word_1_431' title='bbox 609 5618 763 5692; x_wconf 44' lang='lat' dir='ltr'>edith</span> <span class='ocrx_word' id='word_1_432' title='bbox 801 5627 856 5674; x_wconf 90' lang='lat' dir='ltr'>et</span> <span class='ocrx_word' id='word_1_433' title='bbox 885 5635 1014 5676; x_wconf 88' lang='lat' dir='ltr'>mss.</span> <span class='ocrx_word' id='word_1_434' title='bbox 1044 5617 1279 5692; x_wconf 74' lang='lat' dir='ltr'>aliquo,</span> <span class='ocrx_word' id='word_1_435' title='bbox 1317 5635 1435 5674; x_wconf 86' lang='lat' dir='ltr'>cum</span> <span class='ocrx_word' id='word_1_436' title='bbox 1476 5617 1815 5692; x_wconf 8' lang='lat' dir='ltr'>legequidi-</span> 
     </span>
    </p>
   </div>
   <div class='ocr_carea' id='block_1_61' title="bbox 222 5689 1809 5765">
    <p class='ocr_par' dir='ltr' id='par_1_61' title="bbox 222 5689 1809 5765">
     <span class='ocr_line' id='line_1_61' title="bbox 222 5689 1809 5765; baseline 0.001 -20"><span class='ocrx_word' id='word_1_437' title='bbox 222 5689 418 5765; x_wconf 66' lang='lat' dir='ltr'>cissent</span> <span class='ocrx_word' id='word_1_438' title='bbox 439 5707 460 5753; x_wconf 91' lang='lat'>;</span> <span class='ocrx_word' id='word_1_439' title='bbox 488 5689 835 5765; x_wconf 85' lang='lat' dir='ltr'>Rom._edit.,</span> <span class='ocrx_word' id='word_1_440' title='bbox 851 5762 864 5765; x_wconf 88' lang='lat'>_</span> <span class='ocrx_word' id='word_1_441' title='bbox 892 5707 1008 5765; x_wconf 64' lang='lat' dir='ltr'>cum</span> <span class='ocrx_word' id='word_1_442' title='bbox 1039 5689 1468 5765; x_wconf 43' lang='grc' dir='ltr'>ῑεῃεξάἱᾴίσὶεεεηι</span> <span class='ocrx_word' id='word_1_443' title='bbox 1487 5690 1809 5765; x_wconf 85' lang='lat' dir='ltr'>;__alii_mss.</span> 
     </span>
    </p>
   </div>
   <div class='ocr_carea' id='block_1_62' title="bbox 223 5761 1810 5833">
    <p class='ocr_par' dir='ltr' id='par_1_62' title="bbox 223 5761 1810 5833">
     <span class='ocr_line' id='line_1_62' title="bbox 223 5761 1810 5833; baseline 0.001 -15"><span class='ocrx_word' id='word_1_444' title='bbox 223 5761 448 5828; x_wconf 87' lang='lat' dir='ltr'>melius,</span> <span class='ocrx_word' id='word_1_445' title='bbox 481 5777 598 5816; x_wconf 80' lang='lat' dir='ltr'>cum</span> <span class='ocrx_word' id='word_1_446' title='bbox 650 5761 804 5833; x_wconf 77' lang='lat' dir='ltr'>legem</span> <span class='ocrx_word' id='word_1_447' title='bbox 831 5762 1111 5820; x_wconf 74' lang='lat' dir='ltr'>dedissent.</span> <span class='ocrx_word' id='word_1_448' title='bbox 1143 5763 1293 5819; x_wconf 87' lang='lat' dir='ltr'>Infra</span> <span class='ocrx_word' id='word_1_449' title='bbox 1315 5779 1448 5820; x_wconf 87' lang='lat' dir='ltr'>vero</span> <span class='ocrx_word' id='word_1_450' title='bbox 1476 5761 1626 5821; x_wconf 56' lang='lat' dir='ltr'>edit.</span> <span class='ocrx_word' id='word_1_451' title='bbox 1651 5763 1810 5820; x_wconf 91' lang='lat' dir='ltr'>Rom.</span> 
     </span>
    </p>
   </div>
   <div class='ocr_carea' id='block_1_63' title="bbox 1850 4619 1899 4678">
    <p class='ocr_par' dir='ltr' id='par_1_63' title="bbox 1850 4619 1899 4678">
     <span class='ocr_line' id='line_1_63' title="bbox 1850 4619 1899 4678; baseline 0 0"><span class='ocrx_word' id='word_1_452' title='bbox 1850 4619 1899 4678; x_wconf 93' lang='lat' dir='ltr'>D</span> 
     </span>
    </p>
   </div>
   <div class='ocr_carea' id='block_1_64' title="bbox 1907 600 3492 673">
    <p class='ocr_par' dir='ltr' id='par_1_64' title="bbox 1907 600 3492 673">
     <span class='ocr_line' id='line_1_64' title="bbox 1907 600 3492 673; baseline 0.003 -17"><span class='ocrx_word' id='word_1_453' title='bbox 1907 601 2246 669; x_wconf 74' lang='lat' dir='ltr'>Graecorum,</span> <span class='ocrx_word' id='word_1_454' title='bbox 2280 601 2374 673; x_wconf 91' lang='lat' dir='ltr'>qui</span> <span class='ocrx_word' id='word_1_455' title='bbox 2428 601 2534 658; x_wconf 92' lang='lat' dir='ltr'>sibi</span> <span class='ocrx_word' id='word_1_456' title='bbox 2565 600 2819 673; x_wconf 88' lang='lat' dir='ltr'>peritiam</span> <span class='ocrx_word' id='word_1_457' title='bbox 2850 600 3156 668; x_wconf 87' lang='lat' dir='ltr'>vindicant,</span> <span class='ocrx_word' id='word_1_458' title='bbox 3189 603 3492 660; x_wconf 86' lang='lat' dir='ltr'>subtilitate</span> 
     </span>
    </p>
   </div>
   <div class='ocr_carea' id='block_1_65' title="bbox 1909 688 3492 763">
    <p class='ocr_par' dir='ltr' id='par_1_65' title="bbox 1909 688 3492 763">
     <span class='ocr_line' id='line_1_65' title="bbox 1909 688 3492 763; baseline 0.003 -19"><span class='ocrx_word' id='word_1_459' title='bbox 1909 689 2114 762; x_wconf 86' lang='lat' dir='ltr'>ingenii</span> <span class='ocrx_word' id='word_1_460' title='bbox 2145 706 2200 746; x_wconf 93' lang='lat' dir='ltr'>se</span> <span class='ocrx_word' id='word_1_461' title='bbox 2231 691 2556 746; x_wconf 88' lang='lat' dir='ltr'>naturaliter</span> <span class='ocrx_word' id='word_1_462' title='bbox 2587 690 2790 762; x_wconf 87' lang='lat' dir='ltr'>vigere,</span> <span class='ocrx_word' id='word_1_463' title='bbox 2827 706 2946 763; x_wconf 61' lang='lat' dir='ltr'>quae</span> <span class='ocrx_word' id='word_1_464' title='bbox 2984 688 3186 746; x_wconf 89' lang='lat' dir='ltr'>tradita</span> <span class='ocrx_word' id='word_1_465' title='bbox 3213 699 3341 746; x_wconf 91' lang='lat' dir='ltr'>sunt</span> <span class='ocrx_word' id='word_1_466' title='bbox 3369 707 3492 763; x_wconf 85' lang='lat' dir='ltr'>gen-</span> 
     </span>
    </p>
   </div>
   <div class='ocr_carea' id='block_1_66' title="bbox 1910 782 3488 854">
    <p class='ocr_par' dir='ltr' id='par_1_66' title="bbox 1910 782 3488 854">
     <span class='ocr_line' id='line_1_66' title="bbox 1910 782 3488 854; baseline -0.001 -15"><span class='ocrx_word' id='word_1_467' title='bbox 1910 783 2058 839; x_wconf 88' lang='lat' dir='ltr'>tibus</span> <span class='ocrx_word' id='word_1_468' title='bbox 2087 782 2427 839; x_wconf 85' lang='lat' dir='ltr'>ohservanda</span> <span class='ocrx_word' id='word_1_469' title='bbox 2448 783 2475 839; x_wconf 70' lang='grc' dir='ltr'>Ῡ</span> <span class='ocrx_word' id='word_1_470' title='bbox 2532 782 2662 850; x_wconf 75' lang='lat' dir='ltr'>Quae</span> <span class='ocrx_word' id='word_1_471' title='bbox 2692 782 3037 854; x_wconf 82' lang='lat' dir='ltr'>ignorabant,</span> <span class='ocrx_word' id='word_1_472' title='bbox 3073 797 3143 836; x_wconf 89' lang='lat' dir='ltr'>an</span> <span class='ocrx_word' id='word_1_473' title='bbox 3174 798 3292 854; x_wconf 82' lang='lat' dir='ltr'>quae</span> <span class='ocrx_word' id='word_1_474' title='bbox 3339 783 3488 838; x_wconf 91' lang='lat' dir='ltr'>scie-</span> 
     </span>
    </p>
   </div>
   <div class='ocr_carea' id='block_1_67' title="bbox 1907 871 3496 946">
    <p class='ocr_par' dir='ltr' id='par_1_67' title="bbox 1907 871 3496 946">
     <span class='ocr_line' id='line_1_67' title="bbox 1907 871 3496 946; baseline -0.001 -17"><span class='ocrx_word' id='word_1_475' title='bbox 1907 872 2040 929; x_wconf 87' lang='lat' dir='ltr'>bant</span> <span class='ocrx_word' id='word_1_476' title='bbox 2062 873 2091 930; x_wconf 80' lang='lat'><strong>?</strong></span> <span class='ocrx_word' id='word_1_477' title='bbox 2131 873 2234 928; x_wconf 84' lang='lat' dir='ltr'>Sed</span> <span class='ocrx_word' id='word_1_478' title='bbox 2261 872 2536 946; x_wconf 88' lang='lat' dir='ltr'>quomodo</span> <span class='ocrx_word' id='word_1_479' title='bbox 2593 871 2712 929; x_wconf 87' lang='lat' dir='ltr'>ﬁeri</span> <span class='ocrx_word' id='word_1_480' title='bbox 2745 879 2940 944; x_wconf 90' lang='lat' dir='ltr'>potest,</span> <span class='ocrx_word' id='word_1_481' title='bbox 2997 881 3057 928; x_wconf 91' lang='lat' dir='ltr'>ut</span> <span class='ocrx_word' id='word_1_482' title='bbox 3084 871 3286 944; x_wconf 86' lang='lat' dir='ltr'>aliquis</span> <span class='ocrx_word' id='word_1_483' title='bbox 3315 887 3376 928; x_wconf 90' lang='lat' dir='ltr'>ea</span> <span class='ocrx_word' id='word_1_484' title='bbox 3399 872 3496 928; x_wconf 86' lang='lat' dir='ltr'>di—</span> 
     </span>
    </p>
   </div>
   <div class='ocr_carea' id='block_1_68' title="bbox 1910 961 3497 1036">
    <p class='ocr_par' dir='ltr' id='par_1_68' title="bbox 1910 961 3497 1036">
     <span class='ocr_line' id='line_1_68' title="bbox 1910 961 3497 1036; baseline -0.001 -18"><span class='ocrx_word' id='word_1_485' title='bbox 1910 970 2043 1031; x_wconf 89' lang='lat' dir='ltr'>scat,</span> <span class='ocrx_word' id='word_1_486' title='bbox 2073 979 2194 1036; x_wconf 64' lang='lat' dir='ltr'>quas</span> <span class='ocrx_word' id='word_1_487' title='bbox 2229 962 2433 1018; x_wconf 76' lang='lat' dir='ltr'>novit?</span> <span class='ocrx_word' id='word_1_488' title='bbox 2455 964 2599 1034; x_wconf 90' lang='lat' dir='ltr'>Ergo</span> <span class='ocrx_word' id='word_1_489' title='bbox 2625 961 2743 1018; x_wconf 57' lang='lat' dir='ltr'>haec</span> <span class='ocrx_word' id='word_1_490' title='bbox 2768 961 2964 1017; x_wconf 86' lang='lat' dir='ltr'>illicita</span> <span class='ocrx_word' id='word_1_491' title='bbox 2992 977 3108 1018; x_wconf 91' lang='lat' dir='ltr'>esse</span> <span class='ocrx_word' id='word_1_492' title='bbox 3137 969 3353 1018; x_wconf 90' lang='lat' dir='ltr'>ostensa</span> <span class='ocrx_word' id='word_1_493' title='bbox 3367 969 3497 1018; x_wconf 89' lang='lat' dir='ltr'>sunt</span> 
     </span>
    </p>
   </div>
   <div class='ocr_carea' id='block_1_69' title="bbox 1911 1051 3499 1126">
    <p class='ocr_par' dir='ltr' id='par_1_69' title="bbox 1911 1051 3499 1126">
     <span class='ocr_line' id='line_1_69' title="bbox 1911 1051 3499 1126; baseline -0.001 -18"><span class='ocrx_word' id='word_1_494' title='bbox 1911 1052 2185 1126; x_wconf 85' lang='lat' dir='ltr'>gentibus,</span> <span class='ocrx_word' id='word_1_495' title='bbox 2218 1069 2339 1125; x_wconf 81' lang='lat' dir='ltr'>quae</span> <span class='ocrx_word' id='word_1_496' title='bbox 2370 1052 2636 1124; x_wconf 79' lang='lat' dir='ltr'>putabant</span> <span class='ocrx_word' id='word_1_497' title='bbox 2658 1053 2853 1109; x_wconf 89' lang='lat' dir='ltr'>licere:</span> <span class='ocrx_word' id='word_1_498' title='bbox 2887 1069 2948 1110; x_wconf 90' lang='lat' dir='ltr'>ac</span> <span class='ocrx_word' id='word_1_499' title='bbox 2976 1068 3072 1124; x_wconf 83' lang='lat' dir='ltr'>per</span> <span class='ocrx_word' id='word_1_500' title='bbox 3100 1051 3205 1108; x_wconf 92' lang='lat' dir='ltr'>hoc</span> <span class='ocrx_word' id='word_1_501' title='bbox 3233 1068 3343 1107; x_wconf 92' lang='lat' dir='ltr'>non</span> <span class='ocrx_word' id='word_1_502' title='bbox 3377 1051 3499 1107; x_wconf 88' lang='lat' dir='ltr'>uti-</span> 
     </span>
    </p>
   </div>
   <div class='ocr_carea' id='block_1_70' title="bbox 1911 1140 3503 1215">
    <p class='ocr_par' dir='ltr' id='par_1_70' title="bbox 1911 1140 3503 1215">
     <span class='ocr_line' id='line_1_70' title="bbox 1911 1140 3503 1215; baseline 0.001 -18"><span class='ocrx_word' id='word_1_503' title='bbox 1911 1158 2016 1215; x_wconf 90' lang='lat' dir='ltr'>que</span> <span class='ocrx_word' id='word_1_504' title='bbox 2045 1141 2113 1197; x_wconf 90' lang='lat' dir='ltr'>ab</span> <span class='ocrx_word' id='word_1_505' title='bbox 2163 1141 2465 1197; x_wconf 91' lang='lat' dir='ltr'>homicidio</span> <span class='ocrx_word' id='word_1_506' title='bbox 2500 1141 2767 1213; x_wconf 91' lang='lat' dir='ltr'>prohibiti</span> <span class='ocrx_word' id='word_1_507' title='bbox 2821 1148 2968 1209; x_wconf 90' lang='lat' dir='ltr'>sunt,</span> <span class='ocrx_word' id='word_1_508' title='bbox 3021 1157 3147 1197; x_wconf 90' lang='lat' dir='ltr'>cum</span> <span class='ocrx_word' id='word_1_509' title='bbox 3171 1140 3440 1212; x_wconf 88' lang='lat' dir='ltr'>jubentur</span> <span class='ocrx_word' id='word_1_510' title='bbox 3470 1157 3503 1198; x_wconf 86' lang='lat' dir='ltr'>a</span> 
     </span>
    </p>
   </div>
   <div class='ocr_carea' id='block_1_71' title="bbox 1912 1229 3502 1304">
    <p class='ocr_par' dir='ltr' id='par_1_71' title="bbox 1912 1229 3502 1304">
     <span class='ocr_line' id='line_1_71' title="bbox 1912 1229 3502 1304; baseline -0.001 -16"><span class='ocrx_word' id='word_1_511' title='bbox 1912 1230 2177 1303; x_wconf 87' lang='lat' dir='ltr'>sanguine</span> <span class='ocrx_word' id='word_1_512' title='bbox 2206 1230 2515 1288; x_wconf 90' lang='lat' dir='ltr'>observare.</span> <span class='ocrx_word' id='word_1_513' title='bbox 2571 1231 2677 1288; x_wconf 90' lang='lat' dir='ltr'>Sed</span> <span class='ocrx_word' id='word_1_514' title='bbox 2707 1231 2811 1288; x_wconf 92' lang='lat' dir='ltr'>hoc</span> <span class='ocrx_word' id='word_1_515' title='bbox 2838 1237 3184 1304; x_wconf 89' lang='lat' dir='ltr'>acceperunt,</span> <span class='ocrx_word' id='word_1_516' title='bbox 3214 1229 3360 1304; x_wconf 90' lang='lat' dir='ltr'>quod</span> <span class='ocrx_word' id='word_1_517' title='bbox 3388 1230 3502 1287; x_wconf 90' lang='lat' dir='ltr'>Noe</span> 
     </span>
    </p>
   </div>
   <div class='ocr_carea' id='block_1_72' title="bbox 1913 1317 3500 1392">
    <p class='ocr_par' dir='ltr' id='par_1_72' title="bbox 1913 1317 3500 1392">
     <span class='ocr_line' id='line_1_72' title="bbox 1913 1317 3500 1392; baseline -0.003 -16"><span class='ocrx_word' id='word_1_518' title='bbox 1913 1336 1944 1376; x_wconf 88' lang='lat' dir='ltr'>a</span> <span class='ocrx_word' id='word_1_519' title='bbox 1968 1321 2081 1376; x_wconf 89' lang='lat' dir='ltr'>Deo</span> <span class='ocrx_word' id='word_1_520' title='bbox 2118 1320 2234 1392; x_wconf 83' lang='lat'>(53)</span> <span class='ocrx_word' id='word_1_521' title='bbox 2268 1319 2557 1390; x_wconf 90' lang='lat' dir='ltr'>didicerat,</span> <span class='ocrx_word' id='word_1_522' title='bbox 2589 1329 2651 1378; x_wconf 89' lang='lat' dir='ltr'>ut</span> <span class='ocrx_word' id='word_1_523' title='bbox 2679 1320 3035 1377; x_wconf 88' lang='lat' dir='ltr'>observarent</span> <span class='ocrx_word' id='word_1_524' title='bbox 3063 1337 3118 1376; x_wconf 91' lang='lat' dir='ltr'>se</span> <span class='ocrx_word' id='word_1_525' title='bbox 3175 1335 3206 1375; x_wconf 91' lang='lat' dir='ltr'>a</span> <span class='ocrx_word' id='word_1_526' title='bbox 3233 1317 3500 1390; x_wconf 88' lang='lat' dir='ltr'>sanguine</span> 
     </span>
    </p>
   </div>
   <div class='ocr_carea' id='block_1_73' title="bbox 1914 1407 3504 1484">
    <p class='ocr_par' dir='ltr' id='par_1_73' title="bbox 1914 1407 3504 1484">
     <span class='ocr_line' id='line_1_73' title="bbox 1914 1407 3504 1484; baseline -0.002 -18"><span class='ocrx_word' id='word_1_527' title='bbox 1914 1409 2126 1466; x_wconf 91' lang='lat' dir='ltr'>edendo</span> <span class='ocrx_word' id='word_1_528' title='bbox 2154 1427 2281 1468; x_wconf 90' lang='lat' dir='ltr'>cum</span> <span class='ocrx_word' id='word_1_529' title='bbox 2319 1427 2480 1468; x_wconf 89' lang='lat' dir='ltr'>carne</span> <span class='ocrx_word' id='word_1_530' title='bbox 2513 1411 2669 1484; x_wconf 83' lang='lat' dir='ltr'>(Gen.</span> <span class='ocrx_word' id='word_1_531' title='bbox 2691 1428 2768 1481; x_wconf 79' lang='lat' dir='ltr'>1x,</span> <span class='ocrx_word' id='word_1_532' title='bbox 2800 1410 2880 1484; x_wconf 84' lang='grc'>4).</span> <span class='ocrx_word' id='word_1_533' title='bbox 2916 1411 3054 1468; x_wconf 83' lang='lat' dir='ltr'>Nam</span> <span class='ocrx_word' id='word_1_534' title='bbox 3083 1408 3358 1483; x_wconf 91' lang='lat' dir='ltr'>quomodo</span> <span class='ocrx_word' id='word_1_535' title='bbox 3383 1407 3504 1464; x_wconf 88' lang='lat' dir='ltr'>fieri</span> 
     </span>
    </p>
   </div>
   <div class='ocr_carea' id='block_1_74' title="bbox 1915 1500 3508 1574">
    <p class='ocr_par' dir='ltr' id='par_1_74' title="bbox 1915 1500 3508 1574">
     <span class='ocr_line' id='line_1_74' title="bbox 1915 1500 3508 1574; baseline -0.001 -19"><span class='ocrx_word' id='word_1_536' title='bbox 1915 1507 2126 1573; x_wconf 87' lang='lat' dir='ltr'>poterat</span> <span class='ocrx_word' id='word_1_537' title='bbox 2154 1507 2216 1556; x_wconf 90' lang='lat' dir='ltr'>ut</span> <span class='ocrx_word' id='word_1_538' title='bbox 2243 1501 2505 1557; x_wconf 86' lang='lat' dir='ltr'>Romanis</span> <span class='ocrx_word' id='word_1_539' title='bbox 2553 1500 2763 1573; x_wconf 90' lang='lat' dir='ltr'>legibus</span> <span class='ocrx_word' id='word_1_540' title='bbox 2810 1500 3033 1570; x_wconf 90' lang='lat' dir='ltr'>imbuti,</span> <span class='ocrx_word' id='word_1_541' title='bbox 3064 1516 3298 1574; x_wconf 90' lang='lat' dir='ltr'>quorum</span> <span class='ocrx_word' id='word_1_542' title='bbox 3352 1505 3508 1555; x_wconf 87' lang='lat' dir='ltr'>tanta</span> 
     </span>
    </p>
   </div>
   <div class='ocr_carea' id='block_1_75' title="bbox 1916 1588 3507 1659">
    <p class='ocr_par' dir='ltr' id='par_1_75' title="bbox 1916 1588 3507 1659">
     <span class='ocr_line' id='line_1_75' title="bbox 1916 1588 3507 1659; baseline 0 -15"><span class='ocrx_word' id='word_1_543' title='bbox 1916 1589 2213 1644; x_wconf 89' lang='lat' dir='ltr'>auctoritas</span> <span class='ocrx_word' id='word_1_544' title='bbox 2240 1589 2298 1644; x_wconf 92' lang='lat' dir='ltr'>in</span> <span class='ocrx_word' id='word_1_545' title='bbox 2346 1589 2631 1646; x_wconf 87' lang='lat' dir='ltr'>servandis</span> <span class='ocrx_word' id='word_1_546' title='bbox 2661 1589 2933 1648; x_wconf 88' lang='lat' dir='ltr'>mandatis</span> <span class='ocrx_word' id='word_1_547' title='bbox 2961 1597 3061 1659; x_wconf 90' lang='lat' dir='ltr'>est,</span> <span class='ocrx_word' id='word_1_548' title='bbox 3093 1590 3367 1647; x_wconf 90' lang='lat' dir='ltr'>nescirent</span> <span class='ocrx_word' id='word_1_549' title='bbox 3395 1588 3507 1644; x_wconf 82' lang='lat' dir='ltr'>ho—</span> 
     </span>
    </p>
   </div>
   <div class='ocr_carea' id='block_1_76' title="bbox 1918 1678 3507 1756">
    <p class='ocr_par' dir='ltr' id='par_1_76' title="bbox 1918 1678 3507 1756">
     <span class='ocr_line' id='line_1_76' title="bbox 1918 1678 3507 1756; baseline 0.001 -23"><span class='ocrx_word' id='word_1_550' title='bbox 1918 1678 2208 1734; x_wconf 89' lang='lat' dir='ltr'>micidium</span> <span class='ocrx_word' id='word_1_551' title='bbox 2239 1695 2350 1735; x_wconf 93' lang='lat' dir='ltr'>non</span> <span class='ocrx_word' id='word_1_552' title='bbox 2381 1696 2494 1736; x_wconf 87' lang='lat' dir='ltr'>esse</span> <span class='ocrx_word' id='word_1_553' title='bbox 2521 1679 2835 1737; x_wconf 90' lang='lat' dir='ltr'>faciendum</span> <span class='ocrx_word' id='word_1_554' title='bbox 2862 1698 2876 1737; x_wconf 92' lang='lat'><em>:</em></span> <span class='ocrx_word' id='word_1_555' title='bbox 2919 1681 3119 1756; x_wconf 90' lang='lat' dir='ltr'>quippe</span> <span class='ocrx_word' id='word_1_556' title='bbox 3145 1697 3271 1738; x_wconf 89' lang='lat' dir='ltr'>cum</span> <span class='ocrx_word' id='word_1_557' title='bbox 3299 1678 3507 1735; x_wconf 85' lang='lat' dir='ltr'>adulte-</span> 
     </span>
    </p>
   </div>
   <div class='ocr_carea' id='block_1_77' title="bbox 1918 1767 3509 1838">
    <p class='ocr_par' dir='ltr' id='par_1_77' title="bbox 1918 1767 3509 1838">
     <span class='ocr_line' id='line_1_77' title="bbox 1918 1767 3509 1838; baseline 0 -16"><span class='ocrx_word' id='word_1_558' title='bbox 1918 1783 2008 1823; x_wconf 92' lang='lat' dir='ltr'>ros</span> <span class='ocrx_word' id='word_1_559' title='bbox 2037 1775 2090 1823; x_wconf 92' lang='lat' dir='ltr'>et</span> <span class='ocrx_word' id='word_1_560' title='bbox 2128 1767 2454 1837; x_wconf 88' lang='lat' dir='ltr'>homicidas,</span> <span class='ocrx_word' id='word_1_561' title='bbox 2488 1773 2631 1831; x_wconf 84' lang='lat'>215</span> <span class='ocrx_word' id='word_1_562' title='bbox 2665 1777 2719 1827; x_wconf 89' lang='lat' dir='ltr'>et</span> <span class='ocrx_word' id='word_1_563' title='bbox 2748 1769 2913 1826; x_wconf 89' lang='lat' dir='ltr'>falsos</span> <span class='ocrx_word' id='word_1_564' title='bbox 2957 1776 3138 1838; x_wconf 83' lang='lat' dir='ltr'>testes,</span> <span class='ocrx_word' id='word_1_565' title='bbox 3169 1777 3224 1825; x_wconf 92' lang='lat' dir='ltr'>et</span> <span class='ocrx_word' id='word_1_566' title='bbox 3248 1768 3416 1836; x_wconf 88' lang='lat' dir='ltr'>fures,</span> <span class='ocrx_word' id='word_1_567' title='bbox 3454 1773 3509 1823; x_wconf 91' lang='lat' dir='ltr'>et</span> 
     </span>
    </p>
   </div>
   <div class='ocr_carea' id='block_1_78' title="bbox 1838 1863 3510 1944">
    <p class='ocr_par' dir='ltr' id='par_1_78' title="bbox 1838 1863 3510 1944">
     <span class='ocr_line' id='line_1_78' title="bbox 1838 1863 3510 1944; baseline 0.001 -24"><span class='ocrx_word' id='word_1_568' title='bbox 1838 1883 1886 1944; x_wconf 79' lang='grc' dir='ltr'>Β</span> <span class='ocrx_word' id='word_1_569' title='bbox 1920 1863 2217 1935; x_wconf 85' lang='lat' dir='ltr'>maleﬁcos,</span> <span class='ocrx_word' id='word_1_570' title='bbox 2273 1875 2326 1923; x_wconf 92' lang='lat' dir='ltr'>et</span> <span class='ocrx_word' id='word_1_571' title='bbox 2379 1874 2704 1924; x_wconf 86' lang='lat' dir='ltr'>caeterorum</span> <span class='ocrx_word' id='word_1_572' title='bbox 2742 1867 3015 1924; x_wconf 88' lang='lat' dir='ltr'>malorum</span> <span class='ocrx_word' id='word_1_573' title='bbox 3043 1864 3368 1923; x_wconf 89' lang='lat' dir='ltr'>admissores</span> <span class='ocrx_word' id='word_1_574' title='bbox 3398 1880 3510 1937; x_wconf 92' lang='lat' dir='ltr'>pu-</span> 
     </span>
    </p>
   </div>
   <div class='ocr_carea' id='block_1_79' title="bbox 1921 1961 3511 2039">
    <p class='ocr_par' dir='ltr' id='par_1_79' title="bbox 1921 1961 3511 2039">
     <span class='ocr_line' id='line_1_79' title="bbox 1921 1961 3511 2039; baseline -0.001 -20"><span class='ocrx_word' id='word_1_575' title='bbox 1921 1963 2077 2019; x_wconf 90' lang='lat' dir='ltr'>niant</span> <span class='ocrx_word' id='word_1_576' title='bbox 2106 1964 2515 2036; x_wconf 71' lang='lat' dir='ltr'>legesRomana:</span> <span class='ocrx_word' id='word_1_577' title='bbox 2547 1966 2574 2023; x_wconf 67' lang='lat'>‘2</span> <span class='ocrx_word' id='word_1_578' title='bbox 2604 1965 2850 2039; x_wconf 91' lang='lat' dir='ltr'>Denique</span> <span class='ocrx_word' id='word_1_579' title='bbox 2875 1965 2980 2022; x_wconf 89' lang='lat' dir='ltr'>tria</span> <span class='ocrx_word' id='word_1_580' title='bbox 3009 1963 3127 2022; x_wconf 64' lang='lat' dir='ltr'>haec</span> <span class='ocrx_word' id='word_1_581' title='bbox 3158 1962 3415 2020; x_wconf 87' lang='lat' dir='ltr'>mandata</span> <span class='ocrx_word' id='word_1_582' title='bbox 3441 1961 3511 2019; x_wconf 91' lang='lat' dir='ltr'>ab</span> 
     </span>
    </p>
   </div>
   <div class='ocr_carea' id='block_1_80' title="bbox 1922 2053 3512 2128">
    <p class='ocr_par' dir='ltr' id='par_1_80' title="bbox 1922 2053 3512 2128">
     <span class='ocr_line' id='line_1_80' title="bbox 1922 2053 3512 2128; baseline 0.001 -20"><span class='ocrx_word' id='word_1_583' title='bbox 1922 2054 2183 2125; x_wconf 91' lang='lat' dir='ltr'>apostolis</span> <span class='ocrx_word' id='word_1_584' title='bbox 2214 2063 2267 2110; x_wconf 92' lang='lat' dir='ltr'>et</span> <span class='ocrx_word' id='word_1_585' title='bbox 2315 2056 2629 2112; x_wconf 90' lang='lat' dir='ltr'>senioribus</span> <span class='ocrx_word' id='word_1_586' title='bbox 2662 2056 2788 2112; x_wconf 89' lang='lat' dir='ltr'>data</span> <span class='ocrx_word' id='word_1_587' title='bbox 2829 2055 3198 2128; x_wconf 88' lang='lat' dir='ltr'>reperiuntur,</span> <span class='ocrx_word' id='word_1_588' title='bbox 3251 2069 3370 2126; x_wconf 81' lang='lat' dir='ltr'>quae</span> <span class='ocrx_word' id='word_1_589' title='bbox 3418 2053 3512 2125; x_wconf 86' lang='lat' dir='ltr'>ig—</span> 
     </span>
    </p>
   </div>
   <div class='ocr_carea' id='block_1_81' title="bbox 1922 2141 3510 2216">
    <p class='ocr_par' dir='ltr' id='par_1_81' title="bbox 1922 2141 3510 2216">
     <span class='ocr_line' id='line_1_81' title="bbox 1922 2141 3510 2216; baseline -0.001 -18"><span class='ocrx_word' id='word_1_590' title='bbox 1922 2151 2121 2199; x_wconf 89' lang='lat' dir='ltr'>norant</span> <span class='ocrx_word' id='word_1_591' title='bbox 2152 2146 2294 2216; x_wconf 89' lang='lat' dir='ltr'>leges</span> <span class='ocrx_word' id='word_1_592' title='bbox 2339 2147 2620 2214; x_wconf 74' lang='lat' dir='ltr'>Romanae,</span> <span class='ocrx_word' id='word_1_593' title='bbox 2649 2146 2706 2202; x_wconf 89' lang='lat' dir='ltr'>id</span> <span class='ocrx_word' id='word_1_594' title='bbox 2735 2153 2837 2214; x_wconf 91' lang='lat' dir='ltr'>est,</span> <span class='ocrx_word' id='word_1_595' title='bbox 2871 2152 2932 2201; x_wconf 93' lang='lat' dir='ltr'>ut</span> <span class='ocrx_word' id='word_1_596' title='bbox 2984 2144 3297 2201; x_wconf 89' lang='lat' dir='ltr'>abstineant</span> <span class='ocrx_word' id='word_1_597' title='bbox 3357 2159 3413 2198; x_wconf 90' lang='lat' dir='ltr'>se</span> <span class='ocrx_word' id='word_1_598' title='bbox 3441 2141 3510 2198; x_wconf 91' lang='lat' dir='ltr'>ab</span> 
     </span>
    </p>
   </div>
   <div class='ocr_carea' id='block_1_82' title="bbox 1923 2232 3508 2306">
    <p class='ocr_par' dir='ltr' id='par_1_82' title="bbox 1923 2232 3508 2306">
     <span class='ocr_line' id='line_1_82' title="bbox 1923 2232 3508 2306; baseline 0 -16"><span class='ocrx_word' id='word_1_599' title='bbox 1923 2233 2258 2302; x_wconf 87' lang='lat' dir='ltr'>idololatria,</span> <span class='ocrx_word' id='word_1_600' title='bbox 2291 2245 2344 2292; x_wconf 93' lang='lat' dir='ltr'>et</span> <span class='ocrx_word' id='word_1_601' title='bbox 2385 2235 2672 2306; x_wconf 88' lang='lat' dir='ltr'>sanguine,</span> <span class='ocrx_word' id='word_1_602' title='bbox 2705 2235 2850 2291; x_wconf 90' lang='lat' dir='ltr'>sicut</span> <span class='ocrx_word' id='word_1_603' title='bbox 2877 2235 3010 2302; x_wconf 87' lang='lat' dir='ltr'>Noe,</span> <span class='ocrx_word' id='word_1_604' title='bbox 3043 2243 3097 2291; x_wconf 91' lang='lat' dir='ltr'>et</span> <span class='ocrx_word' id='word_1_605' title='bbox 3124 2232 3508 2290; x_wconf 88' lang='lat' dir='ltr'>fornicatione.</span> 
     </span>
    </p>
   </div>
   <div class='ocr_carea' id='block_1_83' title="bbox 1922 2322 3512 2396">
    <p class='ocr_par' dir='ltr' id='par_1_83' title="bbox 1922 2322 3512 2396">
     <span class='ocr_line' id='line_1_83' title="bbox 1922 2322 3512 2396; baseline -0.001 -17"><span class='ocrx_word' id='word_1_606' title='bbox 1922 2325 2054 2391; x_wconf 73' lang='lat' dir='ltr'>Quze</span> <span class='ocrx_word' id='word_1_607' title='bbox 2087 2323 2344 2396; x_wconf 67' lang='lat' dir='ltr'>sophista:</span> <span class='ocrx_word' id='word_1_608' title='bbox 2392 2324 2706 2381; x_wconf 62' lang='lat' dir='ltr'>Graecorum</span> <span class='ocrx_word' id='word_1_609' title='bbox 2737 2340 2850 2380; x_wconf 90' lang='lat' dir='ltr'>non</span> <span class='ocrx_word' id='word_1_610' title='bbox 2881 2324 3270 2396; x_wconf 86' lang='lat' dir='ltr'>intelligentes,</span> <span class='ocrx_word' id='word_1_611' title='bbox 3321 2322 3512 2378; x_wconf 87' lang='lat' dir='ltr'>scien-</span> 
     </span>
    </p>
   </div>
   <div class='ocr_carea' id='block_1_84' title="bbox 1923 2412 3518 2486">
    <p class='ocr_par' dir='ltr' id='par_1_84' title="bbox 1923 2412 3518 2486">
     <span class='ocr_line' id='line_1_84' title="bbox 1923 2412 3518 2486; baseline -0.002 -16"><span class='ocrx_word' id='word_1_612' title='bbox 1923 2421 2003 2470; x_wconf 88' lang='lat' dir='ltr'>tes</span> <span class='ocrx_word' id='word_1_613' title='bbox 2061 2421 2242 2470; x_wconf 91' lang='lat' dir='ltr'>tamen</span> <span class='ocrx_word' id='word_1_614' title='bbox 2293 2431 2325 2470; x_wconf 91' lang='lat' dir='ltr'>a</span> <span class='ocrx_word' id='word_1_615' title='bbox 2380 2414 2644 2486; x_wconf 90' lang='lat' dir='ltr'>sanguine</span> <span class='ocrx_word' id='word_1_616' title='bbox 2695 2413 3106 2481; x_wconf 89' lang='lat' dir='ltr'>abstinendum,</span> <span class='ocrx_word' id='word_1_617' title='bbox 3137 2412 3518 2469; x_wconf 88' lang='lat' dir='ltr'>adulterarant</span> 
     </span>
    </p>
   </div>
   <div class='ocr_carea' id='block_1_85' title="bbox 1925 2502 3515 2576">
    <p class='ocr_par' dir='ltr' id='par_1_85' title="bbox 1925 2502 3515 2576">
     <span class='ocr_line' id='line_1_85' title="bbox 1925 2502 3515 2576; baseline -0.001 -18"><span class='ocrx_word' id='word_1_618' title='bbox 1925 2502 2287 2575; x_wconf 85' lang='lat' dir='ltr'>Scripturam,</span> <span class='ocrx_word' id='word_1_619' title='bbox 2345 2512 2604 2576; x_wconf 90' lang='lat' dir='ltr'>quartum</span> <span class='ocrx_word' id='word_1_620' title='bbox 2662 2503 2984 2560; x_wconf 90' lang='lat' dir='ltr'>mandatum</span> <span class='ocrx_word' id='word_1_621' title='bbox 3032 2502 3313 2570; x_wconf 88' lang='lat' dir='ltr'>addentes,</span> <span class='ocrx_word' id='word_1_622' title='bbox 3374 2508 3427 2558; x_wconf 89' lang='lat' dir='ltr'>et</span> <span class='ocrx_word' id='word_1_623' title='bbox 3482 2516 3515 2556; x_wconf 88' lang='lat' dir='ltr'>a</span> 
     </span>
    </p>
   </div>
   <div class='ocr_carea' id='block_1_86' title="bbox 1924 2590 3518 2665">
    <p class='ocr_par' dir='ltr' id='par_1_86' title="bbox 1924 2590 3518 2665">
     <span class='ocr_line' id='line_1_86' title="bbox 1924 2590 3518 2665; baseline -0.003 -17"><span class='ocrx_word' id='word_1_624' title='bbox 1924 2593 2188 2648; x_wconf 77' lang='lat' dir='ltr'>sulfocato</span> <span class='ocrx_word' id='word_1_625' title='bbox 2219 2591 2622 2648; x_wconf 90' lang='lat' dir='ltr'>observandum</span> <span class='ocrx_word' id='word_1_626' title='bbox 2654 2609 2666 2648; x_wconf 76' lang='grc' dir='ltr'>ε</span> <span class='ocrx_word' id='word_1_627' title='bbox 2697 2592 2864 2665; x_wconf 89' lang='lat' dir='ltr'>quod,</span> <span class='ocrx_word' id='word_1_628' title='bbox 2889 2599 3041 2663; x_wconf 89' lang='lat' dir='ltr'>puto,</span> <span class='ocrx_word' id='word_1_629' title='bbox 3070 2607 3221 2647; x_wconf 89' lang='lat' dir='ltr'>nunc</span> <span class='ocrx_word' id='word_1_630' title='bbox 3247 2590 3347 2646; x_wconf 89' lang='lat' dir='ltr'>Dei</span> <span class='ocrx_word' id='word_1_631' title='bbox 3378 2596 3518 2644; x_wconf 91' lang='lat' dir='ltr'>nutu</span> 
     </span>
    </p>
   </div>
   <div class='ocr_carea' id='block_1_87' title="bbox 1927 2677 3517 2756">
    <p class='ocr_par' dir='ltr' id='par_1_87' title="bbox 1927 2677 3517 2756">
     <span class='ocr_line' id='line_1_87' title="bbox 1927 2677 3517 2756; baseline -0.001 -20"><span class='ocrx_word' id='word_1_632' title='bbox 1927 2682 2263 2738; x_wconf 90' lang='lat' dir='ltr'>intellecturi</span> <span class='ocrx_word' id='word_1_633' title='bbox 2292 2690 2442 2752; x_wconf 89' lang='lat' dir='ltr'>sunt,</span> <span class='ocrx_word' id='word_1_634' title='bbox 2473 2682 2603 2756; x_wconf 90' lang='lat' dir='ltr'>quia</span> <span class='ocrx_word' id='word_1_635' title='bbox 2626 2681 2738 2754; x_wconf 90' lang='lat' dir='ltr'>jam</span> <span class='ocrx_word' id='word_1_636' title='bbox 2765 2699 2929 2755; x_wconf 89' lang='lat' dir='ltr'>supra</span> <span class='ocrx_word' id='word_1_637' title='bbox 2955 2681 3166 2738; x_wconf 90' lang='lat' dir='ltr'>dictum</span> <span class='ocrx_word' id='word_1_638' title='bbox 3204 2687 3339 2749; x_wconf 89' lang='lat' dir='ltr'>erat,</span> <span class='ocrx_word' id='word_1_639' title='bbox 3370 2677 3517 2752; x_wconf 91' lang='lat' dir='ltr'>quod</span> 
     </span>
    </p>
   </div>
   <div class='ocr_carea' id='block_1_88' title="bbox 1926 2768 2275 2827">
    <p class='ocr_par' dir='ltr' id='par_1_88' title="bbox 1926 2768 2275 2827">
     <span class='ocr_line' id='line_1_88' title="bbox 1926 2768 2275 2827; baseline 0.006 -2"><span class='ocrx_word' id='word_1_640' title='bbox 1926 2768 2275 2827; x_wconf 88' lang='lat' dir='ltr'>addiderunt.</span> 
     </span>
    </p>
   </div>
   <div class='ocr_carea' id='block_1_89' title="bbox 2000 2867 3529 2942">
    <p class='ocr_par' dir='ltr' id='par_1_89' title="bbox 2000 2867 3529 2942">
     <span class='ocr_line' id='line_1_89' title="bbox 2000 2867 3529 2942; baseline 0 -18"><span class='ocrx_word' id='word_1_641' title='bbox 2000 2868 2183 2939; x_wconf 82' lang='lat' dir='ltr'>(Vers.</span> <span class='ocrx_word' id='word_1_642' title='bbox 2216 2867 2296 2940; x_wconf 90' lang='lat'>3.)</span> <span class='ocrx_word' id='word_1_643' title='bbox 2363 2890 2381 2914; x_wconf 82' lang='grc' dir='ltr'>ι</span> <span class='ocrx_word' id='word_1_644' title='bbox 2410 2867 2514 2923; x_wconf 90' lang='lat' dir='ltr'>Sed</span> <span class='ocrx_word' id='word_1_645' title='bbox 2546 2883 2721 2941; x_wconf 88' lang='lat' dir='ltr'>neque</span> <span class='ocrx_word' id='word_1_646' title='bbox 2750 2867 2926 2936; x_wconf 87' lang='lat' dir='ltr'>Titus,</span> <span class='ocrx_word' id='word_1_647' title='bbox 2955 2868 3050 2942; x_wconf 91' lang='lat' dir='ltr'>qui</span> <span class='ocrx_word' id='word_1_648' title='bbox 3081 2885 3293 2925; x_wconf 89' lang='lat' dir='ltr'>mecum</span> <span class='ocrx_word' id='word_1_649' title='bbox 3325 2875 3459 2938; x_wconf 87' lang='lat' dir='ltr'>erat,</span> <span class='ocrx_word' id='word_1_650' title='bbox 3483 2891 3529 2918; x_wconf 75' lang='grc' dir='ltr'>ι·</span> 
     </span>
    </p>
   </div>
   <div class='ocr_carea' id='block_1_90' title="bbox 1928 2954 3518 3031">
    <p class='ocr_par' dir='ltr' id='par_1_90' title="bbox 1928 2954 3518 3031">
     <span class='ocr_line' id='line_1_90' title="bbox 1928 2954 3518 3031; baseline 0.002 -20"><span class='ocrx_word' id='word_1_651' title='bbox 1928 2954 2033 3013; x_wconf 89' lang='lat' dir='ltr'>hoc</span> <span class='ocrx_word' id='word_1_652' title='bbox 2063 2964 2164 3025; x_wconf 90' lang='lat' dir='ltr'>est,</span> <span class='ocrx_word' id='word_1_653' title='bbox 2199 2957 2296 3012; x_wconf 85' lang='lat' dir='ltr'>illo</span> <span class='ocrx_word' id='word_1_654' title='bbox 2329 2956 2445 3029; x_wconf 91' lang='lat' dir='ltr'>ipso</span> <span class='ocrx_word' id='word_1_655' title='bbox 2468 2966 2709 3029; x_wconf 89' lang='lat' dir='ltr'>tempore</span> <span class='ocrx_word' id='word_1_656' title='bbox 2737 2974 2846 3030; x_wconf 91' lang='lat' dir='ltr'>quo</span> <span class='ocrx_word' id='word_1_657' title='bbox 2886 2958 2989 3026; x_wconf 88' lang='lat' dir='ltr'>fui,</span> <span class='ocrx_word' id='word_1_658' title='bbox 3018 2959 3220 3031; x_wconf 88' lang='lat' dir='ltr'>inquit,</span> <span class='ocrx_word' id='word_1_659' title='bbox 3249 2959 3518 3016; x_wconf 86' lang='lat' dir='ltr'>Hieroso-</span> 
     </span>
    </p>
   </div>
   <div class='ocr_carea' id='block_1_91' title="bbox 1931 3046 3517 3120">
    <p class='ocr_par' dir='ltr' id='par_1_91' title="bbox 1931 3046 3517 3120">
     <span class='ocr_line' id='line_1_91' title="bbox 1931 3046 3517 3120; baseline 0 -17"><span class='ocrx_word' id='word_1_660' title='bbox 1931 3047 2120 3119; x_wconf 79' lang='lat' dir='ltr'>lymis,</span> <span class='ocrx_word' id='word_1_661' title='bbox 2169 3071 2187 3092; x_wconf 77' lang='grc' dir='ltr'>ι</span> <span class='ocrx_word' id='word_1_662' title='bbox 2216 3047 2396 3112; x_wconf 89' lang='lat' dir='ltr'>Titus,</span> <span class='ocrx_word' id='word_1_663' title='bbox 2442 3046 2537 3119; x_wconf 90' lang='lat' dir='ltr'>qui</span> <span class='ocrx_word' id='word_1_664' title='bbox 2582 3063 2796 3103; x_wconf 92' lang='lat' dir='ltr'>mecum</span> <span class='ocrx_word' id='word_1_665' title='bbox 2827 3054 2981 3102; x_wconf 81' lang='lat' dir='ltr'>erat-</span> <span class='ocrx_word' id='word_1_666' title='bbox 3039 3047 3375 3120; x_wconf 88' lang='lat' dir='ltr'>compulsus,</span> <span class='ocrx_word' id='word_1_667' title='bbox 3405 3064 3517 3103; x_wconf 91' lang='lat' dir='ltr'>non</span> 
     </span>
    </p>
   </div>
   <div class='ocr_carea' id='block_1_92' title="bbox 1929 3135 3520 3210">
    <p class='ocr_par' dir='ltr' id='par_1_92' title="bbox 1929 3135 3520 3210">
     <span class='ocr_line' id='line_1_92' title="bbox 1929 3135 3520 3210; baseline 0 -17"><span class='ocrx_word' id='word_1_668' title='bbox 1929 3144 2010 3193; x_wconf 88' lang='lat' dir='ltr'>est</span> <span class='ocrx_word' id='word_1_669' title='bbox 2040 3135 2387 3192; x_wconf 88' lang='lat' dir='ltr'>circumcidi.</span> <span class='ocrx_word' id='word_1_670' title='bbox 2432 3136 2570 3194; x_wconf 92' lang='lat' dir='ltr'>Cum</span> <span class='ocrx_word' id='word_1_671' title='bbox 2610 3137 2800 3208; x_wconf 91' lang='lat' dir='ltr'>utique</span> <span class='ocrx_word' id='word_1_672' title='bbox 2833 3137 2978 3193; x_wconf 89' lang='lat' dir='ltr'>inter</span> <span class='ocrx_word' id='word_1_673' title='bbox 3027 3137 3319 3210; x_wconf 88' lang='lat' dir='ltr'>apostolos,</span> <span class='ocrx_word' id='word_1_674' title='bbox 3350 3145 3404 3193; x_wconf 92' lang='lat' dir='ltr'>et</span> <span class='ocrx_word' id='word_1_675' title='bbox 3427 3153 3520 3193; x_wconf 89' lang='lat' dir='ltr'>eos</span> 
     </span>
    </p>
   </div>
   <div class='ocr_carea' id='block_1_93' title="bbox 1929 3225 3520 3299">
    <p class='ocr_par' dir='ltr' id='par_1_93' title="bbox 1929 3225 3520 3299">
     <span class='ocr_line' id='line_1_93' title="bbox 1929 3225 3520 3299; baseline 0.001 -17"><span class='ocrx_word' id='word_1_676' title='bbox 1929 3226 2024 3299; x_wconf 91' lang='lat' dir='ltr'>qui</span> <span class='ocrx_word' id='word_1_677' title='bbox 2065 3241 2134 3282; x_wconf 80' lang='lat' dir='ltr'>ex</span> <span class='ocrx_word' id='word_1_678' title='bbox 2158 3225 2363 3282; x_wconf 62' lang='lat' dir='ltr'>Iudaeis</span> <span class='ocrx_word' id='word_1_679' title='bbox 2411 3225 2778 3294; x_wconf 88' lang='lat' dir='ltr'>crediderant,</span> <span class='ocrx_word' id='word_1_680' title='bbox 2806 3242 3068 3294; x_wconf 90' lang='lat' dir='ltr'>essemus,</span> <span class='ocrx_word' id='word_1_681' title='bbox 3110 3242 3272 3282; x_wconf 91' lang='lat' dir='ltr'>nemo</span> <span class='ocrx_word' id='word_1_682' title='bbox 3301 3242 3426 3282; x_wconf 90' lang='lat' dir='ltr'>eum</span> <span class='ocrx_word' id='word_1_683' title='bbox 3453 3226 3520 3283; x_wconf 91' lang='lat' dir='ltr'>de</span> 
     </span>
    </p>
   </div>
   <div class='ocr_carea' id='block_1_94' title="bbox 1930 3314 3520 3388">
    <p class='ocr_par' dir='ltr' id='par_1_94' title="bbox 1930 3314 3520 3388">
     <span class='ocr_line' id='line_1_94' title="bbox 1930 3314 3520 3388; baseline -0.001 -17"><span class='ocrx_word' id='word_1_684' title='bbox 1930 3315 2039 3383; x_wconf 91' lang='lat' dir='ltr'>his,</span> <span class='ocrx_word' id='word_1_685' title='bbox 2072 3315 2129 3370; x_wconf 91' lang='lat' dir='ltr'>id</span> <span class='ocrx_word' id='word_1_686' title='bbox 2157 3324 2240 3372; x_wconf 93' lang='lat' dir='ltr'>est</span> <span class='ocrx_word' id='word_1_687' title='bbox 2286 3316 2492 3383; x_wconf 90' lang='lat' dir='ltr'>Titum,</span> <span class='ocrx_word' id='word_1_688' title='bbox 2535 3317 2804 3388; x_wconf 90' lang='lat' dir='ltr'>compulit</span> <span class='ocrx_word' id='word_1_689' title='bbox 2833 3314 3176 3372; x_wconf 91' lang='lat' dir='ltr'>circumcidi.</span> <span class='ocrx_word' id='word_1_690' title='bbox 3209 3316 3282 3372; x_wconf 90' lang='lat' dir='ltr'>Et</span> <span class='ocrx_word' id='word_1_691' title='bbox 3334 3314 3520 3371; x_wconf 89' lang='lat' dir='ltr'>subin-</span> 
     </span>
    </p>
   </div>
   <div class='ocr_carea' id='block_1_95' title="bbox 1931 3402 3519 3476">
    <p class='ocr_par' dir='ltr' id='par_1_95' title="bbox 1931 3402 3519 3476">
     <span class='ocr_line' id='line_1_95' title="bbox 1931 3402 3519 3476; baseline -0.001 -16"><span class='ocrx_word' id='word_1_692' title='bbox 1931 3405 2240 3476; x_wconf 85' lang='lat' dir='ltr'>telligitur:</span> <span class='ocrx_word' id='word_1_693' title='bbox 2275 3405 2420 3471; x_wconf 88' lang='lat' dir='ltr'>Quid</span> <span class='ocrx_word' id='word_1_694' title='bbox 2449 3415 2530 3462; x_wconf 91' lang='lat' dir='ltr'>est</span> <span class='ocrx_word' id='word_1_695' title='bbox 2557 3413 2618 3460; x_wconf 93' lang='lat' dir='ltr'>ut</span> <span class='ocrx_word' id='word_1_696' title='bbox 2639 3422 2737 3460; x_wconf 88' lang='lat' dir='ltr'>vos</span> <span class='ocrx_word' id='word_1_697' title='bbox 2750 3403 3246 3471; x_wconf 87' lang='lat' dir='ltr'>circumcidamini,</span> <span class='ocrx_word' id='word_1_698' title='bbox 3277 3419 3404 3460; x_wconf 90' lang='lat' dir='ltr'>cum</span> <span class='ocrx_word' id='word_1_699' title='bbox 3433 3402 3519 3459; x_wconf 84' lang='lat' dir='ltr'>Ti-</span> 
     </span>
    </p>
   </div>
   <div class='ocr_carea' id='block_1_96' title="bbox 1932 3491 3521 3566">
    <p class='ocr_par' dir='ltr' id='par_1_96' title="bbox 1932 3491 3521 3566">
     <span class='ocr_line' id='line_1_96' title="bbox 1932 3491 3521 3566; baseline -0.001 -18"><span class='ocrx_word' id='word_1_700' title='bbox 1932 3501 2020 3549; x_wconf 90' lang='lat' dir='ltr'>tus</span> <span class='ocrx_word' id='word_1_701' title='bbox 2051 3493 2119 3548; x_wconf 90' lang='lat' dir='ltr'>ab</span> <span class='ocrx_word' id='word_1_702' title='bbox 2167 3494 2451 3566; x_wconf 88' lang='lat' dir='ltr'>apostolis,</span> <span class='ocrx_word' id='word_1_703' title='bbox 2502 3493 2595 3566; x_wconf 91' lang='lat' dir='ltr'>qui</span> <span class='ocrx_word' id='word_1_704' title='bbox 2643 3493 2974 3550; x_wconf 89' lang='lat' dir='ltr'>videbantur</span> <span class='ocrx_word' id='word_1_705' title='bbox 3001 3491 3211 3564; x_wconf 89' lang='lat' dir='ltr'>aliquid</span> <span class='ocrx_word' id='word_1_706' title='bbox 3241 3506 3374 3560; x_wconf 88' lang='lat' dir='ltr'>esse,</span> <span class='ocrx_word' id='word_1_707' title='bbox 3406 3506 3521 3547; x_wconf 89' lang='lat' dir='ltr'>non</span> 
     </span>
    </p>
   </div>
   <div class='ocr_carea' id='block_1_97' title="bbox 1930 3580 3520 3655">
    <p class='ocr_par' dir='ltr' id='par_1_97' title="bbox 1930 3580 3520 3655">
     <span class='ocr_line' id='line_1_97' title="bbox 1930 3580 3520 3655; baseline -0.001 -17"><span class='ocrx_word' id='word_1_708' title='bbox 1930 3590 2012 3638; x_wconf 90' lang='lat' dir='ltr'>est</span> <span class='ocrx_word' id='word_1_709' title='bbox 2057 3583 2374 3654; x_wconf 89' lang='lat' dir='ltr'>compulsus</span> <span class='ocrx_word' id='word_1_710' title='bbox 2401 3582 2748 3652; x_wconf 91' lang='lat' dir='ltr'>circumcidi,</span> <span class='ocrx_word' id='word_1_711' title='bbox 2792 3582 2886 3639; x_wconf 91' lang='lat' dir='ltr'>sed</span> <span class='ocrx_word' id='word_1_712' title='bbox 2915 3589 3200 3655; x_wconf 89' lang='lat' dir='ltr'>susceptus</span> <span class='ocrx_word' id='word_1_713' title='bbox 3228 3589 3310 3638; x_wconf 88' lang='lat' dir='ltr'>est</span> <span class='ocrx_word' id='word_1_714' title='bbox 3338 3580 3520 3639; x_wconf 86' lang='lat' dir='ltr'>incir-</span> 
     </span>
    </p>
   </div>
   <div class='ocr_carea' id='block_1_98' title="bbox 1930 3672 2255 3730">
    <p class='ocr_par' dir='ltr' id='par_1_98' title="bbox 1930 3672 2255 3730">
     <span class='ocr_line' id='line_1_98' title="bbox 1930 3672 2255 3730; baseline 0 0"><span class='ocrx_word' id='word_1_715' title='bbox 1930 3672 2208 3730; x_wconf 89' lang='lat' dir='ltr'>cumcisus</span> <span class='ocrx_word' id='word_1_716' title='bbox 2227 3673 2255 3730; x_wconf 65' lang='grc' dir='ltr'><strong><em>Ὺ</em></strong></span> 
     </span>
    </p>
   </div>
   <div class='ocr_carea' id='block_1_99' title="bbox 2006 3759 3509 3836">
    <p class='ocr_par' dir='ltr' id='par_1_99' title="bbox 2006 3759 3509 3836">
     <span class='ocr_line' id='line_1_99' title="bbox 2006 3759 3509 3836; baseline -0.001 -18"><span class='ocrx_word' id='word_1_717' title='bbox 2006 3763 2188 3833; x_wconf 76' lang='lat' dir='ltr'>(Vera.</span> <span class='ocrx_word' id='word_1_718' title='bbox 2221 3761 2275 3832; x_wconf 76' lang='grc'><strong>4,</strong></span> <span class='ocrx_word' id='word_1_719' title='bbox 2305 3763 2386 3836; x_wconf 82' lang='grc'>5.)</span> <span class='ocrx_word' id='word_1_720' title='bbox 2433 3786 2450 3809; x_wconf 76' lang='grc' dir='ltr'><strong>ε</strong></span> <span class='ocrx_word' id='word_1_721' title='bbox 2469 3762 2696 3834; x_wconf 91' lang='lat' dir='ltr'>Propter</span> <span class='ocrx_word' id='word_1_722' title='bbox 2710 3759 3160 3818; x_wconf 87' lang='lat' dir='ltr'>subintroductos</span> <span class='ocrx_word' id='word_1_723' title='bbox 3191 3759 3308 3834; x_wconf 78' lang='grc'>(54)</span> <span class='ocrx_word' id='word_1_724' title='bbox 3327 3769 3509 3817; x_wconf 89' lang='lat' dir='ltr'>autem</span> 
     </span>
    </p>
   </div>
   <div class='ocr_carea' id='block_1_100' title="bbox 1930 3850 3521 3925">
    <p class='ocr_par' dir='ltr' id='par_1_100' title="bbox 1930 3850 3521 3925">
     <span class='ocr_line' id='line_1_100' title="bbox 1930 3850 3521 3925; baseline 0 -19"><span class='ocrx_word' id='word_1_725' title='bbox 1930 3850 2099 3908; x_wconf 89' lang='lat' dir='ltr'>falsos</span> <span class='ocrx_word' id='word_1_726' title='bbox 2127 3852 2343 3918; x_wconf 88' lang='lat' dir='ltr'>fratres,</span> <span class='ocrx_word' id='word_1_727' title='bbox 2375 3852 2468 3925; x_wconf 89' lang='lat' dir='ltr'>qui</span> <span class='ocrx_word' id='word_1_728' title='bbox 2515 3851 2967 3907; x_wconf 86' lang='lat' dir='ltr'>subintravcrunt</span> <span class='ocrx_word' id='word_1_729' title='bbox 2999 3850 3285 3922; x_wconf 87' lang='lat' dir='ltr'>explorare</span> <span class='ocrx_word' id='word_1_730' title='bbox 3344 3850 3521 3906; x_wconf 89' lang='lat' dir='ltr'>liber-</span> 
     </span>
    </p>
   </div>
   <div class='ocr_carea' id='block_1_101' title="bbox 1932 3939 3521 4014">
    <p class='ocr_par' dir='ltr' id='par_1_101' title="bbox 1932 3939 3521 4014">
     <span class='ocr_line' id='line_1_101' title="bbox 1932 3939 3521 4014; baseline -0.003 -16"><span class='ocrx_word' id='word_1_731' title='bbox 1932 3947 2101 3998; x_wconf 89' lang='lat' dir='ltr'>tatem</span> <span class='ocrx_word' id='word_1_732' title='bbox 2131 3949 2397 4007; x_wconf 90' lang='lat' dir='ltr'>nostram,</span> <span class='ocrx_word' id='word_1_733' title='bbox 2430 3958 2593 4014; x_wconf 90' lang='lat' dir='ltr'>quam</span> <span class='ocrx_word' id='word_1_734' title='bbox 2638 3940 2904 3998; x_wconf 91' lang='lat' dir='ltr'>habemus</span> <span class='ocrx_word' id='word_1_735' title='bbox 2931 3939 2990 3995; x_wconf 93' lang='lat' dir='ltr'>in</span> <span class='ocrx_word' id='word_1_736' title='bbox 3021 3939 3241 3996; x_wconf 85' lang='lat' dir='ltr'>Christo</span> <span class='ocrx_word' id='word_1_737' title='bbox 3269 3939 3415 4008; x_wconf 78' lang='lat' dir='ltr'>Iesu,</span> <span class='ocrx_word' id='word_1_738' title='bbox 3457 3945 3521 3995; x_wconf 91' lang='lat' dir='ltr'>ut</span> 
     </span>
    </p>
   </div>
   <div class='ocr_carea' id='block_1_102' title="bbox 1933 4029 3522 4102">
    <p class='ocr_par' dir='ltr' id='par_1_102' title="bbox 1933 4029 3522 4102">
     <span class='ocr_line' id='line_1_102' title="bbox 1933 4029 3522 4102; baseline -0.001 -15"><span class='ocrx_word' id='word_1_739' title='bbox 1933 4048 2032 4088; x_wconf 94' lang='lat' dir='ltr'>nos</span> <span class='ocrx_word' id='word_1_740' title='bbox 2063 4032 2118 4087; x_wconf 92' lang='lat' dir='ltr'>in</span> <span class='ocrx_word' id='word_1_741' title='bbox 2165 4032 2488 4088; x_wconf 88' lang='lat' dir='ltr'>servitutem</span> <span class='ocrx_word' id='word_1_742' title='bbox 2533 4030 2888 4102; x_wconf 91' lang='lat' dir='ltr'>subjicerent,</span> <span class='ocrx_word' id='word_1_743' title='bbox 2920 4029 2988 4086; x_wconf 90' lang='lat' dir='ltr'>ad</span> <span class='ocrx_word' id='word_1_744' title='bbox 3039 4029 3229 4085; x_wconf 92' lang='lat' dir='ltr'>horam</span> <span class='ocrx_word' id='word_1_745' title='bbox 3257 4029 3522 4086; x_wconf 88' lang='lat' dir='ltr'>cessimus</span> 
     </span>
    </p>
   </div>
   <div class='ocr_carea' id='block_1_103' title="bbox 1931 4118 3520 4195">
    <p class='ocr_par' dir='ltr' id='par_1_103' title="bbox 1931 4118 3520 4195">
     <span class='ocr_line' id='line_1_103' title="bbox 1931 4118 3520 4195; baseline -0.003 -15"><span class='ocrx_word' id='word_1_746' title='bbox 1931 4122 2282 4195; x_wconf 88' lang='lat' dir='ltr'>subjectioni,</span> <span class='ocrx_word' id='word_1_747' title='bbox 2343 4129 2403 4177; x_wconf 92' lang='lat' dir='ltr'>ut</span> <span class='ocrx_word' id='word_1_748' title='bbox 2459 4121 2660 4177; x_wconf 84' lang='lat' dir='ltr'>veritas</span> <span class='ocrx_word' id='word_1_749' title='bbox 2691 4120 2978 4192; x_wconf 88' lang='lat' dir='ltr'>Evangelii</span> <span class='ocrx_word' id='word_1_750' title='bbox 3009 4127 3324 4192; x_wconf 89' lang='lat' dir='ltr'>permaneat</span> <span class='ocrx_word' id='word_1_751' title='bbox 3376 4118 3520 4192; x_wconf 89' lang='lat' dir='ltr'>apud</span> 
     </span>
    </p>
   </div>
   <div class='ocr_carea' id='block_1_104' title="bbox 1931 4207 3520 4282">
    <p class='ocr_par' dir='ltr' id='par_1_104' title="bbox 1931 4207 3520 4282">
     <span class='ocr_line' id='line_1_104' title="bbox 1931 4207 3520 4282; baseline 0 -17"><span class='ocrx_word' id='word_1_752' title='bbox 1931 4226 2049 4266; x_wconf 90' lang='lat' dir='ltr'>vos.</span> <span class='ocrx_word' id='word_1_753' title='bbox 2083 4237 2102 4260; x_wconf 73' lang='grc' dir='ltr'><strong><em>ι</em></strong></span> <span class='ocrx_word' id='word_1_754' title='bbox 2148 4209 2350 4278; x_wconf 90' lang='lat' dir='ltr'>Titum,</span> <span class='ocrx_word' id='word_1_755' title='bbox 2385 4211 2515 4282; x_wconf 90' lang='lat' dir='ltr'>quia</span> <span class='ocrx_word' id='word_1_756' title='bbox 2545 4210 2764 4267; x_wconf 84' lang='lat' dir='ltr'>Graecus</span> <span class='ocrx_word' id='word_1_757' title='bbox 2793 4216 2910 4264; x_wconf 88' lang='lat' dir='ltr'>erat</span> <span class='ocrx_word' id='word_1_758' title='bbox 2929 4208 3074 4265; x_wconf 88' lang='lat' dir='ltr'>sicut</span> <span class='ocrx_word' id='word_1_759' title='bbox 3101 4207 3328 4276; x_wconf 81' lang='lat' dir='ltr'>Galatae,</span> <span class='ocrx_word' id='word_1_760' title='bbox 3359 4217 3520 4280; x_wconf 89' lang='lat' dir='ltr'>negat</span> 
     </span>
    </p>
   </div>
   <div class='ocr_carea' id='block_1_105' title="bbox 1930 4296 3522 4370">
    <p class='ocr_par' dir='ltr' id='par_1_105' title="bbox 1930 4296 3522 4370">
     <span class='ocr_line' id='line_1_105' title="bbox 1930 4296 3522 4370; baseline -0.002 -14"><span class='ocrx_word' id='word_1_761' title='bbox 1930 4299 2341 4356; x_wconf 87' lang='lat' dir='ltr'>circumcisum.</span> <span class='ocrx_word' id='word_1_762' title='bbox 2375 4299 2494 4367; x_wconf 88' lang='lat' dir='ltr'>Quo</span> <span class='ocrx_word' id='word_1_763' title='bbox 2525 4298 2695 4367; x_wconf 90' lang='lat' dir='ltr'>dicto,</span> <span class='ocrx_word' id='word_1_764' title='bbox 2728 4297 2828 4353; x_wconf 91' lang='lat' dir='ltr'>hos</span> <span class='ocrx_word' id='word_1_765' title='bbox 2856 4296 3057 4370; x_wconf 87' lang='lat' dir='ltr'>arguit,</span> <span class='ocrx_word' id='word_1_766' title='bbox 3080 4296 3175 4370; x_wconf 93' lang='lat' dir='ltr'>qui</span> <span class='ocrx_word' id='word_1_767' title='bbox 3203 4304 3522 4370; x_wconf 89' lang='lat' dir='ltr'>paterentur</span> 
     </span>
    </p>
   </div>
   <div class='ocr_carea' id='block_1_106' title="bbox 1929 4386 3521 4459">
    <p class='ocr_par' dir='ltr' id='par_1_106' title="bbox 1929 4386 3521 4459">
     <span class='ocr_line' id='line_1_106' title="bbox 1929 4386 3521 4459; baseline -0.002 -14"><span class='ocrx_word' id='word_1_768' title='bbox 1929 4405 1986 4445; x_wconf 90' lang='lat' dir='ltr'>se</span> <span class='ocrx_word' id='word_1_769' title='bbox 2012 4387 2357 4458; x_wconf 88' lang='lat' dir='ltr'>circumcidi,</span> <span class='ocrx_word' id='word_1_770' title='bbox 2386 4405 2513 4446; x_wconf 90' lang='lat' dir='ltr'>cum</span> <span class='ocrx_word' id='word_1_771' title='bbox 2541 4395 2722 4444; x_wconf 90' lang='lat' dir='ltr'>essent</span> <span class='ocrx_word' id='word_1_772' title='bbox 2757 4387 2953 4444; x_wconf 67' lang='lat' dir='ltr'>Graaci.</span> <span class='ocrx_word' id='word_1_773' title='bbox 3008 4386 3114 4443; x_wconf 91' lang='lat' dir='ltr'>Sed</span> <span class='ocrx_word' id='word_1_774' title='bbox 3143 4403 3211 4443; x_wconf 92' lang='lat' dir='ltr'>ne</span> <span class='ocrx_word' id='word_1_775' title='bbox 3243 4387 3382 4443; x_wconf 90' lang='lat' dir='ltr'>forte</span> <span class='ocrx_word' id='word_1_776' title='bbox 3412 4403 3521 4459; x_wconf 89' lang='lat' dir='ltr'>op-</span> 
     </span>
    </p>
   </div>
   <div class='ocr_carea' id='block_1_107' title="bbox 1931 4475 3519 4552">
    <p class='ocr_par' dir='ltr' id='par_1_107' title="bbox 1931 4475 3519 4552">
     <span class='ocr_line' id='line_1_107' title="bbox 1931 4475 3519 4552; baseline -0.002 -16"><span class='ocrx_word' id='word_1_777' title='bbox 1931 4487 2225 4552; x_wconf 89' lang='lat' dir='ltr'>poneretur</span> <span class='ocrx_word' id='word_1_778' title='bbox 2277 4479 2350 4546; x_wconf 91' lang='lat' dir='ltr'>ei,</span> <span class='ocrx_word' id='word_1_779' title='bbox 2381 4478 2510 4551; x_wconf 90' lang='lat' dir='ltr'>quia</span> <span class='ocrx_word' id='word_1_780' title='bbox 2561 4478 2676 4550; x_wconf 93' lang='lat' dir='ltr'>ipse</span> <span class='ocrx_word' id='word_1_781' title='bbox 2703 4475 3123 4535; x_wconf 90' lang='lat' dir='ltr'>circumciderat</span> <span class='ocrx_word' id='word_1_782' title='bbox 3169 4476 3519 4533; x_wconf 90' lang='lat' dir='ltr'>Timotheum</span> 
     </span>
    </p>
   </div>
   <div class='ocr_carea' id='block_1_108' title="bbox 1933 4564 3520 4641">
    <p class='ocr_par' dir='ltr' id='par_1_108' title="bbox 1933 4564 3520 4641">
     <span class='ocr_line' id='line_1_108' title="bbox 1933 4564 3520 4641; baseline -0.003 -17"><span class='ocrx_word' id='word_1_783' title='bbox 1933 4567 2073 4639; x_wconf 85' lang='lat' dir='ltr'>(Act.</span> <span class='ocrx_word' id='word_1_784' title='bbox 2127 4585 2247 4637; x_wconf 83' lang='lat' dir='ltr'>xvr,</span> <span class='ocrx_word' id='word_1_785' title='bbox 2299 4568 2379 4641; x_wconf 89' lang='lat'>3),</span> <span class='ocrx_word' id='word_1_786' title='bbox 2440 4583 2590 4624; x_wconf 91' lang='lat' dir='ltr'>nunc</span> <span class='ocrx_word' id='word_1_787' title='bbox 2642 4582 2832 4624; x_wconf 88' lang='lat' dir='ltr'>causas</span> <span class='ocrx_word' id='word_1_788' title='bbox 2888 4565 3119 4638; x_wconf 87' lang='lat' dir='ltr'>exponit</span> <span class='ocrx_word' id='word_1_789' title='bbox 3175 4580 3274 4620; x_wconf 87' lang='lat' dir='ltr'>cur</span> <span class='ocrx_word' id='word_1_790' title='bbox 3330 4564 3520 4620; x_wconf 89' lang='lat' dir='ltr'>fecerit</span> 
     </span>
    </p>
   </div>
   <div class='ocr_carea' id='block_1_109' title="bbox 1929 4652 3518 4731">
    <p class='ocr_par' dir='ltr' id='par_1_109' title="bbox 1929 4652 3518 4731">
     <span class='ocr_line' id='line_1_109' title="bbox 1929 4652 3518 4731; baseline -0.004 -17"><span class='ocrx_word' id='word_1_791' title='bbox 1929 4658 2075 4731; x_wconf 91' lang='lat' dir='ltr'>quod</span> <span class='ocrx_word' id='word_1_792' title='bbox 2105 4658 2419 4716; x_wconf 89' lang='lat' dir='ltr'>faciendum</span> <span class='ocrx_word' id='word_1_793' title='bbox 2449 4656 2698 4730; x_wconf 87' lang='lat' dir='ltr'>negabat,</span> <span class='ocrx_word' id='word_1_794' title='bbox 2729 4655 2918 4712; x_wconf 89' lang='lat' dir='ltr'>dicens</span> <span class='ocrx_word' id='word_1_795' title='bbox 2951 4672 2963 4710; x_wconf 89' lang='lat'><strong>:</strong></span> <span class='ocrx_word' id='word_1_796' title='bbox 3009 4677 3028 4702; x_wconf 76' lang='grc' dir='ltr'>ι</span> <span class='ocrx_word' id='word_1_797' title='bbox 3069 4654 3296 4724; x_wconf 90' lang='lat' dir='ltr'>Propter</span> <span class='ocrx_word' id='word_1_798' title='bbox 3313 4652 3518 4708; x_wconf 88' lang='lat' dir='ltr'>subin-</span> 
     </span>
    </p>
   </div>
   <div class='ocr_carea' id='block_1_110' title="bbox 1929 4741 3518 4815">
    <p class='ocr_par' dir='ltr' id='par_1_110' title="bbox 1929 4741 3518 4815">
     <span class='ocr_line' id='line_1_110' title="bbox 1929 4741 3518 4815; baseline -0.003 -12"><span class='ocrx_word' id='word_1_799' title='bbox 1929 4747 2211 4805; x_wconf 90' lang='lat' dir='ltr'>troductos</span> <span class='ocrx_word' id='word_1_800' title='bbox 2235 4755 2419 4804; x_wconf 90' lang='lat' dir='ltr'>autem</span> <span class='ocrx_word' id='word_1_801' title='bbox 2467 4747 2632 4802; x_wconf 87' lang='lat' dir='ltr'>falsos</span> <span class='ocrx_word' id='word_1_802' title='bbox 2679 4744 2893 4812; x_wconf 88' lang='lat' dir='ltr'>fratres,</span> <span class='ocrx_word' id='word_1_803' title='bbox 2933 4742 3031 4815; x_wconf 91' lang='lat' dir='ltr'>qui</span> <span class='ocrx_word' id='word_1_804' title='bbox 3061 4741 3518 4799; x_wconf 87' lang='lat' dir='ltr'>subintraverunt</span> 
     </span>
    </p>
   </div>
   <div class='ocr_carea' id='block_1_111' title="bbox 1928 4829 3516 4912">
    <p class='ocr_par' dir='ltr' id='par_1_111' title="bbox 1928 4829 3516 4912">
     <span class='ocr_line' id='line_1_111' title="bbox 1928 4829 3516 4912; baseline -0.005 -16"><span class='ocrx_word' id='word_1_805' title='bbox 1928 4841 2214 4912; x_wconf 88' lang='lat' dir='ltr'>explorare</span> <span class='ocrx_word' id='word_1_806' title='bbox 2267 4838 2576 4894; x_wconf 85' lang='lat' dir='ltr'>libertatem</span> <span class='ocrx_word' id='word_1_807' title='bbox 2628 4840 2895 4900; x_wconf 86' lang='lat' dir='ltr'>nostram,</span> <span class='ocrx_word' id='word_1_808' title='bbox 2943 4846 3106 4903; x_wconf 89' lang='lat' dir='ltr'>quam</span> <span class='ocrx_word' id='word_1_809' title='bbox 3137 4829 3402 4888; x_wconf 88' lang='lat' dir='ltr'>habemus</span> <span class='ocrx_word' id='word_1_810' title='bbox 3457 4832 3516 4888; x_wconf 93' lang='lat' dir='ltr'>in</span> 
     </span>
    </p>
   </div>
   <div class='ocr_carea' id='block_1_112' title="bbox 1929 4918 3518 4996">
    <p class='ocr_par' dir='ltr' id='par_1_112' title="bbox 1929 4918 3518 4996">
     <span class='ocr_line' id='line_1_112' title="bbox 1929 4918 3518 4996; baseline -0.004 -11"><span class='ocrx_word' id='word_1_811' title='bbox 1929 4928 2150 4986; x_wconf 87' lang='lat' dir='ltr'>Christo</span> <span class='ocrx_word' id='word_1_812' title='bbox 2195 4929 2343 4996; x_wconf 88' lang='lat' dir='ltr'>Jesu,</span> <span class='ocrx_word' id='word_1_813' title='bbox 2374 4935 2437 4984; x_wconf 89' lang='lat' dir='ltr'>ut</span> <span class='ocrx_word' id='word_1_814' title='bbox 2477 4941 2578 4981; x_wconf 90' lang='lat' dir='ltr'>nos</span> <span class='ocrx_word' id='word_1_815' title='bbox 2626 4925 2684 4979; x_wconf 92' lang='lat' dir='ltr'>in</span> <span class='ocrx_word' id='word_1_816' title='bbox 2713 4921 3036 4977; x_wconf 87' lang='lat' dir='ltr'>servitutem</span> <span class='ocrx_word' id='word_1_817' title='bbox 3066 4918 3419 4992; x_wconf 86' lang='lat' dir='ltr'>subjicerent,</span> <span class='ocrx_word' id='word_1_818' title='bbox 3449 4921 3518 4978; x_wconf 90' lang='lat' dir='ltr'>ad</span> 
     </span>
    </p>
   </div>
   <div class='ocr_carea' id='block_1_113' title="bbox 1928 5009 3518 5085">
    <p class='ocr_par' dir='ltr' id='par_1_113' title="bbox 1928 5009 3518 5085">
     <span class='ocr_line' id='line_1_113' title="bbox 1928 5009 3518 5085; baseline -0.004 -11"><span class='ocrx_word' id='word_1_819' title='bbox 1928 5017 2122 5074; x_wconf 90' lang='lat' dir='ltr'>horam</span> <span class='ocrx_word' id='word_1_820' title='bbox 2178 5017 2444 5074; x_wconf 88' lang='lat' dir='ltr'>cessimus</span> <span class='ocrx_word' id='word_1_821' title='bbox 2495 5009 2847 5085; x_wconf 88' lang='lat' dir='ltr'>subjectioni,</span> <span class='ocrx_word' id='word_1_822' title='bbox 2906 5014 2968 5067; x_wconf 88' lang='lat' dir='ltr'>ut</span> <span class='ocrx_word' id='word_1_823' title='bbox 2997 5011 3202 5068; x_wconf 86' lang='lat' dir='ltr'>veritas</span> <span class='ocrx_word' id='word_1_824' title='bbox 3230 5011 3518 5084; x_wconf 90' lang='lat' dir='ltr'>Evangelii</span> 
     </span>
    </p>
   </div>
   <div class='ocr_carea' id='block_1_114' title="bbox 1928 5099 3519 5182">
    <p class='ocr_par' dir='ltr' id='par_1_114' title="bbox 1928 5099 3519 5182">
     <span class='ocr_line' id='line_1_114' title="bbox 1928 5099 3519 5182; baseline -0.004 -17"><span class='ocrx_word' id='word_1_825' title='bbox 1928 5108 2073 5182; x_wconf 87' lang='lat' dir='ltr'>apud</span> <span class='ocrx_word' id='word_1_826' title='bbox 2100 5125 2199 5164; x_wconf 91' lang='lat' dir='ltr'>vos</span> <span class='ocrx_word' id='word_1_827' title='bbox 2222 5111 2558 5180; x_wconf 87' lang='lat' dir='ltr'>permaneat.</span> <span class='ocrx_word' id='word_1_828' title='bbox 2589 5127 2607 5152; x_wconf 78' lang='grc' dir='ltr'><strong><em>ι</em></strong></span> <span class='ocrx_word' id='word_1_829' title='bbox 2653 5101 2830 5160; x_wconf 64' lang='lat' dir='ltr'>Grmci</span> <span class='ocrx_word' id='word_1_830' title='bbox 2860 5117 2890 5158; x_wconf 93' lang='lat' dir='ltr'>e</span> <span class='ocrx_word' id='word_1_831' title='bbox 2925 5109 3117 5159; x_wconf 91' lang='lat' dir='ltr'>contra</span> <span class='ocrx_word' id='word_1_832' title='bbox 3143 5099 3336 5158; x_wconf 90' lang='lat' dir='ltr'>dicunt</span> <span class='ocrx_word' id='word_1_833' title='bbox 3361 5119 3372 5158; x_wconf 93' lang='lat'><strong>:</strong></span> <span class='ocrx_word' id='word_1_834' title='bbox 3408 5101 3519 5160; x_wconf 87' lang='lat' dir='ltr'>Nec</span> 
     </span>
    </p>
   </div>
   <div class='ocr_carea' id='block_1_115' title="bbox 1926 5191 3512 5264">
    <p class='ocr_par' dir='ltr' id='par_1_115' title="bbox 1926 5191 3512 5264">
     <span class='ocr_line' id='line_1_115' title="bbox 1926 5191 3512 5264; baseline -0.006 -8"><span class='ocrx_word' id='word_1_835' title='bbox 1926 5198 1996 5256; x_wconf 89' lang='lat' dir='ltr'>ad</span> <span class='ocrx_word' id='word_1_836' title='bbox 2025 5198 2217 5256; x_wconf 88' lang='lat' dir='ltr'>horam</span> <span class='ocrx_word' id='word_1_837' title='bbox 2247 5195 2531 5264; x_wconf 90' lang='lat' dir='ltr'>cessimus,</span> <span class='ocrx_word' id='word_1_838' title='bbox 2565 5203 2619 5252; x_wconf 91' lang='lat' dir='ltr'>et</span> <span class='ocrx_word' id='word_1_839' title='bbox 2647 5193 2752 5252; x_wconf 92' lang='lat' dir='ltr'>hoc</span> <span class='ocrx_word' id='word_1_840' title='bbox 2779 5191 2937 5249; x_wconf 90' lang='lat' dir='ltr'>aiunt</span> <span class='ocrx_word' id='word_1_841' title='bbox 2963 5191 3262 5249; x_wconf 88' lang='lat' dir='ltr'>convenire</span> <span class='ocrx_word' id='word_1_842' title='bbox 3298 5206 3512 5257; x_wconf 74' lang='lat' dir='ltr'>causae;</span> 
     </span>
    </p>
   </div>
   <div class='ocr_carea' id='block_1_116' title="bbox 1926 5324 3513 5414">
    <p class='ocr_par' dir='ltr' id='par_1_116' title="bbox 1926 5324 3513 5414">
     <span class='ocr_line' id='line_1_116' title="bbox 1926 5324 3513 5414; baseline -0.006 -25"><span class='ocrx_word' id='word_1_843' title='bbox 1926 5334 2062 5414; x_wconf 75' lang='lat' dir='ltr'>sola,</span> <span class='ocrx_word' id='word_1_844' title='bbox 2095 5332 2432 5414; x_wconf 67' lang='lat' dir='ltr'>abstinerent,</span> <span class='ocrx_word' id='word_1_845' title='bbox 2464 5331 2521 5387; x_wconf 89' lang='lat' dir='ltr'>id</span> <span class='ocrx_word' id='word_1_846' title='bbox 2551 5336 2644 5401; x_wconf 84' lang='lat' dir='ltr'>est,</span> <span class='ocrx_word' id='word_1_847' title='bbox 2683 5347 2718 5387; x_wconf 92' lang='lat' dir='ltr'>a</span> <span class='ocrx_word' id='word_1_848' title='bbox 2755 5328 3030 5402; x_wconf 76' lang='lat' dir='ltr'>sanguine,</span> <span class='ocrx_word' id='word_1_849' title='bbox 3059 5333 3110 5384; x_wconf 85' lang='lat' dir='ltr'>et</span> <span class='ocrx_word' id='word_1_850' title='bbox 3142 5324 3513 5398; x_wconf 78' lang='lat' dir='ltr'>fornicatione,</span> 
     </span>
    </p>
   </div>
   <div class='ocr_carea' id='block_1_117' title="bbox 1925 5405 3516 5547">
    <p class='ocr_par' dir='ltr' id='par_1_117' title="bbox 1925 5405 3516 5547">
     <span class='ocr_line' id='line_1_117' title="bbox 1925 5405 2308 5477; baseline 0 -17"><span class='ocrx_word' id='word_1_851' title='bbox 1925 5411 1973 5460; x_wconf 82' lang='lat' dir='ltr'>et</span> <span class='ocrx_word' id='word_1_852' title='bbox 1999 5405 2308 5477; x_wconf 82' lang='lat' dir='ltr'>idolothyto.</span> 
     </span>
     <span class='ocr_line' id='line_1_118' title="bbox 1999 5468 3516 5547; baseline -0.006 -15"><span class='ocrx_word' id='word_1_853' title='bbox 1999 5476 2116 5547; x_wconf 76' lang='lat'>(53)</span> <span class='ocrx_word' id='word_1_854' title='bbox 2164 5476 2322 5532; x_wconf 91' lang='lat' dir='ltr'>Rom.</span> <span class='ocrx_word' id='word_1_855' title='bbox 2364 5473 2520 5544; x_wconf 87' lang='lat' dir='ltr'>edit.,</span> <span class='ocrx_word' id='word_1_856' title='bbox 2553 5493 2588 5531; x_wconf 90' lang='lat' dir='ltr'>a</span> <span class='ocrx_word' id='word_1_857' title='bbox 2616 5473 2869 5547; x_wconf 78' lang='lat' dir='ltr'>sanguine</span> <span class='ocrx_word' id='word_1_858' title='bbox 2896 5471 3174 5529; x_wconf 77' lang='lat' dir='ltr'>abstinere.</span> <span class='ocrx_word' id='word_1_859' title='bbox 3232 5468 3370 5527; x_wconf 84' lang='lat' dir='ltr'>Nam</span> <span class='ocrx_word' id='word_1_860' title='bbox 3424 5469 3516 5525; x_wconf 83' lang='lat' dir='ltr'>hoc</span> 
     </span>
    </p>
   </div>
   <div class='ocr_carea' id='block_1_118' title="bbox 1923 5547 3473 5623">
    <p class='ocr_par' dir='ltr' id='par_1_118' title="bbox 1923 5547 3473 5623">
     <span class='ocr_line' id='line_1_119' title="bbox 1923 5547 3473 5623; baseline 0.003 -19"><span class='ocrx_word' id='word_1_861' title='bbox 1923 5554 2288 5623; x_wconf 63' lang='lat' dir='ltr'>accepertmta</span> <span class='ocrx_word' id='word_1_862' title='bbox 2315 5548 2444 5616; x_wconf 87' lang='lat' dir='ltr'>Noe,</span> <span class='ocrx_word' id='word_1_863' title='bbox 2475 5547 2614 5623; x_wconf 69' lang='lat' dir='ltr'>quod</span> <span class='ocrx_word' id='word_1_864' title='bbox 2641 5565 2676 5603; x_wconf 90' lang='lat' dir='ltr'>a</span> <span class='ocrx_word' id='word_1_865' title='bbox 2706 5547 2836 5614; x_wconf 80' lang='lat' dir='ltr'>Deo,</span> <span class='ocrx_word' id='word_1_866' title='bbox 2863 5553 3000 5623; x_wconf 85' lang='lat' dir='ltr'>etc._</span> <span class='ocrx_word' id='word_1_867' title='bbox 3031 5614 3042 5623; x_wconf 42' lang='lat'><em>.</em></span> <span class='ocrx_word' id='word_1_868' title='bbox 3143 5621 3153 5623; x_wconf 95' lang='lat'><em>_</em></span> <span class='ocrx_word' id='word_1_869' title='bbox 3198 5613 3208 5623; x_wconf 35' lang='grc' dir='ltr'><strong>θ</strong></span> <span class='ocrx_word' id='word_1_870' title='bbox 3262 5613 3282 5623; x_wconf 42' lang='grc' dir='ltr'>η</span> <span class='ocrx_word' id='word_1_871' title='bbox 3460 5611 3473 5623; x_wconf 66' lang='grc'><em>,</em></span> 
     </span>
    </p>
   </div>
   <div class='ocr_carea' id='block_1_119' title="bbox 1997 5613 3516 5693">
    <p class='ocr_par' dir='ltr' id='par_1_119' title="bbox 1997 5613 3516 5693">
     <span class='ocr_line' id='line_1_120' title="bbox 1997 5613 3516 5693; baseline -0.006 -17"><span class='ocrx_word' id='word_1_872' title='bbox 1997 5613 2114 5693; x_wconf 67' lang='grc'>(34)</span> <span class='ocrx_word' id='word_1_873' title='bbox 2147 5619 2276 5693; x_wconf 85' lang='lat' dir='ltr'>Mss.</span> <span class='ocrx_word' id='word_1_874' title='bbox 2310 5613 2614 5693; x_wconf 55' lang='lat' dir='ltr'>non&#39;pauci</span> <span class='ocrx_word' id='word_1_875' title='bbox 2634 5613 2948 5677; x_wconf 84' lang='lat' dir='ltr'>constanter</span> <span class='ocrx_word' id='word_1_876' title='bbox 2985 5613 3079 5674; x_wconf 90' lang='lat' dir='ltr'>hic</span> <span class='ocrx_word' id='word_1_877' title='bbox 3107 5621 3161 5670; x_wconf 88' lang='lat' dir='ltr'>et</span> <span class='ocrx_word' id='word_1_878' title='bbox 3195 5613 3340 5670; x_wconf 89' lang='lat' dir='ltr'>infra</span> <span class='ocrx_word' id='word_1_879' title='bbox 3367 5613 3516 5669; x_wconf 85' lang='lat' dir='ltr'>scri--</span> 
     </span>
    </p>
   </div>
   <div class='ocr_carea' id='block_1_120' title="bbox 1921 5690 2484 5761">
    <p class='ocr_par' dir='ltr' id='par_1_120' title="bbox 1921 5690 2484 5761">
     <span class='ocr_line' id='line_1_121' title="bbox 1921 5690 2484 5761; baseline -0.002 -11"><span class='ocrx_word' id='word_1_880' title='bbox 1921 5690 2101 5761; x_wconf 63' lang='lat' dir='ltr'>bunt,</span> <span class='ocrx_word' id='word_1_881' title='bbox 2132 5690 2484 5749; x_wconf 72' lang='lat' dir='ltr'>subinductos.</span> 
     </span>
    </p>
   </div>
  </div>
