3970 6360
486 405 588 466 367

1491 393 1588 448 AD
1625 389 1860 447 OPERA
1895 385 1951 444 S.
1994 382 2326 444 AMBROSII
2363 377 2742 438 APPENDIX.

3588 340 3780 423 aes

489 532 626 608 quia
652 528 748 604 qui
778 525 899 584 ﬁeri
935 519 1282 598 prohibebat,
1313 533 1424 573 non
1454 514 1757 588 oportebat,
1790 511 2073 586 inquiunt,
2103 514 2154 573 A
2182 518 2294 566 tres
2323 508 2351 565 ?
2379 506 2436 563 Si
2467 503 2786 578 quominus,
2818 496 3095 574 quomodo
3126 493 3292 552 verba
3334 499 3429 549 aut
3454 507 3648 548 sensus
3677 506 3779 546 se-

1356 605 1370 608 -
1745 604 1763 608 _
1827 602 1839 608 -
1931 601 1946 608 -
2394 603 2404 608 -
2505 595 2533 608 η
2562 593 2643 608 ην.
2817 597 2915 608 ηκικ
2961 594 3116 608 ..--ΑΑ
3152 583 3489 608 --μ-.-.ιηυηι
3522 581 3728 608 ,ιζ-ιη-ηι.

481 601 687 680 (Ῐὶοεθιεθ⁷
729 633 786 674 se
849 612 1078 678 fecisse;
1127 625 1198 666 ne
1256 605 1509 680 probaret
1559 619 1675 661 esse
1736 601 2068 659 faciendum.

481 711 588 770 Sed
633 705 914 780 apostolus
955 701 1044 757 vir
1089 697 1315 756 divinus
1344 695 1522 752 sciens
1541 709 1698 766 posse
1725 691 1833 748 hoc
1869 690 2072 764 opponi

481 802 597 873 ipse
626 795 768 853 illud
796 790 1075 866 proponit,
1124 796 1187 845 ut
1216 784 1518 858 praveniat
1546 780 1917 839 calumniosos
1948 797 1959 834 :
2019 785 2074 834 et

479 866 662 945 reddit
708 898 899 942 causas
951 878 1152 953 quibus
1183 875 1501 948 compulsus
1543 879 1623 928 est
1686 869 1863 926 facere
1926 866 2073 941 quod

479 975 725 1035 nolebat.
787 997 804 1020 ι
834 972 1066 1042 Propter
1122 963 1576 1023 subintroductos
1631 968 1834 1026 autem,
1867 957 2072 1030 inquit,

481 1067 649 1123 falsos
704 1063 919 1118 fratres.
956 1084 974 1108 ι
1037 1053 1502 1114 Subintroductos
1551 1049 1708 1118 dicit,
1757 1047 1888 1122 quia
1944 1063 2070 1103 cum

479 1153 608 1210 dolo
655 1151 1022 1214 intraverunt,
1077 1141 1427 1200 ostendentes
1455 1155 1511 1195 se
1559 1137 1775 1204 fratres,
1819 1151 1944 1191 cum
1977 1149 2071 1190 es-

478 1251 600 1300 sent
648 1238 885 1298 inimici.
931 1261 950 1285 ι
984 1235 1090 1304 Qui
1145 1233 1620 1296 subintraverunt,
1670 1225 1777 1282 hoc
1824 1231 1925 1292 est,
1973 1220 2069 1295 qui

477 1349 604 1390 cum
651 1329 967 1387 humilitate
1011 1325 1356 1381 intraverunt
1408 1321 1674 1392 ﬁngentes
1746 1312 2066 1370 amicitiam.

492 1448 511 1471 ι
532 1421 836 1494 Explorare
865 1415 1177 1474 libertatem
1205 1419 1472 1479 nostram,
1505 1425 1668 1482 quam
1700 1405 1963 1462 habemus
2009 1403 2069 1458 in

478 1493 700 1570 Christo
757 1509 906 1576 Iesu,
934 1512 998 1561 ut
1047 1519 1149 1559 nos
1177 1502 1236 1558 in
1273 1499 1596 1558 servitutem
1643 1493 1997 1566 subjicerent.
2035 1518 2054 1542 ι

477 1601 782 1673 Explorare
835 1604 918 1653 est
944 1594 1025 1651 sic
1051 1593 1275 1652 intrare.
1316 1596 1379 1645 ut
1414 1585 1566 1643 aliud
1612 1585 1803 1657 ﬁngat,
1833 1590 1887 1639 et
1916 1581 2069 1638 aliud

478 1697 705 1764 quarat.
764 1687 885 1755 Quo
961 1689 1181 1755 possent
1227 1692 1482 1736 accusare
1535 1702 1554 1725 ι
1601 1675 1908 1732 libertatem
1959 1688 2069 1727 no-

478 1762 668 1846 stram,
695 1791 860 1849 quam
890 1771 1159 1828 habemus
1187 1768 1244 1823 in
1267 1766 1486 1825 Christo
1513 1765 1660 1821 Jesu.
1694 1789 1710 1812 ι
1742 1762 1989 1820 Libertas
2010 1762 2068 1817 in

478 1866 700 1927 Christo
731 1864 858 1920 Iesu
886 1860 1006 1918 hac
1035 1866 1140 1924 est,
1172 1873 1284 1914 non
1315 1852 1516 1926 subjici
1546 1853 1674 1926 legi.
1715 1878 1733 1901 ι
1763 1852 1834 1944 Ut
1865 1867 1964 1908 nos
2003 1850 2061 1906 in
2094 1879 2143 1944 Β

477 1958 800 2016 servitutem
846 1951 1218 2024 subjicerent;
1253 1973 1271 1997 ι
1315 1945 1423 2004 hoc
1448 1955 1549 2015 est,
1577 1943 1648 2001 ad
1676 1943 1782 2000 hoc
1811 1943 2065 2000 intrave-

477 2054 608 2103 runt
665 2061 791 2102 cum
823 2042 952 2099 dolo
999 2049 1054 2099 et
1103 2037 1342 2106 fallacia,
1394 2045 1455 2092 ut
1481 2041 1721 2092 nostram
1757 2034 2063 2090 libertatem

479 2135 737 2194 servituti
779 2131 1134 2205 subjicerent,
1173 2135 1426 2200 cOgentes
1453 2141 1554 2181 nos
1584 2123 1783 2196 subjici
1814 2123 1920 2196 legi
1947 2123 2067 2180 cir-

477 2223 854 2285 cumcisionis.
925 2245 944 2269 ι
975 2220 1063 2276 Ad
1108 2219 1300 2276 horam
1340 2215 1603 2272 cessimus
1648 2211 2001 2285 subjectioni,
2035 2238 2052 2260 ι

478 2316 587 2372 hoc
613 2322 716 2384 est,
747 2311 817 2369 ad
846 2310 1038 2367 horam
1068 2325 1169 2365 nos
1196 2304 1522 2378 subjicimus
1555 2301 1834 2370 servituti,
1870 2299 2070 2356 humi-

479 2405 678 2460 liantes
733 2418 835 2458 nos
863 2401 992 2473 legi,
1044 2405 1106 2454 ut
1133 2394 1460 2455 circumciso
1491 2391 1802 2460 Timotheo,
1835 2396 2068 2448 cessaret

479 2494 640 2552 dolus
663 2501 720 2551 et
765 2489 1082 2550 scandalum
1123 2485 1459 2543 Iudaorum.
1492 2481 1674 2540 Parati
1704 2480 1852 2537 enim
1890 2488 2064 2547 erant,

478 2587 622 2644 sicut
658 2583 820 2641 datur
869 2578 1130 2652 intelligi,
1172 2590 1524 2635 commovere
1566 2572 1652 2629 illi
1684 2572 1984 2629 tumultum
2014 2576 2066 2625 et

476 2674 828 2733 seditionem.
888 2671 1018 2728 Fuit
1070 2667 1219 2725 enim
1249 2683 1431 2735 causa,
1466 2661 1743 2738 quomodo
1803 2661 2069 2717 haberent

476 2767 686 2825 aditum
743 2762 1032 2822 calumnia
1076 2757 1375 2825 facienda;
1425 2754 1747 2812 Timotheus
1774 2752 1922 2809 enim
1952 2756 2067 2806 erat

478 2866 650 2915 matre
706 2855 929 2930 quidem
987 2850 1196 2920 Iudaa,
1247 2858 1401 2923 patre
1450 2857 1632 2904 autem
1662 2845 1886 2902 Graco:
1920 2841 2068 2898 unde

481 2947 686 3006 factum
709 2953 814 3013 est,
844 2953 906 3000 ut
933 2940 1238 2999 secundum
1268 2940 1443 3010 legem
1473 2935 1832 2994 circumcisus
1886 2931 2068 2988 infans

481 3053 592 3095 non
622 3043 782 3094 esset.
810 3034 1018 3091 Volens
1045 3037 1225 3085 autem
1273 3025 1571 3100 Apostolus
1599 3041 1724 3081 eum
1770 3037 2064 3090 assumere,

479 3137 542 3184 ut
578 3126 859 3184 ordinaret
892 3122 1054 3178 illum
1090 3119 1430 3191 episcopum,
1456 3117 1601 3174 sicut
1620 3115 1752 3172 fecit
1783 3112 1936 3186 (quia
1980 3121 2070 3168 te-

480 3215 809 3274 stimonium
836 3211 909 3277 ei,
936 3207 1120 3280 inquit
1151 3207 1293 3279 (Act.
1326 3222 1447 3274 xvr,
1477 3204 1560 3278 2),
1588 3205 1795 3260 bonum
1821 3200 2070 3274 perhibe-

2182 603 2480 671 querentur
2505 595 2533 651 7
2562 593 2744 650 Titum
2776 597 2924 648 certe
2959 594 3119 661 negat
3147 583 3492 656 compulsum
3519 581 3777 638 circum—

2181 689 2330 758 cidi;
2373 695 2595 761 propter
2641 682 3094 742 subintroductos
3134 687 3320 735 autem
3354 677 3522 734 falsos
3550 675 3775 744 fratres,

2183 777 2316 850 quid
2351 785 2529 844 sonat,
2563 774 2670 832 nisi
2705 773 2834 847 quia
2862 771 3024 830 cessit
3053 769 3080 826 7
3108 769 3165 825 Si
3194 775 3377 824 autem
3409 772 3632 838 propter
3645 763 3775 821 sub-

2182 865 2525 922 introductos
2545 863 2711 920 falsos
2750 863 2944 918 fratres
2967 875 3080 916 non
3109 857 3292 925 cessit,
3323 873 3436 912 non
3484 856 3774 911 voluntate

2181 971 2293 1010 non
2339 953 2532 1020 cessit;
2582 968 2710 1008 nam
2761 965 3042 1008 cessurum
3075 964 3131 1005 se
3187 944 3540 1019 signiﬁcavit,
3589 944 3634 1000 si
3665 942 3774 1000 hoc

2180 1053 2296 1101 est:
2349 1043 2442 1100 sed
2484 1050 2707 1116 propter
2751 1039 3207 1098 subintroductos
3244 1036 3411 1093 falsos
3436 1036 3629 1092 fratres
3656 1049 3771 1090 non

2179 1135 2363 1194 cessit.
2395 1135 2452 1192 Si
2478 1151 2606 1208 ergo
2633 1131 2939 1193 cedendum
2972 1147 3084 1186 non
3125 1129 3252 1197 fuit,
3284 1143 3452 1201 quare
3476 1125 3600 1182 falsi
3646 1124 3772 1180 fra-

2179 1235 2290 1282 tres
2331 1225 2614 1294 dicuntur,
2673 1239 2908 1297 quorum
2947 1220 3216 1277 beneﬁcio
3259 1235 3370 1274 non
3410 1216 3559 1284 fecit,
3621 1211 3772 1288 quod

2179 1315 2493 1372 faciendum
2522 1329 2635 1369 non
2664 1312 2827 1370 erat?
2875 1313 3057 1384 Itaque
3087 1308 3133 1365 si
3164 1308 3269 1366 hoc
3306 1315 3406 1376 est,
3440 1303 3771 1362 beneﬁcium

2178 1403 2551 1476 prastiterunt
2607 1401 2892 1474 Apostolo,
2927 1399 3055 1473 quia
3103 1398 3302 1454 horum
3331 1411 3493 1453 causa
3517 1409 3628 1449 non
3655 1408 3768 1450 ces-

2177 1495 2269 1563 sit,
2304 1493 2451 1567 quod
2480 1492 2670 1550 cedere
2727 1491 2980 1549 habebat.
3023 1490 3134 1549 Cur
3179 1481 3347 1562 igitur
3393 1486 3771 1560 exploratores

2178 1581 2314 1640 dicti
2341 1592 2489 1651 sunt,
2522 1583 2569 1639 si
2598 1581 2704 1639 hoc
2751 1581 2910 1637 illum
2941 1579 3116 1636 facere
3146 1577 3426 1645 nolebant,
3472 1573 3620 1649 quod
3679 1572 3774 1629 fa-

2176 1683 2366 1732 cturus
2395 1683 2510 1732 erat
2534 1693 2545 1732 :
2581 1672 2675 1730 sed
2704 1679 2925 1744 propter
2953 1669 3087 1725 istos
3129 1683 3242 1723 non
3279 1665 3410 1722 fecit
3441 1664 3468 1722 ‘I
3497 1665 3554 1721 Si
3584 1669 3771 1720 autem

2176 1781 2289 1820 non
2318 1772 2434 1821 erat
2463 1764 2727 1831 facturus,
2790 1760 2908 1817 sine
2953 1757 3124 1814 dubio
3172 1761 3394 1828 propter
3423 1753 3556 1809 istos
3584 1752 3722 1808 fecit
3755 1769 3768 1809 :

2176 1852 2329 1909 aliud
2385 1853 2533 1909 enim
2564 1868 2676 1908 non
2731 1857 2832 1907 est.
2885 1847 3108 1905 Littera
3154 1843 3301 1900 enim
3359 1842 3466 1900 hoc
3496 1839 3768 1910 indicant,

2176 1941 2307 2016 quia
2334 1941 2515 2009 cessit,
2548 1950 2601 1997 et
2630 1938 2863 1996 historia
2906 1936 3112 1992 factum
3143 1933 3437 1990 exclamat.
3479 1929 3772 1999 Quomodo

2175 2032 2324 2088 enim
2351 2030 2420 2088 ad
2450 2030 2642 2086 horam
2695 2033 2916 2101 negaret
2944 2042 3000 2083 se
3055 2022 3300 2091 cessisse,
3351 2037 3477 2078 cum
3507 2019 3771 2093 probetur

2175 2130 2396 2196 propter
2425 2118 2641 2176 Iudaos
2672 2116 3023 2174 Timotheum
3043 2110 3480 2179 circumcidisse,
3511 2108 3658 2183 quod
3686 2117 3770 2166 est

2175 2212 2243 2269 ad
2278 2211 2472 2268 horam
2500 2209 2744 2278 cessisse,
2776 2215 2831 2264 et
2874 2205 3177 2265 secundum
3208 2205 3383 2278 legem
3413 2199 3768 2275 puriﬁcatum

2175 2302 2234 2358 in
2254 2302 2522 2374 templum
2576 2297 2885 2356 ascendisse
2943 2297 3087 2371 (Act.
3137 2311 3258 2363 xxi,
3291 2292 3412 2365 26).
3473 2291 3570 2347 Ille
3617 2289 3766 2346 enim

2174 2399 2356 2466 posset
2389 2391 2571 2448 dicere
2600 2407 2702 2446 nec
2741 2387 2810 2445 ad
2856 2387 3049 2444 horam
3097 2401 3154 2442 se
3183 2381 3429 2452 cessisse,
3479 2380 3574 2454 qui
3612 2395 3771 2436 nun-

2175 2499 2337 2556 quam
2404 2481 2750 2538 inveniretur
2803 2477 3049 2536 cessisse.
3106 2477 3220 2532 Aut
3271 2472 3419 2530 enim
3491 2487 3766 2538 cessurus,

2175 2583 2398 2649 propter
2427 2574 2594 2630 falsos
2621 2572 2818 2628 fratres
2847 2585 2960 2626 non
2986 2567 3150 2626 cessit
3180 2585 3191 2623 :
3229 2572 3322 2621 aut
3352 2579 3464 2620 non
3492 2578 3770 2630 cessurus,

2175 2673 2399 2737 propter
2456 2663 2652 2720 fratres
2703 2661 2874 2718 falsos
2917 2657 3104 2718 cessit.
3137 2657 3320 2713 Unum
3340 2669 3467 2726 ergo
3494 2669 3524 2710 e
3552 2650 3772 2708 duobus

2176 2753 2428 2826 accipite.
2457 2750 2604 2808 Falsi
2649 2751 2846 2808 fratres
2874 2755 3061 2806 autem
3091 2745 3372 2814 dicuntur,
3405 2742 3502 2818 qui
3530 2739 3771 2802 creden-

2176 2853 2255 2901 tes
2282 2841 2657 2915 judaizabant.

2251 2932 2433 3005 (Vers.
2461 2932 2542 3004 6.)
2588 2955 2608 2978 ι
2636 2929 2725 2987 Ab
2742 2928 2831 2987 his
2860 2944 2992 2986 vero
3020 2926 3118 3001 qui
3145 2922 3538 2982 existimantur
3560 2916 3775 2992 aliquid

2176 3040 2314 3093 esse,
2345 3025 2533 3097 quales
2582 3022 2881 3095 aliquando
2927 3020 3174 3086 fuerunt,
3205 3014 3349 3072 nihil
3371 3028 3491 3070 mea
3519 3011 3770 3078 interest,

2176 3116 2322 3171 Deus
2352 3129 2640 3185 personam
2681 3111 2924 3168 hominis
2951 3125 3064 3165 non
3110 3106 3333 3178 accipit.
3359 3128 3379 3154 ι
3426 3103 3543 3160 Hoc
3566 3099 3778 3173 signiﬁ-

2180 3212 2287 3271 cat,
2321 3201 2450 3274 quia
2479 3200 2714 3273 apostoli
2745 3199 2899 3272 prius
2952 3196 3236 3270 simplices
3263 3193 3516 3250 homines
3545 3199 3699 3246 erant
3723 3197 3780 3247 et

479 3307 612 3364 bant
642 3318 832 3361 omnes
881 3298 988 3356 loci
1014 3267 1220 3369 illius),
1265 3267 1496 3352 insidias
1513 3267 1714 3367 passus
1740 3267 2069 3348 est-Iudao-
2101 3267 2145 3327 (ἶ
2182 3267 2448 3363 imperiti,
2496 3267 2708 3345 nullius
2745 3267 3084 3360 dignitatis
3108 3285 3168 3341 in
3216 3285 3353 3357 lege,
3388 3280 3485 3339 sed
3528 3279 3634 3337 hoc
3663 3294 3779 3334 non

481 3413 626 3453 rum.
657 3387 1040 3466 Explorabant
1071 3386 1220 3444 enim
1251 3383 1297 3442 si
1319 3383 1499 3440 ﬁlium
1526 3381 1726 3438 Iudaa
1757 3379 2072 3437 incircum-

480 3485 658 3544 cisum
703 3465 1026 3550 susciperet,
1081 3481 1332 3550 parantes
1381 3472 1727 3541 seditionem,
1774 3469 1903 3543 quia
1931 3467 1977 3524 si
2007 3465 2074 3522 de

483 3572 690 3633 Graecis
713 3566 1129 3628 contradicebat
1166 3582 1278 3622 non
1307 3579 1423 3621 esse
1470 3559 1964 3626 circumcidendos,
1990 3556 2076 3615 si-

483 3672 580 3721 cut
609 3671 664 3719 et
708 3659 943 3733 epistola
976 3656 1045 3714 ab
1091 3655 1354 3728 apostolis
1383 3653 1451 3709 de
1480 3651 1584 3709 hac
1635 3667 1692 3708 re
1722 3651 1901 3706 fuerat
1953 3646 2079 3704 data

490 3751 634 3824 (Act.
688 3765 788 3818 xv,
819 3745 1050 3818 23-29),
1091 3745 1182 3800 vel
1213 3744 1359 3800 ﬁlios
1405 3742 1569 3798 Israel
1604 3735 1928 3797 circumcidi
1967 3751 2079 3791 non

487 3844 736 3906 vetaret;
763 3836 894 3912 quia
925 3834 1072 3891 nihil
1101 3833 1169 3890 de
1198 3832 1288 3889 his
1325 3831 1386 3888 in
1418 3830 1650 3903 epistola
1684 3828 1872 3885 eadem
1900 3824 2082 3899 signi-

489 3927 787 3985 ﬁcaverant
835 3922 1070 3998 apostoli
1103 3942 1114 3980 :
1149 3938 1220 3980 ex
1249 3921 1408 3994 cujus
1461 3917 1785 3978 auctoritate
1817 3917 1942 3989 plus
1985 3915 2085 3970 in—

491 4015 792 4076 saviebant
832 4013 1115 4072 credentes
1170 4010 1368 4082 Iudai,
1410 4009 1540 4084 quia
1587 4025 1702 4066 non
1756 4004 2087 4081 prohibebat

2184 3387 2393 3443 obesse.
2425 3384 2563 3452 Quis
2599 3383 2748 3440 enim
2776 3391 2998 3440 accuset
3034 3398 3182 3450 eum,
3213 3395 3375 3454 quem
3423 3379 3569 3434 Deus
3613 3389 3780 3432 excu-

2185 3477 2318 3534 sat?
2362 3475 2503 3544 Quia
2574 3491 2687 3530 non
2760 3472 3026 3548 quaritur
3091 3472 3217 3546 quis
3256 3468 3390 3544 quid
3436 3465 3624 3534 fuerit,
3685 3461 3784 3520 sed

2188 3565 2323 3640 quid
2363 3566 2453 3623 sit.
2505 3563 2788 3622 Praterita
2807 3563 2954 3620 enim
2985 3578 3086 3619 nec
3115 3559 3487 3618 condemnant
3513 3571 3616 3612 nec
3644 3552 3787 3608 vin-

2189 3658 2376 3715 dicant
2408 3657 2549 3731 (55).
2583 3655 2690 3713 Sed
2707 3663 2897 3712 tamen
2921 3653 3045 3710 vult
3078 3651 3314 3724 intelligi
3335 3649 3465 3724 quia
3493 3655 3546 3704 et
3568 3645 3783 3719 peritus

2191 3756 2306 3804 erat
2334 3749 2391 3804 in
2443 3749 2579 3819 lege,
2611 3753 2666 3802 et
2712 3747 2894 3803 clarus
2928 3744 3046 3800 vita
3078 3762 3090 3800 :
3144 3759 3206 3800 ac
3237 3756 3332 3814 per
3359 3739 3466 3795 hoc
3486 3744 3541 3794 et
3567 3735 3788 3807 dispen-

2192 3837 2402 3895 satione
2429 3837 2718 3909 Evangelii
2747 3834 3056 3909 pracipuus
3085 3832 3358 3888 minister.
3407 3854 3423 3875 ι
3445 3825 3584 3884 Mihi
3613 3823 3788 3894 enim,

2196 3928 2290 4001 qui
2310 3927 2703 3984 existimantur
2737 3923 2951 3998 aliquid
2978 3937 3113 3990 esse,
3166 3919 3310 3975 nihil
3344 3915 3721 3974 contulerunt.
3754 3935 3776 3961 ι

2194 4017 2348 4076 Nihil
2383 4016 2518 4074 dicit
2545 4031 2601 4072 se
2630 4015 2696 4072 ab
2722 4011 2983 4087 apostolis
3012 4014 3390 4073 consecutum,
3422 4003 3518 4061 sed
3547 4019 3578 4058 a
3629 4004 3747 4060 Deo
3772 4020 3789 4072 ;

493 4109 708 4166 Iudaos
736 4107 883 4164 ﬁlios
913 4123 1040 4163 suos
1068 4103 1466 4164 circumcidere
1487 4103 1604 4176 ipsa
1631 4101 1883 4175 epistola.
1907 4099 2084 4167 Tunc,
2197 4111 2330 4184 quia
2357 4111 2454 4184 qui
2482 4108 2754 4180 imperitis
2804 4120 3025 4160 sensum
3053 4099 3250 4157 tribuit
3293 4095 3601 4168 disciplina;
3631 4093 3800 4151 Chri.

497 4199 700 4274 inquit,
747 4196 1023 4272 accipiens
1042 4211 1168 4252 eum
1207 4192 1558 4252 circumcidit
1605 4198 1827 4264 propter
1871 4188 2088 4245 Iudaos

495 4289 591 4364 qui
621 4294 778 4345 erant
832 4287 893 4342 in
921 4285 1058 4342 locis
1088 4284 1201 4340 illis
1252 4283 1396 4356 (Act.
1428 4299 1548 4350 XVI,
1571 4280 1650 4352 3).
1683 4279 1761 4337 De
1791 4278 2090 4353 gentilibus

497 4390 680 4438 autem
719 4375 1040 4436 scandalum
1091 4391 1205 4432 non
1249 4372 1544 4442 habebant,
1574 4370 1722 4427 unde
1773 4370 1929 4426 Titus
1976 4385 2090 4424 non

499 4479 581 4526 est
607 4467 925 4541 compulsus
977 4462 1321 4523 circumcidi.
1363 4461 1450 4518 Ad
1480 4460 1670 4517 horam
1720 4475 1848 4532 ergo
1904 4457 2089 4524 cessit,

500 4567 562 4616 ut
591 4558 792 4615 veritas
818 4554 1144 4628 Evangelii;
1185 4559 1500 4626 permaneat
1547 4548 1693 4624 apud
1731 4555 1935 4622 gentes,
1966 4563 2093 4604 cum

502 4666 615 4706 non
668 4645 975 4719 subjiciunt
1003 4661 1060 4701 se
1088 4639 1520 4701 oircumcisioni.
1561 4638 1725 4712 Apud
1750 4637 1968 4695 Iudaos
1988 4652 2097 4694 au-
2124 4629 2173 4689 D

505 4747 616 4796 tem
658 4753 770 4793 non
817 4743 933 4792 erat
979 4734 1184 4790 veritas
1240 4730 1561 4804 Evangelii;
1614 4728 1744 4802 quia
1811 4726 2096 4784 credentes

506 4824 974 4884 circumcidebant
1022 4823 1167 4879 ﬁlios
1195 4838 1359 4890 suos;
1422 4820 1481 4877 in
1539 4817 1761 4876 Christo
1795 4817 1943 4873 enim
1971 4816 2100 4872 Iesu

510 4931 688 4987 neque
718 4914 1073 4987 praeputium,
1104 4928 1282 4986 neque
1310 4907 1664 4969 circumcisio
1688 4906 1900 4980 aliquid
1928 4905 2094 4962 valet:

512 5002 608 5059 sed
638 5002 773 5058 ﬁdes
830 5018 925 5074 per
963 5001 1319 5058 dilectionem
1351 5015 1582 5074 operans
1614 4997 1822 5071 (Galat.
1871 5013 1948 5064 1v,
1985 4995 2050 5050 15
2083 5011 2096 5062 ;

515 5111 573 5162 v,
603 5091 687 5165 6).
725 5091 863 5148 Nam
894 5105 1007 5146 non
1037 5089 1215 5146 solum
1269 5089 1524 5158 historia,
1554 5085 1650 5144 sed
1686 5093 1742 5142 et
1770 5085 1968 5142 littera
1997 5082 2103 5140 hoc

515 5181 787 5249 indicant,
817 5178 948 5252 quia
988 5178 1169 5235 cessit.
1217 5178 1354 5236 Nam
1384 5195 1547 5250 supra
1575 5176 1712 5234 dicit
1739 5175 1948 5243 Titum,
1977 5189 2104 5231 cum

515 5279 656 5330 esset
685 5271 929 5338 Gracus,
969 5283 1082 5324 non
1116 5281 1230 5324 esse
1259 5267 1606 5340 compulsum
1644 5262 2005 5332 circumcidi;
2054 5268 2108 5318 et

515 5361 761 5434 subjicit,
816 5359 1046 5418 dicens:
1114 5381 1132 5408 «ι
1178 5357 1409 5431 Propter
1457 5355 1907 5414 subintroductos
1964 5356 2108 5416 216

517 5468 700 5516 autem
732 5459 900 5517 falsos
951 5457 1172 5515 fratres.
1201 5480 1221 5505 ι
1283 5453 1430 5524 Quid
1466 5453 1582 5528 jam
1611 5461 1790 5524 sonat,
1845 5450 1954 5510 nisi
1983 5449 2113 5524 quia

523 5549 687 5606 cessit
713 5547 783 5606 ad
815 5547 1010 5607 horam
1039 5552 1263 5622 propter
1288 5543 1743 5605 subintroductos
1775 5541 1942 5601 falsos
1991 5539 2112 5596 fra-

589 5780 709 5853 (55)
770 5777 958 5837 Codex
1008 5778 1183 5849 νειμ,
1212 5793 1304 5836 nec
1332 5773 1700 5840 condemnant,
1733 5785 1823 5829 nec
1841 5762 2111 5841 judicant.

2198 4183 2409 4268 stiana,
2444 4199 2559 4271 ipse
2591 4205 2643 4252 et
2691 4194 2852 4263 mihi,
2879 4192 3085 4266 inquit,
3125 4205 3253 4247 cum
3282 4203 3455 4245 essem
3486 4184 3621 4258 legis
3651 4183 3796 4257 peri-

2202 4298 2308 4358 tus,
2352 4288 2606 4360 dignatus
2662 4291 2744 4341 est
2773 4281 3046 4356 impertiri
3076 4295 3296 4338 sensum
3341 4275 3574 4335 rationis
3601 4273 3796 4345 hujus-

2201 4377 2374 4435 modi.
2430 4373 2718 4445 Quomodo
2764 4390 2892 4445 ergo
2941 4371 3061 4429 ﬁeri
3115 4375 3349 4443 poterat,
3398 4376 3461 4422 ut
3488 4364 3582 4422 hic
3609 4362 3677 4418 ab
3708 4361 3798 4418 his

2203 4469 2460 4535 disceret,
2489 4481 2651 4538 quem
2709 4462 2947 4538 peritum
2976 4460 3290 4526 inveniens,
3319 4453 3637 4530 peritiorem
3665 4449 3799 4507 fecit

2207 4559 2380 4634 gratia
2408 4555 2670 4616 Christi?

2279 4648 2462 4722 (Vers.
2499 4647 2550 4715 7,
2581 4645 2664 4718 8.)
2709 4669 2728 4692 ι
2755 4642 2861 4701 Sed
2889 4658 2918 4698 e
2949 4649 3162 4708 contra,
3194 4653 3321 4696 cum
3351 4632 3623 4690 vidissent
3637 4629 3797 4722 quod

2205 4720 2480 4796 creditum
2506 4743 2588 4793 est
2603 4732 2744 4790 mihi
2767 4729 3131 4803 Evangelium
3162 4723 3440 4799 praputii,
3465 4722 3610 4778 sicut
3636 4720 3800 4776 Petro

2207 4824 2679 4892 circumcisionis;
2731 4822 2826 4895 qui
2873 4819 3021 4877 enim
3069 4824 3325 4890 operatus
3373 4819 3458 4871 est
3530 4812 3692 4868 Petro
3741 4809 3801 4864 in

2211 4918 2575 4993 apostolatum
2622 4908 3082 4978 circumcisionis,
3120 4913 3376 4980 operatus
3403 4909 3486 4960 est
3543 4907 3597 4956 et
3624 4899 3684 4954 in
3714 4913 3803 4954 me

2211 4989 2279 5067 ad
2310 5015 2516 5081 gentes.
2547 5030 2566 5055 ι
2632 5003 2855 5060 Petrum
2895 5000 3075 5057 solum
3121 4996 3390 5064 nominat,
3419 5001 3475 5049 et
3522 4989 3627 5047 sibi
3656 5003 3804 5045 com-

2213 5078 2387 5172 parat,
2423 5097 2553 5170 quia
2592 5095 2892 5169 primatum
2921 5091 3036 5163 ipse
3065 5095 3346 5161 acceperat
3366 5083 3436 5142 ad
3464 5078 3807 5138 fundandam

2213 5169 2516 5248 Ecclesiam
2542 5204 2554 5244 :
2615 5203 2672 5243 se
2699 5200 2914 5260 quoque
2974 5181 3092 5254 pari
3121 5178 3287 5235 modo
3317 5177 3573 5242 electum,
3604 5180 3667 5228 ut
3696 5169 3808 5260 pri-

2216 5289 2425 5336 matum
2456 5275 2653 5334 habeat
2678 5259 2738 5331 in
2770 5270 3068 5330 fundandis
3096 5267 3340 5342 gentium
3398 5261 3698 5322 Ecclesiis:
3732 5259 3813 5316 ita

2218 5380 2421 5440 tamen,
2448 5377 2511 5425 ut
2537 5375 2591 5424 et
2638 5367 2832 5424 Petrus
2881 5360 3138 5436 gentibus
3182 5356 3528 5431 pradicaret,
3570 5350 3616 5408 si
3646 5365 3814 5440 causa

2220 5459 2434 5530 fuisset,
2467 5467 2521 5515 et
2556 5457 2759 5514 Paulus
2813 5452 3036 5511 Iudaeis.
3074 5449 3211 5507 Nam
3268 5454 3499 5520 uterque
3528 5439 3816 5498 invenitur

2221 5559 2520 5626 utrumque
2575 5547 2768 5608 fecisse
2814 5562 2826 5602 :
2909 5541 3004 5602 sed
3055 5546 3241 5598 tamen
3291 5537 3454 5611 plena
3488 5531 3815 5604 auctoritas,
