3970 6386
227 399 335 462 369

1292 408 1652 475 COMMENT.
1694 419 1768 478 IN
1802 422 2019 486 EPIST.
2059 428 2157 488 AD
2195 429 2452 488 GALAT.

3405 425 3514 522 370/

227 526 388 623 Pet_ro
541 529 809 623 Iudaismi
869 531 1256 608 pradicatione
1301 535 1425 594 data
1451 538 1812 618 dignoscitur,
1843 551 1895 612 Α
1924 550 2022 610 illo
2044 561 2099 610 et
2118 555 2299 612 caeteri
2321 552 2515 623 Iudaai,
2541 551 2618 609 ita
2635 559 2698 608 ut
2713 561 2767 609 et
2790 551 3066 610 Barnabas
3084 553 3418 613 consentiret
3436 523 3510 613 si;

225 624 284 705 et
313 618 469 674 Pauli
501 620 741 692 perfecta
772 623 1070 680 auctoritas
1090 623 1146 679 in
1164 625 1551 698 praedicatione
1567 635 1810 705 gentium

224 702 533 766 invenitur.
566 711 720 768 Unde
762 719 816 768 et
845 713 1165 786 magistrum
1197 731 1252 771 se
1291 718 1533 789 gentium
1566 702 1724 781 vocat
1754 728 1812 783 in

225 798 336 881 ﬁde
367 810 420 858 et
450 803 680 862 veritate
713 806 802 879 (II
843 807 976 863 Tim.
1025 825 1063 875 ι,
1100 809 1222 880 11);
1253 815 1632 890 unusquisque
1663 821 1811 879 enim

223 906 328 962 pro
355 893 569 951 viribus
595 895 709 952 suis
736 895 1198 971 dispensationem
1223 902 1450 960 sortitus
1470 914 1570 963 est.
1608 909 1812 967 Difﬁci-

223 977 339 1035 lius
376 981 524 1038 enim
555 983 663 1040 fuit
691 1001 783 1041 eos
821 986 916 1059 qui
938 987 1096 1060 longe
1119 1004 1150 1044 a
1188 990 1299 1046 Deo
1329 1003 1505 1061 erant,
1546 997 1614 1053 ad
1643 997 1812 1057 ﬁdem

221 1083 381 1128 suam
415 1073 687 1131 attrahere
717 1084 770 1132 et
797 1076 1044 1144 suadere,
1081 1095 1243 1151 quam
1275 1082 1579 1154 proximos.

309 1161 490 1236 (Vers.
521 1167 576 1234 9,
627 1164 739 1237 10.)
801 1189 821 1214 α
854 1167 926 1222 Et
963 1167 1197 1225 scientes
1244 1171 1473 1244 gratiam
1520 1175 1642 1245 Dei,
1693 1193 1812 1252 quae

220 1255 352 1312 data
396 1263 478 1312 est
528 1253 690 1323 mihi,
732 1255 924 1312 Petrus
969 1264 1022 1311 et
1062 1258 1296 1316 Iacobus
1339 1271 1392 1318 et
1429 1263 1685 1336 Joannes,
1717 1268 1812 1342 qui

221 1344 555 1401 videbantur
578 1344 850 1402 columnae
878 1362 1014 1415 esse,
1049 1347 1273 1406 dextras
1291 1350 1561 1410 dederunt
1592 1355 1730 1412 mihi
1761 1365 1814 1413 et

220 1432 485 1491 Barnabas
513 1432 922 1492 communionis
955 1454 968 1504 ;
1007 1442 1068 1492 ut
1088 1453 1188 1493 nos
1217 1439 1284 1495 ad
1315 1449 1520 1512 gentes,
1546 1443 1652 1516 ipsi
1681 1462 1813 1502 vero

219 1523 282 1580 in
307 1521 784 1581 circumcisionem
809 1541 822 1591 ;
853 1531 1069 1581 tantum
1102 1535 1162 1582 ut
1192 1543 1492 1600 pauperum
1546 1549 1813 1591 memores

216 1631 482 1684 essemus,
505 1613 652 1687 quod
675 1613 980 1671 etsollicite
1009 1617 1198 1672 curavi
1227 1617 1332 1675 hoc
1354 1620 1532 1691 ipsum
1562 1622 1758 1679 facere.
1781 1650 1798 1673 ι

216 1703 309 1760 Ab
327 1702 590 1777 apostolis
621 1703 717 1777 qui
755 1703 1017 1760 clariores
1047 1705 1190 1761 inter
1219 1718 1444 1765 caeteros
1476 1719 1652 1779 erant,
1675 1729 1812 1786 quos

215 1802 276 1851 et
304 1793 584 1850 ﬁrmitatis
612 1809 773 1850 causa
811 1795 1096 1851 columnas
1137 1799 1397 1870 appellat,
1432 1801 1636 1874 quique
1683 1820 1809 1860 cum

1921 643 2210 701 mulationi
2229 661 2438 701 eorum.
2459 669 2476 691 ι
2504 645 2571 701 Hi
2593 658 2783 700 omnes
2798 641 3095 716 Iudaei,qui
3112 655 3510 702 consenserunt

1920 732 2257 791 simulationi
2273 734 2415 792 Petri
2438 743 2491 791 et
2506 732 2790 801 Barnabze,
2811 733 2970 788 bona
2985 730 3114 788 ﬁdei
3133 730 3360 791 fuerunt
3377 753 3388 791 :
3412 736 3509 794 sed

1920 832 2142 896 propter
2169 824 2487 882 scandalum
2517 825 2762 891 illorum,
2789 821 2885 896 qui
2913 821 3208 878 veniebant
3227 820 3294 876 ab
3309 823 3510 880 Iacobo

1924 913 2102 984 (erant
2117 914 2264 970 enim
2281 915 2626 972 aemulatores
2641 912 2897 988 legis,qui
2911 919 2966 969 et
2980 912 3151 985 legem
3169 911 3508 972 etChristum

1921 1017 2076 1074 aequo
2086 1002 2210 1074 jure
2224 1012 2632 1060 venerarentur:
2648 1001 2796 1076 quod
2805 1009 2996 1058 contra
3013 1000 3142 1057 ﬁdei
3159 1000 3508 1073 disciplinam

1920 1091 2024 1161 est)
2057 1092 2418 1162 praesentibus
2445 1092 2522 1148 eis
2559 1107 2671 1148 non
2703 1090 3203 1148 commiscebantur
3230 1091 3508 1164 gentibus.

1920 1180 2210 1238 Timebant
2236 1182 2384 1238 enim
2416 1181 2681 1254 impetum
2712 1179 2952 1237 audacia
2981 1196 3191 1248 eorum,
3223 1181 3316 1254 qui
3343 1199 3508 1240 amu-

1920 1270 2174 1327 labantur
2205 1273 2397 1344 legem.
2429 1269 2586 1338 Quod
2615 1269 2660 1326 si
2691 1269 2868 1326 solum
2900 1269 3112 1339 fuisset,
3144 1286 3255 1327 non
3286 1279 3402 1328 erat
3430 1289 3510 1330 re-

1921 1360 2328 1434 prehensibile:
2382 1361 2475 1417 sed
2516 1361 2573 1416 in
2603 1376 2710 1434 quo
2741 1369 2981 1417 erratum
3015 1367 3114 1426 est,
3161 1359 3218 1416 in
3248 1361 3512 1433 subjectis

1920 1450 2180 1506 ostendit.
2231 1451 2367 1507 Nam
2415 1457 2469 1506 et
2517 1449 2630 1523 ipse
2663 1449 2858 1522 utique
2895 1448 3057 1506 cessit
3085 1448 3423 1508 animositati
3457 1459 3512 1508 et

1919 1540 2160 1598 audacia
2188 1540 2527 1610 Iudaeorum,
2575 1540 2774 1596 timens
2816 1555 2885 1596 ne
2912 1557 3009 1612 per
3035 1539 3140 1597 hoc
3171 1540 3317 1615 quod
3350 1541 3509 1598 facile

1921 1640 2019 1699 est,
2050 1632 2366 1705 subreperet
2394 1632 2734 1700 scandalum,
2769 1632 2916 1706 quod
2941 1632 3167 1690 difﬁcile
3195 1632 3496 1702 sedaretur;

1919 1722 2050 1796 quia
2074 1730 2128 1777 et
2157 1722 2458 1778 secundum
2491 1723 2660 1794 legem
2691 1721 3006 1794 puriﬁcavit
3034 1739 3090 1778 se
3115 1731 3335 1781 coactus
3365 1725 3508 1797 (Act.

1919 1828 2039 1880 xxx,
2070 1811 2185 1883 26),
2219 1819 2273 1867 et
2318 1810 2669 1867 Timotheum
2702 1810 3052 1868 circumcidit
3095 1811 3305 1869 invitus
3363 1813 3506 1885 (Act.

215 1883 458 1940 Domino
501 1897 715 1953 semper
761 1883 819 1938 in
866 1884 1090 1940 secretis
1133 1885 1370 1955 fuerant,
1421 1890 1652 1960 gloriam
1691 1892 1809 1963 ejus
1840 1907 1886 1968 Β
1915 1915 2036 1966 xw,
2067 1899 2146 1970 3).

213 1972 375 2046 digni
411 1973 468 2029 in
515 1979 701 2028 monte
734 1972 1001 2044 respicere
1044 1974 1256 2046 (Matth.
1299 1993 1440 2046 xvn,
1475 1979 1570 2050 2);
1609 1981 1676 2036 ab
1724 1981 1812 2038 his

214 2059 404 2134 itaque
432 2060 722 2134 probatum
753 2060 890 2116 dicit
917 2061 1146 2129 donum,
1181 2063 1324 2135 quod
1355 2067 1563 2139 accepit
1600 2085 1631 2124 a
1659 2072 1805 2139 Deo;

213 2157 282 2206 ut
325 2149 525 2222 dignus
571 2156 714 2205 esset
743 2148 944 2204 habere
992 2149 1288 2221 primatum
1328 2153 1388 2209 in
1419 2156 1810 2226 praedicatione

216 2239 489 2313 gentium,
523 2238 668 2295 sicut
721 2245 776 2294 et
810 2237 1046 2296 habebat
1093 2241 1286 2298 Petrus
1325 2243 1384 2298 in
1422 2246 1811 2316 przedicatione

213 2327 676 2388 circumcisionis.
728 2327 820 2383 Et
850 2329 995 2384 sicut
1042 2329 1136 2386 dat
1182 2331 1342 2389 Petro
1402 2335 1602 2402 socios,
1662 2339 1812 2396 viros

214 2417 460 2494 egregios
506 2417 650 2474 inter
694 2418 1006 2490 apostolos:
1057 2418 1134 2475 ita
1161 2427 1215 2474 et
1254 2420 1360 2477 sibi
1394 2421 1580 2497 jungit
1610 2427 1808 2484 Barna-

212 2510 368 2577 bam,
395 2507 489 2582 qui
536 2506 730 2562 divino
762 2505 975 2579 judicio
1002 2507 1051 2565 ei
1079 2509 1375 2582 adjunctus
1397 2520 1478 2569 est
1511 2515 1652 2585 (Act.
1681 2534 1806 2588 xm,

213 2598 311 2672 2):
345 2597 572 2672 gratiam
603 2603 786 2652 tamen
815 2596 1085 2670 primatus
1121 2599 1229 2656 sibi
1261 2601 1366 2658 soli
1387 2603 1636 2662 vindicat
1664 2623 1810 2664 con-

213 2706 422 2748 cessam
459 2706 490 2744 a
517 2689 650 2757 Deo,
681 2688 824 2745 sicut
852 2695 906 2744 et
935 2689 1040 2745 soli
1065 2690 1228 2746 Petro
1252 2707 1509 2750 concessa
1548 2703 1630 2751 est
1664 2696 1810 2752 inter

211 2780 523 2855 apostolos:
576 2779 652 2836 ita
699 2787 763 2835 ut
807 2780 1043 2852 apostoli
1097 2781 1538 2841 circumcisionis
1586 2785 1810 2844 dextras

213 2869 558 2944 porrigerent
595 2867 856 2940 apostolis
899 2869 1144 2942 gentium
1190 2869 1259 2926 ad
1307 2872 1662 2930 concordiam
1711 2892 1810 2931 so-

211 2960 435 3017 cietatis
463 2959 942 3016 demonstrandam
969 2976 982 3026 ;
1025 2967 1087 3015 ut
1115 2960 1336 3034 utrique
1376 2963 1608 3020 scientes
1635 2965 1806 3038 perfe-

211 3049 419 3106 ctionis
474 3047 730 3122 spiritum
778 3049 836 3104 in
883 3048 1290 3122 dispensatione
1333 3051 1620 3124 Evangelii
1675 3071 1731 3111 se
1777 3071 1808 3111 a

211 3139 455 3198 Domino
509 3145 852 3207 consecutos,
902 3138 959 3194 in
1015 3139 1172 3194 nullo
1220 3156 1276 3196 se
1334 3140 1573 3199 invicem
1632 3142 1806 3216 legere

212 3228 584 3309 ostenderent.
619 3229 734 3285 Hoc
761 3228 941 3284 solum
971 3235 1154 3285 tamen
1187 3229 1334 3286 inter
1361 3248 1417 3288 se
1445 3233 1801 3301 convenisse;

212 3326 277 3375 ut
307 3317 451 3393 quod
483 3335 592 3375 non
622 3333 690 3374 ex
719 3326 988 3391 praecepto
1017 3320 1104 3375 vel
1145 3318 1291 3376 dono
1328 3319 1554 3377 Domini
1587 3321 1807 3378 fuerant

215 3417 494 3488 instructi,
529 3418 657 3492 quia
702 3416 860 3474 facile
887 3425 1003 3473 erat
1033 3412 1178 3471 217
1206 3417 1311 3475 hoc
1338 3435 1406 3475 ex
1440 3420 1556 3491 lege
1585 3437 1685 3493 cog
1699 3438 1808 3478 no—

211 3523 384 3576 scere,
415 3507 516 3564 hos
545 3507 744 3580 quibus
774 3504 1163 3579 praedicabant,
1205 3523 1503 3579 pauperum
1535 3525 1807 3566 memores

210 3613 331 3655 esse
369 3597 662 3671 juberent;
714 3605 773 3653 ut
818 3595 1271 3665 misericordiam,
1305 3613 1401 3669 per
1443 3614 1605 3670 quam
1637 3615 1670 3654 a
1696 3601 1808 3657 Deo

211 3687 483 3760 redempti
528 3693 677 3756 sunt,
723 3687 986 3744 colerent.
1037 3684 1248 3743 Idcirco
1286 3685 1455 3760 igitur
1501 3686 1642 3758 haec,
1689 3705 1808 3762 quae

211 3776 362 3833 inter
383 3791 439 3832 se
460 3784 513 3833 et
541 3775 816 3848 apostolos
831 3774 974 3831 facta
993 3782 1142 3843 sunt,
1162 3774 1476 3831 manifestat
1498 3795 1512 3844 ;
1542 3785 1604 3834 ut
1632 3777 1809 3835 sciant

210 3867 417 3924 Galatea
446 3864 574 3939 quia
603 3864 749 3938 quod
787 3864 855 3921 ab
883 3881 948 3922 eo
979 3873 1319 3938 acceperant,
1368 3864 1475 3922 hoc
1503 3883 1694 3923 verum
1727 3876 1808 3924 est

209 3965 267 4014 et
287 3955 597 4028 probatum.

287 4053 468 4126 (Vers.
506 4053 618 4125 11.)
663 4076 682 4099 ι
713 4051 852 4110 Cum
881 4059 1064 4108 autem
1095 4051 1336 4111 venisset
1377 4053 1568 4111 Petrus
1597 4055 1809 4112 Antio-

208 4141 416 4211 chiam,
447 4141 504 4197 in
529 4141 722 4199 faciem
745 4141 828 4198 illi
851 4141 1059 4210 restiti;
1104 4142 1234 4216 quia
1249 4143 1610 4216 reprehensus
1631 4152 1792 4202 erat.-

209 4233 340 4289 Post
367 4231 718 4290 concordiam
746 4232 1046 4301 societatis,
1090 4241 1144 4289 et
1172 4232 1655 4292 honoriﬁcentiam
1696 4236 1804 4308 pri-

207 4330 413 4389 matus,
435 4337 597 4393 quam
619 4319 725 4377 sibi
742 4320 983 4377 invicem
1000 4337 1096 4394 per
1111 4322 1339 4395 gratiam
1352 4323 1450 4380 Dei
1464 4323 1800 4393 detulerunt;

206 4424 361 4468 nunc
409 4409 812 4465 interveniente
849 4426 1010 4466 causa
1049 4411 1404 4483 negligentiae
1451 4415 1539 4469 vel
1578 4415 1798 4482 erroris,

205 4497 480 4557 dissidere
511 4498 654 4555 inter
692 4516 748 4556 se
768 4499 1028 4556 videntur
1055 4501 1309 4572 apostoli,
1342 4518 1454 4558 non
1485 4501 1541 4558 in
1581 4507 1802 4577 propria

205 4603 394 4652 causa,
445 4585 538 4642 sed
579 4587 636 4642 in
669 4586 1045 4644 sollicitudine
1091 4586 1369 4643 Ecclesiae.
1420 4611 1438 4633 ε
1481 4589 1542 4644 In
1583 4585 1796 4658 faciem,
1829 4629 1879 4689 D

207 4677 414 4751 inquit,
445 4677 529 4733 illi
552 4678 749 4733 restiti.
785 4697 811 4728 »
853 4677 997 4746 Quid
1027 4684 1109 4732 est
1136 4676 1260 4746 hoc,
1289 4676 1396 4733 nisi
1426 4676 1483 4732 in
1513 4680 1799 4750 praesentia

205 4768 256 4824 ei
309 4765 667 4823 contradixi?
721 4767 792 4821 Et
861 4781 968 4839 qua
1035 4782 1197 4822 causa
1244 4765 1533 4846 subjunxit
1575 4767 1793 4824 dicens:

222 4880 241 4905 ι
270 4855 410 4924 Quia
440 4855 800 4928 reprehensus
827 4864 942 4910 erat
963 4856 990 4911 ‘l
1039 4881 1055 4900 -
1110 4855 1578 4928 Reprehensibilis
1610 4857 1798 4930 utique

205 4945 276 5002 ab
299 4944 614 5016 evangelica
640 4943 893 5012 veritate,
935 4945 1022 5001 cui
1070 4944 1174 5000 hoc
1223 4945 1429 5000 factum
1463 4945 1799 5002 adversaba-

207 5043 318 5092 tur.
354 5035 486 5090 Nam
519 5034 642 5108 quis
664 5050 853 5089 eorum
882 5033 1104 5090 auderet
1135 5035 1294 5090 Petro
1323 5036 1502 5106 primo
1529 5035 1794 5108 apostolo,

204 5122 297 5180 cui
327 5123 510 5180 claves
540 5122 689 5196 regni
715 5124 980 5179 caelorum
1007 5122 1277 5178 Dominus
1308 5121 1479 5192 dedit,
1511 5125 1792 5191 resistere;

206 5211 318 5269 nisi
345 5212 488 5269 alius
517 5213 660 5281 talis,
703 5213 798 5286 qui
839 5211 1042 5268 ﬁducia
1070 5209 1358 5265 electionis
1394 5227 1505 5268 suae
1536 5213 1712 5269 sciens
1740 5230 1796 5269 sc

207 5316 318 5357 non
351 5300 636 5373 imparem,
668 5307 983 5358 constanter
1012 5298 1366 5372 improbaret,
1389 5302 1533 5373 quod
1557 5302 1650 5358 ille
1679 5303 1796 5360 sine

203 5391 441 5450 consilio
471 5391 690 5447 fecerat.

280 5482 464 5554 (Vers.
518 5483 602 5550 l2,
664 5481 776 5554 13.)
835 5506 853 5529 ε
902 5481 1064 5538 Prius
1111 5481 1256 5537 enim
1307 5499 1469 5556 quam
1518 5484 1796 5542 venissent

205 5570 431 5646 quidam
481 5588 514 5626 a
559 5571 778 5639 Iacobo,
827 5588 952 5627 cum
983 5571 1235 5643 gentibus
1269 5571 1496 5628 edebat:
1529 5591 1656 5630 cum
1687 5592 1795 5631 au-

205 5671 315 5719 tem
349 5660 646 5727 venissent,
685 5659 1039 5717 subtrahebat
1065 5668 1119 5716 et
1141 5661 1455 5733 segregabat
1484 5679 1561 5731 se,
1596 5664 1794 5721 timens

205 5767 297 5808 eos
317 5748 574 5823 quierant
588 5763 657 5804 ex
685 5747 1123 5807 circumcisione.
1147 5749 1218 5805 Et
1244 5748 1643 5809 simulaverunt
1666 5769 1792 5811 cum

1992 1999 2172 2070 (Vers.
2200 1997 2313 2064 14.)
2360 2021 2378 2046 ι
2408 1997 2513 2055 Sed
2541 2014 2666 2055 cum
2713 1997 2974 2056 vidissem
3018 1997 3166 2072 quod
3209 2015 3321 2055 non
3361 2006 3510 2056 recta

1919 2086 2011 2142 via
2051 2086 2368 2144 incederent
2407 2086 2476 2142 ad
2524 2087 2810 2143 veritatem
2859 2086 3167 2158 Evangelii,
3200 2086 3320 2142 dixi
3348 2087 3509 2144 Petro

1917 2191 2100 2232 coram
2131 2174 2408 2232 omnibus.
2439 2199 2457 2220 ι
2502 2173 2628 2232 Ideo
2658 2175 2715 2231 in
2745 2175 2923 2232 solum
2956 2176 3177 2231 Petrum
3200 2174 3506 2242 invehitur,

1918 2273 1980 2320 ut
2007 2263 2064 2320 in
2093 2281 2156 2321 eo
2187 2263 2281 2337 qui
2329 2263 2540 2336 primus
2569 2272 2670 2332 est,
2717 2262 2992 2321 discerent
3039 2263 3240 2321 caeteri.
3287 2288 3306 2312 ι
3337 2264 3395 2321 Si
3446 2274 3508 2322 tu

1917 2369 2044 2410 cum
2086 2354 2160 2408 sis
2207 2351 2445 2421 Iudaeus,
2477 2352 2757 2426 gentiliter
2789 2352 2954 2423 vivis,
2999 2353 3276 2427 quomodo
3323 2360 3510 2427 gentes

1917 2441 2066 2513 cogis
2103 2439 2387 2498 Iudaizare
2411 2442 2438 2498 ?
2469 2467 2487 2490 ι
2529 2443 2688 2498 Nunc
2728 2441 2904 2515 aperit
2947 2457 3164 2499 causam
3207 2443 3514 2516 reprehen—

1915 2529 2126 2598 sionis;
2177 2545 2288 2586 non
2336 2530 2484 2585 enim
2527 2530 2739 2605 aliquid
2786 2529 2982 2587 fuisset
3028 2531 3247 2600 erroris,
3293 2532 3339 2589 si
3376 2549 3509 2605 prae-

1917 2618 2164 2675 sentibus
2205 2619 2411 2675 Iudaeis
2444 2617 2843 2676 dissimulasset
2879 2636 2911 2674 a
2939 2621 3257 2694 gentilibus,
3305 2621 3508 2678 timens

1915 2709 2272 2764 scandalum:
2304 2708 2398 2765 sed
2434 2708 2527 2764 hic
2572 2715 2690 2764 tota
2732 2725 2893 2764 causa
2938 2707 3380 2780 reprehensionis
3404 2717 3508 2780 est,

1917 2796 2048 2871 quia
2095 2797 2516 2854 advenientibus
2566 2798 2768 2855 Iudaeis
2805 2798 2874 2854 ab
2910 2799 3131 2867 Iacobo,
3179 2815 3290 2856 non
3330 2801 3510 2857 solum

1915 2886 2232 2960 segregabat
2259 2903 2316 2943 se
2343 2887 2411 2943 ab
2441 2888 2542 2957 eis,
2569 2904 2697 2944 cum
2725 2887 2926 2962 quibus
2959 2887 3238 2961 gentiliter
3265 2888 3502 2958 vixerat,

1915 2977 2010 3034 sed
2059 2987 2114 3034 et
2159 2978 2523 3051 compellebat
2575 2994 2667 3034 eos
2703 2977 3004 3050 judaizare,
3073 2995 3235 3036 causa
3296 2979 3516 3036 timoris

1917 3067 2162 3137 illorum,
2211 3075 2273 3124 ut
2318 3067 2452 3142 quid
2508 3067 2708 3126 horum
2752 3084 2945 3124 verum
2988 3076 3149 3139 esset,
3199 3069 3517 3143 ignorarent

1915 3155 2164 3229 gentiles.
2217 3155 2474 3214 Sciebant
2521 3158 2668 3214 enim
2727 3157 2906 3230 ipsum
2953 3173 3138 3215 secum
3186 3175 3299 3215 non
3359 3159 3514 3235 quasi

1835 3269 1885 3333 ρ
1913 3247 2162 3304 Iudaeum
2194 3247 2435 3306 vixisse:
2485 3255 2608 3323 post
2633 3256 2816 3304 autem
2855 3247 3140 3305 audientes
3176 3248 3245 3305 ab
3294 3265 3358 3307 eo
3385 3253 3516 3326 quia

1917 3336 2230 3394 Iudaeorum
2261 3337 2436 3394 instar
2454 3337 2794 3410 sequendum
2817 3345 2953 3406 erat,
2975 3336 3304 3396 haesitabant
3321 3339 3515 3415 utique

1917 3425 2049 3497 quid
2079 3434 2220 3481 esset
2257 3442 2472 3482 verum.
2505 3427 2561 3482 Si
2588 3427 2737 3482 enim
2767 3426 2874 3482 hoc
2919 3442 3111 3481 verum
3159 3435 3277 3482 erat
3329 3436 3390 3484 ut
3419 3427 3508 3499 ju-

1916 3513 2216 3582 daizarent,
2263 3513 2441 3587 ipsum
2512 3514 2986 3588 praevaricatorem
3053 3513 3331 3583 tenebant,
3381 3517 3513 3590 quia

1917 3602 2195 3675 gentiliter
2239 3604 2490 3660 vixerat:
2539 3605 2588 3661 si
2643 3611 2826 3660 autem
2865 3603 3006 3660 illud
3052 3603 3250 3661 melius
3294 3613 3410 3662 erat
3454 3614 3511 3664 et

1915 3707 2126 3762 verum,
2164 3700 2223 3749 ut
2251 3693 2576 3766 simpliciter
2602 3693 2874 3763 viverent,
2906 3693 3117 3750 eversio
3165 3701 3280 3750 erat
3323 3695 3510 3767 genti-

1915 3781 2062 3837 leum
2092 3797 2188 3854 per
2215 3781 2334 3853 ejus
2364 3781 2664 3854 ignaviam,
2696 3781 2897 3856 quibus
2941 3781 3196 3854 adempto
3225 3781 3394 3852 bono,
3421 3799 3507 3841 res

1917 3868 2188 3926 laboriosa
2217 3877 2272 3926 et
2299 3870 2552 3926 inefﬁcax
2602 3870 2936 3927 tradebatur.
2991 3871 3287 3944 Apostolus
3323 3880 3506 3931 autem

1915 3961 2137 4030 Paulus,
2169 3961 2389 4035 quando
2417 3963 2485 4018 ad
2515 3961 2707 4018 horam
2747 3961 2910 4018 cessit
2958 3978 3066 4018 non
3096 3962 3200 4021 hoc
3226 3970 3280 4019 et
3309 3964 3502 4034 suasit,

1915 4050 2009 4107 sed
2044 4068 2159 4107 rem
2208 4069 2263 4107 se
2311 4052 2642 4124 superﬂuam
2687 4059 2742 4109 et
2787 4051 3007 4108 inanem
3057 4051 3236 4110 facere
3262 4051 3506 4110 clamita-

1919 4139 2015 4208 sit,
2067 4149 2287 4213 propter
2333 4141 2574 4198 furorem
2613 4140 2947 4198 Iudaeorum.
3003 4141 3104 4200 Cui
3153 4140 3377 4217 quidem
3426 4143 3505 4200 rei

1915 4246 2022 4284 non
2073 4228 2470 4298 succubuisset,
2520 4230 2628 4287 nisi
2671 4246 2835 4287 causa
2865 4230 3224 4302 interfuisset,
3274 4248 3383 4307 qua
3409 4248 3502 4289 au-

1913 4318 2068 4377 dacia
2095 4319 2406 4377 Iudaeorum
2439 4321 2804 4394 plurimorum
2853 4337 2910 4379 se
2935 4322 3185 4396 jactaret.
3228 4325 3362 4381 Erat
3411 4341 3503 4381 au-

1912 4413 2021 4463 tem
2053 4407 2374 4466 Timotheus
2420 4408 2570 4466 ﬁlius
2599 4408 2850 4467 mulieris
2879 4411 3100 4482 Iudaeas,
3139 4421 3290 4485 patre
3321 4419 3502 4470 autem

1910 4497 2100 4556 Graeco
2153 4498 2296 4569 (Act.
2349 4514 2465 4568 XVI,
2524 4499 2610 4571 l);
2653 4499 2799 4556 unde
2848 4500 3054 4557 factum
3097 4509 3199 4569 est,
3228 4510 3290 4558 ut
3317 4501 3500 4557 infans

1909 4587 2212 4644 secundum
2243 4588 2414 4661 legem
2456 4587 2686 4644 minime
2717 4587 3224 4646 circumcideretur.
3271 4588 3500 4645 Insidia-

1907 4673 2109 4733 bantur
2137 4691 2284 4749 ergo,
2317 4677 2666 4749 explorantes
2703 4677 2749 4732 si
2779 4692 2924 4744 eum,
2955 4676 3050 4751 qui
3080 4675 3299 4732 Iudaeus
3338 4683 3500 4734 natus

1911 4771 2047 4832 erat,
2130 4763 2579 4821 incircumcisum
2635 4773 2965 4820 assumeret:
3021 4763 3166 4838 quod
3237 4763 3496 4821 illicitum

1907 4853 2172 4924 putabant
2201 4854 2380 4927 generi
2415 4854 2749 4922 Iudaeorum,
2783 4853 3124 4912 occasionem
3171 4861 3494 4929 quazrentes,

1908 4957 2015 5015 qua
2052 4959 2176 4998 eum
2225 4960 2532 5000 eversorem
2565 4949 2813 4998 tenerent
2856 4942 3026 5016 legis;
3075 4944 3177 5001 hac
3221 4959 3384 5001 causa
3428 4945 3496 5002 ad

1907 5029 2096 5086 horam
2129 5031 2290 5088 cessit
2323 5030 2497 5087 furori
2527 5046 2737 5086 eorum.

1981 5129 2163 5202 (Vers.
2196 5130 2282 5198 15,
2329 5129 2440 5200 16.)
2496 5155 2514 5176 ι
2543 5128 2652 5185 Nos
2697 5136 2892 5186 natura
2939 5128 3134 5201 Iudaei,
3185 5140 3238 5190 et
3269 5149 3377 5189 non
3425 5150 3494 5189 ex

1904 5217 2158 5290 gentibus
2188 5224 2515 5290 peccatores.
2543 5218 2786 5275 Scientes
2813 5227 2995 5276 autem
3030 5220 3160 5295 quia
3196 5237 3307 5278 non
3333 5220 3494 5294 justi-

1905 5304 2100 5362 ﬁcatur
2127 5305 2295 5362 homo
2323 5323 2392 5363 ex
2425 5307 2682 5381 operibus
2720 5308 2875 5383 legis,
2905 5308 3013 5367 nisi
3038 5326 3136 5384 per
3165 5310 3326 5368 ﬁdem
3366 5311 3494 5369 Iesu

1905 5392 2144 5463 Christi;
2194 5403 2248 5452 et
2295 5413 2394 5454 nos
2441 5397 2498 5454 in
2528 5395 2806 5456 Christum
2858 5398 3046 5456 Iesum
3083 5399 3377 5468 credimus,
3429 5408 3494 5458 ut

1898 5481 2268 5556 justiﬁcemur
2321 5504 2389 5545 ex
2446 5487 2555 5547 ﬁde
2607 5488 2836 5559 Christi,
2867 5497 2921 5546 et
2973 5506 3080 5546 non
3120 5505 3189 5546 ex
3235 5490 3494 5564 operibus

1907 5576 2056 5650 legis.
2090 5604 2108 5625 ι
2149 5579 2435 5637 Manifesta
2458 5581 2668 5638 ratione
2688 5580 3094 5637 circumventos
3111 5595 3203 5636 eos
3229 5579 3491 5648 ostendit,

1903 5675 1963 5723 ut
1983 5676 2262 5724 servarent
2295 5670 2497 5742 legem;
2532 5669 2587 5724 in
2621 5685 2727 5742 qua
2767 5685 2928 5724 nemo
2969 5666 3308 5739 justiﬁcatur
3344 5667 3492 5741 apud

1902 5756 2114 5825 Deum;
2144 5756 2345 5831 quippe
2369 5775 2492 5816 cum
2525 5757 2583 5814 hi
2621 5757 2725 5830 ipsi
2762 5755 2857 5830 qui
2907 5765 3102 5813 natura
3123 5756 3300 5814 Iudaei
3339 5762 3492 5822 sunt,
