3970 6422
476 414 580 476 371

1521 413 1619 471 AD
1656 411 1892 472 ΟΡΕΒΑ
1929 412 1988 472 S.
2024 411 2361 473 AMBROSII
2395 414 2778 474 APPENDIX.

3689 415 3803 476 372

477 549 724 606 volentes
735 545 1050 623 iustiﬁcari,
1080 546 1277 606 relicta
1300 547 1440 622 lege,
1460 545 1782 620 confugiant
1807 544 1876 603 ad
1905 543 2071 604 ﬁdem
2097 544 2152 608 A
2180 543 2284 604 hoc
2321 563 2433 604 non
2470 547 2636 621 gratis
2669 553 2922 606 mortuus
2949 553 3032 605 est
3060 563 3076 618 ;
3106 562 3256 607 mors
3285 546 3434 606 enim
3465 547 3586 622 ejus
3617 546 3802 622 justi-

477 636 710 697 Christi.
747 663 766 687 ε
793 637 1066 708 Quoniam
1087 655 1158 695 ex
1186 635 1445 711 operibus
1460 637 1596 711 legis
1611 653 1723 693 non
1739 635 2079 710 justiﬁcatur

477 727 661 785 omnis
688 744 837 786 caro.
887 751 907 776 ι
953 727 1178 788 Nullum
1225 724 1510 782 hominem
1547 725 1913 798 justiﬁcatum
1941 723 2081 782 dicit

477 843 549 885 ex
574 827 835 900 operibus
865 825 1032 898 legis;
1065 823 1385 898 quicunque
1413 823 1564 880 enim
1587 822 1725 896 justi
1749 830 1899 892 sunt,
1930 817 2077 877 218

479 924 533 973 et
561 915 668 971 ﬁde
703 913 997 987 justiﬁcati
1036 919 1187 981 sunt,
1225 911 1371 970 sicut
1417 911 1700 970 Abraham
1742 919 1798 969 et
1843 911 1992 968 Isaac
2025 919 2080 968 et

476 1005 644 1064 Jacob
675 1011 729 1060 et
759 1002 946 1060 caeteri
975 1001 1172 1059 sancti.

552 1094 736 1168 (Vers.
786 1091 900 1164 17.)
945 1115 965 1139 ι
995 1090 1052 1146 Si
1103 1096 1288 1147 autem
1336 1096 1647 1164 quaerentes
1687 1087 1981 1163 justiﬁcari
2019 1089 2080 1147 in

471 1179 721 1252 Christo,
775 1181 1096 1239 invenimur
1142 1187 1198 1238 et
1245 1179 1351 1254 ipsi
1404 1188 1756 1253 peccatores;
1787 1195 1922 1236 num
1951 1195 2080 1254 ergo

479 1272 732 1334 Christus
768 1271 977 1346 peccati
1014 1268 1267 1328 minister
1309 1269 1440 1326 est?
1492 1269 1670 1326 Absit.
1719 1294 1738 1320 ι
1793 1269 2079 1338 Quomodo

483 1361 740 1422 Christus
785 1359 994 1434 peccati
1043 1358 1300 1416 minister
1344 1365 1525 1431 potest
1575 1375 1712 1428 esse,
1761 1358 1856 1432 qui
1907 1359 2082 1416 ’donat

482 1451 752 1527 peccata?
799 1450 948 1518 Ideo,
989 1448 1145 1517 absit,
1193 1447 1398 1520 inquit.
1433 1447 1540 1506 Sed
1567 1448 1615 1505 si
1641 1447 1938 1522 justiﬁcari
1972 1466 2082 1506 vo-

487 1544 659 1600 lentes
691 1557 788 1614 per
810 1539 975 1596 ﬁdem
999 1535 1229 1608 Christi,
1252 1537 1359 1611 legi
1390 1537 1685 1606 servimus,
1727 1538 1829 1596 sub
1857 1547 2082 1610 peccato

484 1649 584 1689 nos
611 1639 750 1687 esset
778 1627 1132 1702 proﬁtemur;
1175 1627 1306 1700 quia
1352 1625 1489 1684 ﬁdes
1516 1626 1761 1684 extrahit
1795 1625 2081 1684 hominem

482 1737 517 1777 a
552 1721 690 1793 lege,
719 1727 782 1776 ut
806 1716 990 1791 justus
1019 1716 1112 1774 sit.
1151 1717 1300 1790 Ergo
1329 1715 1377 1772 si
1416 1715 1612 1773 damus
1651 1733 1750 1773 nos
1780 1716 1910 1789 legi,
1941 1733 2081 1790 pec-

483 1817 694 1868 catores
739 1808 1096 1877 invenimur;
1145 1805 1276 1881 quia
1317 1804 1416 1879 qui
1462 1805 1565 1862 sub
1606 1806 1722 1880 lege
1770 1813 1922 1876 sunt,
1979 1805 2082 1862 sub

485 1900 780 1958 maledicto
810 1904 962 1956 sunt.

560 1990 744 2062 (Vers.
775 1988 890 2060 18.)
937 2010 956 2034 ι
995 1985 1052 2042 Si
1094 1984 1243 2042 enim
1273 2001 1394 2058 quae
1432 1983 1704 2053 destruxi,
1738 1981 1855 2042 haec
1883 1983 2084 2042 iterum

487 2077 785 2146 reaediﬁco,
832 2073 1310 2149 praevaricatorem
1358 2090 1445 2131 me
1486 2074 1786 2132 constituo.
1832 2100 1852 2124 ι
1913 2075 2085 2133 Abso-

490 2171 670 2227 lutum
719 2173 800 2223 est
847 2163 977 2239 quia
1017 2163 1284 2222 accedens
1333 2163 1402 2220 ad
1459 2163 1769 2235 Christum,
1817 2164 2086 2238 relinquit

491 2259 665 2331 legem
695 2274 709 2324 ;
741 2255 810 2312 de
839 2271 996 2311 servo
1019 2253 1168 2310 enim
1197 2252 1261 2309 ﬁt
1290 2251 1430 2310 liber
1461 2252 1602 2326 (56).
1625 2253 1785 2323 Quod
1811 2252 1858 2310 si
1881 2253 2085 2311 iterum

491 2345 678 2404 redeat
713 2344 782 2402 ad
813 2345 1007 2418 legem,
1047 2342 1161 2416 ipse
1189 2341 1274 2399 sui
1327 2349 1612 2400 accusator
1653 2341 1906 2400 exsistit:
1956 2343 2087 2416 quia

494 2438 699 2496 factum
733 2452 894 2493 suum
931 2432 1280 2491 condemnat.

567 2529 750 2601 (Vers.
794 2525 906 2600 19.)
953 2548 971 2571 ι
1001 2524 1118 2597 Ego
1147 2523 1295 2579 enim
1325 2537 1422 2594 per
1457 2521 1632 2595 legem
1681 2520 1786 2595 legi
1834 2528 2088 2578 mortuus

495 2636 638 2688 sum,
656 2625 719 2674 ut
745 2617 858 2672 Deo
881 2613 1084 2670 vivam.
1119 2638 1138 2662 ι
1172 2612 1288 2670 Hoc
1307 2610 1464 2680 dicit,
1487 2611 1619 2685 quia
1639 2627 1736 2686 per
1761 2611 1935 2684 legem
1955 2610 2086 2668 ﬁdei

496 2715 748 2766 mortuus
792 2713 873 2763 est
911 2704 1016 2778 legi
1053 2703 1298 2777 Moysis;
1347 2701 1585 2759 moritur
1627 2701 1777 2758 enim
1819 2701 1948 2774 legi,
1991 2701 2087 2774 qui

497 2799 763 2856 liberatur
821 2794 890 2852 ab
931 2811 1030 2852 ea:
1072 2801 1126 2850 et
1170 2791 1314 2850 vivit
1374 2793 1509 2862 Deo,
1557 2791 1716 2866 cujus
1768 2791 1832 2849 ﬁt
1893 2808 2086 2850 servus

497 2895 714 2962 emptus
741 2902 774 2942 a
801 2885 1042 2943 Christo.
1083 2906 1103 2932 ι
1133 2882 1354 2942 Christo
1392 2883 1646 2940 conﬁxus
1689 2899 1810 2939 sum
1849 2881 2022 2940 cruci.
2053 2906 2074 2932 ι

497 2978 602 3036 Hic
649 2975 802 3034 cruci
850 2973 1144 3045 conﬁgitur
1191 2972 1430 3034 Christo.
1489 2973 1585 3046 qui
1611 2973 1865 3036 ,aemulus
1910 2971 2090 3028 vesti-

503 3067 720 3141 giorum
741 3063 878 3136 ejus,
900 3063 1056 3119 nulla
1082 3060 1277 3119 mundi
1297 3061 1745 3135 concupiscentia
1757 3061 1974 3134 capitur
1995 3079 2010 3129 ;
2028 3069 2092 3118 ut

499 3159 615 3215 Deo
635 3155 850 3224 vivens,
874 3152 1082 3211 mundo
1103 3159 1355 3210 mortuus
1383 3151 1659 3210 videatur.
1687 3151 1795 3220 Qui
1815 3151 1962 3208 enim
1978 3165 2091 3206 non

2187 633 2372 694 ﬁcatio
2396 645 2745 710 peccatorum
2775 647 2880 696 est.

2807 763 3036 822 CAPUT
3073 765 3170 822 ΙΙΙ.

2262 873 2446 947 (Vers.
2491 873 2569 944 1.)
2613 897 2633 921 ι
2662 873 2708 932 Ο
2755 872 3021 930 insensati
3067 873 3272 932 Galatas
3303 876 3316 931 l
3349 874 3475 948 quis
3503 890 3604 933 vos
3629 875 3799 935 fasci-

2188 964 2392 1022 navit?
2455 987 2475 1012 ι
2522 963 2811 1021 Irascentis
2870 981 2999 1022 cum
3055 964 3336 1022 miraculo
3391 964 3568 1024 verba
3617 977 3796 1036 sunt;

2187 1055 2318 1128 quia
2350 1053 2432 1111 sic
2481 1053 2700 1111 fuerant
2746 1053 3051 1128 depravati,
3101 1062 3295 1113 utnec
3336 1071 3394 1113 se
3431 1064 3800 1130 agnoscerent

2185 1143 2616 1202 circumventos.
2648 1144 2923 1202 Prooemio
2953 1161 3088 1202 usus
3116 1153 3200 1203 est
3226 1146 3352 1218 (57)
3379 1163 3393 1214 ;
3428 1147 3614 1204 omnis
3639 1147 3799 1205 enim

2189 1234 2284 1307 qui
2311 1233 2632 1304 fascinatur,
2675 1232 2744 1292 de
2771 1233 2918 1292 bono
2946 1233 3146 1293 transit
3173 1235 3233 1292 in
3272 1237 3502 1308 malum,
3541 1237 3692 1296 sicut
3743 1244 3804 1294 et

2189 1323 2249 1380 hi
2275 1325 2344 1382 de
2374 1324 2627 1382 libertate
2673 1332 2728 1382 et
2774 1325 3070 1382 securitate
3099 1324 3169 1382 ad
3188 1326 3480 1384 servitium
3515 1335 3568 1385 et
3588 1327 3800 1386 sollici-

2189 1413 2439 1471 tudinem
2475 1413 2836 1471 transierunt.
2883 1438 2904 1463 ι
2945 1413 3196 1482 Quorum
3242 1425 3370 1474 ante
3416 1418 3606 1476 oculos
3635 1417 3802 1476 Chri-

2189 1513 2307 1563 stus
2352 1506 2510 1563 Jesus
2537 1507 2880 1580 proscriptus
2906 1515 3010 1577 est,
3038 1515 3095 1564 et
3126 1507 3184 1563 in
3213 1507 3372 1566 vobis
3409 1509 3734 1567 cruciﬁxus.
3767 1523 3800 1560 ι·

2188 1598 2542 1658 Manifestum
2567 1603 2650 1654 est
2677 1596 2808 1670 quia
2854 1597 3153 1654 stultorum
3181 1599 3358 1656 oculis
3389 1598 3646 1657 Christus
3672 1614 3803 1672 pro-

2189 1688 2428 1762 scriptus
2446 1687 2688 1755 videtur,
2709 1685 2768 1743 id
2788 1693 2870 1742 est
2895 1687 3237 1760 exspoliatus
3258 1689 3346 1744 vel
3366 1688 3803 1756 condemnatus;

2189 1777 2547 1854 prudentium
2567 1793 2700 1834 vero
2724 1776 2901 1834 oculis
2936 1783 2991 1833 et
3037 1776 3290 1834 sensibus
3318 1793 3431 1834 non
3459 1779 3641 1834 solum
3683 1793 3806 1834 non

2189 1872 2606 1940 condemnatus,
2632 1867 2728 1926 sed
2765 1870 2882 1943 ipse
2909 1877 3141 1926 mortem
3183 1884 3347 1927 cruce
3384 1885 3484 1925 sua
3507 1869 3806 1926 damnasse

2191 1962 2452 2030 videtur;
2499 1961 2682 2034 passio
2723 1959 2874 2016 enim
2926 1958 3154 2017 Domini
3199 1959 3316 2016 vita
3351 1967 3542 2015 nostra
3585 1969 3694 2024 est,
3745 1968 3806 2016 et

2193 2051 2498 2110 destructio
2543 2050 2758 2108 mortis.
2800 2049 2907 2107 Sed
2957 2048 3088 2123 quia
3139 2048 3200 2105 hi
3248 2048 3474 2122 indigne
3518 2054 3805 2120 coeperant

2195 2141 2398 2200 sentire
2421 2139 2672 2198 translati
2699 2138 2770 2196 ad
2805 2139 3000 2211 legem,
3042 2139 3253 2196 idcirco
3283 2137 3564 2194 mentibus
3598 2151 3798 2194 eorum

2195 2231 2474 2290 Christum
2581 2226 3009 2286 condemnatum
3094 2225 3274 2285 videri
3384 2225 3796 2302 conqueritur;

2196 2319 2427 2394 ideoque
2473 2316 2746 2391 subjecit:
2813 2339 2832 2364 ι
2877 2318 2941 2374 In
2995 2315 3154 2374 vobis
3210 2316 3534 2374 cruciﬁxus.
3595 2340 3616 2366 ι
3682 2316 3804 2374 Hoc

2193 2417 2295 2481 est,
2372 2424 2536 2468 sensu
2607 2416 2792 2465 vestro
2865 2405 3169 2464 cruciﬁxus
3222 2414 3328 2474 est,
3381 2405 3539 2480 quasi
3595 2405 3797 2474 homo;

2195 2499 2254 2556 in
2313 2514 2424 2573 quo
2486 2497 2635 2556 enim
2693 2513 2815 2571 spes
2880 2497 3043 2569 plena
3103 2511 3216 2552 non
3298 2503 3400 2565 est,
3462 2495 3630 2553 homo
3691 2501 3798 2553 est.

2196 2589 2324 2646 Ideo
2387 2588 2448 2646 hi
2502 2603 2615 2645 non
2675 2585 2942 2660 putabant
2996 2587 3217 2659 plenam
3281 2586 3515 2642 salutem
3578 2601 3699 2642 esse
3738 2585 3800 2642 in

2196 2679 2436 2749 Christo,
2470 2677 2602 2754 quia
2627 2677 2802 2751 legem
2832 2676 2918 2733 illi
2955 2675 3270 2751 aequabant.
3301 2676 3364 2733 In
3401 2675 3491 2734 his
3534 2691 3668 2734 vero
3697 2676 3801 2750 qui

2195 2788 2434 2846 congrue
2457 2769 2781 2842 intelligunt
2810 2766 3122 2837 Christum,
3159 2767 3304 2824 vivit
3330 2766 3389 2823 in
3416 2767 3494 2824 eis
3523 2765 3805 2838 Christus,

2197 2865 2256 2922 in
2284 2861 2522 2921 Photino
2568 2857 2871 2918 cruciﬁxus
2899 2865 3000 2914 est.
3054 2857 3157 2915 Hic
3204 2857 3353 2914 enim
3384 2871 3513 2913 vere
3545 2864 3808 2915 mortuus

2197 2963 2299 3025 est,
2335 2953 2394 3011 in
2422 2967 2532 3025 quo
2579 2948 2836 3008 Christus
2862 2947 3070 3006 dicitur
3109 2945 3414 3005 cruciﬁxus
3445 2964 3460 3016 ;
3491 2945 3625 3020 quia
3651 2945 3806 3004 istud

2199 3046 2322 3103 loco
2347 3040 2713 3100 accusationis
2751 3037 3034 3110 objicitur.

2273 3133 2454 3206 (Vers.
2493 3129 2576 3202 2.)
2617 3152 2637 3176 ι
2667 3128 2784 3185 Hoc
2817 3127 2998 3183 solum
3044 3125 3174 3182 volo
3202 3126 3414 3184 discere
3432 3141 3464 3182 a
3491 3124 3650 3183 vobis
3674 3143 3686 3182 :
3715 3125 3804 3182 Ex

498 3246 610 3320 agit
631 3262 750 3320 quae
767 3242 960 3301 mundi
981 3243 1223 3312 sunt,vel
1243 3240 1464 3310 erroris,
1487 3249 1740 3297 mortuus
1759 3247 1841 3296 est
1861 3237 2088 3294 mundo.
2128 3275 2172 3335 Ο
2205 3223 2467 3335 ait???
2519 3219 2654 3320 Ῑθξίε
2701 3215 2977 3335 ,δξίξξῖιιξη
3035 3217 3466 3335 δίξίξθῐέίεῐίεῗλῗῐι
3509 3233 3577 3274 ex
3605 3215 3806 3335 auditu

573 3337 756 3408 (Vers.
801 3335 916 3410 20.)
972 3359 991 3382 ι
1019 3333 1166 3392 Vivo
1203 3340 1409 3402 autem,
1433 3330 1549 3404 jam
1579 3346 1692 3387 non
1727 3346 1845 3402 ego,
1877 3329 1972 3386 sed
1998 3327 2096 3384 vi-

505 3425 609 3495 vit,
651 3425 748 3500 qui
778 3422 839 3480 in
867 3440 954 3480 me
993 3429 1094 3492 est,
1127 3421 1401 3481 Christus.
1429 3445 1448 3469 ι
1501 3421 1620 3477 Non
1648 3426 1731 3476 est
1754 3419 2095 3492 ambiguum,

499 3515 559 3572 in
605 3531 669 3572 eo
697 3514 796 3590 qui
823 3530 921 3588 per
953 3512 1119 3569 ﬁdem
1168 3511 1435 3568 liberatur
1489 3526 1522 3566 a
1566 3516 1763 3578 morte,
1814 3508 2096 3566 Christum

499 3603 726 3670 vivere;
777 3609 957 3658 morte
996 3601 1146 3656 enim
1176 3599 1305 3672 digo
1333 3600 1468 3656 dum
1496 3599 1668 3656 donat
1700 3607 1941 3672 peccata,
1983 3599 2098 3672 ipse

501 3691 648 3747 vivit
669 3691 728 3747 in
747 3690 884 3757 illo;
917 3688 1036 3761 ejus
1078 3688 1228 3744 enim
1255 3688 1515 3761 praesidio
1549 3699 1768 3762 ereptus
1797 3699 1879 3747 est
1907 3690 2094 3747 morti.

519 3805 540 3830 ι
572 3779 730 3848 Quod
757 3793 890 3834 vero
919 3793 1069 3834 nunc
1097 3777 1230 3833 vivo
1268 3777 1329 3833 in
1347 3792 1530 3846 carne,
1573 3779 1630 3834 in
1655 3778 1763 3835 ﬁde
1789 3779 1922 3835 vivo
1967 3781 2098 3838 Filii

506 3868 632 3938 Dei,
664 3869 760 3944 qui
807 3864 1009 3924 dilexit
1048 3882 1158 3932 me,
1203 3873 1259 3923 et
1305 3865 1536 3923 tradidit
1586 3884 1642 3924 se
1678 3883 1778 3941 pro
1824 3883 1931 3926 me.
1975 3869 2099 3927 Non

506 3975 629 4016 sum
689 3957 936 4030 ingratus
978 3955 1168 4030 gratiae
1204 3957 1329 4014 Dei.
1359 3981 1379 4005 ι
1435 3955 1706 4025 Quoniam
1754 3958 1940 4015 futura
1983 3959 2100 4017 vita

507 4048 778 4123 promissa
803 4054 886 4104 est
913 4045 1264 4116 Christianis,
1306 4046 1430 4104 ideo
1455 4047 1551 4121 qui
1588 4063 1740 4106 nunc
1765 4048 1826 4105 in
1853 4049 1958 4107 hac
1985 4051 2102 4108 vita

507 4137 735 4195 auxiliis
763 4137 866 4194 Dei
897 4136 1148 4194 munitus
1186 4135 1349 4205 vivit,
1390 4135 1450 4192 in
1487 4137 1596 4194 fide
1641 4138 1770 4196 vitae
1816 4141 2098 4212 promissae

506 4228 671 4286 vivit.
705 4227 810 4285 Hic
837 4227 986 4284 enim
1015 4227 1310 4301 imaginem
1341 4225 1458 4300 ejus
1486 4230 1911 4302 contemplatur,
1942 4229 2099 4304 quasi

507 4318 710 4392 pignus
763 4315 971 4374 habens
1015 4317 1147 4374 vitae
1195 4317 1416 4385 futurae,
1463 4333 1582 4391 quae
1631 4334 1727 4390 per
1771 4318 1872 4376 Dei
1899 4327 2098 4378 nutum

507 4407 716 4466 Christi
762 4422 947 4463 amore
984 4403 1146 4462 nobis
1177 4405 1406 4478 quaesita
1432 4413 1534 4462 est.
1568 4405 1670 4464 Hic
1705 4423 1834 4480 ergo
1877 4424 1990 4466 non
2019 4419 2100 4467 est

507 4497 756 4570 ingratus
796 4495 1040 4565 Christo,
1071 4495 1166 4569 qui
1211 4511 1270 4551 in
1299 4495 1407 4552 ﬁde
1435 4494 1553 4568 ejus
1581 4496 1870 4570 perdurat:
1921 4499 2099 4556 sciens

505 4596 718 4654 nullius
758 4613 815 4654 se
861 4594 1062 4652 habere
1111 4593 1466 4663 beneﬁcium,
1513 4595 1622 4652 nisi
1678 4595 1889 4669 hujus:
1939 4603 1995 4652 et
2029 4596 2100 4655 ad

505 4687 898 4748 contumeliam
937 4685 1055 4760 ejus
1093 4686 1376 4760 proﬁcere,
1425 4685 1472 4742 si
1518 4687 1749 4744 alterum
1798 4687 1849 4744 ei
1887 4704 2101 4761 compa-

507 4786 609 4848 ret,
631 4777 790 4851 cujus
811 4777 1085 4835 auxilium
1115 4775 1317 4852 habere
1346 4793 1457 4833 non
1483 4777 1682 4850 potuit.

581 4867 763 4938 (Vers.
803 4866 920 4938 21.)
983 4889 1003 4914 ι
1032 4865 1089 4924 Si
1127 4866 1276 4924 enim
1323 4883 1420 4940 per
1468 4869 1640 4940 legem
1677 4866 1920 4940 justitia,
1969 4883 2098 4940 ergo

510 4955 761 5013 Christus
797 4954 965 5026 gratis
992 4965 1244 5014 mortuus
1273 4964 1373 5014 est.
1407 4983 1426 5006 ι
1467 4957 1620 5014 Nihil
1661 4964 1774 5012 tam
1807 4965 2095 5028 apertum;

511 5042 639 5116 quia
669 5043 716 5098 si
751 5058 847 5115 per
875 5043 1049 5116 legem
1087 5047 1356 5118 potuisset
1383 5045 1549 5103 homo
1585 5045 1900 5118 justiﬁcari,
1942 5045 2097 5104 Chri-

509 5139 656 5188 stum
687 5147 800 5187 non
852 5142 1168 5205 oportuerat
1211 5135 1374 5192 mori.
1408 5135 1514 5192 Sed
1559 5135 1690 5210 quia
1728 5137 1818 5192 lex
1861 5134 1990 5193 dare
2017 5151 2095 5192 re-

508 5221 831 5280 missionem
871 5231 1220 5294 peccatorum
1262 5241 1372 5281 non
1417 5235 1648 5298 poterat,
1681 5243 1859 5300 neque
1906 5241 2096 5282 secun-

508 5314 634 5372 dam
656 5319 887 5370 mortem
904 5311 1320 5384 detriumphans
1339 5316 1646 5388 exspoliare
1671 5316 1939 5389 captivos,
1958 5331 2098 5390 quos

507 5404 727 5461 tenebat
776 5421 940 5463 causa
999 5404 1244 5478 peccati;
1301 5405 1510 5464 idcirco
1557 5407 1809 5468 Christus
1845 5417 2098 5466 mortuus

507 5500 607 5561 est,
638 5503 701 5551 ut
735 5511 799 5552 ea
840 5501 1142 5569 praestaret,
1189 5511 1310 5569 qua
1339 5497 1429 5554 lex
1458 5514 1570 5555 non
1599 5505 1812 5572 poterat
1843 5516 1857 5555 :
1897 5514 1960 5556 ac
2002 5515 2098 5572 per

581 5655 698 5724 (56)
749 5656 840 5712 Sic
879 5658 1013 5732 edit.
1057 5657 1355 5716 Amerb.et
1401 5676 1531 5716 mss.
1564 5661 1784 5732 plures:
1816 5663 1972 5718 Eras.
2004 5678 2094 5718 au-

507 5734 616 5782 tem
644 5733 715 5805 .et
758 5743 883 5805 seq._
930 5729 1064 5790 edit.
1114 5747 1254 5805 cum
1285 5748 1416 5792 mss.
1469 5729 1772 5802 nonnullis,
1815 5733 1910 5805 qui
1958 5734 2097 5790 enim

506 5797 816 5854 accedens...
833 5797 910 5854 'de
936 5817 1084 5855 servo
1113 5801 1174 5871 ﬁt
1195 5801 1344 5858 liber.

2207 3314 2377 3372 ﬁdei?
2414 3312 2504 3369 Sic
2550 3309 2669 3368 sine
2698 3308 2983 3366 intellectu
3030 3307 3208 3364 estis?
3234 3330 3253 3356 ι
3298 3307 3497 3365 Adhuc
3525 3323 3654 3365 cum
3692 3314 3804 3364 sto-

2209 3404 2404 3464 macho
2453 3400 2735 3476 loquitur;
2785 3399 2936 3456 dolet
2993 3397 3143 3455 enim
3189 3397 3350 3456 valde
3394 3415 3558 3472 super
3615 3413 3805 3455 errore

2207 3513 2422 3567 eorum,
2471 3493 2602 3569 quia
2656 3490 2920 3549 fabricam
2964 3506 3143 3560 suam,
3190 3507 3297 3564 qua
3324 3507 3416 3549 eos
3462 3506 3558 3564 per
3603 3489 3806 3546 Evan-

2211 3589 2413 3665 gelium
2443 3584 2830 3652 aediﬁcaverat,
2870 3581 3095 3639 videbat
3123 3598 3238 3639 esse
3273 3581 3629 3638 destructam.
3679 3581 3806 3637 Non

2208 3681 2290 3738 sic
2317 3679 2386 3737 de
2427 3673 2733 3736 Corinthiis
2761 3679 2946 3729 motus
2973 3681 3076 3742 est,
3105 3671 3237 3747 quia
3263 3670 3517 3745 quamvis
3556 3671 3808 3728 carnales

2210 3789 2304 3829 eos
2332 3769 2567 3844 appellet
2599 3766 2657 3838 (I
2680 3764 2806 3822 Cor.
2835 3781 2918 3834 ιιι,
2951 3763 3033 3836 2),
3066 3779 3180 3819 non
3219 3769 3407 3819 tamen
3448 3778 3620 3835 usque
3666 3760 3809 3818 adeo

2211 3867 2428 3921 fuerant
2460 3865 2642 3916 mente
2671 3854 2836 3930 capti,
2869 3863 2934 3912 ut
2983 3853 3312 3912 circumcidi
3363 3870 3420 3910 se
3459 3859 3805 3926 paterentur.

2211 3962 2339 4019 Ideo
2366 3966 2420 4016 et
2448 3956 2508 4016 hi
2537 3955 2698 4014 stulti
2740 3962 2794 4011 et
2838 3953 2958 4010 sine
3005 3951 3289 4008 intellectu
3343 3966 3458 4007 esse
3505 3950 3805 4020 dicuntur;

2210 4052 2340 4127 quia
2379 4064 2482 4105 nec
2525 4044 2705 4104 dolori
2748 4041 2928 4101 carnis
2992 4056 3102 4096 suae
3147 4039 3432 4096 consulere
3482 4041 3805 4100 valuerunt.

2210 4143 2392 4216 Usque
2419 4138 2488 4196 ad
2517 4137 2625 4193 hoc
2651 4133 2800 4192 enim
2821 4132 2960 4188 solet
2985 4128 3110 4202 quis
3139 4128 3350 4196 induci,
3367 4128 3516 4200 quod
3541 4128 3806 4200 delectat,

2210 4247 2309 4296 aut
2337 4237 2586 4296 dolorem
2619 4247 2732 4290 non
2765 4235 3002 4303 praestat.
3051 4223 3196 4282 219
3231 4225 3627 4299 Interrogantis
3676 4245 3808 4302 ergo

2210 4328 2377 4385 verba
2409 4333 2560 4392 sunt,
2590 4330 2644 4380 et
2669 4319 2816 4396 quod
2841 4318 3142 4391 interrogat
3173 4333 3243 4374 ex
3273 4325 3426 4390 parte
3469 4316 3805 4376 conﬁrman-

2210 4420 2302 4487 tis,
2335 4433 2464 4476 cum
2492 4413 2666 4474 dicit:
2723 4435 2742 4460 ι
2766 4410 2882 4468 Hoc
2913 4409 3092 4465 solum
3121 4408 3250 4464 volo
3290 4407 3502 4464 discere
3537 4424 3570 4464 a
3597 4408 3760 4466 vobis
3790 4429 3803 4467 :

2210 4511 2296 4566 Ex
2325 4505 2583 4582 operibus
2613 4501 2747 4575 legis
2776 4499 3042 4575 Spiritum
3069 4497 3378 4572 accepistis,
3409 4515 3478 4555 an
3507 4515 3578 4554 ex
3606 4499 3806 4557 auditu

2210 4599 2383 4655 ﬁdei?
2421 4621 2440 4645 ι
2491 4596 2608 4652 Ηοο
2631 4593 2698 4650 ab
2727 4591 2806 4648 eis
2835 4589 3052 4664 quaerit,
3089 4589 3147 4646 in
3185 4603 3296 4661 quo
3321 4595 3379 4644 et
3401 4587 3804 4661 gloriabantur,

2211 4697 2264 4746 et
2294 4701 2491 4761 negare
2528 4701 2640 4741 non
2669 4688 2921 4756 poterant
2959 4679 3090 4752 quia
3127 4675 3396 4750 Spiritum
3427 4686 3678 4736 sanctum
3705 4695 3808 4752 per

2208 4779 2372 4835 ﬁdem
2419 4779 2757 4847 acceperant,
2803 4785 2917 4826 non
2945 4784 3041 4840 per
3084 4766 3297 4839 legem;
3329 4776 3394 4824 ut
3421 4767 3806 4841 resipiscentes

2207 4869 2562 4937 agnoscerent
2591 4859 2721 4932 quia
2747 4857 2957 4914 donum
2995 4855 3118 4924 Dei,
3149 4855 3209 4912 in
3247 4873 3356 4930 quo
3401 4855 3801 4930 gloriabantur,

2207 4970 2320 5011 non
2362 4969 2432 5010 ex
2483 4965 2648 5024 opere
2697 4947 2834 5020 legis
2887 4954 3228 5020 acceperant,
3281 4947 3376 5004 sed
3419 4946 3705 5004 credentes
3741 4947 3802 5004 in

2207 5044 2528 5108 Christum;
2574 5046 2638 5096 ut
2686 5037 2777 5096 vel
2813 5037 2894 5095 sic
2943 5037 3082 5111 grati
3109 5035 3349 5106 Christo,
3405 5037 3578 5110 legem
3635 5052 3804 5110 quam

2205 5132 2315 5190 sibi
2369 5132 2428 5188 in
2475 5131 2634 5187 nullo
2687 5128 2944 5203 prodesse
2999 5127 3325 5195 didicerant,
3403 5125 3801 5199 relinquerent.

2207 5223 2323 5280 Hoc
2373 5219 2651 5295 proponit,
2682 5219 2828 5294 quod
2883 5217 2982 5274 illo
3029 5216 3087 5272 in
3144 5224 3391 5288 tempore
3446 5215 3630 5287 negari
3685 5231 3802 5271 non

2206 5319 2436 5387 poterat,
2495 5311 2764 5386 Spiritum
2808 5309 2909 5366 Dei
2941 5309 3118 5364 inesse
3162 5305 3549 5376 credentibus;
3589 5306 3658 5362 ad
3713 5323 3801 5362 ru-

2205 5404 2452 5462 dimenta
2477 5403 2627 5460 enim
2668 5401 2797 5458 ﬁdei
2825 5399 3279 5469 commendanda,
3311 5397 3519 5455 donum
3551 5397 3652 5454 Dei
3694 5396 3802 5456 hoc

2207 5500 2658 5558 manifestabatur
2704 5496 3056 5566 hominibus;
3095 5497 3238 5554 sicut
3295 5497 3440 5554 inter
3483 5489 3599 5570 ipsa
3633 5494 3801 5554 initia

2277 5664 2394 5735 (57)
2429 5661 2647 5735 Ultimae
2676 5659 3012 5735 edit._Par_is.
3044 5657 3312 5716 Parwmia
3359 5674 3488 5714 usus
3540 5663 3636 5714 est.
3675 5658 3798 5715 Non

2205 5731 2442 5802 male,'si
2471 5751 2578 5808 qua
2605 5750 2732 5790 mss.
2765 5731 2874 5789 ﬁde
2901 5731 3188 5790 niteretur.
