3970 6384
155 387 268 447 373

1242 390 1606 451 COMMENT.
1648 392 1720 450 IN
1754 391 1976 453 EPIST.
2015 394 2115 452 AD
2153 393 2414 453 GALAT.

3361 396 3469 455 374

162 515 373 575 factum
393 523 475 573 est
503 515 564 573 in
592 515 854 589 apostolis
870 523 926 573 et
953 515 1165 575 caeteris
1192 514 1504 591 discipulis,
1529 534 1631 577 nec
1653 536 1763 577 non
1795 521 1849 581 A
1875 518 2031 577 ribus
2059 518 2193 592 legis
2220 526 2371 588 sunt,
2400 518 2504 577 sub
2529 518 2825 577 maledicto
2852 527 3001 579 sunt.
3039 544 3060 572 ι
3116 520 3470 582 Manifestum

161 615 221 666 et
248 608 308 665 in
352 608 465 665 illis
503 607 818 678 duodecim,
852 625 989 682 quos
1034 607 1187 683 (quia
1233 608 1291 664 in
1321 607 1633 666 adulterino
1660 608 1768 667 ba-

164 701 425 774 ptismate
457 702 577 774 (58)
625 700 728 759 sub
756 701 984 757 nomine
1010 700 1270 773 baptismi
1297 702 1522 759 Joannis
1553 703 1767 759 fuerant

161 809 281 849 non
315 793 500 862 tincti,
550 792 645 849 sed
672 792 961 865 sordidati)
993 793 1193 849 Paulus
1238 795 1515 866 apostolus
1553 793 1612 849 in
1646 792 1760 849 Tri-

162 882 362 940 nitatis
412 883 637 939 nomine
680 881 942 956 baptizari
985 883 1260 956 praecepit,
1311 883 1513 955 quibus
1541 883 1764 956 imposi-

162 973 240 1029 tis
280 973 555 1042 manibus,
608 973 817 1031 decidit
876 973 935 1029 in
987 989 1079 1029 eos
1129 972 1364 1046 Spiritus
1410 982 1652 1040 sanctus,
1711 982 1765 1031 et

160 1060 516 1119 diversarum
577 1064 889 1137 linguarum
945 1063 1300 1122 ministrabat
1363 1062 1582 1137 eloquia
1637 1080 1762 1120 cum

160 1150 626 1226 interpretatione
674 1168 897 1221 earum;
947 1162 1010 1209 ut
1047 1153 1235 1209 nullus
1288 1152 1512 1209 auderet
1567 1169 1762 1226 negare

160 1240 437 1314 Spiritum
503 1249 752 1299 sanctum
809 1241 987 1299 inesse
1040 1242 1139 1299 eis.
1220 1242 1585 1310 Quamobrem
1644 1244 1762 1299 sine

161 1329 456 1387 intellectu
488 1331 706 1388 Galatas
734 1347 849 1388 esse
878 1331 1135 1405 appellat,
1183 1331 1278 1406 qui
1304 1330 1469 1403 hujus
1498 1332 1577 1387 rei
1607 1333 1761 1405 gnari

159 1426 221 1477 et
248 1421 476 1491 conscii,
525 1421 882 1495 degradantes
911 1440 989 1491 se,
1036 1421 1217 1479 carnis
1261 1439 1405 1478 cura:
1435 1439 1490 1477 se
1519 1421 1760 1493 subjece-

159 1518 317 1568 runt.

239 1601 423 1674 (Vers.
455 1600 535 1674 3.)
583 1626 600 1650 ι
626 1600 959 1674 Incipientes
1002 1599 1221 1674 spiritu,
1252 1616 1401 1656 nunc
1429 1616 1590 1656 carne
1618 1617 1760 1657 con-

158 1689 525 1748 summamini
546 1692 574 1748 ?
604 1716 622 1741 ι
666 1693 781 1749 Hoc
809 1691 969 1760 dicit,
999 1689 1127 1764 quia
1149 1706 1277 1747 cum
1306 1689 1375 1746 ab
1405 1688 1760 1745 inferioribus

156 1778 233 1836 ad
262 1797 479 1837 summa
502 1779 633 1836 fidei
656 1796 911 1837 ascensus
941 1779 1033 1846 sit,
1057 1778 1114 1833 hi
1137 1785 1326 1834 contra
1357 1777 1424 1833 de
1451 1776 1680 1833 summis
1701 1777 1759 1833 in

1879 616 1959 667 est
1990 609 2118 683 quia
2146 609 2337 666 ﬁdeles
2364 626 2490 667 cum
2536 609 2688 666 ﬁdeli
2716 609 3142 681 benedicuntur,
3170 627 3279 685 quo
3306 613 3471 670 modo

1877 696 2127 755 inﬁdeles
2173 715 2300 755 cum
2331 697 2650 756 inﬁdelibus
2684 698 3012 773 puniuntur.
3064 701 3202 757 Nam
3232 702 3330 774 qui
3368 702 3470 759 sub

1876 792 1991 864 lege
2019 798 2210 864 agunt,
2267 792 2369 850 sub
2402 791 2695 850 maledicto
2730 801 2860 851 sunt
2890 809 2903 849 :
2952 792 3084 866 quia
3115 800 3473 867 transgresso-

1874 897 1960 937 res
1991 881 2125 954 legis
2153 889 2303 939 sunt.

1962 994 1980 1017 ε
2019 972 2294 1044 Scriptum
2342 972 2543 1046 quippe
2594 979 2720 1031 est:
2774 971 3100 1032 Maledictus
3152 971 3333 1031 omnis
3376 974 3473 1047 qui

1877 1076 1989 1117 non
2025 1062 2385 1135 permanserit
2439 1062 2499 1119 in
2527 1062 2809 1133 omnibus,
2854 1079 2975 1137 qua:
3014 1062 3219 1135 scripta
3254 1063 3473 1121 suntin

1878 1151 2021 1207 libro
2068 1151 2226 1224 legis,
2277 1159 2340 1208 ut
2386 1152 2551 1210 faciat
2594 1169 2657 1211 ea
2704 1154 2882 1226 (Deut.
2914 1170 3091 1223 xxvu,
3124 1154 3240 1226 26.)
3279 1178 3298 1203 ι
3359 1156 3476 1213 Hoc

1871 1240 2140 1314 scriptum
2181 1249 2264 1298 est
2296 1240 2357 1298 in
2405 1244 2853 1313 Deuteronomio,
2902 1243 3032 1317 quia
3075 1243 3123 1300 si
3168 1244 3302 1317 quid
3338 1244 3475 1319 legis

1871 1330 2201 1405 praeterisset
2228 1331 2449 1405 aliquis,
2491 1332 2816 1389 maledictus
2856 1333 3170 1391 haberetur.
3216 1334 3289 1391 Et
3317 1341 3471 1411 tanta

1870 1420 2141 1477 mandata
2185 1428 2336 1490 sunt,
2365 1429 2427 1478 ut
2476 1422 2818 1497 impossibile
2847 1424 2920 1483 sit
2953 1424 3157 1482 servari
3187 1441 3268 1483 ea.
3316 1425 3472 1483 Unde

1868 1516 1923 1565 et
1968 1510 2161 1566 Petrus
2200 1512 2481 1582 apostolus
2532 1512 2591 1568 in
2644 1513 2880 1571 Actibus
2934 1516 3310 1588 apostolorum
3343 1513 3468 1570 ait:

1883 1624 1901 1647 ι
1931 1599 2077 1667 Quid
2106 1599 2397 1673 imponitis
2425 1601 2621 1675 jugum
2661 1603 2949 1675 fratribus,
2990 1605 3138 1678 quod
3165 1620 3343 1678 neque
3373 1619 3467 1677 pa-

1884 1696 1995 1745 tres
2026 1691 2223 1760 nostri,
2269 1708 2445 1765 neque
2488 1709 2588 1748 nos
2627 1694 2909 1765 potuimus
2949 1702 3167 1767 portare
3199 1695 3340 1763 (Act.
3372 1710 3470 1762 xv,

1878 1776 1969 1849 10)
1990 1777 2017 1833 ?
2044 1804 2061 1826 ι
2099 1778 2407 1851 Negligenti
2447 1780 2595 1837 enim
2626 1789 2679 1837 et
2707 1782 2942 1855 superbo
2971 1783 3175 1856 populo
3203 1781 3322 1840 haec
3346 1782 3474 1838 data

158 1869 279 1925 ima
300 1868 507 1943 delapsi
537 1875 686 1926 sunt.
736 1868 837 1924 Per
874 1867 1037 1923 ﬁdem
1067 1868 1212 1922 enim
1257 1866 1529 1938 spiritales
1558 1865 1756 1935 effecti,
1794 1884 1839 1945 Β
1874 1874 2031 1923 erant
2074 1867 2217 1940 (59),
2267 1876 2329 1924 ut
2370 1885 2468 1942 per
2510 1886 2730 1928 omnem
2778 1872 3253 1930 conversationem
3296 1872 3469 1945 legem

154 1957 418 2016 conversi
473 1957 543 2014 ad
596 1959 790 2030 legem,
843 1956 1197 2030 perdiderant
1245 1955 1473 2030 gratiam
1529 1955 1766 2029 Spiritus

155 2063 334 2121 quam
368 2047 585 2103 fuerant
611 2043 892 2104 consecuti
917 2064 930 2112 ;
959 2045 1362 2101 consummatio
1392 2043 1541 2100 enim
1583 2045 1763 2118 perdi-

158 2136 377 2194 tionem
411 2136 706 2209 signiﬁcat,
740 2134 799 2191 id
828 2142 909 2190 est
933 2134 1118 2190 ﬁdem.

239 2226 423 2299 (Vers.
456 2225 511 2293 4,
541 2225 625 2295 5.)
674 2248 690 2271 ι
729 2224 901 2280 Tanta
954 2222 1096 2295 passi
1150 2222 1282 2279 estis
1329 2221 1448 2279 sine
1496 2241 1678 2294 causa,
1718 2225 1764 2280 si

160 2324 354 2373 tamen
383 2316 503 2372 sine
541 2330 722 2371 causa.
756 2339 775 2363 ι
829 2314 1003 2371 Multa
1048 2331 1140 2370 eos
1173 2331 1359 2385 passos
1393 2331 1493 2387 pro
1531 2314 1639 2371 ﬁde
1680 2316 1767 2371 si-

158 2404 395 2480 gniﬁcat
427 2403 495 2460 ab
530 2402 846 2459 inﬁdelibus
875 2421 888 2472 ;
942 2410 1078 2460 tunc
1116 2402 1263 2458 enim
1307 2402 1404 2476 qui
1445 2403 1762 2473 credebant,

158 2493 379 2552 caeteris
420 2491 717 2565 opprobrio
750 2500 926 2558 erant,
974 2491 1090 2548 sive
1133 2490 1471 2562 domesticis,
1513 2492 1630 2549 sive
1658 2508 1766 2548 ex-

159 2582 417 2640 traneis:
465 2598 591 2637 nam
636 2580 809 2655 digito
859 2580 1217 2653 signabantur
1263 2579 1420 2655 quasi
1466 2582 1544 2637 rei
1602 2579 1763 2653 maje-

161 2672 345 2730 statis.
380 2671 533 2729 Unde
560 2671 818 2729 similiter
846 2670 1048 2726 Galatea
1079 2671 1252 2726 multa
1277 2669 1421 2742 passi
1452 2678 1580 2727 sunt
1608 2670 1765 2727 insa-

160 2763 355 2821 niores
383 2762 617 2835 experti,
666 2760 825 2833 cujus
858 2761 936 2816 rei
966 2760 1225 2817 meritum
1258 2760 1610 2834 perdiderant
1639 2760 1762 2816 mit-

161 2858 346 2908 tentes
374 2868 431 2907 se
459 2851 561 2907 sub
590 2852 786 2922 legem.
834 2847 939 2904 Sed
983 2848 1111 2921 quia
1138 2847 1341 2920 adjecit
1374 2867 1385 2904 :
1443 2874 1460 2896 ι
1489 2848 1545 2904 Si
1576 2857 1760 2903 tamen

159 2942 287 2999 sine
332 2956 515 3008 causa,
558 2965 576 2987 ι
632 2937 871 2994 ostendit
918 2953 1132 3009 sperare
1177 2954 1233 2992 se
1279 2954 1434 3009 posse
1476 2938 1762 2993 reformari

162 3034 318 3090 illos.
363 3056 381 3078 ι
412 3029 517 3098 Qui
558 3045 686 3102 ergo
728 3026 931 3101 praebet
973 3027 1131 3083 vobis
1160 3027 1450 3099 Spiritum,
1499 3038 1552 3085 et
1578 3044 1761 3101 opera-

160 3133 263 3182 tur
291 3120 498 3179 virtute
529 3120 587 3175 in
614 3118 794 3188 vobis,
817 3135 885 3175 ex
915 3116 1171 3191 operibus
1200 3117 1354 3189 legis,
1377 3135 1446 3175 an
1476 3134 1547 3173 ex
1570 3118 1763 3174 auditu

163 3213 347 3272 ﬁdei?
376 3237 394 3261 ι
439 3210 589 3268 Idem
616 3226 809 3267 sensus
829 3216 930 3278 est,
955 3208 1044 3265 cui
1071 3207 1351 3265 adduntur
1380 3208 1603 3266 virtutis
1632 3207 1762 3265 insi-

163 3303 320 3379 gnia,
357 3319 476 3377 quae
499 3298 877 3357 testimonium
914 3299 1159 3371 praebent
1186 3297 1337 3367 ﬁdei,
1370 3297 1517 3371 quod
1547 3298 1618 3355 sit
1647 3315 1767 3371 spes

163 3394 283 3453 fida
311 3400 365 3450 et
392 3390 759 3449 rationabilis.
810 3390 1009 3461 Legem
1044 3395 1224 3445 autem
1273 3387 1429 3443 nulla
1471 3386 1649 3443 virtus
1678 3404 1765 3444 co-

161 3485 420 3553 mitatur,
476 3500 597 3558 quae
648 3480 886 3539 attrahat
934 3479 1003 3535 ad
1055 3478 1173 3550 ejus
1225 3494 1408 3549 spem;
1466 3478 1596 3550 quia
1646 3494 1766 3549 qua:

162 3573 453 3642 videntur,
484 3589 596 3629 non
626 3578 935 3643 sperantur,
967 3566 1060 3623 sed
1089 3575 1218 3623 sunt
1245 3564 1589 3639 temporalia,
1626 3565 1767 3623 sicut

160 3663 265 3721 lex
291 3663 584 3728 factorum,
612 3675 775 3732 quam
806 3674 969 3730 supra
997 3656 1357 3713 ostendimus.

246 3753 429 3827 (Vere.
462 3750 543 3821 6.)
598 3774 617 3796 ι
646 3747 800 3805 Sicut
841 3748 1105 3818 scriptum
1138 3754 1218 3803 est
1251 3764 1263 3802 :
1317 3745 1564 3803 Credidit
1596 3746 1766 3804 Abra-

159 3844 301 3901 ham
332 3842 466 3908 Deo,
493 3846 547 3895 et
568 3838 898 3895 aestimatum
921 3844 1002 3892 est
1028 3838 1077 3892 ei
1099 3834 1167 3891 ad
1188 3833 1463 3907 justitiam
1493 3836 1648 3907 (Gen.
1668 3854 1765 3908 xv,

158 3933 253 4006 6).
289 3956 307 3980 ι
351 3928 604 3987 Ostendit
634 3927 886 4000 exemplo
914 3925 1169 3994 Abrahae,
1201 3926 1297 3999 qui
1327 3933 1480 3998 pater
1508 3925 1635 3983 ﬁdei
1663 3936 1764 3997 est,

152 4021 441 4097 justitiam
483 4035 597 4075 non
627 4035 697 4075 ex
739 4016 998 4090 operibus
1047 4015 1183 4088 legis
1218 4016 1501 4088 imputari,
1551 4016 1646 4073 sed
1672 4034 1767 4090 per

159 4110 377 4179 ﬁdem;
434 4108 666 4166 credens
711 4106 860 4163 enim
900 4105 1237 4179 justiﬁcatus
1266 4113 1347 4161 est
1381 4124 1392 4162 :
1446 4122 1510 4163 ac
1537 4123 1633 4179 per
1662 4107 1768 4164 hoc

161 4202 340 4259 stulte
368 4208 421 4257 et
451 4198 760 4273 improvide
794 4198 900 4272 legi
951 4214 1045 4255 eos
1076 4215 1133 4254 se
1153 4196 1471 4269 subjecisse,
1502 4213 1622 4271 quae
1654 4215 1765 4256 non

160 4293 241 4353 ad
264 4290 720 4366 justiﬁcationem
751 4290 879 4347 data
907 4298 1009 4347 est.

247 4385 432 4457 (Vers.
475 4383 554 4453 7.)
615 4404 634 4429 α
683 4380 1025 4453 Cognoscitis
1072 4397 1199 4453 ergo
1241 4380 1370 4453 quia
1413 4380 1511 4453 qui
1551 4395 1621 4436 ex
1659 4378 1766 4436 ﬁde

160 4480 323 4541 sunt,
368 4471 427 4527 hi
456 4478 586 4527 sunt
616 4468 720 4525 ﬁlii
749 4468 1023 4524 Abrahae?
1054 4494 1072 4517 ι
1131 4457 1337 4524 Veruin
1368 4477 1451 4525 est
1480 4468 1610 4541 quia
1637 4485 1767 4525 cre-

160 4567 363 4624 dentes
391 4560 497 4619 ﬁlii
526 4566 655 4616 sunt
682 4557 918 4614 Abrahae
942 4576 956 4625 ;
1004 4557 1133 4631 quia
1161 4558 1208 4613 si
1251 4556 1529 4614 Abraham
1561 4574 1629 4613 ex
1658 4557 1764 4613 ﬁde

156 4653 507 4730 justiﬁcatus
534 4658 616 4708 est
644 4650 875 4723 primus,
900 4658 1169 4722 quotquot
1189 4656 1311 4722 post
1338 4648 1486 4704 hunc
1511 4647 1761 4718 credunt,

164 4746 277 4805 ﬁlii
304 4744 423 4817 ejus
451 4750 603 4812 sunt,
636 4742 752 4798 sive
775 4756 844 4797 ex
872 4740 1093 4807 Judzeis,
1126 4740 1241 4795 sive
1266 4755 1335 4796 ex
1365 4738 1638 4812 gentibus.

246 4845 428 4917 (V'ers.
462 4842 545 4914 8.)
591 4864 610 4888 ι
640 4838 943 4897 Providens
984 4847 1167 4894 autem
1215 4837 1496 4911 Scriptura
1534 4838 1663 4911 quia
1694 4854 1764 4894 ex

165 4934 280 4994 ﬁde
303 4930 571 5006 justiﬁcat
598 4934 784 5002 gentes
830 4930 996 4997 Deus,
1045 4928 1437 5001 praenuntiavit
1482 4926 1717 4983 Abrahze
1747 4945 1759 4982 :

164 5024 315 5094 Quia
332 5021 727 5080 benedicentur
745 5019 805 5076 in
826 5027 878 5076 te
898 5035 1089 5076 omnes
1109 5026 1293 5091 gentes
1325 5019 1480 5090 (Gen.
1514 5034 1615 5086 xu,
1644 5017 1751 5091 3).-

167 5116 290 5172 lloc
314 5112 473 5181 dicit,
495 5111 624 5185 quia
653 5110 831 5167 forma
858 5117 940 5166 est
960 5107 1238 5165 Abraham
1264 5108 1513 5164 omnium
1544 5106 1762 5164 creden-

164 5205 337 5271 tium,
385 5208 448 5258 ut
475 5200 535 5258 hi
564 5198 841 5258 benedicti
869 5199 927 5254 in
952 5215 1016 5255 eo
1047 5197 1181 5263 sint,
1227 5196 1321 5270 qui
1351 5195 1619 5264 credunt;
1668 5213 1763 5253 se-

166 5298 401 5367 quentes
447 5290 595 5349 enim
641 5288 806 5347 ﬁdem
837 5288 976 5361 ejus,
1024 5286 1319 5360 participes
1348 5284 1490 5341 ﬁunt
1525 5284 1763 5341 benedi-

164 5382 373 5442 ctionis
402 5380 667 5454 ejusdem.

246 5472 432 5543 (Vera.
459 5472 514 5538 9,
549 5470 662 5541 10.)
718 5492 737 5517 ι
770 5470 915 5541 Ergo
952 5466 1047 5539 qui
1092 5484 1160 5523 ex
1190 5464 1297 5521 ﬁde
1345 5473 1493 5533 sunt,
1544 5461 1762 5519 benedi-

166 5570 397 5631 cuntur,
434 5577 506 5617 ex
530 5559 681 5616 ﬁdeli
710 5558 1016 5626 Abraham;
1051 5564 1322 5631 quotquot
1350 5556 1498 5612 enim
1528 5571 1596 5610 ex
1624 5569 1762 5627 ope-

243 5763 363 5837 (58)
406 5758 594 5821 Codex
624 5758 821 5829 Laud.,
852 5757 908 5815 in
932 5758 1104 5815 altera
1133 5756 1462 5829 baptismate.

1793 4609 1841 4669 D

1873 1954 2158 2014 haberent.

1947 2044 2131 2116 (Vers.
2167 2043 2281 2119 l2.)
2344 2069 2364 2094 ι
2393 2045 2552 2114 Quod
2591 2056 2775 2104 autem
2821 2046 2881 2102 in
2920 2048 3039 2120 lege
3082 2063 3246 2106 nemo
3269 2047 3471 2120 justiﬁ-

1873 2141 2031 2191 catur
2058 2135 2204 2207 apud
2234 2136 2431 2204 Deum,
2476 2133 2829 2191 manifestum
2861 2142 2978 2203 est;
3030 2135 3161 2208 quia
3190 2136 3375 2209 justus
3401 2153 3472 2194 ex

1874 2222 1983 2279 ﬁde
2012 2224 2155 2281 vivit
2185 2225 2408 2297 (Habac.
2444 2241 2508 2294 ll,
2538 2223 2619 2297 4).
2655 2249 2675 2275 ι
2732 2226 2814 2281 Ac
2838 2241 2935 2297 per
2964 2224 3072 2282 hoc
3100 2226 3469 2284 recedendum

1872 2327 1906 2366 a
1933 2312 2047 2384 lege
2079 2313 2257 2382 docet,
2280 2330 2348 2369 ne
2369 2312 2589 2386 justitia
2613 2329 2709 2386 per
2736 2313 2903 2370 ﬁdem
2932 2314 3162 2388 quaesita
3189 2316 3464 2388 depereat.

1886 2423 1905 2448 ι
1946 2401 2059 2457 Lex
2089 2409 2272 2458 autem
2307 2418 2419 2458 non
2461 2410 2543 2459 est
2585 2420 2653 2459 ex
2691 2402 2821 2472 ﬁde,
2869 2403 2963 2460 sed
2994 2403 3128 2477 quid
3158 2403 3351 2463 fecerit
3376 2420 3459 2474 ea,

1873 2489 2026 2547 vivet
2076 2491 2133 2547 in
2181 2492 2259 2548 eis
2310 2493 2525 2563 (Ezech.
2559 2508 2656 2561 xx,
2698 2492 2814 2565 21).
2856 2516 2874 2541 ι
2917 2496 3062 2555 220
3102 2494 3225 2550 Non
3270 2502 3354 2552 est
3399 2510 3470 2552 ex

1874 2585 1982 2643 ﬁde
2010 2588 2099 2644 lex
2119 2606 2132 2655 ;
2160 2588 2288 2660 quia
2309 2587 2453 2643 nihil
2481 2587 2706 2645 mandat
2723 2588 3079 2646 credendum.
3103 2590 3302 2647 Omnia
3320 2591 3469 2648 enim

1872 2675 1992 2748 ejus
2030 2676 2323 2732 manifesta
2361 2684 2514 2743 sunt,
2561 2685 2623 2733 ut
2669 2693 2893 2734 servans
2941 2679 3136 2751 legem,
3181 2677 3375 2737 vivat:
3422 2678 3471 2735 si

1872 2765 2189 2839 quominus,
2237 2781 2457 2821 necesse
2504 2774 2584 2821 est
2619 2766 2922 2837 plectatur;
2974 2766 3103 2839 quia
3131 2767 3278 2840 quod
3306 2768 3475 2827 scivit

1872 2853 2184 2922 vitandum,
2210 2852 2455 2910 admisit.
2486 2852 2671 2909 Potest
2698 2854 2903 2927 opponi
2924 2870 2953 2911 e
2972 2853 3217 2924 diverso,
3247 2863 3302 2913 et
3320 2855 3467 2915 dici:

1872 2942 1929 2999 Si
1958 2943 2016 2999 in
2049 2944 2164 3015 lege
2196 2958 2359 3000 nemo
2374 2941 2732 3014 justiﬁcatur,
2748 2943 2884 3017 quid
2906 2952 2989 3001 est
3007 2952 3069 3000 ut
3089 2943 3470 3016 maledicatur,

1872 3031 1967 3104 qui
1995 3031 2207 3104 aliquid
2252 3032 2494 3103 praeterit
2542 3031 2725 3104 legis?
2774 3031 2982 3089 Verum
3011 3040 3093 3090 est
3135 3034 3265 3108 quia
3309 3051 3472 3093 nemo

1871 3137 1966 3193 per
1994 3122 2167 3193 legem
2192 3119 2548 3192 justiﬁcatur,
2581 3119 2676 3177 sed
2703 3120 2849 3193 apud
2879 3122 3056 3178 Deum
3089 3139 3102 3179 :
3131 3121 3469 3195 justiﬁcatur

1872 3219 2053 3266 autem
2100 3208 2246 3281 apud
2288 3208 2579 3278 mundum,
2622 3215 2684 3265 ut
2718 3225 2944 3266 securus
2988 3209 3062 3268 sit
3088 3209 3147 3267 in
3177 3211 3294 3269 vita
3335 3229 3471 3286 prae-

1877 3299 2040 3356 senti.
2072 3297 2129 3354 Si
2160 3305 2344 3354 autem
2392 3298 2537 3371 apud
2564 3299 2739 3356 Deum
2773 3298 3069 3371 justiﬁcari
3099 3300 3241 3366 vult,
3290 3308 3353 3357 ut
3379 3299 3468 3357 illi

1876 3387 1945 3443 ad
1974 3386 2231 3444 meritum
2276 3386 2526 3459 proﬁciat
2571 3386 2630 3442 in
2676 3386 2767 3443 die
2801 3385 3024 3459 judicii,
3075 3388 3177 3444 Dei
3210 3395 3471 3461 sequatur

1876 3476 2069 3544 ﬁdem;
2121 3477 2368 3549 alioquin
2412 3475 2505 3532 hic
2532 3492 2773 3545 securus,
2808 3492 2933 3533 reus
2959 3477 3066 3534 erit
3091 3477 3149 3534 in
3194 3478 3467 3536 futurum.

1875 3564 2101 3622 Prodest
2147 3580 2275 3637 ergo
2317 3565 2429 3634 lex,
2482 3563 2579 3620 sed
2620 3580 2740 3639 quae
2778 3564 2837 3621 in
2877 3564 3079 3623 tabulis
3111 3566 3316 3640 scripta
3346 3573 3466 3635 est;

1876 3670 2003 3719 nam
2056 3663 2273 3722 caetera,
2328 3661 2474 3711 srcut
2528 3652 2693 3722 dixit,
2746 3660 2809 3710 ut
2864 3654 3018 3711 oneri
3071 3662 3250 3713 essent
3271 3697 3290 3726 ,
3341 3655 3469 3714 data

1876 3752 2025 3801 sunt.

1948 3833 2131 3905 (Vers.
2162 3831 2275 3905 13.)
2325 3856 2343 3881 ι
2372 3830 2623 3891 Christus
2650 3846 2749 3887 nos
2795 3828 3027 3888 redemit
3067 3830 3135 3889 de
3173 3830 3469 3889 maledicto

1877 3923 2034 3997 legis,
2056 3923 2235 3981 factus
2254 3939 2353 3996 pro
2374 3921 2534 3978 nobis
2553 3920 2930 3979 maledictum.
2951 3945 2970 3969 ι
3006 3920 3278 3990 Quoniam
3307 3939 3469 3980 nemo

1876 4022 2087 4086 poterat
2128 4013 2356 4086 implere
2406 4012 2599 4085 legem,
2649 4010 2728 4066 rei
2758 4016 2913 4067 erant
2942 4026 3132 4068 omnes
3176 4009 3469 4069 maledicto

1876 4102 2031 4175 legis,
2078 4107 2139 4157 ut
2173 4100 2480 4157 vindicaret
2524 4098 2583 4155 in
2611 4114 2704 4156 eos
2735 4116 2747 4154 :
2797 4097 3051 4158 Christus
3089 4108 3270 4157 autem
3301 4099 3469 4157 homo

1876 4197 2056 4258 natus,
2111 4188 2330 4245 oblatus
2376 4204 2407 4243 a
2449 4188 2608 4244 Patre
2653 4204 2752 4260 pro
2799 4186 2980 4257 nobis,
3030 4186 3263 4245 redemit
3310 4205 3410 4246 nos
3437 4205 3470 4245 a

1874 4277 2114 4335 diabolo.
2167 4277 2332 4333 Morti
2377 4275 2525 4333 enim
2574 4277 2853 4333 volentem
2896 4276 3131 4334 offerens
3171 4277 3333 4333 illum
3369 4294 3469 4351 pro

1874 4368 1944 4424 iis
1974 4368 2069 4441 qui
2102 4366 2394 4423 maledicto
2443 4364 2578 4438 legis
2614 4373 2770 4422 erant
2808 4365 3062 4436 obnoxii,
3111 4367 3466 4426 maledictum

1875 4458 2035 4514 illum
2065 4457 2196 4513 fecit
2248 4457 2354 4514 hoc
2380 4458 2565 4528 modo,
2616 4458 2758 4515 sicut
2784 4456 2845 4515 in
2874 4460 2990 4533 lege
3017 4459 3197 4517 hostia
3224 4476 3323 4532 pro
3348 4474 3468 4532 pec-

1874 4548 2011 4606 catis
2071 4547 2253 4604 oblata
2302 4554 2587 4620 peccatum
2640 4548 3063 4620 nuncupabatur
3114 4566 3125 4603 :
3184 4554 3467 4621 propterea

1872 4654 1971 4711 pro
2002 4636 2309 4693 maledictis
2338 4636 2574 4707 oblatus,
2604 4636 2779 4695 factus
2808 4646 2889 4693 est
2912 4636 3262 4694 maledictum
3288 4655 3301 4704 ;
3338 4652 3463 4692 nam

1872 4735 1925 4785 et
1972 4726 2178 4784 Judmis
2228 4726 2403 4783 factus
2444 4736 2526 4783 est
2572 4726 2947 4794 maledictum,
2998 4725 3131 4781 dum
3161 4724 3315 4798 quasi
3344 4741 3464 4797 pec-

1872 4825 2023 4874 cator
2051 4815 2343 4873 occiditur.
2392 4815 2520 4871 Ideo
2550 4831 2661 4870 non
2691 4813 2838 4870 dixit
2871 4831 2883 4869 :
2938 4814 3136 4870 Factus
3173 4830 3272 4887 pro
3303 4813 3464 4871 nobis

1874 4906 2219 4975 maledictus,
2269 4904 2364 4961 sed
2406 4902 2792 4969 maledictum;
2847 4901 2896 4958 is
2931 4901 3079 4958 enim
3110 4902 3206 4976 qui
3243 4914 3464 4977 propter

1872 5008 2153 5072 peccatum
2203 4998 2483 5071 proprium
2534 4993 2698 5050 morti
2744 4992 3092 5062 offerebatur,
3139 4994 3462 5055 maledictus

1873 5088 2055 5157 ﬁebat,
2102 5088 2162 5144 in
2207 5104 2303 5144 sua
2343 5084 2473 5141 enin
2515 5099 2676 5140 causa
2725 5082 3080 5141 moriebatur.
3130 5084 3203 5140 Et
3246 5085 3293 5142 si
3340 5103 3458 5159 pro-

1872 5178 1994 5251 pius
2023 5177 2270 5251 aspicias,
2319 5172 2533 5230 videbis
2563 5171 2845 5230 Christum
2874 5172 3231 5231 maledictum
3268 5190 3457 5231 eorum

1874 5269 2100 5333 factum,
2131 5283 2163 5322 a
2190 5264 2390 5339 quibus
2436 5263 2649 5319 occisus
2676 5269 2795 5330 est;
2842 5278 2981 5320 crux
3013 5263 3311 5321 Salvatoris
3340 5279 3458 5336 pec-

1870 5366 2051 5416 catum
2083 5362 2139 5412 et
2182 5354 2537 5412 maledictum
2581 5360 2662 5409 est
2705 5351 3041 5409 Iudaeorum.
3088 5378 3106 5399 ι
3145 5352 3284 5420 Quia
3310 5352 3457 5409 scri-

1870 5456 2025 5519 ptum
2063 5451 2187 5502 est:
2236 5442 2559 5502 Maledictus
2588 5440 2768 5499 omnis
2812 5443 2909 5515 qui
2953 5440 3153 5515 pendet
3199 5439 3258 5496 in
3304 5439 3456 5516 ligno

1873 5538 2049 5610 (Deut.
2081 5555 2200 5607 xxx,
2232 5538 2348 5612 23).
2389 5564 2407 5587 ι
2457 5538 2573 5594 Hoc
2614 5537 2828 5609 Moyses
2857 5535 3004 5592 dixit
3040 5534 3099 5591 in
3124 5535 3457 5593 Deuterono-

1941 5746 2054 5821 (59)
2095 5742 2244 5803 Idem
2273 5745 2448 5803 codex
2469 5742 2665 5813 Laud.,
2687 5740 2885 5816 populo
2914 5739 3020 5795 hcce
3041 5738 3183 5797 dicta
3207 5742 3378 5795 erant.
