3970 6360
553 397 658 455 375

1565 391 1662 448 AD
1701 387 1936 447 OPERA
1973 388 2032 445 S.
2064 386 2398 448 AMBROSII
2437 383 2819 443 APPENDIX.

3766 381 3878 438 376

471 554 477 559 ί
553 531 666 589 mio
696 528 766 588 de
795 529 902 588 reis
930 529 1155 598 mortis;
1207 535 1268 587 ut
1295 528 1567 588 suﬂiceret
1602 527 1880 600 suspensis
1911 525 1972 583 in
2001 525 2151 600 ligno
2178 527 2229 587 Α
2331 524 2511 596 (Vers.
2547 522 2660 594 17.)
2706 547 2724 569 ι
2760 520 2874 580 Hoc
2901 527 3082 578 autem
3107 517 3255 588 dico,
3286 517 3704 576 Testamentum
3736 537 3875 577 con-

554 621 673 680 illic
697 638 814 679 esse
842 637 1016 695 usque
1043 620 1112 677 ad
1143 637 1446 692 vesperam,
1496 627 1549 676 et
1576 618 1777 691 deponi
1823 617 1881 673 in
1910 617 2151 690 sepultu-

553 729 689 770 ram.
723 711 885 781 Quia,
953 736 971 758 ι
1007 709 1350 778 Maledictus,
1403 709 1604 782 inquit,
1648 708 1741 782 qui
1771 705 1971 779 pendet
1999 705 2058 761 in
2087 704 2151 761 li.

552 818 699 875 gno;
741 826 758 850 ι
815 808 877 856 ιιι
906 815 999 855 reo
1040 799 1236 854 mortis
1275 796 1548 853 sufﬁceret
1595 796 1721 864 hoc,
1770 795 1898 868 quia
1926 811 2148 868 suspen-

551 907 644 948 sus
674 889 1012 947 moriebatur
1045 887 1104 942 in
1149 887 1332 959 ligno;
1395 903 1464 943 ne
1510 884 1721 942 diutius
1749 884 1796 941 si
1837 893 1977 941 esset
2021 902 2151 942 sus-

553 997 772 1054 pensus,
796 978 974 1051 majus
1005 977 1230 1034 haberet
1256 975 1612 1051 opprobrium
1644 991 1792 1031 mors
1812 973 1954 1047 ejus,
1985 991 2150 1048 quam

550 1069 816 1126 deberet:
871 1076 922 1125 et
955 1068 1111 1125 ﬁeret
1153 1068 1371 1124 macula
1418 1063 1601 1138 generi
1631 1062 1771 1136 ejus,
1819 1063 1865 1120 si
1914 1063 2152 1136 amplius

551 1174 700 1214 mors
729 1155 846 1230 ejus
885 1155 1276 1230 publicaretur.
1325 1155 1405 1212 Ac
1434 1171 1528 1227 per
1562 1152 1665 1209 hoc
1708 1152 1957 1208 Salvator
1993 1151 2148 1207 inno-

549 1263 680 1304 cens
719 1261 1017 1320 suspensus
1058 1244 1117 1300 in
1160 1245 1332 1318 ligno,
1382 1259 1492 1299 non
1539 1250 1621 1300 est
1660 1241 2008 1308 maledictus,
2057 1239 2151 1297 sed

553 1335 908 1393 maledictum
938 1335 1184 1403 illorum,
1222 1350 1253 1389 a
1283 1333 1482 1408 quibus
1512 1349 1805 1406 suspensus
1837 1339 1938 1388 est.
1968 1331 2150 1399 Quan-

552 1435 672 1483 tum
723 1433 910 1481 tamen
955 1423 1025 1480 ad
1064 1423 1281 1480 Iudaeos
1327 1423 1584 1497 pertinet,
1617 1420 1771 1494 quasi
1811 1428 2148 1494 peccatorem

552 1517 712 1573 illum
767 1513 1133 1573 occidendum
1187 1513 1363 1569 Pilato
1421 1512 1738 1578 oﬁ'erentes,
1796 1509 2149 1566 maledictum

551 1605 713 1662 illum
745 1604 1014 1671 fecerunt,
1041 1611 1102 1659 ut
1126 1602 1280 1675 quasi
1311 1617 1436 1656 reus
1463 1599 1825 1668 occideretur,
1855 1615 1980 1654 cum
2011 1608 2150 1656 esset

551 1693 838 1760 innocens,
891 1690 1019 1764 quia
1062 1689 1261 1762 dignus
1306 1695 1481 1744 morte
1516 1686 1840 1744 maledictus
1885 1693 1968 1742 est
1989 1685 2154 1758 juxta

552 1784 746 1855 legem.
814 1780 1076 1837 Videntes
1128 1777 1277 1834 enim
1325 1777 1528 1833 multos
1567 1775 1843 1850 aggregari
1888 1777 2152 1834 doctrinas

2260 613 2535 670 ﬁrmatum
2567 631 2597 670 a
2625 616 2737 670 Deo
2767 612 2823 668 in
2855 609 3099 675 Christo,
3129 625 3252 683 quae
3283 616 3406 682 post
3426 608 3876 683 quadringentos

2259 711 2313 761 et
2341 703 2567 776 triginta
2595 718 2767 758 annos
2795 701 2936 758 facta
2967 708 3048 756 est
3083 703 3223 762 221
3274 699 3387 768 lex,
3436 713 3549 755 non
3579 697 3878 754 inﬁrmata

2259 801 2326 857 ad
2355 800 2726 857 evacuandam
2749 799 3168 872 promissionem
3192 797 3335 870 (62).
3360 822 3379 846 ι
3412 797 3474 853 In
3497 797 3615 854 solo
3635 795 3874 854 Christo

2259 890 2530 946 ﬁrmatam
2596 887 2995 946 benedictionis
3065 886 3489 960 promissionem
3551 884 3733 953 docet,
3807 892 3877 940 ut

2261 982 2430 1053 legem
2479 987 2601 1051 post
2631 978 3061 1051 quadringentos
3102 983 3157 1030 et
3202 974 3435 1048 triginta
3467 990 3643 1031 annos
3672 973 3870 1029 datam

2259 1068 2546 1134 ostendat;
2587 1066 2887 1124 constituta
2926 1066 3074 1121 enim
3105 1064 3470 1137 promissione
3513 1071 3705 1137 postea
3734 1061 3872 1118 data

2259 1169 2340 1217 est
2372 1161 2482 1227 lex,
2513 1174 2634 1231 quae
2681 1173 2792 1212 non
2824 1157 3015 1229 utique
3061 1155 3369 1211 inﬁrmaret
3407 1153 3864 1227 promissionem,

2257 1249 2352 1307 sed
2382 1247 2529 1322 quod
2559 1247 2766 1315 futura,
2791 1254 2846 1302 et
2873 1245 3095 1319 quando
3125 1252 3363 1301 ventura
3390 1250 3550 1312 esset,
3583 1241 3866 1314 signiﬁca-

2259 1349 2361 1397 ret.

2343 1451 2361 1475 ι
2402 1427 2460 1484 Si
2505 1427 2654 1484 enim
2702 1442 2770 1482 ex
2820 1427 2936 1498 lege
2981 1424 3295 1493 haereditas,
3330 1423 3446 1496 jam
3475 1438 3585 1478 non
3639 1437 3710 1478 ex
3738 1437 3867 1493 pro-

2259 1518 2521 1574 missione
2555 1534 2567 1572 :
2618 1514 2856 1572 Abrahae
2896 1521 3079 1570 autem
3110 1529 3205 1586 per
3242 1511 3723 1585 repromissionem
3769 1507 3868 1565 do-

2260 1605 2416 1662 navit
2443 1607 2610 1662 Deus.
2641 1627 2660 1652 ι
2703 1605 2851 1661 Duas
2874 1617 3064 1660 causas
3089 1602 3194 1658 sibi
3223 1601 3524 1658 contrarias
3552 1597 3868 1657 defendunt

2263 1693 2379 1766 (63)
2403 1693 2608 1762 Iudaei;
2644 1692 2801 1748 nullo
2829 1691 2977 1748 enim
3005 1697 3184 1764 pacto,
3216 1690 3372 1746 nulla
3398 1689 3609 1745 ratione
3638 1684 3864 1744 suaderi

2259 1791 2439 1857 potest
2466 1782 2671 1840 Iudaeis
2699 1781 2935 1839 Abrahae
2961 1781 3381 1854 promissionem
3409 1784 3737 1836 evacuatam
3770 1791 3866 1848 per

550 1871 689 1943 ejus,
746 1869 904 1926 zelati
953 1874 1084 1924 sunt
1120 1865 1411 1924 dicentes:
1476 1886 1495 1913 ‹
1534 1866 1675 1922 Ecce
1722 1873 1870 1922 totus
1912 1865 2152 1922 mundus
2181 1885 2226 1944 Β
2263 1875 2456 1945 legem,
2505 1882 2559 1930 ει
2606 1883 2750 1930 recte
2793 1890 2804 1928 ;
2854 1871 2949 1929 sed
2994 1871 3147 1928 aliud
3201 1870 3493 1927 adversum
3544 1865 3867 1939 improvida

550 1959 688 2019 abiit
724 1969 846 2034 post
893 1959 1052 2014 illum
1101 1957 1283 2030 (Joan.
1319 1973 1422 2025 xu,
1454 1956 1567 2027 l9),
1604 1980 1620 2001 -
1679 1972 1740 2012 ac
1771 1971 1868 2028 per
1908 1955 2014 2013 hoc
2054 1973 2152 2029 pro

553 2049 711 2109 nobis
742 2049 957 2107 occisus
986 2048 1212 2114 dicitur,
1245 2054 1300 2101 et
1346 2043 1556 2115 duplici
1588 2058 1781 2116 genere
1827 2061 1927 2118 pro
1956 2046 2149 2114 nobis;

551 2157 678 2200 cum
708 2141 858 2198 enim
890 2144 1086 2211 putant
1135 2136 1297 2191 illum
1339 2132 1518 2190 occidi
1562 2131 1778 2202 debere,
1811 2151 1878 2190 ne
1908 2135 2147 2204 doceret,

553 2231 697 2289 nihil
729 2229 1116 2304 profecerunt;
1169 2223 1298 2297 quia
1327 2229 1381 2279 et
1429 2221 1682 2280 doctrina
1711 2228 1828 2296 ejus
1870 2224 2064 2292 crevit,
2096 2230 2150 2278 et

554 2328 783 2377 mortem
815 2314 1104 2373 evacuavit
1127 2312 1183 2368 in
1206 2311 1455 2384 passione
1482 2328 1598 2370 sua.
1624 2312 1970 2369 Descendens
1998 2313 2148 2368 enim

552 2409 623 2466 ad
653 2408 879 2474 inferos,
911 2419 1080 2476 genus
1113 2400 1406 2458 hominum
1438 2400 1727 2470 liberavit;
1778 2418 1887 2476 qua
1915 2419 2078 2460 causa
2097 2410 2154 2459 et

554 2495 737 2554 occidi
765 2509 822 2552 se
857 2492 1128 2567 permisit,
1177 2491 1358 2549 sciens
1392 2507 1492 2565 pro
1522 2491 1682 2548 nobis
1711 2509 1846 2561 esse,
1879 2501 1931 2550 et
1963 2501 2153 2551 contra

555 2585 860 2643 diabolum.

629 2675 810 2747 (Vers.
849 2672 962 2745 1’1.)
1009 2696 1024 2718 ε
1065 2672 1138 2729 Ut
1163 2671 1223 2728 in
1272 2670 1526 2745 gentibus
1571 2669 1882 2728 benedictio
1913 2671 2151 2728 Abrahae

556 2766 710 2823 ﬁeret
738 2781 832 2840 per
879 2763 1159 2823 Christum
1189 2762 1376 2819 Iesum
1411 2779 1422 2817 :
1475 2768 1528 2818 et
1557 2761 1996 2818 benedictionem
2033 2760 2150 2835 Spi-

557 2855 695 2912 ritus
742 2854 1075 2928 accipiamus
1108 2853 1225 2924 (60)
1277 2868 1370 2924 per
1413 2851 1599 2908 ﬁdem.
1634 2877 1651 2899 ι
1696 2852 1810 2908 Hoc
1838 2851 1996 2920 dicit,
2023 2851 2152 2926 quia

556 2944 902 3019 exprobratis
930 2951 984 3000 et
1013 2942 1320 2999 maledictis
1343 2941 1568 3010 Iudaeis,
1600 2959 1724 2999 cum
1748 2941 1852 2996 sibi
1884 2942 1950 2997 de
1973 2941 2151 3014 justi-

557 3035 634 3091 tia
663 3034 799 3107 legis
839 3030 1246 3098 blandirentur,
1295 3028 1476 3086 occiso
1523 3028 1805 3085 Salvatore
1837 3030 1991 3100 quasi
2022 3027 2150 3082 Sab-

559 3125 672 3182 bati
702 3123 970 3180 violatore
1002 3121 1118 3194 (61)
1164 3118 1548 3194 promissionis
1576 3116 1888 3174 benedictio
1917 3116 2151 3173 Abrahae

560 3215 854 3274 transitum
899 3212 1030 3270 fecit
1063 3211 1131 3268 ad
1170 3217 1357 3284 gentes
1407 3225 1502 3282 per
1541 3207 1706 3264 ﬁdem
1756 3207 1962 3266 Christi
2002 3209 2148 3263 Iesu.

559 3307 713 3366 Unde
761 3304 898 3362 dicit
944 3302 1214 3360 Dominus
1263 3299 1513 3356 Iudaeis:
1583 3323 1600 3344 ι
1631 3298 1877 3355 Tolletur
1925 3315 1955 3352 a
1993 3297 2152 3353 vobis

559 3411 787 3470 regnum
816 3393 936 3463 Dei,
982 3400 1034 3449 et
1067 3391 1292 3450 dabitur
1334 3389 1483 3464 genti
1528 3387 1751 3446 facienti
1797 3388 2009 3446 fructus
2037 3387 2156 3460 ejus

560 3487 774 3560 (Matth.
809 3503 929 3553 xxr,
961 3483 1078 3556 43).
1111 3507 1130 3532 ι

632 3580 809 3651 (Vers.
845 3577 957 3648 15.)
1004 3599 1023 3623 ε
1052 3577 1288 3643 Fratres,
1319 3572 1624 3632 secundum
1646 3571 1926 3629 hominem
1957 3569 2101 3625 dico.
2122 3594 2140 3616 ι

561 3670 678 3726 Hoc
706 3668 864 3732 dicit,
905 3667 1034 3740 quia
1079 3665 1332 3738 exemplo
1375 3665 1629 3720 humanae
1661 3679 1836 3719 causae
1881 3675 2156 3719 commen-

561 3757 690 3814 dare
721 3757 842 3812 vult
870 3755 1139 3810 rationem
1172 3753 1380 3810 divinae
1409 3751 1808 3826 promissionis.
1855 3776 1872 3797 ι
1904 3749 2157 3806 Hominis

563 3853 974 3912 testamentum,
1024 3843 1411 3900 conﬁrmatum
1460 3850 1665 3909 tamen,
1725 3855 1888 3896 nemo
1936 3839 2156 3896 irritum

563 3935 716 4004 facit,
750 3943 844 3992 aut
875 3933 1277 4007 superordinat.
1311 3958 1328 3982 ι
1363 3933 1571 3990 Verum
1604 3937 1685 3986 est
1712 3929 1841 4004 quia
1869 3937 2156 3987 testamen-

563 4033 681 4082 tum
711 4024 957 4081 defuncti
981 4023 1106 4096 jure
1135 4023 1338 4080 factum
1369 4038 1481 4078 non
1513 4027 1690 4093 potest
1719 4018 1917 4077 scindi.

639 4123 822 4196 (Vers.
856 4123 968 4192 16.)
1035 4145 1054 4169 ι
1090 4119 1326 4177 Abrahae
1373 4119 1532 4176 dicta
1580 4126 1710 4174 sunt
1743 4117 2133 4190 promissiones
2157 4158 2172 4184 ,

569 4222 623 4270 et
647 4210 845 4269 semini
875 4209 1013 4283 ejus.
1061 4209 1181 4265 Non
1212 4208 1352 4265 dicit
1384 4226 1395 4263 :
1444 4208 1517 4263 Et
1545 4206 1868 4275 seminibus,
1915 4206 2070 4279 quasi
2100 4207 2157 4262 in

567 4300 794 4367 multis;
827 4299 920 4356 sed
951 4297 1107 4372 quasi
1136 4297 1196 4353 in
1231 4312 1342 4353 uno
1378 4312 1388 4349 :
1423 4296 1496 4351 Et
1524 4293 1723 4351 semini
1753 4302 1870 4364 tuo,
1903 4295 2050 4368 quod
2080 4302 2161 4350 est

566 4392 838 4451 Christus.
880 4415 898 4438 ι
960 4389 1075 4446 Hoc
1120 4395 1221 4457 est,
1268 4386 1415 4460 quod
1458 4385 1726 4458 scriptum
1757 4386 1924 4442 estin
1962 4387 2156 4443 Genesi

563 4481 633 4538 ad
663 4479 940 4538 Abraham
966 4498 977 4536 :
1027 4504 1044 4527 ι
1074 4478 1146 4534 Et
1173 4478 1232 4533 in
1261 4476 1468 4533 semine
1499 4483 1594 4532 tuo
1624 4475 2016 4532 benedicentur
2046 4493 2160 4532 om-

565 4589 660 4629 nes
691 4579 877 4644 gentes
904 4570 1060 4644 (Gen.
1092 4585 1234 4637 xxii,
1269 4567 1381 4638 18).
1407 4591 1424 4614 ι
1460 4566 1616 4634 Quod
1647 4566 1836 4639 utique
1869 4566 2153 4639 impletum

563 4671 645 4720 est
675 4663 732 4719 in
761 4660 1002 4730 Christo,
1033 4661 1092 4717 in
1129 4659 1289 4732 cujus
1318 4659 1542 4715 nomine
1571 4675 1760 4716 omnes
1789 4667 1974 4732 gentes
1997 4659 2156 4716 bene-

561 4753 822 4810 dicentur
851 4767 946 4825 per
974 4751 1162 4808 ﬁdem.
1194 4748 1322 4806 Ideo
1353 4765 1463 4805 non
1495 4749 1552 4804 in
1580 4749 1790 4818 multis,
1837 4748 1930 4806 sed
1962 4749 2019 4804 in
2047 4766 2158 4806 uno

565 4843 779 4900 ﬁrmata
809 4851 890 4900 est
918 4843 1232 4916 promissio,
1277 4840 1371 4914 qui
1401 4848 1482 4896 est
1512 4839 1783 4898 Christus.
1833 4841 1945 4896 Hac
1974 4839 2157 4913 dispu-

565 4933 772 4988 tatione
801 4949 899 4988 sua
926 4934 1222 5004 Apostolus
1255 4931 1414 5004 quasi
1467 4947 1587 4987 reos
1635 4929 1818 4987 falsati
1847 4930 2156 4986 testamenti

565 5020 835 5092 designat,
869 5021 961 5092 qui
1006 5022 1292 5078 credentes
1321 5020 1378 5075 in
1408 5018 1714 5088 Christum,
1755 5018 1919 5075 etiam
1947 5020 2014 5076 de
2043 5019 2157 5092 lege

565 5108 776 5182 aliquid
821 5117 1078 5180 sperant;
1127 5117 1188 5164 ut
1222 5125 1334 5164 non
1373 5109 1550 5165 solum
1594 5109 1740 5164 salus
1787 5108 2051 5181 promissa
2097 5110 2156 5166 in

565 5199 806 5268 Christo,
835 5197 930 5254 sed
951 5205 1004 5254 et
1025 5197 1083 5254 in
1112 5199 1226 5268 lege
1251 5198 1343 5254 sit.
1369 5197 1495 5254 ldeo
1523 5199 1716 5272 probat
1738 5199 2155 5272 promissionem

561 5286 968 5347 benedictionis
999 5287 1056 5341 in
1079 5286 1198 5343 solo
1225 5285 1443 5344 Christo
1473 5286 1692 5344 factam.

635 5402 748 5475 (60)
789 5402 948 5460 Rom.
981 5397 1140 5463 edit.,
1187 5403 1235 5452 et
1266 5397 1663 5468 promissionem
1701 5400 1933 5471 Spin'tus
1962 5401 2155 5472 accipe-

562 5491 755 5529 remus.

793 5544 918 5599 Vet.
960 5540 1096 5598 edit.
1141 5556 1268 5598 cum
1317 5554 1446 5595 mss.
1491 5539 1720 5615 aliquot,
1756 5543 1912 5614 quasi
1943 5543 2156 5600 Sabbati

604 5632 643 5668 ιο
697 5658 700 5662 -
729 5633 748 5668 ι
773 5632 880 5669 7⁸80.

562 5630 748 5669 υιοιιιιι
773 5632 880 5669 reo.

635 5685 754 5756 (62)
796 5686 952 5756 Rom.
985 5684 1141 5753 edit.,
1176 5685 1285 5742 Lex
1313 5700 1434 5754 qua:
1455 5688 1688 5756 post.....
1727 5683 1856 5739 data
1901 5690 1995 5751 est,
2050 5701 2154 5738 non

562 5753 777 5811 irritum
805 5754 953 5825 facit,
988 5763 1043 5811 ut
1074 5763 1281 5812 evacuet
1301 5753 1728 5828 promissionem.

2191 4612 2238 4670 D

2261 1963 2687 2036 praesumptione
2737 1961 3059 2030 defendunt,
3110 1967 3364 2034 putantes
3401 1956 3860 2031 justiﬁcationem

2260 2053 2378 2110 sine
2408 2068 2570 2125 opere
2600 2052 2733 2125 legis
2771 2050 3061 2124 provenire
3092 2067 3206 2105 non
3250 2064 3443 2122 posse;
3502 2063 3632 2104 cum
3681 2047 3862 2101 sciant

2261 2143 2558 2211 Abraham,
2610 2141 2704 2215 qui
2753 2142 2930 2197 forma
2974 2139 3092 2211 ejus
3141 2139 3219 2195 rei
3271 2148 3370 2207 est,
3427 2137 3549 2194 sine
3600 2134 3860 2209 operibus

2261 2232 2395 2304 legis
2422 2247 2515 2304 per
2543 2232 2716 2288 solam
2744 2230 2910 2287 ﬁdem
2929 2229 3323 2303 justiﬁcatum.
3366 2227 3472 2284 Sed
3501 2225 3859 2284 aemulatione

2260 2320 2494 2394 quadam
2546 2320 2731 2377 caecati
2783 2319 2924 2394 (64),
2979 2335 3088 2375 non
3130 2316 3470 2388 intelligunt,
3521 2331 3701 2388 neque
3731 2330 3856 2371 con-

2260 2410 2503 2467 siderant
2543 2408 2672 2483 quia
2715 2409 2761 2466 si
2794 2427 2889 2482 per
2937 2410 3110 2481 legem
3144 2407 3498 2480 justiﬁcatio,
3539 2403 3859 2462 excluditur

2261 2498 2558 2572 promissio
2587 2516 2599 2555 :
2647 2506 2702 2554 et
2730 2499 2777 2556 si
2803 2500 3026 2556 exclusa
3060 2497 3226 2552 fuerit
3255 2495 3566 2568 promissio,
3601 2494 3722 2550 sine
3747 2493 3860 2550 du-

2260 2591 2352 2647 bio
2394 2588 2749 2646 frustrabitur
2787 2587 2922 2644 ﬁdes
2959 2586 3194 2643 Abrahae
3225 2584 3374 2658 quod
3420 2600 3489 2640 ne
3517 2582 3711 2640 audire
3740 2582 3860 2656 qui-

2259 2679 2383 2736 dem
2411 2695 2467 2736 se
2496 2679 2782 2751 patiuntur
2840 2676 3035 2745 Iudaei,
3092 2677 3326 2732 scientes
3383 2673 3512 2746 quia
3562 2671 3858 2745 promissio

2259 2789 2330 2829 ex
2358 2771 2465 2828 ﬁde
2494 2777 2576 2827 est
2605 2769 2862 2828 Abrahae.
2898 2770 3028 2837 Quae
3061 2765 3353 2840 promissio
3384 2781 3478 2838 per
3507 2763 3671 2820 ﬁdem
3695 2761 3856 2834 justi-

2260 2860 2408 2928 ﬁcat,
2434 2876 2545 2916 non
2572 2876 2668 2933 per
2707 2861 2916 2932 legem;
2959 2858 3102 2913 sicut
3133 2865 3186 2912 et
3215 2854 3495 2912 Abraham
3520 2851 3858 2926 justiﬁcatus

2260 2966 2330 3007 ex
2376 2949 2484 3007 ﬁde
2525 2958 2624 3009 est.
2685 2951 2755 3006 Hi
2804 2965 2931 3021 ergo
2982 2945 3226 3004 haeredes
3280 2953 3409 3002 sunt
3468 2944 3855 3018 promissionis

2261 3039 2517 3108 Abrahae,
2563 3038 2658 3112 qui
2693 3038 2777 3095 illi
2820 3037 3142 3104 succedunt,
3177 3034 3537 3108 suscipientes
3585 3033 3752 3090 ﬁdem
3799 3034 3854 3088 in

2261 3147 2369 3204 qua
2397 3131 2720 3187 benedictus
2751 3138 2804 3186 et
2831 3129 3168 3202 justiﬁcatus
3211 3135 3294 3184 est
3329 3125 3626 3182 Abraham.
3670 3125 3854 3182 Testi-

2188 3248 2231 3308 ο
2265 3220 2513 3276 monium
2566 3235 2692 3292 ergo
2746 3218 3125 3291 promissionis
3180 3216 3415 3273 Abrahae
3463 3222 3852 3273 testamentum

2265 3310 2590 3382 appellatur,
2648 3317 2710 3365 ut
2755 3316 2875 3381 post
2921 3316 3156 3364 mortem
3207 3306 3325 3379 ejus
3382 3305 3622 3362 haeredes
3676 3314 3855 3363 essent

2265 3399 2322 3455 in
2382 3399 2764 3472 promissione,
2813 3397 2916 3453 ﬁlii
2972 3396 3090 3469 ejus
3151 3396 3281 3454 facti
3336 3412 3432 3469 per
3483 3395 3668 3452 ﬁdem.
3727 3395 3857 3463 Quae

2264 3505 2430 3546 causa
2465 3487 2710 3545 cucurrit
2755 3503 2927 3560 usque
2971 3487 3040 3543 ad
3081 3486 3363 3545 Christum
3401 3485 3634 3542 Abrahae
3678 3501 3857 3557 repro-

2268 3579 2518 3646 missum,
2550 3585 2612 3633 ut
2637 3585 2758 3650 post
2787 3585 3020 3633 mortem
3050 3576 3257 3635 Christi
3287 3575 3592 3644 credentes,
3618 3574 3858 3631 haeredes

2267 3673 2446 3722 essent
2504 3665 2633 3722 ﬁdei
2685 3665 2920 3723 Abrahae
2978 3683 3071 3739 per
3127 3675 3510 3724 testamentum
3577 3664 3858 3736 sanguinis

2270 3755 2500 3813 Christi.
2545 3757 2763 3811 Donum
2794 3770 2923 3827 ergo
2954 3755 3100 3828 quod
3132 3757 3462 3829 promissum
3489 3762 3571 3810 est
3602 3751 3854 3821 Abrahae,

2267 3844 2400 3900 ﬁliis
2433 3843 2551 3916 ejus
2579 3843 2639 3899 in
2677 3843 2897 3902 Christo
2943 3846 3187 3902 solutum
3217 3852 3332 3911 est;
3379 3842 3634 3918 quamvis
3663 3852 3718 3900 et
3746 3843 3857 3915 ipse

2268 3934 2546 3991 Abraham
2575 3943 2900 3992 consecutus
2927 3934 3001 3991 sit
3029 3935 3236 3992 donum
3257 3933 3362 3990 hoc
3381 3933 3517 4002 illic,
3551 3932 3646 3989 ubi
3670 3932 3855 3988 inven-
3932 3961 3937 3978 ι

2269 4030 2357 4078 tus
2385 4031 2486 4079 est.

2343 4114 2524 4186 (Vers.
2556 4113 2667 4186 19.)
2713 4137 2730 4160 ι
2763 4113 2907 4182 Quid
2935 4129 3062 4186 ergo
3093 4113 3184 4168 lex
3216 4111 3332 4183 (65)
3378 4110 3652 4168 factorum
3683 4115 3854 4187 posita

2269 4213 2370 4273 est,
2415 4203 2590 4261 donec
2643 4203 2855 4260 veniret
2901 4218 3086 4261 semen
3132 4201 3222 4260 cui
3271 4200 3605 4274 promissum
3652 4212 3733 4261 est
3765 4205 3790 4260 7
3826 4231 3843 4254 ν

2269 4295 2382 4350 Lex
2411 4294 2702 4362 factorum,
2751 4291 2810 4348 id
2853 4300 2935 4349 est
2975 4291 3178 4365 Moysi,
3215 4291 3396 4366 posita
3440 4300 3521 4348 est
3573 4291 3631 4348 in
3679 4295 3855 4352 medio

2269 4383 2412 4439 inter
2467 4391 2698 4456 coeptam
2754 4381 3174 4456 promissionem
3221 4391 3274 4439 et
3321 4398 3526 4450 semen,
3579 4382 3670 4440 cui
3718 4383 3855 4441 facta

2270 4473 2562 4544 promissio
2602 4479 2684 4529 est
2724 4473 2868 4529 inter
2919 4471 3196 4529 Abraham
3245 4481 3297 4529 et
3325 4473 3681 4530 Salvatorem.
3731 4474 3854 4532 Ideo

2271 4564 2428 4638 longe
2459 4565 2584 4622 data
2616 4571 2736 4637 post
2781 4563 2982 4621 factam
3030 4563 3470 4636 promissionem,
3518 4569 3579 4619 ut
3609 4563 3724 4636 ipsa
3750 4565 3854 4620 dis-

2272 4656 2538 4712 tinctione
2588 4655 2744 4712 aliud
2773 4656 2882 4725 lex,
2937 4664 2990 4712 et
3036 4655 3188 4711 aliud
3217 4654 3506 4726 promissio
3544 4653 3848 4721 videretur;

2270 4754 2331 4802 ut
2359 4747 2623 4820 populum
2652 4744 2753 4803 Dei
2783 4761 2814 4802 a
2843 4745 3094 4818 gentibus
3121 4752 3458 4817 segregatum
3488 4743 3729 4802 erudiret
3755 4745 3851 4801 sub

2268 4836 2366 4891 Dei
2402 4835 2625 4904 timore,
2673 4843 2733 4890 ut
2761 4833 2962 4907 dignus
3002 4833 3157 4889 ﬁeret
3193 4833 3262 4890 ad
3305 4832 3685 4906 excipiendam
3738 4851 3852 4907 pro-

2269 4924 2608 4992 missionem,
2640 4939 2761 4997 quae
2792 4930 2872 4980 est
2905 4921 3178 4980 Christus.
3216 4923 3331 4979 Lex
3375 4932 3557 4978 tamen
3588 4922 3849 4980 factorum

2269 5013 2390 5071 ideo
2419 5013 2643 5083 dicitur,
2677 5012 2807 5089 quia
2853 5013 3010 5070 docet
3051 5029 3191 5086 quae,
3233 5015 3347 5070 Deo
3373 5011 3620 5084 jubente,
3668 5028 3849 5084 corpo-

2267 5104 2454 5161 raliter
2482 5105 2616 5162 ﬁant
2645 5105 2713 5161 de
2745 5102 3048 5171 sacriﬁciis,
3093 5101 3159 5158 de
3189 5100 3590 5175 primogenitis,
3617 5101 3684 5157 de
3711 5101 3848 5158 deci-

2266 5195 2392 5265 mis,
2439 5202 2493 5251 et
2521 5194 2587 5253 de
2616 5194 2826 5252 caeteris
2859 5193 3080 5251 talibus.
3146 5215 3164 5238 ι
3197 5191 3471 5264 Disposita
3510 5207 3604 5264 per
3636 5193 3847 5263 angelos

2266 5287 2324 5344 in
2355 5304 2522 5346 manu
2560 5287 2897 5347 Mediatoris.
2928 5312 2946 5335 ι
3004 5285 3245 5357 Angelos
3283 5283 3420 5342 dicit
3464 5283 3564 5341 Dei
3606 5285 3842 5352 nuntios,

2339 5397 2453 5470 (63)
2495 5396 2653 5470 Bern.
2687 5395 2844 5470 edit.,
2880 5391 3126 5470 Dao_sibi
3153 5391 3431 5470 contraria
3459 5389 3758 5470 tte/:endunt.

2364 5462 2443 5525 64'
2495 5467 2682 5525 Codex
2710 5465 2878 5532 Vall.,
2927 5465 3025 5521 Sed
3051 5463 3382 5518 (emutatione
3422 5462 3632 5533 quidam
3657 5462 3842 5517 cmcati.

2339 5470 2454 5609 £65;
2495 5540 2653 5596 Rom.
2685 5537 2842 5602 edit.,
2895 5535 3034 5604 Quid
3058 5552 3184 5609 ergo
3214 5536 3299 5590 lea:
3319 5537 3346 5590 9
3392 5535 3628 5609 Proptcr_
3665 5541 3842 5590 trans-

2363 5535 2454 5606 65)
2495 5540 2653 5596 Rom.
2685 5537 2842 5602 edit.,
2895 5535 3034 5604 Quid
3064 5552 3184 5606 ergo
3214 5536 3346 5590 (ex?
3392 5535 3626 5606 Propter,
3665 5541 3842 5590 trans-

2261 5605 2545 5681 gre‘ssiones
2577 5610 2757 5681 posita,
2777 5614 2955 5681 est...
2972 5605 3222 5661 ordinata
3245 5623 3343 5678 per
3368 5605 3576 5678 angelos
3608 5605 3663 5660 in
3691 5623 3842 5660 manu

2265 5679 2587 5738 mediatoris.
2621 5680 2760 5747 Quid
2789 5696 2910 5749 ergo
2941 5679 3045 5746 (ex,
3075 5685 3180 5734 etc.
