3970 6404
302 443 406 503 377

302 658 598 733 prophetas
638 673 811 731 usque
864 655 933 714 ad
973 654 1239 712 Joannem
1280 652 1603 725 Baptistam,
1662 650 1730 709 de
1772 668 1894 727 quo

302 749 450 806 Deus
469 747 638 805 dicit:
658 747 820 805 «Ecce
849 744 1010 803 mitto
1040 743 1296 816 angelum
1328 757 1511 799 meum
1542 749 1666 800 ante
1696 742 1895 801 faciem

304 846 458 896 tuam
484 837 744 910 (Malach.
771 853 856 902 ιιι,
888 835 965 907 1).
1000 859 1018 883 ι
1057 834 1160 890 Per
1186 831 1288 889 hos
1316 847 1446 906 ergo
1472 833 1564 889 lex
1615 832 1892 903 ordinata,

305 928 573 1003 disposita
598 935 681 984 est
708 943 739 983 a
772 928 886 985 Deo
915 925 975 983 in
1003 938 1194 992 manu,
1218 921 1276 979 id
1304 929 1387 979 est
1414 929 1679 995 potestate
1704 921 1891 979 Salva-

308 1021 473 1088 toris;
498 1021 614 1094 ipse
641 1027 723 1077 est
749 1018 896 1075 enim
938 1016 1206 1073 mediator
1242 1014 1331 1070 vel
1361 1012 1748 1071 reconciliator
1794 1013 1894 1070 Dei

307 1119 362 1167 et
396 1111 684 1168 hominum
709 1108 767 1182 (I
802 1108 936 1166 Tim.
959 1123 1021 1174 ιι,
1043 1106 1127 1178 5),
1154 1112 1216 1162 ιιι
1235 1104 1410 1162 salvet
1430 1120 1571 1178 quos
1600 1101 1722 1159 vult
1737 1118 1806 1159 ex
1827 1101 1896 1160 iis

306 1199 403 1274 qui
423 1201 595 1274 legem
627 1215 727 1273 per
752 1201 1248 1271 supramemoratos
1278 1193 1497 1268 angelos
1539 1200 1888 1266 acceperunt.

305 1290 423 1362 Ipse
461 1288 609 1345 enim
630 1289 742 1344 ait:
782 1286 1124 1344 -SicutPater
1143 1284 1371 1342 suscitat
1399 1290 1646 1341 mortuos
1678 1290 1733 1339 et
1753 1283 1895 1338 vivi-

305 1378 467 1435 ﬁcat:
502 1378 582 1435 sic
608 1386 662 1435 et
682 1377 857 1435 Filius
880 1392 1018 1450 quos
1047 1373 1442 1443 vult,viviﬁcat
1471 1372 1838 1445 (Joan.v,2l).
1864 1397 1882 1420 ι

378 1467 560 1539 (Vers.
592 1467 709 1540 20.)
762 1488 781 1514 ι
810 1464 1078 1523 Mediator
1133 1473 1317 1522 autem
1364 1463 1531 1519 unius
1568 1478 1681 1518 non
1727 1470 1829 1518 est.
1864 1485 1882 1510 ι

303 1555 433 1614 Sine
469 1556 640 1614 dubio
668 1555 1072 1625 mediator,hoc
1091 1561 1194 1623 est,
1219 1552 1427 1611 arbiter
1454 1568 1568 1608 non
1595 1560 1678 1609 est
1704 1550 1893 1619 unius,

302 1644 398 1703 sed
434 1645 709 1714 duorum;
737 1662 865 1703 cum
891 1644 1039 1702 enim
1067 1643 1179 1701 duo
1195 1641 1386 1716 populi
1408 1640 1646 1697 invicem
1687 1639 1896 1696 adver-

302 1752 396 1793 sus
431 1752 488 1793 se
530 1735 882 1803 dimicarent,
939 1749 1155 1806 semper
1200 1730 1527 1790 dissidentes
1582 1736 1637 1785 et
1681 1728 1894 1785 inimici

301 1824 619 1882 diversitate
658 1823 949 1893 doctrinas,
989 1823 1244 1880 Salvator
1292 1820 1493 1877 horum
1542 1818 1748 1876 arbiter
1790 1836 1897 1876 ve-

1366 433 1727 494 COMMENT.
1768 433 1839 492 IN
1876 431 2092 492 EPIST.
2134 433 2230 490 AD
2269 431 2531 489 GALAT.

303 569 361 627 id
389 577 492 639 est,
520 567 769 643 Moysen,
805 573 860 624 et
908 564 1094 624 Iesum
1142 559 1322 620 ﬁlium
1372 561 1520 619 Nave
1562 568 1616 619 et
1661 568 1891 620 caeteros
1916 561 1968 623 A
1992 559 2061 617 de
2099 557 2360 615 fratribus
2400 557 2599 615 vestris
2654 555 2834 630 (Deut.
2878 572 3043 626 xvm,
3096 556 3208 628 I5).
3262 580 3281 604 ι

3488 425 3595 486 378

3343 554 3463 615 Hoc
3525 553 3595 613 de

2004 648 2221 710 Christo
2259 647 2469 705 dictum
2506 648 2697 703 Petrus
2736 644 3014 718 apostolus
3078 643 3273 719 probat
3332 644 3391 701 in
3438 641 3596 704 Actis

2003 740 2374 815 apostolorum
2424 736 2566 810 (Act.
2621 752 2702 805 ιιι,
2737 735 2854 809 22).
2901 760 2919 781 ε
2945 733 3167 791 Etenim
3211 734 3257 791 si
3286 734 3414 791 data
3456 742 3597 793 esset

2004 831 2115 899 lex,
2146 845 2269 903 quas
2296 834 2477 901 posset
2504 825 2805 896 viviﬁcare,
2837 840 2964 881 vere
2993 841 3063 881 ex
3100 824 3217 897 lege
3258 831 3398 880 esset
3418 822 3596 897 justi-

2003 921 2100 978 tia.
2134 946 2152 969 ι
2193 918 2472 976 Justitiam
2500 917 2642 974 hanc
2670 915 2826 983 dicit,
2855 932 2977 991 quae
3001 916 3146 989 apud
3176 917 3348 972 Deum
3401 913 3596 988 impu-

2002 1017 2152 1067 tatur
2188 1008 2425 1082 justitia,
2476 1007 2533 1065 id
2591 1014 2692 1076 est,
2752 1005 2901 1074 ﬁdei,
2964 1005 3096 1080 quia
3154 1013 3208 1061 et
3264 1004 3355 1060 lex
3401 1002 3597 1059 habuit

1999 1099 2291 1175 justitiam,
2310 1099 2403 1156 sed
2433 1100 2500 1156 ad
2527 1113 2783 1171 praesens,
2815 1112 2925 1152 non
2954 1112 3075 1171 quae
3092 1093 3423 1167 justiﬁcaret
3450 1092 3596 1166 apud

2002 1193 2198 1249 Deum.
2240 1190 2535 1249 Remittere
2565 1189 2713 1245 enim
2774 1194 2995 1261 peccata
3040 1204 3152 1244 non
3180 1186 3378 1260 potuit,
3414 1193 3478 1244 ut
3528 1185 3597 1243 de

2004 1279 2384 1354 peccatoribus
2408 1280 2610 1336 faceret
2632 1277 2844 1350 justos;
2875 1277 2971 1335 sed
3000 1276 3067 1335 ad
3097 1276 3202 1333 hoc
3230 1277 3357 1334 data
3402 1283 3504 1345 est,
3536 1282 3599 1331 ut

2003 1371 2200 1427 terrori
2236 1379 2376 1429 esset
2427 1385 2731 1443 provocans
2770 1367 3023 1425 homines
3060 1368 3128 1425 ad
3171 1366 3372 1423 bonam
3400 1366 3592 1433 vitam,

2004 1460 2371 1519 irreverentes
2398 1460 2652 1534 puniens.
2683 1458 2918 1533 Ideoque
2947 1474 3058 1515 nou
3078 1465 3160 1514 est
3186 1458 3315 1515 data
3350 1456 3588 1529 lex,quae

2003 1560 2183 1623 posset
2208 1551 2512 1620 viviﬁcare,
2544 1550 2638 1607 sed
2669 1547 3053 1607 condemnare.

2078 1640 2259 1713 (Vers.
2290 1640 2408 1713 22.)
2453 1665 2471 1687 ι
2502 1639 2607 1696 Sed
2655 1638 2927 1695 conclusit
2955 1637 3239 1710 Scriptura
3279 1634 3468 1691 omnia
3494 1636 3598 1693 sub

2005 1741 2247 1808 peccato,
2272 1742 2334 1791 ut
2362 1734 2653 1808 promissio
2683 1751 2753 1790 ex
2790 1733 2899 1791 ﬁde
2951 1733 3079 1789 Iesu
3130 1730 3337 1791 Christi
3367 1730 3594 1787 daretur

2004 1824 2374 1883 credentibus.
2408 1851 2427 1872 ι
2469 1825 2629 1882 Hunc
2652 1840 2873 1881 sensum
2904 1831 2957 1879 et
2986 1823 3054 1879 ad
3083 1824 3358 1879 Romanos
3378 1817 3583 1892 posuit,

303 1913 409 1983 nit,
439 1923 729 1987 amputans
766 1913 1016 1986 utrisque
1043 1911 1262 1984 populis
1301 1926 1400 1984 per
1427 1910 1574 1983 quod
1603 1908 1895 1967 discorda-
1924 1926 1971 1987 Β
2005 1913 2231 1972 dicens:
2289 1938 2307 1961 ‹
2354 1914 2636 1973 Conclusit
2666 1916 2812 1971 Deus
2858 1912 3045 1970 omnia
3088 1911 3190 1968 sub
3232 1917 3488 1983 peccato;
3524 1915 3587 1964 ut

300 2002 453 2072 bant,
494 2012 556 2060 ut
596 2008 819 2077 possent
862 2017 980 2058 esse
1026 2000 1263 2074 paciﬁci.
1302 1999 1554 2057 Abstulit
1580 2016 1709 2073 ergo
1752 2016 1893 2073 gen-

304 2092 454 2150 tibus
473 2108 763 2150 numerum
793 2090 1104 2159 deorum,et
1124 2090 1454 2145 famulatum
1474 2090 1895 2159 elementorum,

302 2181 453 2257 quod
476 2181 798 2241 scandalum
846 2188 963 2238 erat
1003 2178 1283 2236 Hebraeis:
1333 2178 1564 2236 abstulit
1612 2187 1667 2236 et
1692 2178 1897 2236 Iudaeis

302 2286 468 2345 opera
530 2270 686 2342 legis,
755 2268 814 2325 id
881 2276 963 2325 est
1006 2267 1343 2336 neomenias,
1391 2268 1892 2339 circumcisionem,

302 2368 359 2419 et
385 2376 573 2418 curam
603 2357 847 2427 Sabbati,
879 2366 934 2414 et
966 2356 1326 2414 discretiones
1367 2372 1636 2426 escarum,
1687 2365 1741 2415 et
1779 2375 1896 2416 caa-

305 2458 420 2509 tera
464 2467 584 2524 quae
626 2445 1086 2506 abominabantur
1112 2446 1342 2520 gentiles
1366 2490 1381 2515 ,
1411 2453 1466 2504 et
1503 2447 1582 2504 sic
1609 2447 1739 2505 facti
1768 2457 1897 2505 sunt

305 2538 539 2615 paciﬁci,
567 2537 663 2612 qui
695 2535 850 2610 prius
878 2535 1097 2593 fuerant
1120 2535 1357 2592 inimici.
1390 2534 1448 2593 Si
1497 2551 1627 2607 ergo
1675 2536 1790 2594 hac
1820 2537 1897 2593 ita

302 2646 362 2687 se
405 2629 629 2697 habent,
660 2626 795 2700 quid
834 2632 917 2683 est
958 2635 1022 2683 ut
1061 2624 1265 2683 Galam
1312 2621 1648 2683 hebetudine
1694 2628 1896 2683 mentis

302 2719 594 2778 arbitrium
626 2719 776 2777 istud
805 2726 1161 2793 corrumpant
1201 2718 1342 2791 (66),
1393 2719 1647 2775 conversi
1693 2717 1762 2775 ad
1788 2719 1897 2775 Iu‘-

301 2810 577 2870 daismum
606 2809 635 2866 ?
678 2808 959 2867 Iudicium
1006 2808 1155 2866 enim
1211 2808 1511 2865 Salvatoris
1566 2808 1625 2863 in
1673 2808 1893 2865 irritum

301 2898 535 2967 ducunt,
567 2897 785 2970 quando
834 2904 959 2970 post
1006 2896 1209 2956 factam
1259 2913 1466 2968 pacem,
1519 2897 1675 2970 quasi
1706 2898 1894 2970 poeni-

303 2994 482 3045 tentes
521 2985 590 3043 de
635 3002 719 3056 ea,
766 2984 1072 3059 subjiciunt
1123 3001 1181 3043 se
1226 2986 1358 3056 illis,
1408 3002 1530 3061 quae
1578 2987 1731 3059 prius
1774 2989 1895 3061 paci

302 3077 523 3135 fuerant
574 3074 821 3133 inimica.
888 3075 1056 3132 quta
1117 3091 1339 3132 sensum
1403 3091 1531 3149 ergo
1577 3076 1893 3135 Galatarum

301 3164 556 3226 Christus
579 3163 784 3221 arbiter
808 3179 921 3220 non
949 3170 1061 3231 est;
1094 3162 1226 3236 quia
1269 3161 1483 3221 inducti
1513 3163 1570 3219 in
1611 3163 1784 3238 legem
1827 3165 1895 3222 de

304 3254 521 3313 duobus
564 3254 783 3327 populis
828 3269 1004 3310 unum
1062 3253 1333 3322 fecerunt,
1382 3260 1437 3311 et
1487 3253 1656 3311 unius
1702 3257 1894 3331 utique

308 3343 499 3419 populi
518 3342 723 3401 arbiter
752 3358 916 3400 nemo
941 3352 1043 3400 est.
1079 3343 1238 3399 Hunc
1280 3342 1537 3399 eumdem
1580 3361 1803 3402 sensum
1832 3347 1901 3403 ad

306 3432 575 3507 Ephesios
614 3431 967 3507 prosequitur
1015 3430 1240 3487 dicens:
1301 3432 1457 3505 prse
1488 3431 1638 3488 enim
1686 3443 1767 3491 est
1795 3451 1902 3508 pax

308 3529 518 3591 nostra,
556 3521 653 3596 qui
700 3520 831 3577 fecit
876 3527 1107 3592 utraque
1133 3535 1329 3589 unum,
1360 3526 1415 3576 et
1443 3519 1685 3577 medium
1716 3524 1902 3595 parie—

308 3617 419 3668 tem
443 3610 693 3668 maceriae
723 3611 962 3677 solvens,
995 3607 1347 3664 inimicitiam
1384 3607 1445 3665 in
1487 3624 1650 3666 carne
1672 3627 1771 3667 sua
1811 3613 1901 3668 le-

308 3716 430 3774 gem
472 3700 857 3758 mandatorum
905 3698 965 3755 in
1009 3697 1245 3755 decretis
1303 3712 1614 3768 evacuans;
1655 3709 1717 3758 ut
1762 3701 1901 3759 duos

311 3788 575 3847 conderet
630 3788 688 3845 in
734 3804 791 3845 se
847 3803 959 3844 uno
997 3803 1143 3843 novo
1184 3786 1430 3857 homine,
1458 3787 1668 3846 faciens
1713 3805 1900 3863 pacem

314 3878 535 3951 (Ephes.
567 3896 629 3949 ιι,
664 3878 749 3948 14,
785 3880 897 3951 15).
928 3903 945 3925 ι
988 3877 1045 3934 Si
1076 3877 1134 3934 in
1176 3893 1289 3935 uno
1337 3895 1485 3936 novo
1512 3878 1737 3937 homine
1770 3881 1903 3939 facit

311 3983 521 4041 pacem,
571 3967 835 4026 ambobus
872 3968 1063 4042 utique
1099 3966 1347 4038 abstulit,
1397 3986 1494 4044 per
1545 3971 1692 4045 quod
1744 3973 1902 4031 dissi-

308 4057 548 4115 debant:
596 4064 651 4112 et
687 4056 793 4115 hoc
829 4057 909 4114 eis
955 4058 1147 4114 statuit
1189 4057 1315 4116 data
1341 4075 1441 4116 sua
1469 4061 1605 4133 lege,
1634 4077 1731 4134 per
1755 4064 1902 4136 quod

308 4154 491 4203 essent
532 4145 772 4220 paciﬁci.
822 4146 938 4204 Hoc
982 4146 1185 4204 Galatas
1226 4152 1364 4211 252
1402 4147 1720 4222 irruperunt
1776 4168 1901 4210 con-

312 4244 457 4301 versi
508 4244 579 4301 ad
621 4244 984 4303 Iudaismun:
1051 4269 1070 4293 ι
1116 4248 1264 4303 Deus
1328 4264 1461 4304 vero
1518 4265 1665 4306 unus
1721 4257 1822 4307 est.
1869 4275 1888 4300 ι

311 4334 428 4390 Hoc
463 4332 621 4403 dicit,
661 4350 730 4389 ne
773 4334 1057 4392 Christum
1097 4335 1449 4408 praedicando
1495 4338 1692 4407 Deum,
1740 4355 1903 4413 quem

309 4420 582 4477 arbitrum
610 4420 747 4479 dicit
771 4422 869 4479 uni
899 4424 1034 4491 Deo,
1076 4424 1399 4495 praedicasse
1445 4434 1734 4499 putaretur
1781 4428 1899 4501 (67)

311 4520 506 4568 contra
554 4511 726 4583 legem
779 4521 834 4569 et
876 4513 1188 4585 prophetas.
1239 4514 1526 4572 Arbitrum
1576 4532 1703 4591 ergo
1749 4516 1903 4578 hunc

309 4614 411 4672 per
430 4599 862 4672 assumptionem
892 4600 1075 4657 carnis
1106 4601 1341 4676 intelligi
1375 4603 1553 4673 docet,
1594 4606 1738 4663 sicut
1761 4606 1899 4664 dicit

309 4686 382 4744 ad
411 4687 794 4746 Timotheum:
843 4714 862 4739 ι
909 4688 1134 4747 Arbiter
1175 4691 1273 4747 Dei
1313 4697 1366 4747 et
1412 4691 1702 4749 hominum
1732 4693 1897 4752 homo

310 4778 469 4834 Iesus
488 4776 742 4835 Christus
773 4778 849 4850 (Ι
871 4778 1003 4835 Tim.
1039 4796 1098 4848 ιι,
1147 4779 1205 4851 6)
1242 4798 1253 4835 :
1290 4804 1308 4827 ι
1352 4778 1517 4851 juxta
1542 4789 1725 4839 autem
1757 4787 1899 4857 quod

311 4868 461 4923 Deus
513 4873 613 4935 est,
645 4882 678 4920 a
723 4866 880 4923 Patre
936 4866 1086 4925 hunc
1133 4884 1245 4923 non
1289 4869 1550 4941 separari,
1589 4871 1683 4928 sed
1730 4890 1901 4930 unum

311 4970 430 5012 esse
466 4972 598 5014 cum
640 4956 819 5014 Patre.
883 4958 1015 5015 Sive
1086 4959 1234 5015 enim
1298 4960 1474 5030 Pater,
1533 4960 1649 5018 sive
1705 4963 1899 5033 Filius,

312 5048 460 5104 Deus
485 5063 628 5105 unus
673 5055 790 5115 est;
842 5050 988 5106 Deus
1022 5047 1174 5105 enim
1226 5057 1439 5106 naturas
1480 5067 1680 5110 nomen
1726 5060 1807 5111 est
1851 5062 1904 5110 et

315 5135 617 5208 potestatis,
652 5153 817 5211 quam
846 5137 905 5194 in
934 5137 1092 5193 Patre
1120 5145 1174 5193 et
1220 5137 1363 5195 Filio
1396 5139 1743 5201 individuam
1793 5161 1903 5200 ma-

316 5240 444 5281 nere
476 5226 591 5299 ipsa
618 5226 908 5284 nominum
937 5227 1077 5283 ratio
1105 5227 1282 5285 docet.

387 5316 569 5387 (Vers.
601 5317 717 5388 21.)
761 5341 781 5365 ι
811 5316 925 5374 Lex
954 5316 1125 5392 igitur
1147 5318 1413 5376 adversus
1442 5323 1715 5395 promissa
1744 5323 1840 5380 Dei
1876 5324 1904 5380 7

316 5404 497 5462 Absit.
530 5432 548 5453 ι
582 5406 743 5464 Absit
772 5408 981 5482 utique,
1014 5409 1144 5482 quia
1172 5426 1283 5467 non
1302 5419 1384 5467 est
1412 5412 1503 5469 lex
1532 5413 1757 5472 inimica
1783 5432 1901 5488 pro-

318 5491 620 5561 missionis,
653 5494 856 5568 quippe
888 5512 1015 5553 cum
1046 5497 1339 5554 conﬁrmet
1364 5514 1505 5555 eam.
1536 5500 1670 5556 Nam
1694 5502 1905 5573 primus

319 5583 546 5655 Moysus
583 5582 751 5640 dicit:
818 5608 835 5631 ε
876 5585 1204 5658 Prophetam
1251 5587 1410 5644 vobis
1448 5588 1714 5647 excitabit
1760 5592 1904 5646 Deus

396 5707 516 5778 (66)
540 5707 746 5790 Omnes
763 5709 896 5790 edit.
932 5716 1176 5790 et_mo_ss.
1193 5712 1428 5790 aliquot,
1454 5714 1719 5770 arbitrum
1746 5712 1905 5771 istum

320 5786 706 5852 corrumpant;
734 5782 830 5837 alii
850 5782 1195 5854 concinnius,
1225 5782 1374 5842 ut'in
1414 5793 1588 5844 textu.

2005 2004 2255 2060 omnium
2285 2003 2606 2060 misereatur
2632 2004 2806 2074 (Rom.
2838 2019 2919 2070 ιιι,
2953 2000 3093 2073 32.)ι
3133 2001 3248 2057 Hoc
3267 1998 3412 2054 dixit
3448 1997 3597 2070 quod

2005 2109 2171 2166 supra
2212 2094 2535 2162 memoravi,
2589 2093 2720 2166 quia
2770 2093 2862 2148 lex
2923 2092 2993 2148 ad
3050 2090 3156 2148 hoc
3215 2088 3344 2145 data
3382 2094 3484 2155 est,
3532 2093 3595 2142 ut

2005 2190 2314 2256 peccatores
2340 2199 2461 2240 reos
2487 2199 2543 2239 se
2571 2182 2775 2240 scirent
2803 2181 2947 2253 apud
2994 2182 3190 2237 Deum.
3235 2176 3599 2235 Mauifestatis

2005 2271 2153 2329 enim
2199 2271 2437 2345 peccatis
2475 2272 2608 2341 suis,
2651 2267 2898 2329 conclusi
2941 2276 3093 2338 sunt,
3136 2275 3198 2324 ut
3237 2284 3293 2324 sc
3335 2281 3597 2324 excusare

2005 2378 2116 2417 non
2154 2370 2395 2436 possent,
2418 2362 2513 2420 sed
2542 2368 2848 2437 quaererent
2882 2357 3351 2424 misericordiam;
3383 2365 3445 2413 ut
3496 2371 3599 2411 ve-

2006 2451 2161 2508 niens
2184 2452 2278 2526 qui
2308 2451 2609 2526 promissus
2634 2459 2750 2508 erat
2798 2450 3052 2520 Abrahae,
3102 2447 3268 2506 ﬁdem
3327 2447 3499 2505 solam
3533 2445 3599 2501 ab

2004 2539 2084 2596 eis
2111 2550 2375 2614 posceret,
2408 2558 2570 2616 quam
2601 2540 2797 2598 habuit
2826 2539 3124 2607 Abraham;
3154 2546 3218 2595 ut
3246 2545 3300 2595 et
3325 2538 3594 2594 malorum

2005 2645 2230 2686 suorum
2261 2631 2467 2699 veniat,
2495 2639 2549 2687 et
2568 2628 3027 2701 justiﬁcationem
3072 2634 3433 2684 mererentur.
3482 2626 3598 2681 Hoc

2002 2718 2148 2774 enim
2200 2719 2643 2777 manifestaverat
2689 2721 2835 2777 Deus
2876 2734 2971 2791 per
3006 2717 3201 2775 Isaiam
3247 2715 3591 2789 prophetam,

2003 2806 2228 2865 dicens:
2290 2835 2308 2857 ι
2348 2810 2547 2868 Veniet
2588 2825 2656 2866 ex
2700 2809 2855 2878 Sion,
2902 2808 2997 2882 qui
3046 2808 3243 2882 eripiat
3290 2817 3344 2865 et
3389 2816 3600 2864 avertat

2005 2894 2345 2970 impietatem
2387 2899 2455 2955 ab
2492 2899 2677 2967 Iacob,
2723 2906 2777 2954 et
2831 2897 2937 2955 hoc
2964 2898 3070 2954 erit
3114 2897 3229 2955 illis
3256 2914 3289 2953 a
3321 2913 3408 2954 me
3435 2907 3597 2954 testa-

2006 2996 2275 3058 mentum,
2304 3005 2430 3047 cum
2471 2989 2746 3046 abstulero
2795 2996 3014 3062 peccata
3053 3000 3243 3044 eorum
3287 2988 3424 3060 (Isa.
3474 3005 3593 3057 1.1x,

2077 3169 2259 3241 (Vers.
2286 3169 2372 3226 23.
2410 3170 2430 3242 )
2466 3193 2483 3216 ι
2506 3169 2666 3227 Prius
2689 3169 2837 3227 enim
2869 3184 3033 3244 quam
3075 3167 3287 3225 veniret
3315 3167 3471 3238 ﬁdes,
3496 3167 3597 3224 sub

2007 3261 2124 3332 lege
2163 3255 2628 3329 custodiebamur,
2675 3259 2924 3317 conclusi
2989 3258 3050 3316 in
3095 3258 3340 3315 eamdem
3402 3257 3589 3323 ﬁdem,

2009 3368 2130 3428 quae
2159 3350 2459 3424 incipiebat
2492 3349 2742 3406 revelari.
2785 3375 2802 3398 ι
2846 3350 2961 3406 Hoc
2980 3355 3080 3417 est,
3123 3347 3269 3421 quod
3302 3345 3597 3419 dicit,quia

2008 3446 2299 3513 antequam
2322 3439 2535 3496 veniret
2563 3438 2831 3506 Salvator,
2868 3436 2974 3492 sub
3004 3436 3138 3509 legis
3170 3434 3422 3494 custodia
3476 3450 3595 3506 age-

2008 3528 2223 3595 bamus,
2284 3543 2354 3583 ne
2399 3542 2788 3600 peccaremus:
2844 3532 2905 3581 ut
2935 3524 3188 3597 veniente
3233 3523 3598 3598 promissione

2009 3618 2162 3692 digni
2207 3636 2465 3676 essemus.
2507 3619 2619 3676 Hac
2658 3617 2807 3674 enim
2850 3633 2944 3690 spe
2979 3619 3068 3673 lex
3118 3625 3267 3673 tutos
3306 3616 3598 3689 praestabat

2010 3724 2128 3777 nos,
2186 3717 2248 3766 ut
2294 3709 2538 3765 venienti
2585 3707 2805 3767 Christo
2855 3706 3075 3763 offerret
3102 3722 3223 3773 nos,
3278 3704 3335 3762 id
3372 3712 3454 3762 est
3507 3706 3597 3762 Iu-

2009 3798 2175 3855 datos.

2084 3890 2265 3963 (Vers.
2298 3888 2414 3963 24.)
2478 3914 2496 3937 ι
2542 3891 2731 3963 Itaque
2779 3890 2869 3946 lex
2915 3888 3236 3962 pmdagogus
3263 3893 3448 3944 noster
3493 3887 3602 3944 fuit

2012 3977 2071 4034 in
2100 3969 2318 4037 Christo
2344 3979 2491 4049 Iesu,
2520 3986 2581 4035 ut
2627 3996 2697 4035 ex
2743 3978 2853 4036 ﬁde
2894 3976 3345 4051 justiﬁcaremur.
3385 4003 3403 4026 ι
3449 3976 3600 4033 Idem

2011 4085 2201 4127 sensus
2223 4076 2325 4137 est,
2365 4068 2496 4142 quia
2530 4069 2632 4127 sub
2678 4085 2811 4127 cura
2838 4068 2972 4140 legis
3020 4083 3261 4136 eramus,
3292 4067 3468 4124 donec
3496 4082 3603 4123 ve-

2011 4157 2155 4214 niret
2187 4158 2458 4226 Christus,
2491 4158 2585 4232 qui
2613 4175 2712 4215 nos
2741 4156 3390 4229 credentesjustiﬁcaret.
3454 4206 3465 4219 ,

2086 4247 2267 4319 (Vers.
2301 4248 2389 4333 25a
2420 4247 2534 4321 26.)
2586 4270 2606 4295 ι
2649 4246 2918 4306 Veniente
2961 4253 3143 4303 autem
3182 4244 3309 4314 ﬁde,
3334 4245 3449 4318 jam
3488 4261 3600 4302 non

2010 4336 2113 4393 sub
2144 4336 2432 4410 paedagogo
2488 4353 2713 4405 sumus;
2757 4351 2947 4393 omnes
2984 4333 3131 4393 enim
3184 4334 3286 4393 ﬁlii
3329 4335 3429 4392 Dei
3469 4334 3602 4393 estis

2011 4440 2107 4497 per
2134 4424 2321 4495 ﬁdem,
2348 4443 2469 4500 quae
2498 4433 2581 4483 est
2611 4426 2668 4482 in
2722 4425 2943 4484 Christo
2987 4425 3136 4483 Iesu.
3175 4450 3192 4473 -
3261 4424 3374 4481 Sub
3405 4424 3600 4498 paeda-

2010 4530 2147 4587 gogo
2174 4514 2268 4580 qui
2327 4514 2461 4588 agit,
2520 4516 2808 4588 potestatis
2863 4532 2974 4572 sua:
3002 4530 3117 4571 non
3169 4521 3286 4581 est;
3337 4514 3602 4585 parvulus

2009 4602 2157 4658 enim
2212 4610 2267 4659 et
2334 4603 2578 4662 lubricus
2624 4603 2693 4660 ad
2749 4603 3086 4678 peccandum
3165 4601 3268 4659 sub
3323 4601 3599 4675 paedagogi

2006 4708 2135 4748 cura
2184 4693 2433 4750 habetur.
2481 4693 2747 4751 Veniente
2792 4702 2972 4751 autem
3016 4691 3255 4759 Christo,
3294 4690 3388 4764 qui
3445 4697 3599 4763 quasi

2012 4780 2080 4837 de
2125 4781 2434 4840 minoribus
2478 4781 2613 4839 facit
2654 4782 2906 4854 majores,
2960 4780 3180 4837 liberati
3224 4780 3293 4837 de
3336 4787 3600 4854 potestate

2012 4870 2311 4945 paedagogi,
2340 4888 2437 4944 per
2471 4871 2814 4928 ablutionem
2861 4877 3208 4944 peccatorum
3239 4870 3370 4928 facti
3409 4886 3600 4928 sumus
3663 4905 3668 4908 -

2012 4957 2115 5015 ﬁlii
2142 4959 2262 5028 Dei,
2279 4977 2404 5017 cum
2432 4975 2672 5017 essemus
2698 4960 2844 5015 servi
2876 4958 3105 5032 peccati.

2084 5057 2264 5128 (Vers.
2298 5057 2416 5129 27.)
2464 5081 2481 5104 ι
2509 5056 2791 5128 Quotquot
2819 5055 2967 5113 enim
3022 5057 3080 5113 in
3134 5056 3358 5116 Christo
3400 5056 3601 5130 bapti-

2011 5144 2116 5202 zati
2159 5144 2308 5213 estis,
2349 5144 2630 5204 Christum
2678 5142 2961 5202 induistis.
3012 5170 3030 5194 ι
3094 5146 3210 5203 Hoc
3255 5145 3413 5213 dicit,
3472 5146 3603 5218 quia

2011 5232 2292 5292 credentes
2338 5233 2471 5291 dum
2518 5233 2908 5303 immutantur,
2975 5233 3260 5293 Christum
3320 5236 3595 5305 induunt;

2011 5321 2229 5396 quando
2257 5322 2363 5381 hoc
2385 5324 2751 5399 appellantur,
2781 5325 2930 5399 quod
2969 5325 3223 5385 credunt.

2083 5412 2264 5485 (Vers.
2290 5414 2379 5473 28.
2415 5414 2436 5487 )
2471 5434 2500 5469 «
2529 5416 2649 5474 Non
2677 5423 2760 5474 est
2785 5415 3005 5474 Iudaeus
3028 5432 3204 5491 neque
3231 5417 3453 5475 Graecus
3476 5433 3489 5473 :

2010 5516 2123 5558 non
2173 5510 2255 5560 est
2308 5520 2519 5574 servus,
2569 5521 2745 5580 neque
2771 5505 2944 5563 libera
2976 5523 2990 5573 ;
3025 5521 3136 5562 non
3178 5514 3260 5562 est
3296 5507 3595 5576 masculus,

2013 5609 2188 5668 neque
2228 5594 2472 5663 femina;
2530 5613 2721 5653 omnes
2772 5597 2919 5653 enim
2981 5612 3080 5652 vos
3132 5613 3306 5653 unum
3367 5596 3499 5654 estis
3542 5597 3598 5653 in

2086 5719 2199 5793 (67)
2234 5723 2389 5779 Rom.
2438 5722 2597 5790 edit.,
2626 5740 2774 5795 quem
2825 5722 3091 5780 arbitrum
3128 5723 3412 5793 constituit,
3445 5739 3600 5795 prte-

2011 5791 2209 5849 dicasse
2221 5800 2524 5866 putaretur.
