3970 6376
250 405 356 467 381

1318 410 1680 470 COMMENT.
1722 412 1794 469 IN
1829 410 2048 472 EPIST.
2087 415 2186 472 AD
2222 415 2479 474 GALAT.

3428 423 3537 485 382

250 530 347 590 isti
393 542 771 606 cognoverunt
812 535 1009 604 Deum,
1049 532 1145 592 sed
1185 533 1359 608 magis
1402 535 1611 609 cogniti
1654 552 1687 592 a
1730 537 1845 595 Deo
1875 539 1928 601 A
1953 536 2214 606 rioribus,
2256 538 2448 598 ﬁerent
2493 539 2827 598 exacerbati.
2871 540 3023 600 Nihil
3068 551 3254 603 tamen
3293 545 3403 605 sibi
3447 563 3551 608 no-

252 628 403 679 sunt.
435 645 455 670 -
498 621 638 681 Cum
665 621 815 679 enim
844 621 904 678 hi
946 638 1058 680 non
1103 627 1250 687 224
1293 630 1602 700 quaererent
1642 627 1840 698 Deum,

248 719 544 780 advocavit
568 738 660 779 eos
688 722 754 779 ad
783 737 938 779 suam
968 722 1198 796 gratiam
1243 741 1256 780 :
1290 731 1344 781 et
1359 723 1418 781 hi
1446 724 1670 798 ingrati,
1697 726 1764 784 ad
1786 743 1848 785 ea

245 812 502 869 converti
559 820 855 885 cmperant,
908 828 1028 886 qum
1090 820 1227 871 tunc
1301 814 1575 885 colebant,
1626 817 1847 891 quando

247 900 576 974 ignorabant
602 904 804 970 Deum;
828 908 889 959 ut
905 910 1300 960 venerarentur
1333 903 1555 961 inﬁrma
1588 914 1642 963 et
1679 923 1847 980 egena

244 991 541 1064 elementa,
598 1000 652 1050 et
705 1009 814 1049 non
867 998 981 1049 tota
1046 1001 1229 1050 mente
1291 992 1598 1065 Christum,
1639 996 1698 1053 in
1735 1013 1845 1071 quo

245 1081 434 1137 omnis
478 1080 751 1139 inhabitat
789 1080 1070 1139 divinitas.
1119 1081 1344 1139 Inﬁrma
1385 1092 1439 1141 et
1488 1100 1656 1158 egena
1709 1086 1847 1144 dicit

244 1170 540 1239 elementa,
572 1170 701 1246 quia
739 1171 1057 1247 imperfecta
1074 1182 1233 1243 sunt;
1265 1173 1333 1232 ad
1363 1174 1663 1248 regendum
1695 1175 1844 1231 enim

247 1257 523 1315 mundum
563 1259 801 1319 invicem
830 1270 991 1335 egent
1020 1263 1105 1320 sui
1136 1281 1149 1320 :
1182 1262 1241 1320 in
1270 1262 1493 1323 Christo
1522 1272 1705 1322 autem
1726 1281 1843 1339 per-

245 1346 396 1406 fecta
420 1348 567 1406 salus
590 1356 691 1407 est.

327 1438 511 1508 (Vers.
546 1438 662 1511 £0.)
709 1465 727 1487 ι
763 1440 893 1497 Dies
922 1440 1245 1512 observatis,
1274 1449 1327 1498 et
1358 1457 1592 1511 menses,
1622 1450 1678 1499 et
1707 1449 1842 1499 tem-

243 1543 400 1601 pora,
428 1538 480 1587 et
508 1546 699 1589 annos.
732 1556 751 1582 ι
792 1532 925 1601 Quae
952 1533 1222 1589 elementa
1272 1533 1496 1605 dixerit,
1546 1552 1695 1593 nunc
1738 1534 1845 1591 de-

241 1618 441 1675 clarat.
472 1618 627 1676 Diem
654 1621 737 1677 sol
766 1621 917 1691 facit,
974 1637 1188 1679 menses
1233 1639 1424 1680 cursus
1467 1623 1612 1680 lunae
1648 1643 1659 1681 :
1694 1629 1844 1680 tem-

244 1721 384 1779 pora
437 1725 568 1765 vero
612 1718 745 1767 sunt
816 1728 931 1779 ver,
993 1720 1168 1781 uastas,
1236 1720 1556 1783 autumnus,
1616 1713 1838 1771 hiems:

245 1806 489 1869 quatuor
545 1797 684 1869 haec,
727 1800 1000 1872 completo
1047 1816 1277 1857 numero
1341 1800 1587 1875 proprio,
1631 1802 1843 1861 faciunt

1957 628 2133 686 cuisse
2153 629 2280 687 illos
2297 629 2451 699 dicit;
2476 630 2609 703 ipsis
2631 646 2779 689 enim
2801 630 2989 688 eberat
3003 631 3266 691 delictum
3288 635 3540 697 illorum:

1957 717 2253 792 Apostolus
2279 720 2426 777 enim
2465 720 2791 794 impleverat
2829 721 3072 779 ofﬁcium
3120 722 3551 797 dispensationis

1957 808 2062 866 sibi
2093 809 2334 878 creditae,
2384 817 2446 867 ut
2497 811 2650 868 omni
2693 827 2820 870 cum
2884 811 3173 885 diligentia
3224 814 3551 886 pradicaret

1958 899 2057 969 eis,
2088 899 2231 958 sicut
2266 900 2404 959 dicit
2450 902 2719 958 Dominus
2764 901 2835 959 ad
2877 902 3199 975 prophetam
3247 904 3546 963 Ezechiel:

1974 1016 1993 1039 ι
2019 993 2122 1061 Tu,
2168 992 2371 1067 inquit,
2407 992 2645 1066 praxiica
2671 1011 2683 1050 :
2712 992 2759 1049 si
2800 1000 2856 1049 te
2901 992 3200 1063 audierint,
3250 994 3549 1053 lucraberis

1957 1095 2086 1149 eos;
2120 1081 2165 1137 si
2197 1081 2516 1156 quominus,
2546 1089 2609 1138 tu
2628 1082 2868 1151 salvebis
2892 1082 3135 1138 animam
3166 1090 3319 1140 tuam
3346 1084 3543 1143 Ezeeh.

1956 1186 2039 1239 ιιι,
2074 1171 2308 1242 19,21).
2342 1197 2360 1220 ι

2028 1260 2210 1329 (Vere.
2245 1260 2453 1332 13,14.)
2473 1285 2492 1308 ι
2512 1260 2676 1317 Scitis
2701 1259 2831 1334 quia
2849 1276 2945 1333 per
2963 1260 3344 1319 inﬁrmitatem
3364 1263 3549 1320 carnis

1956 1349 2325 1424 evangelizavi
2379 1350 2539 1409 vobis
2586 1349 2704 1424 jam
2754 1351 2969 1425 pridem
3017 1371 3028 1409 :
3082 1360 3136 1409 et
3180 1352 3543 1410 tentationem

1955 1451 2189 1500 vestram
2221 1444 2280 1501 in
2305 1460 2467 1502 carne
2496 1460 2615 1501 mea
2642 1460 2755 1501 non
2779 1444 3088 1517 sprevistis,
3120 1460 3298 1519 neque
3335 1445 3547 1517 respui-

1954 1533 2072 1592 stis.
2123 1535 2185 1591 In
2232 1534 2552 1591 memoriam
2609 1544 2829 1593 revocat
2877 1534 2989 1591 illis
3036 1543 3271 1608 tempus,
3318 1532 3544 1610 (plaudo

1955 1623 2193 1696 primum
2232 1623 2553 1697 praedicavit
2586 1623 2704 1680 illis
2730 1624 3093 1697 Evangelium
3111 1624 3235 1682 Dei.
3254 1626 3378 1698 Ipso
3396 1624 3545 1681 enim

1954 1722 2198 1789 tempore
2224 1715 2445 1787 injuriis
2473 1715 2733 1788 agebatur
2758 1717 3074 1788 Apostolus,
3106 1724 3161 1772 et
3189 1716 3434 1773 caedibus
3461 1715 3543 1772 in-

1953 1804 2291 1875 ﬁrmabatur;
2322 1805 2575 1862 inﬁrmus
2620 1805 2767 1862 enim
2816 1804 3055 1874 videtur,
3079 1805 3175 1878 qui
3196 1804 3543 1872 humiliatur,

240 1902 475 1945 annum.
508 1889 637 1947 Dies
666 1906 794 1963 ergo
831 1890 1145 1962 observant,
1183 1893 1278 1966 qui
1308 1893 1524 1964 dicunt,
1565 1901 1627 1952 ut
1655 1903 1787 1969 puta
1821 1913 1832 1953 :
1867 1904 1914 1965 Β
1949 1905 2004 1955 et
2030 1912 2143 1952 non
2168 1894 2376 1951 resistit
2406 1903 2629 1968 propter
2654 1893 3021 1967 Evangelium
3052 1893 3171 1949 Dei.
3216 1894 3289 1949 Et
3336 1894 3395 1949 in
3442 1892 3548 1951 hoc

241 1977 502 2035 Crastino
548 1979 1008 2052 proﬁciscendum
1038 1998 1151 2039 non
1196 1990 1319 2051 est;
1367 1992 1488 2057 post
1536 1986 1841 2043 crastinum

239 2067 398 2123 enim
455 2085 567 2126 non
624 2070 786 2127 debet
834 2072 1045 2146 aliquid
1102 2074 1354 2131 inchoari
1389 2094 1401 2131 :
1434 2083 1489 2133 et
1532 2077 1611 2134 sic
1665 2078 1845 2133 solent

240 2155 421 2227 magis
450 2156 649 2230 decipi.
683 2158 752 2215 Hi
786 2167 968 2216 autem
999 2162 1187 2217 colunt
1236 2178 1470 2229 menses,
1502 2164 1595 2237 qui
1649 2180 1845 2223 cursus

242 2244 394 2303 lunae
414 2254 788 2319 perscrutatur
814 2249 1079 2320 dicentes,
1110 2259 1171 2308 ut
1202 2260 1335 2326 puta
1369 2271 1379 2310 :
1413 2255 1657 2328 Septima
1704 2257 1837 2313 luna

242 2334 618 2393 instrumenta
647 2338 843 2396 conﬁci
874 2355 986 2396 non
1014 2339 1250 2410 debent;
1280 2358 1427 2399 nona
1454 2342 1656 2401 iterum
1706 2346 1841 2403 luna

240 2440 467 2481 servum
497 2432 765 2498 emptum,
797 2435 859 2483 ut
895 2437 1026 2500 puta
1066 2429 1294 2486 domum
1343 2429 1473 2488 duci
1531 2449 1641 2489 non
1683 2451 1841 2508 opor-

242 2519 356 2580 tet;
407 2520 460 2568 et
505 2530 603 2586 per
652 2514 769 2573 haec
816 2516 1034 2573 facilius
1062 2520 1241 2576 solent
1266 2520 1493 2580 adversa
1530 2526 1840 2596 provenire.

241 2601 514 2675 Tempora
560 2619 691 2660 vero
737 2604 818 2662 sic
865 2605 1181 2674 observant,
1228 2625 1354 2666 cum
1394 2610 1635 2671 dicunt:
1671 2614 1844 2671 Hodie

245 2694 399 2751 veris
429 2694 653 2753 initium
683 2707 784 2766 est,
818 2698 1090 2757 festivitas
1116 2708 1218 2770 est,
1245 2710 1371 2775 post
1399 2719 1519 2761 cras
1571 2705 1842 2764 Vulcana-

248 2784 328 2842 lia
356 2795 503 2844 sunt.
535 2789 606 2844 Et
647 2789 781 2846 talia
817 2790 1017 2847 iterum
1055 2793 1213 2850 aiunt
1247 2812 1259 2851 :
1292 2794 1576 2852 Posterum
1606 2807 1705 2868 est,
1735 2799 1845 2854 do-

242 2892 403 2933 mum
425 2876 608 2949 egredi
637 2894 749 2934 non
789 2878 937 2937 licet.
969 2882 1161 2939 Annos
1176 2883 1256 2941 sic
1275 2884 1485 2954 colunt,
1507 2902 1633 2943 cum
1650 2886 1846 2945 dicunt

242 2966 516 3024 Kalendis
570 2968 847 3026 Ianuariis
913 2971 1075 3027 novis
1126 2980 1208 3029 est
1264 2989 1464 3044 annus,
1517 2975 1673 3049 quasi
1730 2992 1844 3033 non

243 3055 500 3129 quotidie
527 3056 657 3113 anni
684 3058 1023 3130 impleantur
1055 3078 1067 3117 :
1099 3061 1194 3118 sed
1228 3069 1291 3118 ut
1326 3062 1450 3119 Jani
1498 3063 1651 3121 illius
1698 3081 1843 3121 reco-

244 3145 368 3202 lant
397 3145 717 3203 memoriam
767 3146 1046 3218 bifrontis,
1098 3149 1202 3208 hac
1233 3152 1623 3225 superstitione
1668 3162 1846 3211 utun-

241 3240 361 3302 tur,
395 3250 515 3308 qua)
546 3235 705 3308 longe
735 3235 896 3294 debet
919 3253 1034 3295 esse
1081 3254 1113 3295 a
1168 3256 1360 3297 servus
1407 3242 1527 3298 Dei.
1581 3242 1637 3299 Si
1694 3243 1840 3299 enim

240 3323 393 3379 Deus
421 3340 489 3379 ex
519 3330 638 3381 toto
685 3326 848 3383 corde
896 3327 1178 3402 diligatur,
1223 3330 1341 3401 ipso
1382 3330 1645 3403 propitio,
1685 3332 1841 3388 nulla

241 3409 409 3467 debet
434 3428 549 3469 esse
577 3412 839 3484 formido,
870 3431 1048 3489 neque
1094 3417 1335 3491 suspicio
1372 3417 1569 3475 harum
1611 3435 1836 3487 rerum;

241 3516 506 3573 prospere
541 3501 690 3557 enim
739 3510 919 3576 potest
962 3504 1174 3573 cedere,
1208 3505 1480 3581 quidquid
1516 3508 1844 3581 simpliciter

239 3588 351 3645 sub
379 3590 479 3646 Dei
506 3590 799 3647 devotione
827 3592 911 3649 ﬁt.

322 3680 503 3750 (Vers.
537 3681 650 3754 11.)
698 3704 718 3730 ι
745 3681 936 3738 Timeo
952 3698 1052 3739 vos
1070 3698 1140 3740 ne
1160 3681 1366 3741 frustra
1392 3685 1755 3743 laboraverim
1781 3688 1842 3745 in

241 3771 406 3828 vobis
438 3772 601 3845 (70).-
646 3773 866 3846 Duplici
894 3790 1088 3847 genere
1108 3775 1357 3833 subversi
1378 3777 1599 3834 fuerant
1613 3777 1843 3865 Galatae;

242 3870 310 3919 ut
338 3870 460 3935 post
487 3864 585 3921 Dei
615 3865 843 3937 gratiam
870 3882 983 3922 non
1013 3867 1191 3923 solum
1217 3868 1286 3925 ad
1332 3868 1505 3942 legem
1558 3864 1841 3927 converte-

240 3960 459 4021 rentur,
490 3953 586 4009 sed
624 3953 694 4009 ad
722 3969 930 4011 errores
980 3954 1261 4029 pristinos.
1294 3958 1516 4016 Inducti
1557 3958 1706 4016 enim
1750 3961 1839 4017 vel

237 4040 441 4111 eversi,
476 4041 531 4098 iu
566 4043 740 4116 legem
769 4043 929 4101 facile
958 4045 1373 4104 declinaverant
1420 4048 1489 4105 ad
1532 4048 1843 4106 observan-

242 4131 381 4189 tiam
410 4131 625 4189 dierum
657 4140 711 4189 et
742 4135 1012 4191 mensium
1048 4155 1061 4205 ;
1095 4136 1318 4194 Sabbati
1346 4139 1497 4195 enim
1528 4140 1841 4197 observatio

238 4228 300 4278 et
328 4223 743 4282 neomeniarum
773 4232 1118 4283 attraxerunt
1146 4227 1272 4285 illos
1300 4228 1369 4285 ad
1407 4228 1543 4287 haec.
1588 4230 1716 4286 Ideo
1744 4231 1842 4287 in-

237 4311 402 4384 quit:
446 4335 466 4359 ‹
495 4312 687 4370 Timeo
717 4332 784 4372 ne
814 4316 933 4371 sine
983 4332 1145 4373 causa
1194 4317 1559 4375 laboraverim
1615 4320 1733 4393 (70)
1783 4320 1841 4377 in

237 4399 441 4467 vobis;
487 4425 507 4449 ι
563 4401 642 4458 sic
684 4402 832 4458 enim
875 4403 1098 4460 videbat
1148 4421 1241 4462 eos
1288 4406 1345 4461 in
1373 4407 1528 4480 pejus
1554 4409 1835 4481 proﬁcere,

240 4496 307 4546 ut
336 4498 557 4561 possent
578 4490 744 4547 etiam
774 4507 806 4547 a
835 4492 1055 4551 Christo
1084 4496 1303 4567 penitus
1332 4496 1603 4555 recedere.

317 4585 499 4656 (Vers.
522 4584 635 4659 12.)
655 4586 865 4643 «Εδῐοῑθ
880 4587 1023 4644 sicut
1040 4604 1156 4661 ego;
1182 4589 1311 4663 quia
1330 4599 1384 4646 et
1404 4608 1502 4665 ego
1521 4592 1665 4650 sicut
1680 4611 1826 4652 vos.-

235 4673 358 4730 Hoc
382 4673 539 4743 dicit,
570 4683 632 4731 ut
659 4674 791 4731 dent
828 4692 1048 4749 operam
1078 4676 1388 4751 corrigendi
1418 4695 1500 4748 ea;
1536 4681 1665 4755 quia
1724 4700 1835 4739 non

235 4772 325 4819 est
346 4762 685 4837 impossibile
716 4772 779 4821 ut
806 4765 917 4822 sint
946 4766 1089 4823 sicut
1119 4767 1231 4839 ipse
1258 4786 1271 4835 ;
1305 4768 1435 4841 quia
1478 4777 1533 4826 et
1575 4771 1689 4842 ipse
1731 4771 1836 4830 hoc

235 4860 376 4922 erat,
408 4853 465 4910 id
496 4861 578 4910 est
606 4854 792 4925 homo,
830 4856 977 4930 quod
1004 4865 1057 4913 et
1094 4856 1180 4913 illi
1212 4874 1225 4924 ;
1274 4865 1327 4913 et
1373 4875 1499 4914 cum
1538 4858 1731 4915 fuisset
1775 4859 1833 4916 in

236 4960 425 5002 errore
468 4961 796 5020 persequens
852 4948 1177 5018 Ecclesiam,
1238 4958 1520 5022 correptus
1561 4951 1836 5008 convertit

236 5052 317 5092 se.
366 5061 385 5083 ι
416 5037 654 5106 Fratres,
686 5036 911 5095 obsecro
939 5055 1058 5107 vos,
1116 5038 1260 5095 nihil
1314 5040 1454 5096 mihi
1481 5041 1767 5099 nocuistis.
1800 5066 1818 5089 ι

234 5125 398 5182 Nunc
436 5126 625 5183 mitius
653 5126 764 5199 agit
791 5126 915 5184 cuin
964 5128 1062 5197 eis,
1117 5134 1171 5185 et
1210 5128 1355 5185 bona
1400 5146 1590 5187 eorum
1634 5129 1831 5203 incipit

236 5228 542 5271 memorem
572 5233 586 5284 ;
619 5225 681 5274 ut
716 5222 838 5290 post
868 5233 1089 5290 magnas
1113 5218 1485 5291 correptiones
1503 5219 1646 5277 bona
1667 5234 1829 5292 opera

233 5305 748 5377 sua(7l)audientes
794 5316 1189 5377 recrearentur,
1240 5316 1293 5363 et
1346 5308 1474 5365 data
1528 5327 1692 5381 opera
1750 5327 1827 5366 re-

234 5394 539 5453 formarent
566 5413 641 5464 se;
665 5413 734 5454 ne
762 5396 1235 5471 objurgationibus
1255 5396 1466 5455 diutius
1487 5398 1658 5472 pressi
1679 5414 1825 5472 aspe-

313 5567 430 5635 (70)
465 5568 619 5624 Rom.
654 5568 811 5636 edit.,
851 5569 1022 5626 Timeo
1050 5570 1239 5625 nesine
1257 5587 1414 5626 causa
1452 5571 1820 5627 laboraverim.

312 5639 429 5713 (71)
453 5638 714 5713 Nonnulli
746 5656 900 5707 mss.,
925 5648 971 5695 et
1011 5642 1143 5698 bona
1175 5659 1336 5713 opera
1359 5660 1475 5697 sua.
1505 5643 1627 5700 Non
1648 5650 1819 5699 recte.

234 5709 567 5786 Infravem,
599 5710 695 5786 ubi
730 5727 917 5786 omnes
964 5713 1096 5768 edit.
1129 5709 1393 5786 ac'pauci
1425 5731 1588 5786 rmss.,
1620 5715 1822 5770 diutius

229 5781 429 5855 pressi,
459 5781 753 5854 asperiores
779 5785 964 5854 ﬁerent
991 5781 1308 5855 exacerbati,
1338 5785 1436 5843 alii
1467 5781 1602 5845 mss.
1625 5786 1827 5845 melius

1957 1987 2137 2044 laudat
2166 1983 2531 2041 constantiam
2560 2000 2771 2053 eorum,
2805 1985 2935 2057 quia
2964 2000 3076 2040 non
3106 1990 3235 2040 sunt
3279 1982 3544 2041 abstracti

1952 2091 1984 2131 a
2011 2074 2118 2131 ﬁde
2147 2093 2157 2130 :
2190 2073 2407 2146 injuriae
2435 2072 2583 2129 enim
2623 2073 2874 2146 Apostoli
2927 2072 3161 2130 tentatio
3210 2079 3327 2129 erat
3372 2072 3550 2129 Gala—

1953 2172 2154 2233 tarum,
2186 2163 2245 2219 in
2275 2179 2382 2237 qua
2422 2162 2568 2219 ﬁrmi
2606 2162 2822 2219 inventi
2871 2169 3020 2230 sunt,
3072 2178 3183 2219 non
3237 2160 3547 2220 dubitantis

1952 2254 2019 2311 de
2048 2253 2175 2310 ﬁde.
2214 2253 2441 2309 Possent
2469 2252 2637 2322 enim,
2666 2251 2983 2310 scandalum
3012 2250 3176 2325 passi,
3199 2250 3382 2309 dicere
3404 2252 3543 2323 (72):

1952 2343 2082 2412 Quae
2104 2350 2184 2399 est
2213 2342 2393 2399 virtus
2424 2349 2518 2398 aut
2550 2357 2670 2415 spes
2702 2341 2760 2398 in
2785 2340 2887 2398 hac
2915 2340 3269 2415 ﬁde,quando
3288 2340 3548 2397 minister

1952 2431 2069 2505 ejus
2099 2433 2178 2492 sic
2205 2433 2577 2490 humiliatur‘?
2608 2433 2712 2489 Sed
2738 2432 2867 2507 quia
2884 2432 2998 2505 jam
3045 2432 3294 2489 animum
3340 2431 3545 2489 futuris

1954 2524 2151 2598 spebus
2210 2523 2532 2591 infecerant,
2566 2530 2862 2595 praesentes
2930 2522 3115 2579 exitus
3174 2539 3272 2596 pro
3332 2521 3542 2581 Christi

1954 2614 2177 2670 nomine
2226 2629 2336 2669 non
2383 2611 2860 2685 pertimescebant,
2907 2610 3044 2670 certi
3090 2612 3253 2669 ﬁdem
3299 2619 3541 2668 nostram

1955 2718 2064 2758 non
2112 2703 2169 2758 in
2216 2702 2398 2769 terris,
2449 2701 2543 2757 sed
2589 2699 2646 2755 in
2681 2701 2837 2757 caelis
2882 2700 3081 2757 habere
3117 2700 3462 2772 dignitatem,
3492 2707 3547 2756 et

1954 2806 2052 2862 pro
2117 2789 2205 2845 his
2253 2785 2708 2844 tribulationibus
2755 2802 2948 2859 magna
3007 2788 3233 2859 rependi
3299 2785 3541 2860 praemia.

1956 2877 2227 2935 Ruborem
2282 2876 2397 2932 illis
2454 2874 2695 2944 incutit;
2753 2875 2884 2949 quia
2930 2881 3052 2948 post
3112 2874 3230 2933 haec
3285 2873 3543 2931 laudabi-

1958 2966 2031 3022 lia
2078 2966 2444 3023 circumventi
2494 2966 2732 3035 fuerant,
2791 2972 2886 3021 aut
2940 2962 3336 3036 vituperabiles
3377 2962 3543 3019 \ide-

1956 3064 2165 3112 rentur.
2212 3080 2232 3103 ι
2256 3055 2360 3112 Sed
2390 3056 2533 3111 sicut
2560 3056 2813 3127 angelum
2844 3053 2944 3110 Dei
2979 3052 3274 3126 excepistis
3316 3070 3425 3121 me,
3460 3052 3545 3109 si-

1953 3155 2047 3204 cut
2077 3145 2359 3204 Christum
2385 3147 2590 3203 Jesum.
2632 3170 2650 3195 ι
2704 3146 2819 3203 Hoc
2872 3144 3047 3218 magis
3102 3144 3289 3201 laudat
3338 3142 3396 3200 in
3444 3143 3540 3213 eis,

1872 3273 1915 3332 C
1954 3237 2083 3311 quia
2126 3236 2394 3310 pressuris
2438 3253 2550 3293 non
2596 3236 2935 3332 deformatus
2971 3234 3253 3332 est_apud-
3292 3250 3403 3303 eos,

1954 3328 2388 3397 commendatus,
2438 3329 2671 3385 scientes
2726 3344 2825 3401 pro
2869 3326 2940 3382 iis
2986 3325 3079 3399 qui
3129 3324 3382 3393 credunt,
3428 3324 3541 3397 pati

1954 3418 2114 3473 illum
2146 3417 2337 3474 exitia.
2371 3417 2526 3475 Sicut
2569 3433 2697 3489 ergo
2750 3416 3005 3489 angelum
3051 3413 3151 3470 Dei
3208 3422 3543 3487 exceperunt

1954 3509 2301 3579 Apostolum,
2329 3508 2613 3565 credentes
2636 3506 2843 3562 donum
2864 3503 2963 3561 Dei
2995 3518 3109 3559 esse
3147 3503 3293 3576 quod
3334 3504 3543 3578 praedi-

1952 3603 2041 3653 cat
2073 3613 2084 3651 :
2116 3596 2195 3653 sic
2221 3596 2270 3653 ei
2321 3597 2645 3665 deferentes,
2698 3592 2853 3668 quasi
2892 3592 2996 3666 ipsi
3043 3591 3254 3650 auctori
3305 3593 3543 3651 Domino

1953 3684 2079 3741 Jesu
2107 3683 2346 3742 Christo.

2026 3773 2208 3841 (Vers.
2266 3773 2379 3845 15.)
2452 3796 2470 3819 α
2541 3772 2672 3840 Quae
2731 3788 2856 3845 ergo
2915 3779 3032 3829 erat
3096 3770 3379 3828 beatitudo
3439 3788 3543 3827 ve-

1954 3870 2065 3919 stra
2096 3863 2213 3935 (73)
2252 3863 2281 3920 ‘7
2328 3888 2347 3912 ι
2420 3862 2614 3919 Beatos
2663 3862 2763 3919 hos
2819 3862 2987 3918 fuisse
3033 3858 3170 3919 dicit
3213 3865 3358 3924 225
3397 3862 3540 3934 apud

1953 3969 2174 4018 caeteras
2229 3962 2520 4031 Ecclesias,
2561 3978 2657 4034 per
2708 3960 2767 4017 id
2831 3960 2977 4035 quod
3027 3959 3262 4033 apostoli
3323 3956 3544 4030 injuriis

1954 4069 2065 4108 non
2098 4053 2506 4127 frangebantur,
2536 4053 2628 4109 sed
2655 4051 2968 4110 crescebant
3015 4051 3075 4106 in
3120 4049 3246 4107 ﬁde.
3308 4074 3326 4097 ι
3368 4048 3543 4105 Testis

1954 4141 2101 4198 enim
2160 4159 2279 4199 sum
2328 4142 2485 4199 vobis
2535 4142 2683 4217 quia,
2732 4140 2777 4197 si
2850 4140 2971 4196 fieri
3021 4139 3310 4214 potuisset,
3352 4139 3542 4196 oculos

1955 4241 2164 4289 vestros
2229 4232 2527 4302 eruissetis,
2586 4240 2639 4289 et
2703 4230 2993 4289 dedissetis
3053 4230 3214 4287 mihi.
3246 4255 3265 4279 ι
3334 4229 3537 4286 Votum

1952 4339 2139 4379 eorum
2165 4323 2312 4380 circa
2339 4322 2660 4396 religionem
2691 4329 2802 4377 tam
2820 4322 3044 4394 plenum
3076 4318 3319 4376 ostendit
3347 4317 3535 4386 fuisse,

1953 4421 2014 4470 ut
2046 4431 2157 4470 non
2190 4415 2367 4471 solum
2396 4413 2535 4469 bene
2555 4412 2623 4469 ab
2651 4411 2731 4469 eis
2760 4418 3043 4484 susceptus
3064 4409 3156 4479 sit,
3189 4408 3281 4465 sed
3302 4415 3356 4463 et
3371 4407 3538 4463 fortes

1953 4504 2010 4559 in
2063 4504 2170 4561 ﬁde
2212 4503 2428 4560 inventi
2482 4503 2594 4559 sint
2644 4518 2655 4556 :
2695 4509 2749 4559 et
2787 4500 2934 4575 quod
2981 4500 3051 4556 ad
3093 4498 3309 4555 laudem
3358 4494 3533 4568 magis

1952 4593 2189 4666 proﬁcit,
2222 4592 2407 4649 omnia
2440 4609 2575 4666 pene
2595 4607 2691 4648 sua
2721 4589 2805 4646 illi
2832 4589 3151 4645 obtulerunt
3176 4583 3532 4658 proﬂiganda.

1947 4682 2088 4739 Hinc
2116 4684 2240 4755 plus
2270 4683 2438 4748 dolet,
2470 4680 2599 4753 quia
2626 4685 2777 4735 tanta
2804 4676 3043 4733 charitas
3071 4673 3330 4731 subversa
3358 4672 3537 4728 fuerat

1947 4785 2113 4842 prava
2144 4769 2416 4826 doctrina.

2019 4860 2201 4932 (Vers.
2255 4861 2367 4932 16.)
2436 4884 2454 4908 ε
2481 4859 2626 4931 Ergo
2675 4855 2937 4913 inimicus
2978 4851 3137 4909 vobis
3173 4851 3351 4909 factus
3388 4868 3531 4920 sum,

1946 4967 2135 5007 verum
2165 4950 2353 5007 dicens
2376 4948 2532 5004 vobis
2551 4949 2580 5004 7
2604 4973 2622 4995 -
2673 4947 2789 5002 Hoc
2820 4943 2977 5013 dicit,
3026 4943 3154 5017 quia
3196 4959 3308 4999 non
3356 4950 3534 5016 potest

1942 5040 2063 5095 ﬁeri
2110 5047 2171 5096 ut
2218 5038 2497 5105 inimicus,
2544 5035 2748 5109 inquit,
2795 5051 2893 5107 ego
2939 5033 3096 5090 vobis
3129 5032 3254 5102 sim,
3299 5047 3533 5106 quorum

1943 5137 2095 5185 tanta
2144 5128 2288 5185 sensi
2336 5125 2615 5200 obsequia.
2659 5126 2763 5182 Sed
2792 5124 2924 5199 quia
2956 5130 3117 5182 nemo
3146 5140 3203 5181 se
3228 5123 3381 5196 argui
3410 5123 3533 5179 vult

1940 5226 2233 5285 errantem,
2268 5214 2474 5274 idcirco
2500 5214 2759 5271 inimicus
2789 5213 2947 5271 vobis
2988 5214 3217 5282 videor;
3261 5211 3409 5284 juste
3435 5227 3533 5268 vos

1941 5307 2362 5382 reprehendens.

2009 5400 2193 5469 (Vers.
2229 5397 2346 5470 17.)
2420 5419 2439 5445 ι
2489 5397 2847 5455 ⁴λΕιηιιΙιιιιῑιιι·
2900 5412 3000 5453 vos
3050 5410 3162 5452 non
3218 5394 3355 5452 bene
3390 5409 3402 5450 :
3433 5394 3528 5452 sed

1938 5570 2627 5648 legunt,_utin_con_textu.
2730 5642 2743 5648 _
2790 5642 2801 5648 _
3272 5644 3281 5648 ,
3336 5638 3373 5648 ,,

2008 5644 2125 5715 (72)
2144 5643 2271 5699 Mss.
2305 5643 2554 5709 Lauduu,
2583 5642 2891 5715 scandalum
2919 5655 3211 5711 proponere
3238 5644 3285 5695 et
3312 5638 3485 5695 dicere
3504 5680 3516 5693 .

1936 5712 2157 5784 Quando
2188 5715 2403 5771 Domini
2431 5731 2611 5769 servus
2640 5713 2754 5783 ejus
2781 5712 3010 5780 scit,etc.

2005 5786 2122 5859 (73)
2149 5788 2307 5847 Rom.
2348 5786 2507 5855 edit.,
2541 5785 2640 5844 Ubi
2660 5782 2867 5857 estergo
2896 5782 3160 5843 beatitudo
3187 5788 3362 5840 vestra
3388 5783 3417 5843 ἵ
