3970 6404
1503 382 1599 439 AD
1633 380 1868 441 OPERA
1904 380 1960 439 S.
1990 378 2323 440 AMBROSII
2360 377 2740 437 APPENDIX.

3665 376 3784 437 384

455 508 748 570 excludere
770 524 870 568 vos
898 508 1116 578 volunt,
1143 515 1207 565 ut
1228 526 1259 568 e
1300 524 1327 564 s
1358 505 1725 565 aemulemini.
1759 530 1778 554 ι
1833 505 2054 563 Invidia
2078 513 2130 574 Α
2158 513 2317 563 natus
2369 511 2451 561 est
2494 505 2641 562 Isaac
2672 521 2687 574 ;
2716 502 2840 562 ideo
2894 502 3014 564 hac
3064 519 3162 579 per
3209 502 3526 579 allegoriam
3569 503 3782 564 asserit

457 599 771 660 Judaorum
798 598 1090 657 subversos
1118 613 1210 654 eos
1238 595 1515 671 signiﬁcat
1543 613 1557 666 ;
1606 595 1860 655 videntes
1900 596 2049 653 enim

459 691 541 750 sic
563 689 692 749 illos
719 688 982 764 proﬁcere
1009 688 1071 747 in
1117 687 1443 762 Evangelio,
1493 693 1548 744 et
1595 694 1806 745 tantam
1853 687 2053 745 habere

457 779 783 840 charitatem
821 778 881 837 in
907 779 1193 854 Apostolo,
1228 777 1287 837 id
1327 785 1574 852 egerunt,
1610 785 1879 852 quatenus
1926 778 2053 835 illos

460 869 795 944 deciperent.
816 869 992 927 Erant
1017 867 1166 926 enim
1189 866 1324 941 legis
1348 883 1512 924 causa
1524 866 1788 941 apostolis
1813 865 2051 937 inimici,

462 968 525 1017 ut
561 967 816 1019 manente
842 959 1066 1017 nomine
1086 955 1404 1027 Salvatoris,
1428 957 1670 1015 facerent
1694 974 1787 1015 eos
1813 957 2053 1027 Iudaeos,

462 1050 760 1124 gaudentes
785 1049 847 1107 in
877 1048 1161 1106 eversione
1189 1062 1379 1105 eorum
1404 1064 1419 1116 ;
1460 1062 1571 1103 non
1592 1046 1740 1103 enim
1770 1046 2058 1121 patieban-

462 1147 574 1210 tur,
616 1147 678 1197 ut
706 1138 935 1213 gratiam
966 1138 1072 1196 sibi
1110 1135 1432 1212 promissam
1458 1136 1717 1194 audirent
1750 1135 2062 1194 incircum—

461 1230 591 1288 cisis
638 1230 894 1305 gentibus
947 1231 1151 1288 datam.
1198 1229 1326 1287 Ideo
1381 1227 1688 1285 imitatores
1744 1244 1871 1285 suos
1934 1227 2061 1283 illos

462 1320 759 1378 voluerunt
787 1318 929 1390 ﬁeri,
977 1327 1041 1377 ut
1079 1336 1231 1377 more
1270 1336 1460 1377 eorum
1507 1317 2057 1376 circumciderentur.

535 1409 718 1482 (Vers.
738 1409 865 1482 .18.)
913 1430 932 1457 ‹
974 1408 1338 1467 ίΕηιιιΙειηιὶῐιί
1385 1416 1566 1465 autem
1619 1407 1849 1464 meliora
1892 1408 2055 1478 dona,

466 1494 674 1557 honuni
702 1499 1039 1558 aamulamini
1062 1515 1276 1572 semper
1313 1497 1452 1571 (74),
1483 1505 1534 1553 et
1582 1514 1694 1554 non
1723 1498 1899 1554 solum
1933 1513 2058 1553 cum

462 1605 699 1663 praesens
742 1606 862 1646 sum
907 1589 1051 1663 apud
1095 1604 1210 1644 vos.
1263 1611 1280 1634 ι
1337 1586 1563 1643 Meliora
1609 1586 1754 1642 dona
1791 1584 2061 1659 spiritalia

460 1686 610 1748 sunt,
639 1696 759 1752 quae
786 1676 990 1733 imitati
1050 1676 1328 1732 habebunt
1370 1674 1624 1732 effectum
1670 1674 1816 1747 apud
1860 1675 2055 1731 Deum.

460 1770 586 1826 Haec
606 1766 877 1840 spiritalia
903 1767 1047 1823 bona
1074 1772 1222 1833 sunt,
1253 1781 1374 1839 quae
1399 1765 1522 1821 vult
1553 1771 1617 1820 ut
1662 1780 1875 1838 semper
1922 1762 2061 1819 imi-

458 1864 664 1926 tentur,
696 1872 809 1913 non
842 1854 912 1913 ad
935 1862 1170 1929 tempus,
1202 1853 1346 1911 sicut
1378 1853 1611 1927 pridem,
1651 1860 1746 1909 aut
1797 1869 1853 1910 se
1902 1869 2052 1927 prze-
2079 1887 2125 1948 Β

458 1954 609 2002 sente
635 1954 871 2015 tantum,
899 1952 1021 2018 post
1057 1951 1244 2000 autem
1283 1943 1353 2000 ad
1406 1942 1556 2000 aliud
1607 1950 2046 2013 convertantur;

459 2036 554 2091 sed
582 2035 707 2091 vult
734 2035 863 2091 illos
888 2034 955 2091 de
983 2042 1180 2090 caetero
1204 2048 1551 2107 perseverare
1581 2032 1640 2088 in
1668 2030 1836 2088 bono.

531 2123 712 2196 (Vers.
766 2122 880 2195 l9.)
925 2148 943 2169 ι
968 2121 1155 2179 Filioli
1201 2122 1332 2191 mei,
1372 2138 1512 2195 quos
1548 2121 1750 2178 iterum
1782 2121 2051 2196 parturio,

459 2216 635 2275 donec
665 2215 918 2274 Christus
962 2216 1230 2272 formetur
1267 2214 1327 2270 in
1380 2214 1555 2271 vobis.
1596 2240 1614 2264 ι
1666 2214 1912 2272 Primum
1960 2231 2056 2289 per

458 2304 623 2363 ﬁdem
652 2305 779 2363 illos
804 2314 1063 2380 genuerat
1094 2306 1152 2362 in
1176 2304 1448 2380 baptismo
1472 2324 1486 2373 ;
1515 2304 1609 2362 sed
1628 2304 1760 2380 quia
1784 2308 1938 2364 velut
1959 2322 2056 2379 per

456 2394 711 2452 abortum
741 2395 857 2451 uati
879 2395 1020 2469 (75),
1042 2394 1333 2452 deformati
1358 2402 1412 2453 et
1439 2394 1648 2451 inﬁrmi
1664 2394 1879 2451 inventi
1901 2402 2049 2465 sunt;

459 2501 610 2542 nunc
638 2501 764 2542 cum
792 2485 982 2543 dolore
1008 2484 1229 2543 consilii
1260 2484 1522 2541 reformat
1548 2501 1641 2541 eos
1667 2484 1722 2539 in
1746 2482 2050 2544 Christum.

456 2574 841 2651 Concipientes
864 2577 1011 2633 enim
1053 2575 1239 2647 ﬁdem,
1269 2584 1325 2632 et
1375 2593 1595 2634 sensum
1644 2575 1771 2634 ﬁdei
1822 2574 2053 2632 minime

452 2664 817 2735 advertentes,
854 2666 1149 2724 formatum
1179 2665 1461 2725 Christum
1486 2665 1688 2723 animis
1712 2665 1826 2723 suis
1854 2681 2052 2739 negan-

450 2764 543 2814 tur
566 2756 803 2826 habere;
855 2756 901 2815 si
947 2757 1095 2814 enim
1140 2756 1549 2815 intellexissent
1589 2756 1820 2831 gratiam
1861 2755 1962 2813 Dei
1994 2755 2052 2811 in

449 2846 689 2917 Christo,
722 2855 845 2921 post
870 2847 1039 2905 ﬁdem
1088 2847 1147 2903 in
1188 2845 1531 2921 judaismum
1582 2846 1892 2907 transducti
1939 2862 2054 2903 non

447 2944 646 2994 essent.

522 3026 704 3097 (Vers.
735 3024 855 3097 20.)
903 3047 922 3071 ι
977 3023 1193 3082 Vellem
1229 3031 1412 3082 autem
1454 3040 1692 3099 praesens
1733 3040 1849 3084 esse
1903 3041 2053 3082 nunc

445 3115 592 3191 apud
616 3131 734 3185 vos,
764 3122 820 3171 et
865 3120 1080 3171 mutare
1105 3129 1298 3171 vocem
1336 3130 1549 3183 meam;
1591 3114 1688 3189 qui
1737 3116 2052 3173 confundor

446 3205 507 3262 in
543 3203 721 3261 vobis.
754 3229 773 3252 ι
802 3204 1046 3263 Praesens
1066 3205 1188 3261 vult
1213 3219 1440 3279 arguere
1466 3202 1595 3260 illos
1623 3204 1765 3278 (76),
1791 3214 1853 3262 ut
1873 3214 2053 3264 mutet

444 3311 638 3354 vocem
662 3311 813 3352 suam
838 3295 906 3352 de
938 3296 1096 3353 laude
1124 3294 1183 3351 in
1216 3294 1680 3370 vituperationem
1727 3312 1939 3368 eorum,
1990 3304 2052 3353 ut

445 3383 655 3461 duplici
695 3402 891 3459 genere
920 3384 1355 3456 confundantur,
1403 3393 1458 3441 et
1506 3384 1574 3441 de
1620 3401 1803 3443 errore
1841 3403 1962 3459 suo,
1999 3394 2053 3443 et

445 3475 642 3534 rubore
668 3474 947 3551 Apostoli,
981 3492 1143 3551 quem
1170 3475 1483 3551 patiebatur
1509 3475 1659 3549 apud
1703 3491 1816 3546 eos,
1849 3475 2052 3551 quibus

445 3563 573 3622 illos
602 3566 941 3639 prmtulerat.

517 3654 700 3726 (Vers.
723 3653 813 3722 21,
848 3652 967 3724 22.)
1011 3676 1030 3699 ε
1058 3652 1240 3710 Dicite
1275 3652 1437 3722 mihi,
1469 3652 1564 3727 qui
1596 3651 1699 3709 sub
1726 3653 1848 3727 lege
1873 3652 2048 3709 vultis

443 3760 580 3814 esse,
617 3746 786 3817 legem
821 3743 1171 3820 nonlegistis
1198 3743 1227 3799 ?
1279 3743 1558 3817 Scriptum
1602 3750 1685 3800 est
1728 3744 1878 3801 enim
1923 3746 2053 3820 quia

447 3834 724 3893 Abraham
764 3833 903 3890 duos
932 3832 1080 3890 ﬁlios
1106 3831 1361 3889 habuerit
1393 3851 1405 3890 :
1436 3849 1610 3889 unum
1649 3833 1717 3890 de
1748 3834 1969 3905 ancilla,
1996 3844 2052 3893 et

446 3940 617 3981 unum
652 3922 720 3979 de
754 3921 945 3979 libera.
973 3946 991 3969 ι
1031 3923 1148 3980 Hoc
1173 3922 1231 3979 in
1263 3922 1459 3980 Genesi
1482 3922 1738 3994 habetur,
1767 3924 1898 3999 quia
1922 3942 2049 3983 cum

444 4012 578 4070 Sara
602 4027 861 4086 generare
895 4027 1007 4068 non
1033 4020 1233 4086 posset,
1283 4020 1399 4069 erat
1445 4013 1591 4069 enim
1634 4013 1859 4086 sterilis,
1906 4017 2051 4090 Agar

443 4101 702 4159 ancillam
733 4118 885 4158 suam
927 4101 1131 4159 obtulit
1162 4102 1285 4159 viro
1312 4119 1411 4160 suo
1440 4103 1675 4162 Abrahae
1727 4104 1787 4161 in
1834 4122 2050 4164 concu-

443 4190 628 4248 binam
672 4210 686 4259 ;
730 4198 794 4247 ut
840 4191 987 4264 quod
1054 4201 1380 4265 generasset,
1434 4193 1719 4266 adoptaret
1776 4194 1901 4251 sibi.
1958 4196 2049 4253 Sic

445 4279 649 4337 factum
679 4288 760 4337 est
784 4287 845 4336 ut
875 4280 942 4337 de
969 4280 1115 4354 Agar
1140 4288 1453 4338 nasceretur
1466 4282 1683 4340 Ismael.
1710 4283 1841 4341 Post
1865 4293 2047 4344 autem

444 4377 586 4426 nutu
615 4368 715 4427 Dei
746 4369 1048 4444 promissus
1077 4376 1158 4426 est
1184 4369 1419 4426 Abrahae
1449 4368 1600 4427 ﬁlius
1630 4372 1698 4429 de
1722 4372 1851 4429 Sara
1874 4391 2047 4431 uxore

443 4457 580 4531 ejus,
611 4474 732 4534 quae
759 4466 876 4515 erat
901 4458 1107 4515 sterilis
1141 4476 1153 4515 :
1180 4457 1297 4516 haec
1344 4458 1554 4532 peperit
1596 4458 1830 4517 Abrahae
1876 4463 2042 4521 Isaac.

442 4548 597 4606 Tunc
626 4547 793 4622 coepit
822 4547 1101 4605 Abraham
1131 4547 1271 4604 duos
1317 4547 1517 4605 habere
1562 4548 1728 4619 ﬁlios,
1777 4568 1951 4608 unum
1978 4553 2045 4611 de

439 4638 662 4708 ancilla,
694 4645 749 4694 et
788 4652 958 4693 unum
990 4636 1057 4694 de
1089 4636 1281 4694 libera.

515 4737 697 4811 (Vers.
731 4737 819 4807 23,
852 4735 970 4810 24.)
1005 4760 1023 4783 ι
1058 4737 1162 4794 Sed
1199 4736 1245 4792 is
1282 4736 1504 4812 quidem
1564 4738 1661 4813 qui
1703 4738 1770 4796 de
1820 4739 2042 4809 ancilla,

445 4828 746 4885 secundum
777 4844 995 4885 carnem
1028 4835 1191 4885 natus
1212 4836 1295 4885 est
1332 4846 1344 4885 :
1377 4827 1474 4903 qui
1497 4836 1676 4886 autem
1732 4829 1799 4886 de
1850 4829 2041 4900 libera,

441 4933 539 4990 per
589 4918 1067 4991 repromissionem
1093 4937 1107 4988 ;
1162 4936 1283 4993 quas
1314 4926 1443 4976 sunt
1473 4936 1571 4993 per
1606 4920 1920 4993 allegoriam
1947 4920 2046 4978 di-

441 5007 804 5076 cta.-Ismael,
828 5008 923 5081 qui
952 5025 1021 5065 ex
1045 5008 1249 5066 ancilla
1272 5012 1414 5083 Agar
1445 5018 1607 5066 natus
1633 5011 2043 5081 est,secundum

440 5112 661 5156 carnem
714 5105 911 5167 natus;
969 5099 1102 5173 quia
1148 5098 1313 5172 juxta
1367 5101 1829 5159 consuetudinem
1882 5109 2045 5159 natus

442 5196 522 5246 est
571 5205 586 5258 ;
644 5189 792 5246 Isaac
839 5202 968 5244 vero
1024 5186 1154 5261 quia
1212 5204 1308 5262 per
1358 5190 1841 5263 repromissionem
1898 5192 2041 5265 (77),

443 5297 553 5340 non
586 5280 889 5342 secundum
916 5278 1395 5352 consuetudinem,
1437 5283 1533 5340 sed
1563 5284 1866 5342 secundum
1908 5302 2047 5359 pro-

444 5370 746 5432 videntiam
775 5371 878 5430 Dei
910 5368 1116 5427 virtute
1145 5377 1304 5426 natus
1333 5378 1413 5428 est
1440 5391 1453 5440 ;
1496 5373 1697 5448 quippe
1743 5392 1868 5432 cum
1917 5375 2048 5432 Sara

442 5466 659 5519 etanus
707 5469 847 5520 esset
879 5469 934 5518 et
984 5459 1210 5518 sterilis.
1264 5462 1324 5518 In
1384 5468 1580 5535 typum
1636 5463 1783 5520 enim
1839 5462 2045 5521 Christi

518 5620 636 5691 (74)
670 5622 825 5694 Rom.
865 5623 1024 5691 edit.,
1055 5622 1279 5679 meliora
1308 5621 1450 5694 dona.
1480 5622 1538 5694 in
1567 5623 1698 5678 bono
1735 5638 1956 5694 semper.

522 5694 639 5774 (
677 5693 807 5774 μεθ.
837 5694 1243 5774 aliquot,_velut
1266 5693 1500 5774 abortivi
1527 5694 1661 5749 nati.

526 5762 642 5835 (76)
675 5765 833 5822 Rom.
866 5762 1026 5834 edit.,
1058 5766 1298 5823 Pramus
1328 5764 1614 5837 vultagere
1644 5779 1764 5821 cum
1788 5762 1923 5820 illis.

2072 4622 2121 4682 D

2161 593 2329 664 dicta,
2358 600 2421 651 ut
2454 592 2610 650 aliud
2660 610 2730 650 ex
2772 593 2883 652 alio
2936 592 3251 668 signiﬁcent
3278 610 3524 669 persona
3568 594 3775 653 Ismael

2160 690 2214 740 et
2235 684 2400 740 Isaac.
2445 683 2640 741 Ismael
2682 683 2833 740 enim
2874 683 3191 742 Iudaeorum
3242 682 3518 756 signiﬁcat
3561 683 3775 742 nativi-

2162 780 2349 843 tatem,
2390 775 2479 830 vel
2538 789 2730 831 eorum
2782 773 2904 848 qui'
2937 773 3082 831 servi
3140 773 3350 849 peccati
3406 782 3538 832 sunt
3572 793 3584 831 :
3616 776 3775 834 Isaac

2164 880 2294 920 vero
2326 862 2792 934 Christianorum,
2825 864 2955 939 quia
3001 865 3061 922 in
3109 863 3365 923 libertate
3413 872 3768 933 nascuntur;

2166 954 2308 1012 liber
2341 954 2487 1010 enim
2523 954 2608 1025 ﬁt,
2626 956 2723 1030 qui
2750 956 2953 1031 accipit
2980 955 3363 1015 remissionem
3390 965 3768 1033 peccatorum.

2252 1068 2272 1092 ι
2297 1044 2433 1101 Nam
2464 1044 2581 1103 haec
2622 1052 2752 1103 sunt
2800 1046 2912 1103 duo
2950 1046 3316 1104 Testamenta.
3340 1070 3359 1094 ι
3418 1047 3637 1121 Moyses
3678 1064 3770 1106 ao

2166 1132 2377 1207 cipiens
2408 1134 2728 1207 sanguinem
2741 1134 2907 1192 vituli
2930 1134 2988 1191 in
3006 1136 3474 1210 cratera,aspersit
3497 1138 3767 1212 populum

2167 1222 2376 1281 dicens:
2397 1248 2419 1283 ι,
2446 1223 2548 1281 Hic
2567 1233 2649 1281 est
2676 1224 2898 1299 sanguis
2924 1224 3281 1297 Testamenti,
3315 1226 3463 1301 quod
3488 1226 3770 1301 disposuit

2167 1314 2314 1371 Deus
2343 1312 2412 1371 ad
2442 1330 2541 1371 vos
2577 1315 2782 1387 (Exod.
2810 1331 2971 1385 xxxv,
2998 1315 3081 1389 8).
3107 1340 3125 1365 ι
3160 1315 3277 1375 Hoc
3296 1324 3379 1374 est
3404 1317 3553 1392 quod
3570 1317 3720 1376 dixit
3750 1335 3764 1374 :

2181 1427 2199 1451 ι
2237 1404 2419 1461 Unum
2450 1403 2673 1478 quidem
2711 1420 2743 1461 a
2768 1413 2955 1463 monte
2986 1404 3138 1476 Sina,
3188 1405 3248 1463 in
3295 1407 3616 1464 servitutem
3662 1423 3770 1481 ge-

2168 1509 2384 1564 nerans,
2436 1510 2557 1569 quas
2584 1502 2665 1551 est
2702 1494 2867 1568 Agar.
2912 1520 2930 1544 ι
2980 1494 3096 1552 Lex
3132 1496 3280 1552 enim
3320 1495 3377 1553 in
3417 1505 3604 1554 monte
3633 1496 3774 1554 Sina

2167 1582 2294 1640 data
2345 1592 2446 1653 est,
2497 1601 2660 1658 quam
2705 1584 2921 1659 Moyses
2978 1586 3215 1643 recitans
3275 1587 3498 1661 populo,
3557 1586 3770 1643 librum

2168 1672 2318 1729 hunc
2348 1673 2681 1731 Testamenti
2713 1674 3030 1747 appellavit,
3063 1683 3115 1732 et
3142 1683 3277 1733 tunc
3305 1676 3539 1750 aspersit
3577 1691 3771 1750 popu-

2169 1763 2280 1818 lum
2312 1762 2595 1836 sanguine,
2625 1763 2769 1819 sicut
2794 1764 2938 1825 dixi.
2962 1765 3089 1822 Haec
3129 1765 3217 1822 lex
3255 1781 3375 1822 reos
3416 1765 3599 1822 tenuit
3626 1782 3772 1839 pec-

2167 1858 2397 1921 catores,
2436 1859 2489 1909 et
2514 1860 2798 1925 cmperunt
2828 1853 2973 1910 servi
3021 1869 3135 1911 esse
3185 1853 3414 1928 peccati,
3462 1852 3596 1912 facti
3660 1853 3769 1910 ﬁlii

2168 1940 2313 2015 Agar
2335 1941 2489 2015 quasi
2519 1942 2755 1999 ancillae.

2245 2034 2389 2095 226
2426 2030 2607 2103 (Vers.
2642 2031 2759 2103 25.)
2800 2055 2817 2077 ι
2841 2030 2973 2088 Sina
3000 2039 3184 2088 autem
3211 2047 3372 2089 mons
3402 2038 3484 2089 est
3523 2030 3584 2089 in
3614 2029 3768 2088 Ara-

2162 2126 2273 2198 hia,
2295 2127 2391 2202 qui
2421 2128 2778 2203 conjungitur
2810 2128 2962 2199 huic,
2985 2145 3110 2204 quae
3137 2146 3288 2189 nunc
3317 2137 3418 2201 est,
3441 2129 3766 2199 Jerusalem,

2163 2216 2407 2276 serviens
2434 2234 2561 2276 cum
2599 2217 2733 2276 ﬁliis
2760 2217 2895 2277 suis.
2934 2244 2953 2270 ι
2992 2218 3224 2279 Causam
3252 2220 3401 2293 Agar
3454 2218 3769 2293 signiﬁcare

2162 2306 2300 2365 dicit
2345 2307 2644 2364 Jerusalem
2691 2314 2988 2378 terrenam,
3021 2306 3080 2365 id
3126 2315 3210 2365 est
3251 2306 3617 2382 Synagogam,
3646 2324 3769 2383 qua:

2163 2400 2221 2458 in
2280 2402 2602 2459 servitutem
2650 2408 2907 2476 generat;
2966 2417 3103 2476 quos
3162 2400 3313 2458 enim
3363 2409 3609 2475 generat,
3663 2400 3767 2459 sub

2162 2499 2384 2566 peccato
2411 2499 2560 2548 sunt.

2236 2582 2417 2655 (Vers.
2444 2581 2561 2656 26.)
2612 2607 2631 2631 ι
2659 2582 2762 2640 Illa
2794 2588 2976 2639 autem
3018 2596 3139 2655 qua;
3186 2593 3403 2636 sursum
3434 2587 3516 2636 est
3552 2578 3769 2637 Jerusa-

2164 2672 2290 2741 lem,
2322 2671 2494 2729 libera
2522 2679 2602 2730 est
2637 2688 2649 2729 :
2687 2687 2809 2745 quae
2838 2678 2921 2728 est
2952 2678 3127 2726 mater
3156 2676 3363 2726 nostra.
3388 2694 3406 2717 ι
3444 2670 3763 2744 Hac,un

2166 2768 2396 2817 matrem
2427 2768 2672 2818 nostram
2706 2758 2865 2829 dicit,
2912 2760 3101 2833 regula
3145 2765 3227 2815 est
3269 2757 3521 2830 mysterii
3559 2757 3765 2815 Domi-

2160 2850 2294 2921 nici,
2327 2868 2423 2925 per
2449 2866 2613 2925 quam
2643 2848 2983 2907 renascimur
3025 2848 3085 2904 in
3129 2846 3458 2916 libertatem,
3523 2845 3667 2904 sicut
3709 2853 3765 2903 et

2162 2941 2278 3016 ipsa
2302 2941 2476 2999 libera
2504 2948 2607 2999 est.
2631 2941 2761 2998 Ideo
2794 2947 2849 2996 et
2877 2937 3117 2997 caelestis
3136 2937 3362 3007 dicitur,
3396 2935 3528 3012 quia
3551 2937 3756 2994 cmlum

2160 3029 2312 3087 sedes
2342 3030 2460 3103 ejus
2490 3038 2571 3087 est
2600 3038 2690 3087 :et
2719 3047 2857 3104 quos
2889 3035 3130 3102 generat,
3166 3027 3246 3084 ibi
3291 3032 3456 3083 erunt
3497 3042 3624 3083 cum
3674 3043 3760 3097 ea,

2159 3118 2303 3176 sicut
2340 3117 2478 3177 dicit
2500 3118 2810 3175 Dominus:
2857 3141 2876 3164 ε
2913 3117 3091 3187 Pater,
3141 3134 3281 3191 quos
3332 3115 3535 3174 dedisti
3595 3115 3758 3187 mihi,

2159 3210 2287 3267 volo
2318 3216 2380 3266 ut
2408 3208 2503 3265 ubi
2536 3224 2634 3280 ego
2661 3207 2837 3277 fuero,
2862 3214 2915 3263 et
2942 3205 3001 3262 hi
3032 3205 3144 3263 sint
3171 3222 3388 3264 mecum
3424 3206 3757 3279 (Joan.xvn,

2161 3299 2277 3373 24).
2300 3324 2317 3348 ι
2336 3299 2447 3357 Hac
2467 3306 2548 3357 est
2572 3306 2627 3356 et
2650 3298 2795 3368 vita;
2819 3298 2948 3373 quia
2995 3297 3415 3355 immortalitate
3460 3296 3760 3366 donantur,

2162 3389 2259 3466 qui
2286 3389 2569 3447 credentes
2598 3394 2962 3445 renascuntur
3004 3404 3103 3462 per
3145 3403 3287 3446 eam.
3319 3386 3412 3445 Sic
3455 3385 3661 3444 etenim
3688 3384 3764 3444 de

2159 3480 2397 3540 Domino
2431 3480 2640 3538 dictum
2667 3488 2747 3536 est
2772 3480 2921 3554 quia,
2960 3504 2980 3526 ι
3008 3479 3156 3554 quod
3184 3480 3388 3537 factum
3421 3486 3504 3535 est
3534 3477 3592 3534 in
3618 3477 3761 3552 ipso,

2161 3571 2276 3626 vita
2301 3578 2401 3627 est.
2433 3568 2588 3627 Sicut
2614 3569 2762 3627 enim
2813 3570 2973 3626 Pater
3028 3568 3194 3631 habet
3237 3568 3433 3638 vitam,
3485 3567 3562 3624 ita
3605 3567 3764 3626 dedit

2159 3668 2213 3717 et
2244 3660 2389 3717 Filio
2417 3659 2611 3729 vitam,
2643 3668 2695 3717 et
2718 3658 2835 3715 vita
2877 3668 2994 3718 erat
3023 3660 3123 3715 lux
3170 3658 3460 3716 hominum
3495 3658 3678 3731 (Joan.
3711 3675 3754 3729 ι,

2160 3752 2212 3822 3,
2253 3751 2307 3820 li;
2348 3769 2404 3820 v,
2446 3750 2563 3824 26).
2596 3775 2614 3797 ι
2657 3751 2783 3808 Haec
2808 3750 2925 3807 vita
2957 3758 3010 3807 et
3041 3752 3141 3807 lux
3179 3757 3356 3807 mater
3379 3748 3630 3807 ﬁdelium
3656 3756 3761 3806 est.

2159 3838 2222 3894 In
2250 3837 2389 3894 Isaia
2409 3837 2515 3894 hoc
2552 3837 2803 3906 habetur,
2836 3838 2981 3912 quod
3010 3836 3321 3911 subjectum
3344 3844 3428 3893 est
3459 3854 3473 3893 :

2233 3926 2414 3998 (Vers.
2457 3927 2574 4000 27.)
2610 3949 2629 3974 ι
2672 3925 2952 4000 Scriptum
2995 3933 3075 3982 est
3116 3926 3265 3983 enim
3309 3925 3600 3995 :sLaatare,
3655 3932 3763 3981 ste-

2159 4015 2300 4087 rilis,
2331 4033 2451 4090 qua:
2479 4032 2592 4073 non
2620 4016 2765 4091 paris
2815 4035 2826 4074 :
2868 4031 3092 4089 erumpe
3132 4022 3186 4071 et
3234 4015 3435 4082 clama,
3487 4030 3611 4087 quae
3647 4030 3763 4071 non
3794 4078 3801 4085 ,

2158 4105 2423 4180 parturis;
2460 4105 2588 4180 quia
2621 4105 2783 4165 multi
2813 4105 2919 4163 ﬁlii
2949 4105 3202 4173 desertae,
3235 4101 3410 4174 magis
3432 4116 3598 4174 quam
3644 4099 3766 4173 ejus

2157 4212 2277 4269 quae
2316 4194 2478 4252 habet
2505 4195 2687 4252 virum
2723 4196 3009 4269 (Isa.x1v,
3058 4193 3136 4266 1).
3189 4216 3208 4242 ι
3264 4191 3421 4247 Hanc
3481 4197 3765 4247 terrenam

2156 4285 2455 4342 Jerusalem
2511 4285 2695 4342 virum
2756 4283 2958 4343 habere
3021 4280 3199 4349 dicit;
3256 4279 3386 4354 quia
3453 4281 3762 4337 secundum

2156 4391 2374 4432 carnem
2407 4382 2625 4448 generat
2663 4393 2675 4432 :
2725 4374 2879 4435 illam
2904 4380 3086 4431 autem
3126 4372 3403 4428 cmlestem
3432 4370 3759 4439 Jerusalem,

2155 4483 2320 4540 quam
2372 4467 2511 4524 dicit
2573 4475 2804 4524 matrem
2864 4472 3126 4534 nostram,
3171 4461 3418 4520 sterilem
3481 4461 3757 4535 appellat;

2155 4555 2285 4631 quia
2308 4573 2420 4614 non
2446 4557 2591 4633 parit
2622 4556 2923 4615 secundum
2953 4569 3198 4622 carnem,
3248 4568 3351 4610 nec
3396 4550 3617 4608 dolores
3645 4566 3753 4623 pa-

2155 4645 2315 4715 titur,
2366 4645 2473 4704 hoc
2519 4656 2619 4717 est,
2664 4663 2774 4703 non
2836 4643 3093 4719 parturit.
3136 4643 3374 4699 Generat
3410 4646 3593 4697 autem
3640 4638 3761 4695 sine

2154 4737 2405 4810 passione
2466 4737 2793 4812 spiritaliter
2859 4736 3176 4792 exclamans
3235 4733 3295 4790 in
3362 4732 3589 4799 laetitia;
3630 4731 3763 4805 quia

2155 4827 2369 4884 deserta
2415 4826 2712 4902 aliquando
2767 4824 2822 4897 (a
2871 4840 2980 4898 quo
3026 4830 3232 4891 autem,
3276 4820 3388 4879 nisi
3430 4819 3500 4877 ab
3546 4818 3747 4890 Adam,

2154 4917 2249 4992 qui
2283 4917 2498 4973 deserta
2521 4916 2635 4972 vita
2661 4921 2885 4971 secutus
2926 4921 3007 4970 est
3045 4913 3330 4985 mortem),
3380 4926 3532 4968 nunc
3570 4911 3758 4984 plures

2153 5006 2301 5064 ﬁlios
2326 5007 2510 5076 habet,
2559 5021 2721 5082 quam
2774 5005 2891 5061 haec
2936 5020 3057 5079 quae
3100 5001 3263 5059 habet
3306 5001 3512 5069 virum,
3558 4999 3617 5056 id
3650 5005 3757 5069 est,

2154 5112 2276 5172 qua:
2325 5096 2621 5155 carnaliter
2682 5102 2922 5169 generat.
2973 5094 3153 5151 Multo
3200 5091 3349 5149 enim
3400 5091 3586 5164 plures
3627 5095 3759 5145 sunt

2155 5186 2455 5247 Christiani
2495 5185 2719 5255 Iudaeis,
2768 5184 2912 5242 sicut
2982 5182 3193 5242 dicitur
3235 5181 3294 5237 in
3344 5176 3688 5254 Apocalypsi
3741 5195 3753 5235 :

2170 5303 2187 5326 ι
2218 5279 2288 5334 Et
2309 5275 2425 5333 vidi
2457 5276 2673 5334 turbam
2705 5290 2976 5348 magnam,
3007 5287 3171 5349 quam
3201 5269 3551 5327 dinumerare
3593 5281 3759 5324 nemo

2155 5375 2388 5445 poterat,
2417 5384 2486 5425 ex
2515 5366 2667 5424 omni
2695 5364 2849 5423 tribu
2870 5372 2926 5423 et
2963 5371 3120 5439 gente
3162 5361 3358 5436 (Apoc.
3390 5372 3494 5427 VII,
3520 5357 3603 5429 9).
3638 5383 3658 5407 ι

2229 5458 2410 5530 (Vers.
2436 5456 2553 5528 28.)
2596 5482 2614 5503 ι
2638 5456 2752 5511 Vos
2777 5462 2983 5523 autem,
3013 5453 3231 5518 fratres,
3260 5447 3564 5507 secundum
3608 5446 3762 5503 Isaac

2192 5690 2201 5699 ι
2230 5621 2345 5690 (77)
2378 5618 2550 5674 Abest
2579 5635 2611 5673 a
2640 5633 2770 5673 mss.
2803 5613 3158 5689 quibusdam,
3182 5610 3311 5683 quia
3332 5625 3427 5683 per
3454 5607 3762 5681 repromis-

2157 5707 2371 5746 sionem.
