3970 6394
203 402 316 462 385

1272 402 1632 462 COMMENT.
1676 403 1747 459 IN
1783 401 2001 459 EPIST.
2043 403 2140 457 AD
2180 402 2439 460 GALAT.

3397 405 3510 464 386

202 527 589 601 promissionis
626 526 728 584 ﬁlii
760 527 910 586 estis.
944 555 962 577 ι
1018 528 1134 586 Hoc
1170 536 1250 585 est
1281 546 1390 585 non
1437 529 1618 586 carnis
1662 529 1806 586 ﬁlios
1837 533 1888 590 A
1915 526 2119 582 cidenti
2148 545 2224 595 se,
2256 529 2384 600 quia
2411 527 2630 584 debitor
2665 537 2746 584 est
2793 529 3065 584 universa
3118 529 3251 601 legis
3293 529 3510 587 facien-

201 633 342 687 esse,
371 619 467 676 sed
504 617 639 686 Dei;
673 618 802 692 quia
854 619 1002 676 Isaac
1055 619 1112 676 in
1142 627 1338 693 typum
1377 627 1539 677 natus
1565 628 1646 677 est
1676 621 1803 678 Filii

198 705 322 775 Dei,
356 714 410 762 et
436 707 560 762 vult
588 722 679 763 eos
712 706 1126 781 subintelligere
1178 707 1308 782 quia
1357 707 1489 765 facti
1531 707 1636 764 ﬁlii
1679 709 1802 779 Dei,

197 797 455 852 conversi
487 805 636 866 sunt,
672 805 734 853 ut
779 809 958 854 essent
1000 797 1102 854 ﬁlii
1144 798 1366 855 carnis:
1405 797 1451 856 si
1501 815 1633 855 vero
1675 799 1804 856 resi-

194 883 442 957 piscant,
469 893 600 943 sunt
628 886 730 942 ﬁlii
758 887 877 944 Dei.

277 974 458 1046 (Vers.
490 975 606 1048 29.)
653 1001 670 1024 ι
701 976 802 1034 Sed
854 976 1128 1051 quomodo
1178 985 1313 1034 tunc
1355 978 1449 1051 qui
1501 976 1800 1036 secundum

193 1077 420 1120 carnem
452 1073 614 1121 natus
666 1066 862 1135 fuerat,
915 1066 1338 1140 persequebatur
1379 1084 1525 1138 eum,
1577 1067 1672 1142 qui
1721 1083 1802 1123 se-

191 1151 444 1209 cundum
475 1154 732 1228 spiritum
760 1173 774 1223 ;
808 1155 884 1212 ita
913 1164 966 1211 et
996 1157 1164 1214 nunc.
1197 1183 1215 1206 ι
1255 1159 1374 1215 Non
1397 1159 1573 1215 solum
1606 1159 1800 1226 Ismae]

193 1240 503 1298 secundum
535 1259 754 1300 carnem
787 1253 947 1302 natus
975 1254 1074 1314 est,
1108 1247 1200 1304 sed
1231 1255 1286 1304 et
1316 1248 1494 1316 Esau;
1554 1248 1684 1321 quia
1743 1258 1797 1306 et

193 1327 313 1401 ipse
335 1330 391 1386 in
413 1331 600 1404 populi
620 1333 834 1391 Iudaici
863 1342 1060 1408 typum
1087 1345 1248 1393 natus
1264 1343 1364 1393 est.
1390 1338 1467 1393 De
1488 1351 1596 1410 quo
1618 1337 1675 1393 in
1691 1335 1798 1393 Ma.

192 1416 378 1475 Iachia
407 1420 674 1495 propheta
698 1423 966 1497 scriptum
995 1433 1076 1482 est
1111 1445 1122 1482 :
1181 1451 1199 1474 ι
1227 1425 1392 1483 Iacob
1419 1425 1612 1496 dilexi,
1654 1427 1800 1482 Esau

191 1523 328 1565 vero
374 1510 528 1568 odivi
567 1513 823 1585 (Malach.
866 1532 907 1584 r,
939 1516 994 1586 2,
1026 1515 1106 1589 3).
1139 1541 1158 1564 ι
1219 1515 1320 1574 Hic
1377 1515 1800 1590 persequebatur

187 1598 360 1656 Iacob
411 1601 567 1672 (Gen.
622 1619 807 1673 xxvn,
853 1603 972 1678 41),
1003 1606 1098 1680 qui
1150 1606 1208 1661 in
1251 1605 1442 1680 populi
1493 1604 1797 1665 Christiani

186 1686 368 1760 ﬁgura
423 1698 605 1761 natus,
665 1702 894 1751 vocatus
941 1703 1022 1751 est
1077 1695 1262 1763 Israel,
1330 1695 1436 1752 hoc
1490 1703 1592 1763 est,
1631 1693 1799 1750 homo

187 1778 388 1835 videns
431 1781 628 1837 Deum.
690 1783 961 1838 Similiter
1019 1791 1073 1838 et
1126 1783 1346 1839 Iudaos
1403 1799 1500 1855 per
1527 1783 1796 1840 invidiam

182 1867 442 1956 persequi
486 1869 822 1940 signiﬁcavit
862 1870 1242 1938 Christianos;
1284 1871 1433 1928 unde
1479 1871 1606 1929 data
1634 1888 1862 1956 operaB

179 1955 410 2013 Galatas
436 1965 748 2014 everterant
775 1958 982 2014 carnali
1005 1959 1226 2017 astutia.

261 2045 447 2116 (Vers.
481 2045 597 2118 30.)
672 2072 690 2095 ι
738 2046 844 2104 Sed
898 2047 1032 2121 quid
1078 2048 1215 2106 dicit
1265 2049 1595 2123 Scriptura?
1639 2051 1792 2123 Ejice

177 2133 468 2202 ancillam,
499 2141 554 2190 et
585 2134 766 2192 ﬁlium
797 2135 953 2208 ejus;
989 2153 1100 2194 non
1129 2139 1276 2194 enim
1311 2139 1483 2196 hares
1511 2140 1616 2196 erit
1644 2140 1794 2198 ﬁlius

180 2225 404 2280 ancilla
429 2239 554 2279 cum
587 2223 705 2281 ﬁlio
723 2241 844 2281 meo
872 2227 1041 2284 Isaac.
1061 2253 1081 2275 ι
1131 2229 1258 2286 Hac
1283 2229 1450 2285 verba
1476 2230 1621 2285 Sara
1641 2238 1790 2299 sunt,

179 2329 308 2387 qua
353 2322 546 2393 typum
601 2312 766 2370 habet
801 2315 1101 2372 Ierusalem
1159 2318 1416 2386 caelestis,
1448 2317 1515 2374 de
1561 2319 1790 2391 promis-

179 2401 342 2458 sione
370 2418 632 2474 generans
670 2404 838 2472 Isaac,
865 2412 928 2460 ut
967 2403 1144 2476 ejecto
1174 2405 1291 2462 ﬁlio
1332 2407 1569 2475 ancilla,
1602 2407 1658 2464 id
1689 2417 1790 2478 est,

177 2490 376 2548 Iudaeo
422 2491 648 2564 populo,
696 2491 1104 2552 incredulitatis
1151 2511 1314 2552 causa
1354 2495 1568 2567 abjecto
1621 2497 1790 2568 (servi

176 2582 334 2639 enim
371 2583 578 2655 peccati
605 2591 756 2654 sunt,
787 2585 991 2658 quibus
1019 2587 1145 2644 data
1163 2585 1414 2644 remissio
1442 2596 1789 2660 peccatorum

180 2687 299 2729 non
347 2670 477 2744 est),
523 2671 699 2730 hares
733 2673 806 2730 sit
856 2673 1012 2732 ﬁlius
1067 2676 1255 2732 libera
1303 2677 1455 2733 illius
1492 2677 1790 2733 Ierusalem

177 2776 456 2835 superna,
492 2763 587 2837 qui
621 2771 702 2820 est
732 2766 975 2837 populus
1008 2781 1190 2822 novus
1215 2766 1368 2839 regni
1398 2768 1682 2824 calorum.

267 2850 452 2922 (Vers.
485 2851 601 2924 31.)
647 2876 665 2900 ‹
696 2853 884 2926 Itaque
927 2870 1037 2910 non
1067 2871 1258 2911 sumus
1285 2855 1498 2911 ancilla
1527 2855 1649 2924 ﬁlii,
1698 2857 1792 2913 sed

179 2937 394 3008 libera,
410 2956 518 3013 qua
537 2940 790 2997 libertate
807 2941 1059 2999 Christus
1078 2959 1179 2999 nos
1204 2943 1480 3000 liberavit.
1501 2969 1520 2994 ι
1563 2945 1793 3000 Fuimus

177 3027 356 3101 igitur
383 3030 598 3087 ancilla
624 3029 752 3101 ﬁlii,
785 3031 917 3088 dum
962 3033 1200 3105 peccatis
1241 3049 1460 3091 eramus
1509 3034 1741 3090 obnoxii
1775 3051 1786 3091 :

177 3115 282 3175 sed
310 3125 531 3190 accepta
559 3118 881 3177 remissione
908 3129 1255 3194 peccatorum
1286 3140 1318 3179 a
1359 3122 1604 3192 Christo,
1646 3123 1794 3181 libe-

184 3205 295 3263 rati
319 3223 533 3266 sumus.

819 3299 1048 3358 CAPUT
1092 3299 1141 3357 ν
1150 3346 1162 3358 .

263 3387 444 3459 (Vers.
472 3387 551 3460 1.)
588 3410 606 3436 ι
633 3387 782 3446 State
811 3404 959 3462 ergo,
992 3397 1047 3447 et
1075 3391 1250 3448 nolite
1279 3391 1482 3449 iterum
1509 3394 1796 3450 servitutis

175 3475 320 3548 jugo
341 3475 636 3533 contineri.
664 3503 682 3526 ι
741 3478 1008 3535 Standum
1040 3489 1230 3536 monet
1259 3481 1314 3536 in
1353 3490 1575 3554 accepta
1601 3483 1794 3555 gratia,

184 3573 252 3622 ut
283 3581 393 3622 non
424 3566 713 3624 redeuntes
746 3568 814 3623 ad
845 3575 1051 3636 vetera,
1090 3568 1348 3627 amittant
1395 3571 1604 3628 donum
1634 3572 1796 3629 liber-

185 3655 324 3712 tatis
355 3657 501 3728 quod
531 3657 752 3712 fuerant
790 3659 1092 3715 consecuti.

267 3745 450 3817 (Vers.
480 3745 561 3816 2.)
603 3769 621 3793 ι
651 3745 792 3803 Ecce
823 3763 922 3819 ego
966 3747 1168 3804 Paulus
1195 3747 1321 3806 dico
1355 3749 1534 3819 vobis,
1580 3751 1710 3824 quia
1749 3753 1796 3809 si

183 3833 693 3904 circumcidamini,
756 3834 1011 3892 Christus
1057 3836 1217 3893 vobis
1264 3838 1408 3895 nihil
1453 3840 1716 3913 proderit.
1763 3868 1782 3892 ι

183 3925 349 3984 Nunc
376 3931 574 3996 aperta
600 3925 849 3981 veritatis
897 3933 949 3981 et
987 3927 1331 3984 auctoritatis
1365 3945 1475 3986 sua
1521 3932 1633 3986 vim
1684 3949 1796 3989 non

187 4023 360 4082 tacet,
390 4013 580 4071 dicens
624 4033 636 4071 :
676 4039 694 4063 ‹
736 4015 877 4072 Ecce
915 4032 1013 4089 ego
1048 4017 1249 4074 Paulus
1286 4019 1410 4077 dico
1454 4021 1634 4092 vobis,
1661 4049 1679 4070 ι
1739 4023 1796 4080 id

189 4114 296 4174 est,
328 4122 426 4178 ego
456 4105 713 4179 magister
746 4108 1011 4180 gentium,
1044 4108 1204 4182 cujus
1223 4127 1360 4183 opus
1387 4112 1516 4170 estis
1546 4113 1605 4169 in
1639 4113 1796 4171 Chri-

192 4203 302 4263 sto,
339 4194 516 4268 palam
545 4195 705 4252 vobis
733 4196 894 4254 dico:
950 4221 968 4246 ‹
1007 4198 1143 4265 Quia
1174 4199 1315 4255 nihil
1349 4202 1593 4274 proderit
1638 4204 1798 4261 vobis

193 4283 469 4352 Christus,
500 4285 547 4340 si
577 4285 1076 4344 circumcidamini.
1109 4313 1128 4336 ν
1184 4289 1303 4360 Ipse
1349 4291 1496 4347 enim
1525 4292 1796 4350 Dominus

190 4373 276 4428 ait
309 4390 320 4428 :
380 4396 399 4420 ι
426 4372 541 4427 Lex
567 4381 622 4428 et
658 4373 938 4446 propheta
973 4393 1144 4450 usque
1182 4378 1248 4434 ad
1268 4378 1533 4436 Joannem
1558 4399 1571 4450 ;
1598 4397 1667 4438 ex
1688 4398 1797 4456 quo

193 4476 428 4533 regnum
457 4461 722 4518 calorum
773 4463 1100 4535 pradicatur
1131 4467 1282 4538 (Luc.
1313 4485 1433 4538 xvr,
1468 4471 1579 4543 16).
1611 4497 1629 4520 ι
1687 4472 1799 4528 An-

193 4562 418 4626 tequam
451 4566 578 4623 ergo
630 4567 775 4606 nova
835 4551 1103 4626 inciperet
1161 4555 1500 4627 pradicatio,
1554 4561 1799 4632 oportuit

1915 614 2018 671 da.
2051 638 2069 662 ι
2116 615 2354 674 Possunt
2383 615 2555 688 aliqui
2585 616 2758 688 legem
2800 615 3146 689 aliquatenus
3190 632 3426 685 servare,
3457 626 3510 674 et

1913 719 2023 759 non
2054 704 2378 762 circumcidi
2413 724 2423 761 :
2461 721 2586 762 nam
2630 705 2791 761 multi
2836 706 3208 762 Romanorum
3240 706 3296 760 in
3326 707 3510 763 Iudaa

1914 794 2205 851 servabant
2257 796 2427 868 legem
2482 796 2878 853 incircumcisi.
2927 795 3082 854 Unde
3128 795 3264 852 dicit
3312 796 3511 854 Paulus

1912 883 2191 955 apostolus
2245 883 2313 940 ad
2359 884 2657 957 Agrippam
2687 901 2868 958 regem
2898 884 3144 941 Iudaa:
3192 908 3210 933 ‹
3238 884 3381 954 Scio,
3416 902 3512 942 rex

1911 972 2189 1045 Agrippa;
2247 972 2426 1031 credis
2476 975 2780 1048 pr0phetis,
2827 975 2942 1032 scio
2989 975 3119 1048 quia
3159 973 3336 1031 credis
3367 974 3506 1046 (Act.

1910 1076 2072 1130 xxvr,
2111 1061 2228 1133 27).
2257 1087 2274 1110 ι
2341 1063 2412 1119 Et
2439 1063 2689 1120 centurio
2719 1063 2880 1138 cujus
2907 1079 3098 1120 servus
3126 1071 3242 1119 erat
3271 1063 3510 1118 moritu-

1912 1165 2027 1219 rus,
2057 1151 2172 1224 qui,
2203 1151 2432 1208 mittens
2472 1152 2539 1208 ad
2568 1153 2774 1222 Iesum,
2830 1151 3052 1224 rogabat
3098 1159 3160 1208 ut
3199 1152 3430 1223 veniret,
3458 1159 3512 1208 et

1911 1247 2125 1294 sanaret
2154 1254 2372 1295 servum
2400 1239 2556 1312 ejus;
2601 1242 2692 1299 cui
2736 1241 3113 1298 testimonium
3163 1239 3512 1313 perhibentes

1909 1326 2084 1384 Iudai
2113 1327 2368 1387 dicebant
2395 1329 2464 1386 ad
2486 1331 2669 1388 Iesum
2703 1350 2715 1388 :
2762 1357 2780 1378 ‹
2803 1331 3012 1404 Dignus
3043 1337 3124 1386 est
3153 1337 3214 1385 ut
3244 1329 3348 1386 hoc
3375 1345 3509 1402 pra-

1909 1424 2019 1473 stes
2045 1417 2131 1486 ei;
2163 1417 2348 1491 diligit
2376 1419 2523 1475 enim
2553 1428 2770 1493 gentem
2794 1429 3062 1489 nostram,
3094 1425 3147 1474 et
3167 1420 3508 1491 Synagogam

1911 1506 2026 1579 ipse
2065 1506 2364 1565 adiﬁcavit
2395 1509 2556 1565 nobis
2579 1510 2732 1581 (Luc.
2759 1526 2861 1576 vn,
2879 1510 2934 1579 4,
2951 1510 3032 1581 5).
3064 1533 3082 1556 ι
3127 1508 3296 1563 Nemo
3326 1515 3509 1563 tamen

1909 1595 2270 1653 circumcisus
2315 1613 2427 1653 non
2464 1605 2636 1654 totam
2684 1599 2858 1671 legem
2904 1605 3121 1667 servat;
3171 1596 3388 1653 debitor
3428 1603 3508 1652 est

1908 1683 2077 1753 enim,
2115 1685 2245 1758 quia
2263 1685 2605 1743 circumcisis
2632 1687 2760 1743 data
2792 1695 2872 1743 est
2907 1687 3016 1743 lex.
3045 1687 3160 1743 Hoc
3190 1685 3314 1741 ideo
3339 1685 3504 1755 dixit,

1907 1772 2185 1845 quiaatam
2234 1773 2456 1831 hebetes
2501 1792 2557 1831 se
2599 1774 2977 1845 ostendebant,
3025 1782 3087 1832 ut
3122 1774 3275 1848 digni
3324 1781 3506 1831 essent

1907 1862 2094 1918 omnia
2121 1879 2289 1920 onera
2316 1863 2452 1937 legis
2479 1873 2716 1936 portare.

1983 1952 2166 2023 (Vers.
2195 1952 2275 2025 4.)
2321 1977 2340 2001 ι
2379 1955 2647 2012 Evacuati
2688 1955 2820 2012 estis
2865 1971 2897 2011 a
2943 1951 3185 2011 Christo.
3221 1978 3239 2002 ι
3295 1949 3508 2019 Quibus

1901 2038 2045 2095 nihil
2097 2041 2318 2112 prodest
2367 2042 2638 2112 Christus,
2698 2041 2948 2099 evacuati
2999 2050 3128 2098 sunt
3172 2057 3204 2096 a
3250 2039 3501 2106 Christo;

1901 2137 2057 2186 erant
2083 2131 2232 2187 enim
2262 2133 2433 2204 gratia
2464 2131 2584 2205 ejus
2605 2131 2777 2205 pleni,
2807 2147 2916 2205 qua
2946 2129 3253 2197 recedente,
3282 2143 3505 2186 evacua-

1900 2219 1944 2274 ti
1975 2228 2124 2276 sunt.
2160 2222 2258 2277 His
2285 2223 2433 2278 enim
2484 2222 2752 2296 loquitur,
2795 2221 2892 2294 qui
2938 2229 3060 2294 post
3101 2227 3382 2291 acceptum
3412 2216 3504 2274 do-

1901 2324 2035 2364 num
2094 2309 2280 2380 gratia
2334 2310 2456 2380 Dei,
2506 2309 2832 2368 circumcidi
2871 2326 2928 2366 se
2974 2310 3307 2365 maluerunt.
3353 2333 3370 2355 ι
3399 2301 3505 2375 Qui

1900 2396 2046 2452 enim
2077 2397 2136 2452 in
2164 2398 2280 2471 lege
2308 2398 2624 2471 gloriamini
2664 2400 2804 2471 (78),
2843 2416 2875 2454 a
2912 2398 3084 2471 gratia
3125 2395 3433 2454 excidistis.
3469 2420 3488 2444 ι

1900 2484 2121 2542 Iustitia
2148 2486 2284 2559 legis
2313 2495 2414 2557 est,
2437 2487 2483 2544 si
2511 2497 2821 2556 serventur,
2853 2503 2972 2560 qua
2997 2487 3123 2542 data
3150 2493 3300 2542 sunt.
3331 2485 3499 2541 Ideo-

1901 2590 2006 2647 que
2034 2576 2129 2648 qui
2158 2577 2216 2631 in
2247 2575 2336 2631 his
2359 2575 2654 2648 justiﬁcari
2692 2591 2749 2632 se
2780 2576 2900 2632 vult
2930 2583 3051 2647 post
3080 2573 3270 2640 ﬁdem,
3296 2573 3504 2631 amittit

1901 2665 2128 2736 gratiam
2155 2683 2168 2732 ;
2203 2665 2331 2737 quia
2367 2666 2434 2721 ad
2462 2667 2566 2721 hoc
2594 2666 2748 2722 venit
2767 2664 2974 2721 donum
3004 2664 3124 2731 Dei,
3153 2672 3216 2720 ut
3243 2663 3500 2720 cessanti-

1901 2751 2002 2808 bus
2030 2752 2293 2808 oneribus
2313 2754 2470 2825 legis,
2486 2751 2819 2824 justiﬁcaret
2835 2752 3118 2808 credentes
3137 2751 3281 2824 apud
3304 2753 3496 2810 Deum.

1973 2840 2156 2912 (Vers.
2193 2841 2248 2911 5,
2277 2841 2357 2914 6.)
2405 2866 2422 2889 ι
2451 2843 2562 2898 Nos
2590 2851 2772 2898 autem
2825 2841 3024 2914 spiritu
3073 2857 3144 2896 ex
3188 2839 3297 2896 ﬁde
3352 2856 3501 2913 spem

1895 2928 2129 3001 justitia
2159 2939 2574 3003 exspectamus;
2623 2946 2750 2986 nam
2800 2930 2858 2985 in
2898 2929 3119 2989 Christo
3160 2929 3286 2985 Iesu
3331 2945 3505 3002 neque

1900 3018 2250 3074 circumcisio
2273 3018 2572 3092 quidquam
2598 3019 2763 3088 valet,
2796 3029 2971 3092 neque
3000 3019 3331 3092 praputium
3367 3037 3376 3073 :
3411 3017 3505 3074 sed

1901 3109 2058 3179 ﬁdes,
2095 3126 2218 3184 qua
2247 3126 2344 3183 per
2371 3111 2696 3170 charitatem
2740 3119 3015 3184 operatur.
3046 3135 3063 3158 ι
3127 3112 3394 3182 Apertum
3425 3116 3507 3166 est

1903 3199 2053 3272 quod
2108 3200 2266 3270 dicit,
2335 3202 2464 3276 quia
2509 3218 2632 3274 spes
2680 3201 3098 3274 justiﬁcationis
3152 3201 3210 3256 in
3266 3199 3374 3256 ﬁde
3428 3209 3510 3257 est

1904 3309 2002 3366 per
2030 3293 2310 3365 spiritum,
2341 3309 2452 3349 non
2509 3310 2605 3367 per
2647 3309 2811 3366 opera
2844 3293 3027 3366 legis;
3086 3292 3146 3347 in
3199 3291 3307 3347 ﬁde
3359 3290 3507 3346 enim

1903 3383 2228 3456 spiritaliter
2253 3384 2367 3439 Deo
2399 3384 2641 3440 servitur
2666 3381 2961 3439 devotione
2992 3379 3213 3448 mentis,
3245 3386 3299 3435 et
3337 3379 3505 3450 puri-

1905 3477 2015 3526 tate
2045 3470 2248 3526 cordis.
2284 3470 2438 3526 Unde
2472 3471 2612 3526 dicit
2649 3471 2931 3525 Dominus
2961 3468 3028 3524 ad
3058 3467 3454 3524 Samaritanam
3489 3483 3502 3522 :

1918 3583 1936 3608 ι
1983 3561 2130 3616 Deus
2173 3559 2403 3632 spiritus
2453 3567 2554 3627 est,
2612 3567 2664 3615 et
2714 3558 3011 3615 adorantes
3041 3574 3188 3626 eum,
3224 3556 3281 3612 in
3311 3556 3510 3628 spiritu

1905 3657 1960 3704 et
2005 3649 2238 3704 veritate
2290 3648 2514 3704 adorare
2561 3655 2777 3720 oportet
2826 3648 3011 3720 (Joan.
3070 3664 3148 3714 vi,
3189 3646 3307 3718 24).
3348 3672 3364 3693 ι
3424 3646 3506 3702 Ac

1905 3753 2001 3809 per
2030 3736 2136 3793 hoc
2167 3754 2341 3811 neque
2370 3737 2700 3810 praeputium
2752 3736 2902 3792 valet
2951 3735 3272 3809 quidquam,
3330 3751 3505 3808 neque

1905 3826 2257 3885 circumcisio
2290 3846 2301 3884 :
2338 3827 2432 3883 sed
2463 3828 2576 3883 sola
2613 3826 2750 3883 ﬁdes
2777 3843 2916 3898 opus
2947 3833 3031 3882 est
3060 3825 3117 3880 in
3147 3824 3411 3882 charitate
3437 3823 3506 3880 ad

1899 3916 2353 4006 justiﬁcationem
2374 3935 2388 3984 ;
2437 3915 2571 3973 ﬁdes
2608 3917 2756 3971 enim
2784 3914 3049 3972 charitate
3077 3913 3317 4006 fraterna
3333 3912 3507 4006 debet

1905 4003 2136 4075 inuniri,
2167 4013 2229 4063 ut
2257 4006 2520 4079 perfectio
2555 4007 2626 4063 sit
2653 4005 2944 4063 credentis.
2977 4005 3226 4078 Denique
3258 4003 3507 4060 Salvator

1905 4095 2055 4168 quod
2083 4095 2326 4168 primum
2359 4096 2680 4152 mandatum
2727 4105 2867 4152 esset
2909 4093 3273 4167 interroganti
3315 4094 3506 4150 scriba

1905 4185 2186 4258 respondit
2217 4202 2228 4241 :
2275 4209 2293 4234 ‹
2326 4185 2532 4261 Diliges
2561 4187 2866 4244 Dominum
2896 4188 3073 4243 Deum
3103 4192 3264 4242 tuum
3300 4202 3369 4241 ex
3393 4192 3508 4241 toto

1904 4276 2068 4333 corde
2099 4286 2195 4334 tuo
2224 4287 2279 4334 et
2306 4294 2376 4334 ex
2406 4288 2523 4336 tota
2549 4279 2733 4335 anima
2752 4286 2867 4348 tua,
2898 4287 2951 4335 et
2982 4278 3303 4351 proximum
3351 4285 3508 4334 tuum

1903 4381 2163 4446 tanquam
2194 4380 2247 4428 te
2288 4372 2490 4444 ipsum.
2546 4375 2610 4430 In
2666 4373 2775 4442 his,
2834 4372 3039 4445 inquit,
3093 4371 3308 4428 duobus
3359 4385 3507 4424 man-

1906 4462 2051 4519 datis
2081 4470 2200 4519 tota
2230 4463 2319 4519 lex
2350 4463 2549 4536 pendet
2577 4471 2632 4520 et
2678 4461 2958 4536 propheta
2991 4463 3206 4532 (Matth.
3239 4477 3381 4529 xxu,
3419 4460 3508 4526 37,

1908 4551 1996 4620 39,
2024 4550 2140 4623 40).
2170 4577 2187 4598 ι
2230 4553 2555 4625 Imperfecta
2579 4562 2710 4610 sunt
2741 4553 2927 4626 itaque
2952 4561 3173 4619 catera,
3205 4548 3424 4623 quando
3449 4549 3507 4603 in

195 4638 524 4699 circumcidi
560 4656 572 4694 :
617 4654 765 4697 nunc
810 4647 990 4696 autem
1032 4641 1148 4714 lege
1185 4641 1315 4700 ﬁdei
1361 4629 1704 4714 succedente,
1736 4666 1794 4706 ea

1912 4638 1997 4695 his
2030 4639 2244 4697 duobus
2273 4641 2547 4698 mandatis
2577 4641 2843 4714 perfectio
2887 4640 3222 4698 continetur.

196 4732 476 4807 sequenda
518 4739 669 4798 sunt,
700 4748 819 4805 qua
849 4732 1004 4789 rudis
1033 4733 1236 4792 veritas
1259 4735 1416 4808 jubet
1439 4756 1454 4805 ;
1487 4739 1616 4812 quia
1643 4751 1801 4800 vetus
1873 4779 1875 4783 -

198 4828 256 4877 et
284 4835 491 4876 novum
537 4817 827 4875 admisceri
875 4834 988 4874 non
1030 4818 1250 4890 debent,
1281 4825 1572 4882 autoritate
1600 4828 1802 4883 Domi-

200 4909 262 4966 ni
315 4907 701 4981 pradicantis;
764 4907 842 4963 ait
888 4907 1074 4965 enim:
1120 4911 1330 4968 «Nemo
1368 4912 1801 4974 additamentum

202 4997 374 5070 panni
420 4995 574 5054 rudis
615 4995 786 5052 assuit
839 4996 1171 5054 vestimento
1217 5001 1427 5068 veteri;
1477 5004 1626 5061 tollit
1652 5005 1802 5064 enim

201 5084 590 5144 fortitudinem
614 5085 731 5158 ejus
758 5101 790 5142 a
822 5086 1174 5158 vestimento,
1201 5097 1255 5144 et
1285 5089 1460 5162 major
1478 5092 1541 5149 ﬁt
1568 5095 1805 5154 scissura

207 5175 423 5250 (Matth.
457 5191 539 5244 rx,
573 5176 684 5248 I6).
717 5202 736 5226 ι
779 5178 862 5234 Ac
892 5193 988 5250 per
1033 5175 1140 5234 hoc
1160 5193 1271 5234 non
1300 5180 1479 5238 solum
1511 5183 1654 5240 nihil
1683 5202 1806 5258 pro-

203 5264 352 5322 derit
393 5263 544 5321 ﬁdeli
582 5264 770 5324 addita
799 5271 944 5330 227
973 5265 1349 5335 circumcisio,
1381 5270 1477 5326 sed
1504 5280 1558 5328 et
1586 5273 1801 5344 oberit;

205 5361 387 5436 majus
407 5364 554 5421 enim
578 5365 785 5422 malum
831 5374 914 5423 est
941 5382 1010 5425 ex
1038 5366 1212 5424 libero
1231 5385 1451 5426 servum
1470 5369 1610 5442 ﬁeri,
1643 5388 1804 5445 quam

207 5469 360 5511 [1380]
372 5499 386 5511 .

284 5543 469 5614 (Vers.
493 5545 572 5615 3.)
605 5569 623 5594 ε
643 5545 927 5605 Testiﬁcor
947 5556 1130 5607 autem
1159 5549 1313 5609 omni
1342 5549 1557 5610 homini
1576 5550 1808 5612 circum-

1982 4740 2162 4812 (Vers.
2198 4741 2276 4813 7.)
2319 4765 2338 4788 ι
2364 4739 2682 4799 Currebatis
2723 4741 2885 4808 bene,
2938 4739 3063 4812 quis
3092 4752 3190 4792 vos
3219 4733 3509 4808 impedivit

1909 4831 2129 4888 veritati
2159 4847 2270 4887 non
2292 4830 2516 4887 obedire
2536 4830 2563 4885 ?
2593 4854 2610 4877 ι
2656 4827 2977 4884 Exercitum
3010 4827 3233 4882 illorum
3258 4827 3317 4881 in
3345 4841 3508 4898 opera

1909 4919 2038 4976 ﬁdei
2066 4919 2271 4976 bonum
2303 4919 2471 4975 fuisse
2502 4924 2752 4986 testatur,
2799 4914 2897 4971 sed
2941 4914 3191 4988 nequitia
3238 4914 3509 4970 malorum

1912 5006 2202 5064 hominum
2243 5009 2514 5075 detentos,
2544 5021 2612 5061 ne
2641 5021 2863 5060 cursum
2909 5019 3072 5060 suum
3110 5002 3350 5060 efﬁcacia
3377 5019 3512 5077 per-

1911 5105 2214 5166 severante,
2244 5102 2708 5153 consummarent.
2741 5093 2896 5150 Unde
2925 5102 2988 5150 ut
3015 5094 3340 5168 resipiscant
3369 5092 3510 5150 hor-

1913 5195 2082 5257 tatur,
2111 5187 2178 5244 de
2207 5193 2403 5243 catero
2431 5185 2572 5242 nulli
2594 5202 2784 5242 eorum
2813 5177 3130 5254 credentes,
3151 5185 3247 5257 qui
3267 5193 3328 5241 ut
3347 5200 3510 5256 opera

1914 5277 2048 5350 legis
2095 5276 2365 5334 servanda
2410 5275 2721 5346 suaderent,
2753 5276 3082 5350 evangelica
3136 5275 3348 5332 veritati
3398 5291 3508 5330 non

1915 5383 2007 5424 eos
2036 5365 2259 5424 obedire
2284 5367 2558 5424 sinebant.

1991 5458 2171 5531 (Vers.
2203 5459 2282 5533 8.)
2329 5484 2346 5507 ι
2378 5459 2570 5516 Suasio
2598 5464 2782 5515 vestra
2809 5475 2922 5516 non
2954 5463 3034 5513 est
3053 5473 3085 5512 a
3111 5456 3248 5524 Deo,
3277 5453 3372 5528 qui
3401 5469 3512 5509 vo-

1915 5557 2005 5610 cat
2028 5566 2148 5610 vos.
2180 5577 2200 5603 »
2259 5549 2465 5610 Verum
2517 5557 2618 5620 est,
2661 5550 2791 5624 quia
2825 5549 3068 5608 humano
3107 5545 3340 5605 consilio
3395 5543 3511 5600 hac

284 5765 404 5839 (78)
442 5763 524 5824 Ita
551 5781 682 5825 mss.
714 5769 897 5842 plures
923 5784 987 5828 ac
1017 5768 1292 5841 potiores;
1323 5767 1496 5844 aliqui
1529 5777 1734 5840 tamen,
1755 5777 1811 5828 et
1833 5784 2025 5828 omnes
2055 5769 2215 5842 edit.,
2246 5773 2308 5829 in
2335 5772 2438 5846 lege
2457 5769 2846 5842 justiﬁcamini.
