3970 6424
495 375 600 434 387

1535 377 1629 432 AD
1666 374 1901 430 OPERA
1939 375 1994 429 S.
2038 371 2373 430 AMBROSII
2410 373 2790 438 APPENDIX.

3714 373 3829 433 388

498 501 736 574 agebant
784 502 985 572 Judaei,
1019 511 1082 559 ut
1111 503 1394 560 mitterent
1435 518 1528 557 eos
1571 500 1674 556 sub
1715 500 1848 572 legis
1869 497 2100 571 jugum:
2133 503 2181 560 Α
2214 498 2541 557 delictorum
2592 501 2731 574 (82),
2776 500 2995 560 liberati
3044 508 3191 556 sunt.
3239 523 3257 545 ι
3286 498 3521 554 Tantum
3556 515 3624 556 ne
3656 499 3827 556 liber-

494 607 604 648 non
659 591 758 649 Dei
804 591 1040 664 judicio,
1091 593 1187 667 qui
1236 591 1466 649 vocabat
1511 606 1602 646 eos
1633 605 1728 662 per
1772 589 2096 662 Apostolum

493 697 654 736 suum
687 681 753 736 ad
785 681 1035 754 gratiam.

568 771 751 843 (Vers.
783 772 864 844 9.)
909 796 927 818 ι
959 772 1237 828 Modicum
1274 772 1603 828 fermentum
1652 778 1821 826 totam
1866 785 2094 825 massam

492 859 817 933 corrumpit.
850 885 868 908 ι
914 862 1028 917 Hoc
1055 861 1214 928 dicit,
1262 861 1391 933 quia
1438 860 1566 916 licet
1613 859 1914 932 quidquam
1964 859 2097 930 legis

492 948 854 1006 admiscentes
881 950 1028 1020 ﬁdei,
1066 951 1277 1006 violant
1297 949 1483 1019 ﬁdem,
1507 966 1573 1005 ne
1615 948 1812 1005 habeat
1830 947 2093 1016 fructum,

492 1047 587 1095 aut
619 1037 689 1095 sit
716 1039 1089 1112 acceptabilis.
1123 1041 1239 1097 Hoc
1270 1039 1393 1096 ideo
1432 1038 1652 1112 adjecit,
1685 1054 1752 1093 ne
1786 1038 1928 1092 forte
1943 1037 2094 1094 inco-

494 1127 696 1184 lumem
720 1146 776 1184 se
807 1137 1060 1201 putarent
1084 1129 1284 1187 habere
1301 1129 1527 1202 gratiam
1550 1126 1678 1184 ﬁdei
1696 1128 1839 1199 (79),
1860 1126 1906 1183 si
1929 1144 2092 1200 pauca

494 1217 626 1288 legis
656 1218 1027 1276 observarent.

566 1310 748 1380 (Ve's.
782 1313 895 1383 10.)
946 1339 961 1359 ι
992 1313 1108 1386 Ego
1161 1311 1379 1369 conﬁdo
1427 1310 1485 1366 in
1527 1309 1684 1365 vobis
1731 1309 1788 1365 in
1834 1309 2092 1377 Domino,

491 1399 620 1473 quia
649 1401 792 1458 nihil
822 1402 975 1458 aliud
1006 1401 1276 1459 sentietis.
1313 1427 1330 1449 ι
1375 1400 1488 1458 Hac
1517 1415 1610 1472 spe
1655 1415 1712 1454 se
1763 1397 1900 1455 dicit
1927 1397 2096 1454 ﬁdere

491 1489 558 1546 de
589 1491 693 1557 iis;
729 1491 858 1566 quia
900 1509 1012 1548 non
1062 1499 1275 1564 sponte,
1329 1489 1423 1546 sed
1479 1487 1845 1545 circumventi
1895 1487 2095 1543 erroris

492 1581 641 1636 viam
677 1581 1036 1638 intraverant.
1075 1580 1203 1636 Ideo
1249 1585 1468 1634 ostenso
1512 1594 1642 1633 vero
1684 1577 1902 1644 itinere,
1934 1577 2094 1633 facile

489 1684 581 1725 eos
637 1686 792 1741 posse
846 1668 1049 1725 reverti
1099 1666 1350 1724 conﬁdit.
1409 1666 1558 1734 :Qui
1589 1673 1771 1721 autem
1802 1664 2094 1722 conturbat

490 1777 607 1828 vos,
629 1759 870 1832 portabit
885 1757 1185 1830 judicium,
1204 1757 1522 1829 quicunque
1543 1765 1621 1813 est
1638 1756 1750 1812 ille.
1771 1782 1787 1803 ι
1806 1755 2094 1823 Quomodo

488 1849 581 1922 qui
612 1857 884 1904 errantem
914 1846 1164 1904 converti
1196 1845 1347 1914 facit,
1380 1845 1814 1901 remunerandus
1861 1852 1963 1913 est,
1995 1844 2095 1901 di—

486 1945 642 1994 cente
671 1935 871 1993 Jacobo
891 1935 1139 2008 apostolo
1159 1934 1218 1990 in
1239 1934 1470 2006 epistola
1497 1950 1595 1990 sua
1626 1952 1638 1990 :
1679 1958 1695 1982 ‹
1715 1933 1820 2002 Qui
1844 1935 2093 1991 converti

489 2027 680 2084 fecerit
731 2034 1093 2099 peccatorem,
1144 2025 1380 2081 salvabit
1437 2025 1682 2080 animam
1710 2023 1830 2096 ejus
1857 2042 1889 2081 a
1917 2032 2093 2080 morte

491 2118 632 2190 (80),
680 2123 733 2172 et
779 2115 984 2188 operiet
1030 2114 1446 2172 multitudinem
1490 2123 1834 2188 peccatorum
1885 2114 2087 2186 (Iacob.

488 2226 544 2276 v,
578 2207 706 2279 20);
741 2231 758 2254 ι
803 2205 880 2262 ita
910 2213 964 2262 et
1008 2205 1106 2278 qui
1149 2211 1296 2262 recta
1326 2203 1670 2260 incedentem
1702 2203 1813 2272 via,
1877 2202 1981 2258 iter
2032 2203 2091 2258 in

488 2297 714 2354 devium
762 2295 909 2368 cogit
973 2295 1206 2364 ﬂectere,
1257 2295 1668 2352 damnationem
1711 2295 2088 2368 consequitur,

487 2387 802 2460 quicunque
861 2384 1048 2441 fuerit.
1105 2386 1220 2443 Hoc
1262 2395 1483 2458 propter
1540 2385 1640 2441 hos
1697 2384 1957 2456 subjicit;
2023 2399 2090 2439 ne

487 2476 583 2549 qui
616 2475 723 2532 sibi
753 2476 1009 2533 meritum
1041 2475 1417 2545 defenderent,
1445 2492 1509 2532 eo
1561 2475 1708 2549 quod
1755 2475 1860 2530 ﬁlii
1909 2483 2090 2530 essent

488 2564 723 2621 Abrahae
747 2563 908 2637 juxta
935 2581 1175 2621 carnem.
1199 2566 1448 2638 Denique
1473 2565 1780 2621 exaltantes
1810 2581 1866 2620 se
1893 2563 2090 2621 dicunt

485 2655 553 2712 ad
581 2657 810 2713 Iesum:
862 2682 878 2702 ι
909 2656 1017 2713 Nos
1064 2654 1167 2711 ﬁlii
1213 2656 1451 2712 Abrahae
1492 2672 1682 2713 sumus
1732 2656 1913 2728 (Joan.
1964 2671 2086 2721 VIII,

485 2744 600 2817 33).
641 2769 660 2792 .

559 2833 737 2906 (Vers.
773 2834 884 2906 11.)
932 2858 949 2881 ι
980 2834 1096 2907 Ego
1124 2842 1328 2901 autem,
1371 2832 1589 2902 fratres,
1623 2831 1670 2888 si
1700 2830 2090 2889 circumcisio-

485 2939 608 2980 nem
656 2923 914 2997 praedico,
943 2922 1078 2995 quid
1120 2921 1302 2978 adhuc
1332 2921 1769 2993 persecutionem
1810 2919 1988 2991 patior
2009 2919 2074 2975 εἰ»

484 3015 748 3084 Apertum
792 3018 892 3078 est,
925 3010 1073 3084 quod
1101 3010 1276 3078 dicit;
1306 3010 1429 3065 ideo
1460 3009 1608 3064 enim
1639 3007 1792 3082 quasi
1824 3007 2088 3066 inimicus

483 3099 690 3156 Judaeis
727 3097 1050 3168 habebatur,
1084 3106 1138 3154 et
1165 3115 1276 3154 non
1305 3098 1628 3154 desinebant
1653 3115 1685 3154 a
1712 3095 2089 3170 persecutione

2207 594 2374 644 tatem
2431 588 2490 645 in
2550 591 2895 649 occasionem
2950 589 3104 647 carni
3155 587 3316 644 detis.
3348 609 3366 634 ι
3414 587 3530 644 Hoc
3557 587 3720 658 dicit,
3755 605 3827 645 ne

2207 687 2489 751 acceptam
2530 680 2838 739 libertatem
2867 679 3084 738 occasio
3115 677 3298 736 carnis
3327 675 3536 734 adimat
3569 695 3579 734 :
3614 678 3684 736 ad
3715 679 3827 736 hoc

2207 769 2354 824 enim
2385 769 2708 827 circumcidi
2757 788 2850 829 eos
2901 771 3178 838 volebant,
3227 777 3288 824 ut
3331 769 3390 823 in
3439 768 3821 827 conditionem

2209 858 2342 930 legis
2370 859 2662 918 intrarent.
2697 861 2828 919 Ideo
2844 869 3050 929 monet,
3079 877 3147 917 ne
3168 859 3299 916 dent
3321 860 3666 917 occasionem
3689 877 3822 917 con-

2207 948 2496 1006 sentiendo
2541 951 2638 1008 eis.
2686 979 2703 1000 ‹
2747 953 2851 1011 Sed
2898 970 2994 1025 per
3036 951 3390 1008 dilectionem
3431 951 3660 1023 spiritus
3706 969 3820 1009 ser-

2207 1037 2320 1094 vite
2348 1041 2509 1097 vobis
2546 1043 2807 1102 invicem,
2835 1069 2853 1091 ι
2907 1043 3027 1098 Νοη
3058 1057 3152 1114 per
3185 1041 3442 1096 affectum
3477 1042 3660 1098 carnis
3689 1042 3818 1099 cha-

2207 1129 2424 1186 ritatem
2456 1132 2783 1203 habendam,
2814 1135 2909 1191 sed
2940 1149 3035 1206 per
3062 1132 3416 1188 dilectionem
3439 1133 3670 1206 spiritus
3698 1149 3812 1190 ex-

2208 1219 2478 1290 hortatur,
2513 1231 2575 1278 ut
2601 1224 2842 1280 invicem
2880 1224 2986 1280 sibi
3015 1221 3249 1294 subjecti
3276 1223 3409 1279 sint.

2278 1312 2460 1382 (Vers.
2497 1313 2608 1386 14.)
2655 1340 2672 1361 ι
2700 1314 2964 1370 Universa
3010 1313 3156 1370 enim
3210 1313 3299 1368 lex
3338 1313 3396 1368 in
3426 1311 3584 1369 vobis
3614 1314 3673 1369 in
3700 1328 3818 1369 uno

2208 1399 2373 1456 verbo
2403 1401 2665 1473 impletur
2698 1419 2710 1458 :
2760 1403 2969 1474 Diliges
3014 1402 3333 1474 proximum
3372 1408 3532 1457 tuum
3574 1401 3720 1459 sicut
3758 1408 3815 1457 te

2205 1488 2384 1561 ipsum
2419 1491 2608 1562 (Levit.
2643 1509 2762 1560 XIX,
2797 1492 2909 1565 18).
2944 1517 2960 1539 -
3007 1492 3122 1548 Hoc
3147 1492 3413 1564 scriptum
3452 1500 3535 1548 est
3563 1491 3623 1546 in
3655 1491 3816 1546 Levr-

2204 1579 2335 1646 tico,
2367 1583 2513 1654 quod
2543 1601 2708 1656 supra
2735 1584 2946 1640 dictum
2995 1593 3094 1653 est,
3146 1584 3278 1657 quia
3324 1582 3586 1656 perfectio
3614 1583 3818 1640 salutis

2203 1686 2298 1741 per
2317 1671 2670 1730 dilectionem
2689 1685 2972 1748 operatur;
2992 1675 3121 1749 quia
3135 1675 3229 1748 qui
3252 1690 3364 1730 non
3384 1674 3566 1748 diligit
3584 1675 3814 1731 fratrem

2202 1775 2311 1815 non
2341 1761 2524 1836 diligit
2570 1767 2766 1836 Deum,
2813 1765 2949 1823 dicit
2989 1766 3226 1822 Joannes
3255 1766 3530 1839 apostolus
3561 1766 3621 1840 (Ι
3643 1767 3810 1822 Joan.

2120 1862 2166 1924 Β
2203 1865 2278 1916 ιν,
2317 1849 2432 1922 20).

2275 1939 2453 2010 (Vers.
2490 1942 2602 2013 15.)
2649 1967 2666 1990 ε
2699 1943 2856 2010 Quod
2884 1943 2926 2000 si
2962 1943 3225 2000 mordetis
3257 1943 3517 2010 invicem,
3547 1952 3602 1999 et
3620 1943 3814 1999 crimi-

2202 2030 2345 2085 natis
2378 2031 2495 2103 (83)
2523 2049 2536 2098 ;
2569 2032 2750 2088 videte
2803 2049 2874 2088 ne
2916 2033 2984 2088 ab
3028 2033 3268 2091 invicem
3315 2032 3744 2090 consumamini.
3780 2060 3799 2082 ι

2201 2119 2549 2177 Manifestum
2580 2129 2662 2176 est
2705 2122 2834 2194 quia
2865 2122 3134 2178 dissensio
3184 2122 3416 2176 fratrum
3472 2121 3700 2176 inimica
3728 2131 3812 2178 est

2199 2212 2550 2280 dilectionis;
2588 2213 2713 2269 ideo
2744 2221 2929 2270 monet
2958 2223 3021 2270 ut
3056 2213 3270 2286 paciﬁci
3303 2213 3419 2268 sint
3457 2213 3810 2283 proﬁcientes

2201 2303 2259 2359 in
2286 2303 2452 2359 bono.
2491 2302 2889 2360 Contentiones
2919 2304 3067 2360 enim
3101 2311 3361 2376 generant
3396 2301 3669 2374 jurgium,
3701 2320 3810 2361 cu-

2193 2391 2285 2464 jus
2309 2393 2522 2449 fructus
2560 2401 2640 2449 est
2670 2394 2798 2450 vita:
2827 2395 3200 2467 consumptio.

2272 2482 2451 2553 (Vers.
2481 2483 2591 2554 16.)
2636 2509 2653 2532 ‹
2704 2485 2840 2542 Dico
2901 2493 3103 2554 autem,
3155 2484 3354 2557 spiritu
3401 2485 3702 2556 ambulate,
3754 2497 3812 2546 et

2199 2571 2698 2644 concupiscentiam
2729 2574 2912 2632 carnis
2943 2591 3052 2630 non
3085 2574 3401 2647 perﬁcietis.
3431 2602 3448 2624 ι
3508 2577 3807 2651 Postquam

2197 2679 2228 2718 a
2258 2662 2372 2733 lege
2400 2661 2670 2719 factorum
2701 2681 2794 2720 eos
2816 2663 3126 2736 prohibuit,
3160 2664 3216 2719 in
3243 2681 3352 2737 qua
3378 2674 3508 2722 sunt
3536 2676 3809 2740 praecepta

2197 2753 2456 2821 carnalia,
2491 2768 2639 2811 nunc
2669 2761 2729 2810 ut
2759 2770 2790 2809 a
2819 2755 2972 2811 vitiis
3009 2754 3194 2811 carnis
3222 2770 3278 2810 se
3306 2754 3644 2822 contineant,
3669 2770 3809 2826 prae-

2197 2841 2351 2915 cipit.
2386 2843 2490 2900 Hic
2530 2843 2678 2900 enim
2715 2843 2916 2916 spiritu
2953 2843 3218 2912 ambulat,
3252 2844 3348 2916 qui
3379 2843 3519 2916 fugit
3553 2852 3795 2916 peccata.

2272 2931 2454 3001 (Vers.
2493 2933 2606 3005 17.)
2652 2956 2670 2979 ε
2701 2933 2834 2989 Nam
2867 2949 2993 2990 caro
3034 2931 3376 3004 concupiscit
3399 2930 3661 2988 adversus
3689 2934 3801 3005 spi-

2197 3020 2387 3089 ritum,
2420 3021 2647 3092 spiritus
2683 3037 2814 3078 vero
2859 3023 3122 3079 adversus
3169 3038 3422 3088 carnem;
3480 3021 3597 3078 haec
3654 3023 3800 3078 enim

2197 3109 2302 3165 sibi
2333 3109 2573 3166 invicem
2601 3109 2982 3181 adversantur,
3018 3118 3079 3166 ut
3117 3127 3227 3166 non
3261 3127 3325 3167 ea
3352 3126 3474 3184 quae
3505 3111 3699 3180 vultis,
3727 3112 3802 3168 fa-

487 3188 637 3262 ejus;
673 3195 816 3254 228
847 3188 977 3262 quia
1004 3187 1482 3246 circumCiSionem
1507 3187 1622 3261 jam
1651 3204 1764 3244 11011
1809 3193 1952 3242 Stare
1997 3186 2086 3243 ἅθ’
2115 3226 2166 3291 C
2197 3198 2354 3256 ciatis
2377 3199 2516 3271 (84).
2547 3224 2563 3246 ι
2609 3202 2756 3256 Duas
2802 3201 2944 3273 leges
3001 3200 3284 3273 proponit,
3327 3201 3472 3257 sicut
3498 3201 3632 3257 facit
3660 3211 3716 3257 et
3745 3202 3801 3256 in

485 3288 662 3347 cebat.
690 3291 940 3366 Denique
985 3293 1190 3350 Iudaeis
1239 3293 1716 3366 compellentibus,
1747 3299 1800 3348 et
1825 3307 2087 3363 saepenu-

483 3396 634 3436 mero
664 3381 826 3439 falsas
854 3383 1230 3441 accusationes
1278 3391 1472 3441 contra
1513 3400 1638 3440 eum
1681 3381 2078 3450 deferentibus,

478 3469 764 3545 obliquum
792 3472 1037 3545 judicem
1068 3474 1282 3543 videns,
1311 3481 1532 3532 coactus
1568 3473 1865 3545 appellavit
1896 3472 2084 3530 Caesa-

477 3577 592 3617 rem
621 3563 764 3634 (Act.
796 3581 933 3633 xxv,
973 3565 1085 3635 11).
1140 3590 1158 3613 ι
1198 3566 1343 3637 Ergo
1375 3571 1699 3620 evacuatum
1730 3570 1813 3619 est
1843 3563 2082 3620 scanda-

479 3651 592 3706 lum
646 3655 846 3708 crucis.
880 3678 898 3700 ›
961 3653 1292 3709 Scandalum
1340 3662 1457 3710 erat
1509 3653 1713 3708 Iudaeis
1765 3652 2081 3726 praedicatio

477 3739 676 3807 crucis,
701 3741 830 3812 quia
859 3739 1156 3795 Sabbatum
1178 3750 1232 3796 et
1252 3741 1728 3797 circumcisionem
1759 3741 2076 3797 evacuabat.

476 3828 534 3884 Si
591 3835 772 3884 autem
834 3828 1154 3886 admitteret
1212 3829 1712 3899 circumcisionem,
1775 3846 1885 3886 non
1940 3840 2080 3887 esset

474 3917 814 3989 scandalum,
848 3928 902 3976 et
929 3919 1144 3992 paciﬁci
1174 3921 1528 3978 essentnobis
1546 3921 1740 3977 Judaei.
1763 3922 1898 3978 Nam
1920 3921 2080 3978 dice-

474 4009 607 4064 bant
637 4007 704 4065 de
733 4010 1014 4066 Salvatore
1050 4029 1061 4068 :
1111 4035 1129 4060 ι
1158 4012 1280 4067 Non
1310 4019 1390 4068 est
1421 4011 1512 4069 hic
1546 4012 1713 4067 homo
1753 4029 1784 4069 a
1813 4014 1947 4083 Deo,
1980 4013 2075 4085 qui

473 4101 766 4158 Sabbatum
792 4119 904 4159 non
932 4104 1174 4161 custodit
1205 4105 1386 4178 (Joan.
1420 4122 1502 4174 IX,
1537 4106 1650 4177 16).
1682 4131 1700 4156 ι

546 4192 727 4265 (Vers.
764 4194 876 4266 12.)
924 4217 943 4240 ‹
975 4193 1195 4250 Utinam
1223 4202 1278 4250 et
1305 4193 1702 4250 abscindantur
1739 4194 1819 4264 hi,
1845 4195 1940 4268 qui
1972 4214 2074 4253 vos

470 4281 800 4340 subvertunt
823 4285 834 4340 l
860 4307 879 4331 ι
933 4284 1064 4339 Tale
1099 4291 1180 4339 est
1225 4283 1352 4352 hoc,
1404 4285 1563 4358 quale
1591 4291 1644 4340 et
1673 4285 1815 4341 illud
1853 4286 1919 4342 ad
1959 4286 2073 4344 Co-

471 4371 710 4430 rinthios
740 4373 799 4428 in
839 4373 1020 4447 prima
1052 4390 1065 4428 :
1113 4398 1130 4420 ε
1160 4373 1265 4441 Qui
1297 4389 1429 4441 non,
1463 4374 1668 4446 inquit,
1700 4382 1846 4431 amat
1873 4376 2074 4432 D'omi-

469 4480 601 4520 num
628 4463 834 4532 Jesum,
858 4463 931 4520 sit
958 4462 1251 4519 anathema
1275 4463 1332 4536 (Ι
1354 4463 1479 4519 Cor.
1502 4480 1618 4533 xvr,
1645 4464 1759 4538 22).
1787 4492 1804 4514 ι
1844 4467 1932 4521 Ex
1952 4466 2071 4538 ipso

467 4571 623 4628 grege
654 4555 908 4612 morbido
939 4563 1070 4612 sunt
1101 4564 1154 4612 et
1179 4555 1240 4612 hi
1291 4572 1426 4630 quos
1457 4554 1628 4612 sociat
1657 4558 1941 4614 sententia
1969 4575 2072 4615 eo-

467 4661 586 4700 rum
614 4663 627 4713 ;
664 4653 726 4700 ut
751 4645 1146 4702 abscindantur
1174 4661 1206 4700 a
1247 4644 1629 4702 misericordia
1671 4646 1893 4702 Domini
1927 4647 2067 4720 (81),

463 4735 558 4807 qui
589 4734 805 4792 Galatas
855 4736 955 4792 Dei
1011 4735 1182 4808 gratia
1235 4743 1508 4792 exuerunt
1559 4753 1571 4791 :
1629 4744 1682 4792 et
1738 4753 1850 4792 non
1888 4737 2066 4794 solum

465 4824 804 4895 spiritaliter,
834 4824 927 4882 sed
957 4832 1012 4881 et
1035 4826 1348 4895 carnaliter,
1379 4825 1479 4881 hos
1509 4824 1825 4894 maledicit;
1857 4835 1920 4883 ut
1939 4827 2069 4900 quia

463 4911 784 4969 circumcidi
842 4913 1058 4971 Galatas
1105 4915 1390 4988 cogebant,
1437 4914 1540 4987 ipsi
1590 4914 2062 4988 abscinderentur,

463 5006 526 5054 ut
559 5000 1022 5072 multiplicaretur
1048 5003 1136 5060 his
1175 5005 1336 5061 dolor
1360 5005 1626 5077 corporis.

536 5090 720 5164 (Vers.
766 5093 876 5166 13.)
919 5120 936 5142 ε
957 5095 1070 5152 Vos
1098 5096 1246 5152 enim
1279 5097 1337 5152 in
1367 5098 1678 5156 libertatem
1708 5099 1889 5157 vocati
1910 5101 2060 5170 estis,

461 5179 678 5238 fratres.
706 5205 726 5228 ι
770 5181 832 5236 In
864 5181 1174 5239 libertatem
1204 5186 1382 5241 vocati
1423 5197 1582 5257 sunt;
1617 5188 1744 5261 quia
1763 5206 1889 5246 cum
1929 5206 2063 5262 pec—

458 5271 594 5328 catis
621 5277 806 5328 essent
836 5271 1088 5343 obnoxii,
1111 5273 1210 5329 Dei
1232 5276 1404 5346 gratia
1427 5277 1757 5352 accipientes
1777 5279 2060 5336 remissam

680 5393 1120 5468 Mss._n0nnulli,
1155 5395 1342 5451 habere
1369 5397 1600 5468 gratiam
1627 5397 1744 5455 Dei.

459 5463 650 5589 ιω(80)
682 5464 865 5521 Dictio
903 5483 936 5522 a
965 5471 1131 5522 morte
1168 5484 1196 5524 e
1242 5463 1385 5525 codf
1415 5485 1528 5524 non
1573 5471 1760 5541 paucis
1805 5470 2061 5528 restitui-

533 5577 812 5682 (81)_Mss_.
848 5609 1080 5682 aliquot,
1107 5629 1142 5665 a
1171 5618 1336 5666 mente
1366 5613 1618 5678 Domini;
1647 5629 1811 5682 unus,
1847 5633 1880 5668 a
1912 5630 2059 5668 man-

460 5675 892 5752 datisA’DQmini;
934 5675 1130 5752 reliqui
1174 5692 1227 5738 et
1267 5683 1428 5752 edit.,
1458 5701 1491 5737 a
1524 5675 1889 5739 misericordia
1937 5685 2054 5740 Dei.

531 5748 652 5820 (82)
687 5745 892 5803 Omnes
918 5745 1070 5806 editf
1087 5767 1149 5808 ac
1192 5751 1351 5825 pauci
1382 5745 1536 5823 mss,
1567 5755 1669 5812 Dei
1705 5754 1932 5826 gratiam
1958 5771 2058 5810 ac-

2195 3291 2425 3364 epistola
2453 3292 2523 3346 ad
2553 3291 2828 3347 Romanos
2849 3291 2976 3363 (vn,
3007 3291 3123 3362 23),
3159 3307 3278 3363 quze
3324 3290 3564 3346 invicem
3600 3291 3773 3348 adver

2193 3398 2262 3437 sae
2289 3389 2454 3438 sunt:
2489 3397 2656 3436 unam
2693 3381 2813 3451 Dei,
2858 3381 3086 3436 alteram
3131 3380 3358 3452 peccati.
3407 3379 3538 3448 Quae
3581 3379 3708 3436 ideo
3741 3382 3798 3438 in

2191 3486 2354 3526 carne
2383 3469 2745 3542 signiﬁcatur,
2791 3469 2920 3543 quia
2945 3469 3266 3526 visibilibus
3293 3471 3617 3540 oblectatur,
3643 3472 3798 3544 cupi-

2191 3558 2258 3614 da
2280 3567 2660 3631 peccatorum;
2706 3567 2768 3616 ut
2797 3557 2885 3615 his
2931 3558 3038 3615 sibi
3086 3558 3523 3628 abversantibus,
3579 3559 3798 3617 medius

2190 3647 2358 3705 homo
2386 3665 2496 3705 non
2526 3665 2589 3706 ea
2617 3665 2736 3720 quae
2767 3649 2909 3717 vult,
2945 3656 3087 3721 agat.
3117 3649 3323 3706 Divina
3359 3649 3506 3705 enim
3543 3648 3633 3704 lex
3664 3665 3796 3721 pre-

2189 3737 2292 3792 mit
2320 3747 2374 3794 et
2401 3739 2552 3810 fugat
2595 3740 2767 3811 legem
2817 3738 3044 3811 peccati,
3103 3739 3396 3796 consulens
3441 3736 3678 3807 homini,
3735 3745 3795 3795 ut

2188 3829 2430 3902 vigorem
2461 3836 2671 3884 natura:
2697 3845 2810 3884 sua:
2855 3828 3150 3898 custodiat,
3196 3845 3263 3884 ne
3309 3827 3558 3900 capiatur
3599 3828 3795 3885 illece-

2186 3920 2300 3976 bris
2332 3939 2344 3976 :
2377 3919 2474 3975 illa
2498 3937 2526 3977 e
2559 3927 2750 3978 contra
2778 3919 2837 3975 in
2867 3920 3087 3977 insidiis
3117 3936 3301 3992 agens,
3353 3919 3568 3976 lacessit
3598 3919 3794 3976 homi-

2184 4029 2309 4069 nem
2339 4013 2648 4083 blanditiis,
2681 4022 2743 4071 ut
2771 4024 2991 4088 spernat
3033 4023 3362 4089 praeceptum
3395 4014 3528 4087 legis
3560 4013 3788 4075 divinae.

2185 4103 2323 4162 Cum
2349 4121 2478 4177 ergo
2508 4107 2846 4163 consenserit
2893 4106 3060 4163 homo
3115 4107 3221 4179 legi
3275 4105 3396 4172 Dei,
3452 4105 3790 4162 contradicit

2184 4194 2274 4249 lex
2313 4195 2540 4266 peccati,
2587 4195 2822 4252 suadens
2859 4195 3075 4252 homini
3104 4212 3172 4252 ne
3204 4195 3370 4253 faciat
3416 4194 3566 4268 quod
3619 4195 3790 4266 impe-

2182 4291 2266 4338 rat
2300 4285 2390 4340 lex
2417 4284 2650 4342 divina:
2703 4303 2731 4341 e
2772 4285 2990 4342 diverso
3032 4292 3218 4341 autem
3269 4285 3358 4340 lex
3413 4285 3513 4340 Dei
3569 4291 3789 4340 revocat

2181 4372 2498 4442 hominem;
2566 4391 2634 4432 ne
2691 4375 2855 4433 faciat
2926 4375 3075 4449 quod
3129 4375 3367 4448 suggerit
3415 4375 3503 4429 lex
3554 4374 3782 4446 peccati.

2182 4460 2343 4528 Quod
2375 4461 2596 4536 quidem
2626 4463 2794 4521 homo
2824 4481 2935 4521 non
2969 4464 3120 4521 videt
3150 4479 3264 4520 esse
3291 4462 3586 4518 absurdum
3615 4480 3629 4529 ;
3681 4461 3786 4517 scit

2183 4552 2330 4608 enim
2361 4563 2570 4612 naturae
2599 4573 2709 4612 suae
2761 4572 3080 4628 congruere,
3135 4556 3181 4612 si
3236 4555 3402 4611 faciat
3430 4552 3576 4627 quod
3613 4551 3784 4624 impe-

2181 4649 2264 4698 rat
2285 4643 2373 4700 lex
2406 4632 2525 4701 Dei.
2557 4644 2805 4719 Denique
2837 4645 3054 4719 gaudet,
3088 4644 3310 4719 quando
3340 4643 3456 4700 hac
3485 4642 3597 4715 agit
3621 4660 3633 4698 :
3654 4658 3780 4698 cum

2175 4749 2237 4790 ea
2266 4742 2543 4807 operatur,
2579 4753 2699 4808 quae
2729 4736 2968 4808 suggerit
2998 4735 3088 4791 lex
3129 4734 3362 4808 peccati,
3393 4732 3546 4788 videt
3573 4748 3633 4790 se
3661 4739 3780 4788 tur-

2175 4840 2320 4897 pem,
2351 4834 2406 4882 et
2435 4826 2621 4882 horret
2666 4836 2788 4898 post
2837 4825 3066 4883 factum.
3113 4827 3348 4900 Ideoque
3385 4823 3519 4898 legis
3552 4823 3781 4896 spiritus

2174 4925 2445 4990 praecepta
2470 4917 2738 4973 servanda
2765 4925 2914 4985 sunt,
2951 4926 3006 4974 et
3035 4919 3279 4975 carnalia
3321 4915 3608 4988 fugienda;
3658 4915 3779 4987 ipsa

2173 5007 2321 5062 enim
2378 5007 2717 5065 conscientia
2763 5016 3001 5078 accusat,
3048 5007 3094 5064 si
3138 5008 3188 5064 ei
3237 5009 3563 5078 consentiat,
3597 5006 3778 5063 sciens

2172 5095 2388 5152 horrori
2419 5113 2554 5164 esse,
2587 5113 2706 5170 quae
2735 5097 2983 5170 suggerit
3009 5099 3098 5153 lex
3129 5099 3354 5170 peccati.

2244 5186 2428 5257 (Vers.
2462 5185 2575 5258 18.)
2622 5214 2639 5234 ι
2669 5186 2827 5253 Quod
2862 5187 2908 5242 si
2941 5187 3141 5259 spiritu
3171 5186 3444 5244 ducimini
3487 5185 3627 5259 (85),
3659 5199 3771 5241 non

2169 5276 2300 5332 estis
2330 5275 2432 5332 sub
2463 5276 2598 5350 lege.
2621 5303 2640 5326 ›
2688 5277 2809 5334 Non
2844 5284 2926 5333 est
2953 5276 3268 5346 obscurum,
3294 5276 3424 5349 quia
3452 5275 3546 5350 qui
3574 5275 3769 5333 ducem

2167 5396 2432 5466 cipientes,
2481 5396 2702 5451 remissa
2747 5395 3074 5466 delictorum,
3107 5403 3212 5454 etc.
3249 5394 3400 5451 Infra
3427 5410 3559 5450 vero
3609 5395 3767 5454 Rom.

2167 5467 2300 5525 edit.
2338 5470 2473 5536 sola,
2503 5475 2550 5522 et
2580 5486 2634 5522 in
2663 5467 2912 5522 ditionem
2941 5470 3083 5539 legis,
3116 5477 3220 5524 etc.

2242 5542 2358 5612 (83)
2393 5542 2548 5612 Rom.
2581 5540 2738 5607 edit.,
2768 5537 3018 5596 mordetis
3041 5541 3259 5596 invicem
3283 5543 3330 5593 et
3349 5537 3630 5594 comeditis.

2391 5611 2596 5666 Eadem
2631 5613 2788 5668 Rom.
2819 5612 2976 5680 edit.,
3007 5619 3067 5666 at
3100 5630 3204 5668 non
3227 5626 3545 5682 quacunque
3585 5610 3766 5678 vultis,

2165 5683 2647 5829 faﬁlgstjsivonnulli
2675 5773 2831 5827 mss,
2860 5756 2906 5812 εί
2930 5757 3060 5828 SP5?
3061 5756 3140 5812 1"“
3164 5756 3260 5813 Dei
3285 5755 3557 5812 ducimini
