3970 6376
275 399 381 459 389

1335 403 1696 464 COMMENT.
1738 408 1810 465 IN
1846 408 2063 466 EPIST.
2108 411 2203 466 AD
2243 411 2499 467 GALAT.

3463 416 3568 474 390

273 533 438 590 habet
467 533 734 606 Spiritum
765 541 1036 603 sanctum,
1089 549 1201 590 non
1233 544 1411 604 errat;
1447 537 1534 592 lex
1575 536 1725 592 enim
1771 555 1867 593 er-
1897 543 1948 602 Α
1977 540 2140 595 Bonae
2178 540 2324 595 enim
2354 541 2482 595 vitae
2514 541 2725 596 fructus
2752 541 2934 597 aridos
2962 543 3116 608 facit,
3146 543 3380 615 perdens
3407 563 3561 619 spem

272 623 523 681 rantibus
567 623 906 694 dominatur,
957 623 1100 681 sicut
1129 623 1239 681 alio
1270 626 1391 683 loco
1420 624 1594 684 dicit:
1662 649 1681 674 ‹
1707 627 1862 684 Iusto

270 728 383 769 non
414 722 495 770 est
524 715 614 770 lex
647 715 822 788 posita
862 715 920 789 (Ι
953 715 1090 772 Tim.
1120 731 1160 783 ῐ,
1192 715 1273 787 9.)
1307 741 1325 763 ›

345 805 525 874 (Vers.
562 807 648 874 19,
684 806 773 874 20,
805 806 919 877 21.)
966 830 983 852 ι
1007 805 1296 863 Manifesta
1327 813 1457 862 sunt
1486 814 1667 864 autem
1698 825 1864 882 opera

267 894 471 962 carnis,
505 911 624 968 quae
654 904 781 952 sunt
811 895 1167 964 adulterium,
1199 895 1513 966 fornicatio,
1547 899 1857 970 impuritas,

268 982 598 1053 obscenitas,
621 984 951 1054 idololatria,
977 985 1261 1055 veneﬁcia,
1287 987 1615 1056 inimicitiae,
1640 997 1864 1045 conten-

267 1072 468 1143 tiones,
509 1074 910 1143 simulationes,
955 1075 1049 1131 irze
1085 1075 1226 1148 (86),
1276 1077 1605 1147 simultates,
1638 1077 1862 1135 dissen-

265 1163 470 1229 siones,
503 1162 752 1233 haereses,
782 1163 1031 1233 invidia,
1062 1165 1384 1236 homicidia,
1416 1168 1726 1237 ebrietates,
1757 1185 1861 1225 co-

263 1254 640 1323 messationes,
674 1264 727 1312 et
757 1271 878 1328 quae
908 1263 1038 1311 sunt
1066 1256 1153 1311 his
1186 1257 1412 1326 similia,
1451 1275 1571 1331 quaa
1617 1258 1860 1330 praedico

261 1340 444 1409 vobis,
475 1342 617 1399 sicut
648 1349 701 1398 et
732 1343 988 1414 przedixi,
1021 1344 1166 1418 quod
1188 1344 1246 1400 hi
1278 1345 1372 1420 qui
1402 1347 1534 1402 talia
1557 1356 1744 1419 agunt,
1778 1365 1858 1405 re-

259 1430 356 1503 gni
383 1429 483 1486 Dei
512 1430 885 1489 haereditatem
907 1450 1019 1490 non
1039 1445 1488 1509 consequentur»
1522 1438 1649 1494 Haec
1673 1439 1858 1494 omnia

257 1525 314 1575 et
341 1518 429 1575 his
458 1519 664 1576 similia
695 1521 830 1595 legis
865 1523 1074 1595 peccati
1111 1525 1359 1581 membra
1385 1534 1536 1596 sunt,
1561 1531 1705 1590 229
1737 1544 1856 1600 quae

254 1625 560 1697 Apostolus
611 1645 776 1701 opera
829 1632 1012 1688 carnis
1045 1633 1318 1706 appellat:
1366 1633 1496 1706 quia
1523 1650 1732 1691 errores
1761 1633 1852 1689 isti

252 1727 326 1768 ex
362 1714 571 1771 mundo
601 1725 752 1786 sunt,
808 1735 876 1774 ex
924 1737 1032 1792 quo
1080 1729 1133 1776 et
1180 1737 1325 1778 caro.
1377 1722 1576 1778 Omnia
1620 1738 1856 1796 namque

250 1814 478 1876 peccata
516 1805 583 1862 de
617 1806 752 1862 foris
779 1808 1036 1864 oriuntur
1055 1826 1124 1864 ex
1146 1820 1297 1882 parte
1312 1812 1631 1880 carnis,non
1651 1829 1718 1868 ex
1735 1828 1852 1883 par-

249 1899 305 1948 te
337 1894 600 1967 spiritus;
651 1895 774 1953 ideo
829 1914 942 1954 non
982 1898 1217 1956 absurde
1244 1917 1408 1974 opera
1435 1901 1617 1959 carnis
1645 1901 1846 1958 dicun-
1875 1909 1922 1970 Β

246 1990 362 2039 tur.

328 2071 511 2145 (Vers.
545 2073 644 2144 22,
685 2076 772 2145 23,
815 2076 931 2149 24.)
992 2101 1010 2126 ι
1049 2079 1282 2136 Fructus
1323 2097 1454 2137 vero
1492 2080 1728 2153 Spiritus
1765 2088 1845 2138 est

244 2159 512 2231 charitas,
555 2164 836 2236 gaudium,
875 2182 1003 2238 pax,
1055 2167 1462 2240 longanimitas,
1511 2169 1840 2242 benignitas,

242 2266 390 2322 spes,
425 2252 640 2321 lenitas,
693 2254 1057 2322 continentia,
1089 2258 1330 2326 castitas,
1375 2257 1624 2315 bonitas:
1654 2260 1843 2316 adver-

240 2357 340 2396 sus
369 2341 684 2414 hujusmodi
712 2360 822 2400 non
851 2354 931 2400 est
965 2346 1073 2402 lex.
1107 2347 1211 2414 Qui
1241 2355 1422 2404 autem
1453 2356 1582 2405 sunt
1610 2348 1840 2416 Christi,

239 2446 467 2486 carnem
497 2449 650 2488 suam
681 2433 1081 2492 cruciﬁxerunt
1111 2453 1238 2494 cum
1279 2437 1435 2494 vitiis
1483 2446 1536 2494 et
1584 2439 1842 2511 concupi-

238 2519 487 2576 scentiis.
510 2548 527 2570 ι
566 2521 689 2578 Non
715 2522 879 2580 dixit:
914 2525 1090 2598 Opera
1108 2526 1335 2598 spiritus
1359 2525 1598 2583 charitas
1625 2535 1724 2594 est,
1748 2525 1842 2582 sed

234 2607 453 2679 fructus
483 2612 737 2682 spiritus;
789 2614 880 2670 lex
910 2618 1058 2670 enim
1091 2616 1320 2689 spiritus
1359 2616 1496 2685 haec,
1527 2633 1648 2690 qua:
1677 2631 1839 2688 supra

232 2699 589 2770 memoravit,
621 2702 938 2774 fructiﬁcat,
968 2713 1031 2761 ut
1050 2722 1119 2762 ex
1132 2706 1220 2761 his
1240 2705 1531 2762 haereditas
1552 2705 1704 2778 regni
1737 2721 1842 2762 coe-

249 2788 434 2844 lorum
479 2801 792 2863 quaeratur:
850 2794 946 2866 qui
996 2796 1145 2851 enim
1186 2795 1410 2852 Christo
1447 2794 1634 2852 devoti
1679 2802 1837 2863 sunt,

245 2876 352 2934 hos
381 2879 521 2936 dicit
549 2881 816 2952 Christos,
851 2884 908 2939 id
938 2893 1020 2940 est
1043 2892 1259 2941 unctos.
1305 2885 1374 2940 Hi
1405 2900 1647 2953 carnem,
1677 2882 1736 2938 id
1764 2890 1845 2940 est

245 2967 545 3038 mundum,
575 2971 927 3045 cruciﬁgunt,
949 2973 1167 3047 quando
1184 2972 1300 3030 haec
1319 2989 1388 3028 ex
1409 2973 1610 3047 quibus
1626 2988 1840 3029 errores

242 3057 1094 3129 oriuntur,condemnant.Hunc
1122 3079 1342 3120 sensum
1372 3071 1426 3120 et
1449 3065 1684 3120 Joannes
1713 3079 1841 3136 apo-

244 3147 424 3203 stolus
453 3158 694 3218 secutus,
725 3151 820 3208 ait:
869 3177 886 3200 ε
905 3154 1088 3210 Nolite
1124 3152 1354 3225 diligere
1374 3153 1522 3210 hunc
1543 3153 1836 3222 mundum,

248 3252 431 3332 neque
460 3255 522 3294 ea
554 3256 674 3312 quae
725 3241 785 3297 in
832 3241 938 3332 hoc
969 3242 1176 3299 mundo
1206 3252 1354 3300 sunt.
1390 3243 1448 3299 Si
1489 3242 1613 3316 quis
1657 3242 1840 3315 diligit
1873 3270 1917 3332 δ

241 3326 657 3396 mundum,non
680 3347 710 3386 θ
741 3338 793 3387 st
824 3331 1066 3390 charitas
1092 3333 1271 3389 Patris
1298 3334 1358 3389 in
1378 3333 1498 3400 illo;
1523 3332 1652 3406 quia
1677 3348 1840 3388 omne

242 3418 396 3490 quod
425 3419 484 3474 in
512 3419 616 3476 hoc
645 3421 854 3478 mundo
900 3431 1001 3490 est,
1051 3422 1499 3494 concupiscentia
1522 3423 1705 3478 carnis
1731 3431 1836 3492 est,

243 3514 302 3563 et
338 3511 786 3582 concupiscentia
837 3513 1124 3568 oculorum
1158 3512 1209 3582 (1
1246 3513 1404 3568 Joan.
1437 3529 1499 3580 n,
1542 3513 1630 3578 15,
1666 3513 1779 3582 16).
1802 3537 1820 3559 ι

242 3595 353 3663 Qui
373 3615 501 3670 ergo
533 3599 826 3668 mundum,
857 3608 912 3656 et
932 3599 1079 3672 quod
1109 3600 1165 3654 in
1194 3599 1402 3654 mundo
1426 3607 1526 3667 est,
1559 3617 1673 3656 non
1700 3617 1828 3656 con-

237 3686 502 3757 cupiscit,
527 3686 620 3744 hic
653 3703 873 3743 carnem
899 3687 1197 3760 cruciﬁgit,
1228 3690 1413 3762 Neque
1439 3689 1588 3746 enim
1617 3692 1837 3762 corpori

244 3773 492 3830 humano
521 3775 640 3834 haec
659 3776 797 3832 vitia
826 3777 1146 3834 ascribenda
1174 3786 1325 3846 sunt,
1357 3778 1412 3834 id
1442 3787 1525 3835 est
1557 3779 1834 3848 idolatria,

239 3861 528 3931 veneﬁcia,
557 3863 1062 3935 haereses,invidia,
1093 3867 1424 3937 inimicitia,
1450 3869 1545 3923 iraa
1577 3875 1630 3924 et
1660 3868 1792 3924 talia
1820 3885 1832 3924 :

239 3951 341 4008 sed
381 3951 502 4008 ideo
531 3955 772 4011 carnalia
817 3956 1100 4025 dicuntur,
1151 3957 1281 4031 quia
1324 3973 1394 4013 ex
1436 3966 1590 4030 parte
1641 3957 1834 4014 mundi

239 4049 396 4099 sunt.
436 4044 583 4099 sicut
611 4061 776 4117 supra
812 4046 1136 4102 memoravi.
1185 4048 1397 4103 Interea
1443 4063 1554 4102 non
1599 4047 1838 4118 amplius

241 4147 408 4205 quam
439 4132 626 4190 decem
658 4150 744 4191 res
772 4137 975 4208 posuit,
1009 4152 1143 4209 quas
1171 4136 1382 4193 fructus
1410 4135 1638 4208 spiritus
1657 4136 1839 4209 signi-

240 4222 411 4291 ﬁcat;
453 4232 515 4280 ut
543 4224 602 4280 in
662 4225 748 4281 his
777 4226 966 4282 omnia
995 4228 1318 4300 complexus
1361 4227 1614 4284 videatur
1643 4243 1832 4284 secun-

237 4313 376 4369 dum
407 4314 620 4371 tabulas
643 4315 974 4373 Testamenti
997 4316 1115 4385 Dei,
1147 4317 1205 4373 in
1235 4317 1435 4390 quibus
1459 4333 1571 4373 non
1601 4317 1838 4390 amplius

238 4417 409 4473 quam
436 4402 624 4460 decem
654 4404 820 4460 verba
855 4405 1238 4462 mandatorum
1271 4406 1472 4463 tradita
1491 4413 1639 4463 sunt.

318 4491 500 4564 (Vers.
534 4492 622 4560 25,
654 4493 767 4566 26.)
814 4517 832 4540 ε
881 4493 938 4550 Si
987 4493 1232 4551 vivimus
1275 4495 1498 4567 spiritu,
1533 4495 1733 4568 spiritu
1775 4505 1831 4554 et

235 4581 609 4639 ambulemus.
657 4583 780 4639 Non
824 4583 997 4639 simus
1026 4582 1246 4638 inanem
1280 4583 1512 4654 gloriam
1541 4591 1829 4652 sectantes,

235 4671 484 4728 invicem
532 4679 915 4742 provocantes,
966 4671 1204 4728 invicem
1262 4670 1597 4730 invidentes.
1641 4698 1661 4722 ι

235 4759 398 4828 dicit,
431 4760 560 4832 quia
590 4760 636 4816 si
665 4761 805 4818 bene
835 4769 889 4817 et
908 4761 1136 4818 honeste
1174 4760 1438 4830 vivimus,
1470 4761 1645 4819 bonos
1673 4761 1830 4820 debe-

240 4865 367 4906 mus
395 4847 594 4906 habere
627 4857 680 4906 et
709 4867 920 4918 mores;
954 4849 1061 4907 hoc
1097 4859 1179 4907 est
1203 4850 1353 4906 enim
1383 4850 1584 4923 spiritu
1614 4851 1824 4922 vivere,

237 4938 734 4996 incontaminatam
783 4939 955 4996 vitam
997 4939 1232 4997 habere:
1280 4949 1335 4997 et
1376 4940 1457 4998 sic
1482 4940 1682 5014 spiritu
1719 4958 1830 4998 am-

239 5027 523 5098 bulamus,
553 5029 598 5086 si
620 5028 740 5101 paci
761 5029 1075 5085 studeamus
1106 5047 1121 5097 ;
1174 5028 1290 5087 haec
1319 5029 1467 5085 enim
1533 5029 1677 5102 parit
1697 5030 1822 5087 cha-

240 5117 482 5174 ritatem.
515 5119 702 5176 Inanis
733 5127 915 5175 autem
961 5121 1140 5192 gloria
1167 5127 1248 5176 est
1283 5120 1426 5175 velle
1459 5120 1702 5190 vincere,
1732 5120 1828 5178 ubi

235 5208 529 5280 praemium
552 5225 664 5265 non
693 5215 806 5277 est;
841 5216 903 5264 ut
941 5209 1065 5282 quis
1092 5208 1336 5265 studium
1377 5209 1575 5268 habeat
1605 5221 1826 5269 conten-

235 5295 409 5353 tionis
459 5304 514 5354 et
562 5297 954 5368 aemulationis,
1001 5298 1179 5354 sciens
1224 5297 1353 5372 quia
1395 5298 1513 5356 haec
1567 5309 1828 5374 generant

236 5385 509 5444 discordis
573 5397 627 5445 et
713 5388 881 5445 lites:
956 5411 975 5436 ε
1026 5389 1259 5445 Servum
1332 5397 1536 5459 autem,
1615 5391 1822 5465 inquit,

235 5476 460 5534 Domini
509 5494 619 5534 non
664 5488 878 5552 oportet
920 5479 1133 5553 litigare
1191 5479 1279 5552 (II
1333 5481 1470 5537 Tim.
1524 5498 1587 5551 II,
1646 5480 1761 5555 24).
1798 5508 1814 5530 ι

312 5621 428 5764 E86)
480 5623 638 5678 Rom.
671 5622 830 5688 edit.,
859 5623 1227 5690 contentiones,
1253 5623 1612 5680 mutationes
1633 5627 1753 5681 iraa.

341 5694 435 5764 87)
482 5693 640 5750 Rom.
700 5694 834 5750 edit.
895 5696 1010 5750 sola
1059 5695 1154 5751 etsi
1201 5696 1582 5752 circumventus
1639 5695 1753 5764 [uer

341 5694 435 5767 87)
482 5693 640 5750 Rom.
700 5694 1010 5767 edit.»sola
1059 5695 1154 5751 etsi
1201 5696 1582 5752 circumventus
1639 5695 1823 5767 fuerit.

236 5765 444 5822 Eadem
483 5779 607 5820 cum
639 5773 750 5822 vet.
782 5765 916 5824 edit.
967 5774 1019 5824 et
1064 5783 1196 5824 mss.
1245 5769 1592 5841 quibusdam,
1641 5765 1827 5824 humi-

1974 627 2297 699 promissam
2353 635 2511 685 castae
2559 629 3027 697 conversationis;
3104 629 3250 688 bona
3294 634 3444 690 enim
3508 641 3562 690 et

1973 728 2121 775 casta
2148 719 2265 775 vita
2319 718 2567 776 moribus
2621 718 2866 776 ornanda
2921 726 3024 790 est,
3064 726 3120 777 et
3173 719 3560 779 benevolentia

1976 807 2377 881 locupletanda.

2577 935 2806 993 CAPUT
2846 936 2943 994 VI.

2046 1050 2228 1122 (Vers.
2292 1051 2344 1115 1,
2365 1051 2419 1108 2.
2456 1049 2475 1122 )
2522 1075 2541 1098 ι
2563 1052 2796 1122 Fratres,
2825 1053 2924 1110 etsi
2955 1063 3368 1128 praeoccupatus
3389 1056 3559 1114 fuerit

1975 1137 2091 1211 (87)
2120 1138 2286 1195 homo
2311 1139 2379 1195 ab
2399 1140 2587 1213 aliquo
2607 1140 2830 1211 delicto,
2864 1160 2963 1200 vos
2993 1145 3090 1217 qui
3110 1145 3386 1217 spiritales
3406 1145 3557 1216 estis,

1971 1227 2226 1285 instruite
2256 1229 2573 1301 hujusmodi
2604 1231 2662 1287 in
2692 1232 2892 1305 spiritu
2922 1234 3380 1303 mansuetudinis,
3429 1250 3558 1291 con-

1971 1317 2216 1375 siderans
2267 1319 2638 1392 temetipsum,
2688 1338 2757 1378 ne
2799 1329 2853 1378 et
2904 1330 2969 1379 tu
3015 1323 3264 1392 tenteris,
3315 1323 3556 1382 invicem

1970 1423 2135 1464 onera
2189 1417 2370 1466 vestra
2414 1418 2646 1482 portate.
2684 1436 2702 1458 -
2747 1413 2908 1470 Nunc
2938 1413 3041 1469 hos
3088 1414 3412 1486 alloquitur,
3462 1411 3558 1484 qui

1969 1496 2240 1555 ﬁrmiores
2264 1507 2441 1569 erant,
2491 1517 2558 1557 ne
2612 1501 2897 1558 inﬂatione
2915 1501 3076 1558 bonae
3105 1503 3233 1558 vita
3252 1519 3402 1570 eum,
3459 1502 3556 1576 qui

1969 1584 2110 1643 forte
2139 1604 2169 1643 a
2203 1596 2426 1660 peccato
2469 1589 2888 1646 circumventus
2927 1590 3144 1659 fuisset,
3190 1591 3558 1664 spernendum

1966 1685 2222 1746 putarent
2251 1685 2304 1733 et
2332 1677 2726 1749 abjiciendum,
2761 1677 2996 1752 ideoque
3023 1680 3425 1736 consulendum
3447 1678 3556 1737 his.

1966 1771 2104 1829 Cum
2129 1775 2549 1831 mansuetudine
2577 1777 2724 1832 enim
2757 1775 3106 1848 provocandi
3143 1784 3272 1833 sunt
3299 1777 3367 1832 ad
3392 1778 3558 1834 refor-

1965 1863 2194 1921 mandos
2225 1881 2302 1934 se,
2357 1865 2484 1939 quia
2511 1866 2558 1922 si
2604 1867 2786 1923 acrius
2835 1883 2909 1923 ex
2973 1866 3300 1924 auctoritate
3350 1866 3560 1926 fuerint

1957 1953 2217 2026 correpti,
2270 1971 2382 2010 non
2411 1971 2470 2011 se
2511 1955 2792 2028 patientur
2821 1956 2984 2029 argui
3008 2001 3022 2024 ,
3063 1956 3158 2014 sed
3184 1965 3239 2012 et
3266 1955 3558 2014 defendere

1953 2059 2009 2098 se
2037 2041 2329 2114 incipient,
2362 2059 2429 2098 ne
2459 2054 2648 2117 turpes
2674 2045 3017 2114 videantur,
3056 2055 3110 2102 et
3154 2044 3430 2116 incipiunt
3453 2060 3559 2115 pe-

1948 2129 2098 2202 jores
2127 2132 2268 2188 ﬁeri.
2329 2133 2481 2190 Tolle
2509 2134 2657 2189 enim
2689 2133 2763 2190 ho
2793 2135 3000 2190 minem
3031 2150 3062 2189 a
3099 2133 3451 2190 contentione
3505 2141 3561 2190 et

1952 2220 2201 2289 audacia,
2231 2229 2284 2277 et
2307 2221 2535 2279 habebis
2550 2239 2676 2280 eum
2705 2223 3018 2297 subjectum
3043 2241 3057 2292 ;
3089 2223 3376 2281 humilitas
3403 2223 3552 2280 enim

1951 2307 2118 2364 etiam
2166 2310 2430 2383 superbos
2498 2313 2639 2369 solet
2687 2314 2988 2370 inclinare.
3050 2315 3124 2370 Et
3163 2323 3226 2370 ut
3260 2331 3388 2371 cum
3445 2321 3562 2370 tota

1951 2397 2123 2454 animi
2154 2399 2378 2458 lenitate
2407 2402 2574 2472 ﬁerit,
2615 2403 2816 2475 adjecit
2847 2423 2860 2460 :
2909 2428 2927 2450 ι
2955 2405 3032 2461 Ne
3061 2411 3114 2460 et
3141 2411 3201 2459 tu
3231 2403 3488 2471 tenteris;
3522 2428 3540 2451 -

1951 2495 2014 2543 ut
2045 2488 2132 2543 vel
2164 2488 2267 2546 hac
2306 2507 2472 2548 causa
2499 2509 2612 2548 non
2645 2501 2938 2564 sperneret
2979 2499 3337 2564 peccatorem,
3378 2492 3556 2549 sciens

1952 2583 2006 2630 et
2034 2592 2090 2631 se
2118 2594 2274 2649 posse
2307 2596 2552 2652 peccare.
2596 2582 2703 2636 «Et
2732 2581 2813 2637 sic
2842 2579 3144 2652 implebitis
3174 2581 3351 2653 legem
3374 2580 3546 2638 Chri-

1952 2666 2053 2733 sti;
2087 2692 2104 2714 ι
2151 2668 2241 2724 lex
2273 2671 2419 2726 enim
2455 2670 2662 2727 Christi
2693 2687 2886 2728 omnes
2912 2671 3093 2727 salvos
3117 2672 3239 2725 vult
3271 2669 3389 2725 ﬁeri
3418 2688 3429 2725 :
3483 2688 3547 2728 ac

1953 2772 2049 2828 per
2094 2756 2200 2813 hoc
2237 2758 2333 2830 qui
2371 2759 2528 2816 fratri
2571 2760 2820 2832 peccanti
2846 2760 3106 2828 consulit,
3156 2769 3218 2817 ut
3255 2760 3441 2818 redeat
3476 2760 3549 2816 ad

1958 2845 2324 2916 propositum,
2357 2846 2549 2919 implet
2573 2848 2917 2904 voluntatem
2946 2847 3174 2906 Christi.

2028 2934 2211 2999 (Vers.
2255 2933 2307 3002 3,
2355 2934 2436 3007 4.)
2499 2959 2517 2981 ‹
2559 2935 2616 2992 Si
2650 2935 2798 2992 enim
2840 2936 2965 3010 quis
3012 2935 3230 2993 videtur
3274 2934 3381 2992 sibi
3427 2949 3543 2994 esse

1954 3021 2186 3096 aliquid,
2221 3039 2346 3080 cum
2375 3024 2519 3081 nihil
2565 3027 2656 3092 sit,
2690 3041 2746 3080 se
2784 3025 2963 3098 ipsum
3000 3024 3232 3082 seducti.
3263 3023 3412 3096 Opus
3439 3041 3546 3081 au—

1953 3118 2063 3168 tem
2104 3128 2266 3168 suum
2310 3113 2502 3186 probet
2558 3113 2970 3188 unusquisque;
3004 3121 3059 3169 et
3084 3121 3219 3170 tunc
3247 3113 3306 3168 in
3335 3121 3546 3170 semet-
3645 3143 3658 3150 -

1953 3199 2072 3272 ipso
2119 3208 2335 3258 tantum
2375 3202 2603 3276 gloriam
2634 3202 2879 3272 habebit,
2933 3209 2988 3258 et
3036 3219 3148 3259 non
3178 3202 3238 3258 in
3267 3203 3459 3258 altero.
3511 3227 3530 3252 ι

1950 3288 2157 3347 Verum
2182 3298 2282 3359 est,
2314 3306 2416 3348 nec
2445 3293 2578 3348 latet
2610 3306 2964 3365 quemquam,
2994 3291 3125 3363 quia
3152 3291 3198 3347 si
3239 3298 3397 3346 actus
3425 3307 3540 3346 no-

1948 3386 2090 3436 stros
2118 3388 2172 3436 et
2211 3388 2451 3438 mentem
2494 3381 2923 3449 consideremus,
2974 3381 3116 3436 nulli
3158 3396 3258 3435 nos
3289 3389 3532 3453 antepo-

1949 3469 2152 3538 nimus,
2186 3477 2241 3525 et
2259 3487 2360 3527 nec
2381 3471 2540 3528 facile
2555 3486 2884 3544 quemquam
2899 3469 3232 3541 judicamus.
3255 3468 3362 3536 Qui
3383 3469 3533 3526 enim

1947 3559 2238 3615 extollitur
2265 3561 2419 3632 quasi
2449 3560 2661 3633 aliquid
2690 3561 2783 3630 sit,
2815 3567 2991 3627 errat;
3021 3559 3195 3614 nescit
3224 3558 3372 3614 enim
3402 3559 3534 3632 quia

1947 3645 2014 3701 de
2041 3645 2356 3704 humilitate
2383 3648 2666 3704 crescitur.
2716 3648 2897 3706 Verba
2943 3648 3090 3703 enim
3137 3645 3440 3704 Salvatoris
3485 3655 3541 3704 et

1947 3746 2096 3809 gesta
2139 3747 2266 3796 ante
2308 3740 2498 3798 oculos
2524 3756 2637 3797 non
2667 3740 2850 3808 habet,
2903 3740 2998 3813 qui
3029 3755 3157 3796 cum
3185 3738 3257 3796 sit
3287 3739 3540 3794 omnium

1946 3829 2237 3898 Dominus,
2264 3829 2584 3886 humiliavit
2615 3846 2673 3886 se
2705 3829 2967 3901 (Philipp.
3022 3845 3086 3894 ll,
3135 3827 3233 3900 8);
3273 3835 3335 3884 ut
3380 3826 3540 3882 nobis

1948 3916 2181 3974 formam
2227 3918 2382 3974 daret
2437 3918 2572 3992 quid
2627 3919 2782 3992 sequi
2823 3917 3164 3986 deberemus,
3208 3917 3255 3973 si
3298 3933 3539 3974 crescere

1947 4008 2220 4064 velimus:
2251 4017 2305 4065 et
2326 4008 2372 4064 si
2398 4025 2499 4065 nos
2527 4007 2878 4081 erigeremus,
2919 4006 3341 4075 inclinaremur,
3393 4005 3540 4079 quod

1947 4097 2080 4154 facit
2134 4098 2411 4170 imperitia
2469 4097 2653 4154 cordis
2700 4096 2909 4164 inﬂati;
2973 4104 3037 4152 ut
3082 4094 3227 4168 apud
3285 4093 3542 4153 homines

1945 4187 2383 4245 commendatior
2430 4186 2703 4243 videatur.
2755 4187 3026 4258 Spernens
3064 4184 3212 4242 enim
3240 4191 3295 4241 et
3343 4184 3538 4257 despi-

1945 4281 2096 4339 ciens
2135 4289 2462 4354 peccatores,
2493 4281 2708 4353 justum
2745 4296 2804 4338 se
2843 4279 3028 4336 videri
3058 4278 3364 4347 contendit,
3396 4277 3541 4334 sicut

1946 4380 2000 4429 et
2031 4371 2338 4445 phariszeus
2366 4372 2482 4442 ille,
2499 4389 2666 4446 quem
2687 4370 2962 4427 Dominus
2981 4369 3204 4427 denotat
3227 4368 3377 4441 (Luc.
3395 4384 3536 4434 xvn,

1949 4461 2035 4531 10,
2092 4462 2204 4533 11).
2246 4460 2530 4535 Numquid
2587 4476 2700 4517 non
2758 4475 2887 4515 vere
2940 4459 3033 4515 hic
3089 4457 3380 4530 imperitus
3435 4465 3538 4525 est,

1945 4552 2040 4625 qui
2087 4552 2370 4625 praesentis
2416 4551 2601 4623 gloriae
2657 4549 2890 4622 cupidus
2918 4548 3047 4604 est?
3100 4543 3380 4618 Numquid
3425 4560 3537 4599 non

1717 4633 1833 4731 ᾖξε
1856 4633 1906 4692 D
1940 4658 2069 4700 vere
2095 4642 2162 4698 de
2203 4641 2407 4698 futuris
2439 4642 2707 4713 desperat,
2738 4638 2834 4713 qui
2865 4636 3177 4694 mercedem
3219 4633 3450 4706 justitiae
3479 4633 3536 4688 in

1940 4733 2195 4808 praesenti
2225 4733 2348 4790 vult
2376 4731 2636 4806 consequi
2666 4730 2695 4787 ?
2723 4730 2901 4798 Quare
2921 4729 2950 4784 ‘i’
2977 4727 3116 4794 Quia
3143 4742 3254 4781 non
3283 4731 3364 4780 est
3391 4729 3536 4786 230

1934 4830 2119 4903 justus
2147 4831 2205 4886 in
2231 4847 2412 4903 opere,
2444 4827 2539 4886 sed
2568 4843 2662 4900 per
2691 4824 2966 4882 fallaciam
3010 4822 3170 4896 ﬁngit
3213 4821 3491 4896 justitiam
3517 4840 3532 4890 ;

1939 4921 2036 4996 qui
2064 4921 2212 4977 enim
2243 4922 2364 4976 vult
2385 4919 2568 4992 justus
2605 4932 2737 4984 esse,
2779 4915 3019 4971 alterum
3067 4914 3175 4971 sibi
3232 4913 3533 4988 praeponit,

1939 5019 2002 5068 ut
2024 5027 2151 5067 vere
2174 5009 2357 5083 justus
2386 5009 2476 5065 sit.
2500 5004 2894 5079 Unusquisque
2927 5005 3077 5061 enim
3107 5006 3234 5078 plus
3266 5005 3411 5063 mala
3438 5021 3536 5063 sua

1937 5101 2114 5168 novit,
2148 5115 2312 5172 quam
2340 5096 2586 5154 alterius.

2014 5191 2219 5263 ((Vers.
2250 5190 2331 5261 5.)
2385 5213 2402 5236 ‹
2454 5187 2846 5260 Unusquisque
2887 5185 3036 5242 enim
3067 5203 3223 5243 suam
3253 5185 3528 5244 sarcinam

1937 5279 2196 5353 portabit.
2239 5306 2256 5328 ι
2298 5279 2385 5335 Ad
2427 5285 2763 5352 postremum
2807 5276 2913 5335 hoc
2951 5277 3130 5334 voluit
3176 5278 3528 5334 innotescere

1938 5369 2208 5442 superbis,
2242 5368 2372 5442 quia
2399 5385 2510 5424 non
2559 5366 2956 5440 coinquinatur
3011 5368 3135 5439 quis
3178 5367 3360 5422 alieno
3392 5383 3530 5440 pec-

1937 5467 2077 5529 cato,
2140 5457 2443 5516 dummodo
2478 5457 2785 5526 dissentiat,
2834 5464 2897 5514 ut
2952 5472 3113 5513 nemo
3159 5463 3410 5512 versatur
3468 5473 3527 5514 se

1939 5603 2064 5661 tiate
2092 5603 2438 5675 hujusmodi;
2470 5611 2527 5660 at
2571 5599 2755 5660 caeteri
2805 5615 2935 5658 mss.
2980 5599 3153 5672 magis
3205 5601 3524 5670 commode,
3581 5613 3592 5619 '

1935 5693 2184 5750 instruite
2209 5691 2529 5764 hujusmodi.
