3970 6404
437 388 539 446 391

1459 371 1553 427 AD
1591 367 1826 425 OPERA
1864 365 1919 420 S.
1960 357 2293 419 AMBROSII
2332 354 2710 412 APPENDIX.

3619 341 3734 400 392

426 514 660 586 jungere
689 504 981 582 peccatori,
1009 512 1104 560 aut
1130 499 1479 558 accedentem
1515 495 1584 552 ad
1641 511 1696 550 se
1726 491 2020 564 suscipere,
2056 489 2106 548 Α
2141 482 2406 540 membra.
2440 482 2581 538 Huic
2597 495 2726 552 ergo
2770 477 2849 535 rei
2862 475 3296 544 inserviendum,
3337 489 3459 548 qua
3480 471 3731 546 prodest;

433 612 494 660 ut
527 618 652 658 eum
684 601 945 655 lucretur.

507 691 691 764 (Vere.
727 687 807 757 6.)
829 711 843 730 -
875 680 1259 743 Communicet
1289 689 1471 735 autem
1505 677 1570 744 is,
1602 673 1698 747 qui
1727 671 2021 730 catechiza-

434 760 524 838 tur
544 778 712 835 verbo
745 776 860 849 (88)
883 801 901 822 ι
941 773 1021 844 (id
1039 779 1142 839 est,
1161 769 1254 842 qui
1279 767 1505 824 verbum
1524 764 1621 820 Dei
1643 762 1870 818 audiens
1889 760 2020 849 est).

449 896 466 918 ε
495 869 547 925 ei
597 866 692 940 qui
722 862 1041 928 catechizat,
1091 861 1144 916 in
1193 857 1450 914 omnibus
1490 853 1670 910 bonis.
1708 877 1725 896 ι
1783 850 1900 905 Hoc
1927 848 2024 904 di—

435 960 533 1028 cit,
566 938 630 1014 ut
655 954 975 1013 doctoribus
1004 949 1291 1007 audientes
1316 943 1725 1004 communicent
1755 941 1811 996 in
1834 938 2025 995 omni—

433 1047 538 1104 bus
573 1044 754 1102 bonis.
787 1041 842 1099 Si
875 1049 1054 1096 autem
1105 1037 1263 1093 aliter
1292 1041 1452 1108 agant
1500 1048 1659 1105 quam
1715 1029 1934 1097 docent,
1968 1028 2023 1082 in

437 1137 524 1193 his
556 1135 670 1192 illis
699 1150 808 1190 non
839 1125 1382 1192 communicandum,
1430 1122 1522 1180 sed
1565 1117 2024 1184 dissentiendum,

437 1235 495 1281 ut
531 1225 698 1296 magis
730 1224 829 1279 lux
859 1219 961 1276 tibi
991 1219 1104 1274 dux
1140 1217 1233 1285 sit,
1285 1231 1446 1288 quam
1496 1213 1682 1268 homo.
1733 1208 1850 1265 Sibi
1880 1207 2023 1264 enim

439 1315 643 1383 oberit,
670 1331 780 1369 non
810 1310 913 1367 tibi
939 1329 949 1366 :
986 1309 1116 1382 quia
1146 1325 1267 1380 quae
1299 1303 1569 1369 docuerit,
1602 1301 1877 1360 observas.

520 1405 704 1477 (Vers.
737 1404 816 1477 7.)
863 1427 880 1448 ‹
919 1400 1105 1456 Nolite
1135 1413 1336 1465 errare,
1368 1398 1516 1452 Deus
1551 1411 1663 1452 non
1693 1395 2018 1454 deridetur.»

440 1493 661 1553 Nemini
730 1491 958 1548 dubium
990 1497 1072 1546 est
1101 1490 1216 1544 Deo
1246 1487 1604 1558 imposturam
1628 1484 1745 1542 ﬁeri
1773 1503 1883 1542 non
1913 1502 2030 1558 pos-

439 1601 516 1653 se,
550 1583 643 1640 sed
675 1581 780 1638 hoc
807 1579 874 1636 ab
931 1595 995 1635 eo
1041 1591 1491 1648 unumquemque
1547 1575 1830 1648 consequi,
1883 1573 2028 1648 quod

439 1681 697 1730 meretur.

512 1763 695 1836 (Vers.
729 1760 811 1831 8.)
857 1783 874 1804 ι
906 1755 1064 1824 Quod
1094 1755 1241 1810 enim
1288 1753 1413 1826 quis
1438 1753 1815 1823 seminaverit,
1847 1753 1953 1812 hoc
1977 1761 2033 1811 et

2131 590 2240 630 non
2273 569 2708 639 circumcisioni,
2739 569 2819 626 rei
2852 585 3000 626 nunc
3020 565 3192 624 inani.

2205 664 2387 737 (Vers.
2424 663 2537 734 11.)
2586 685 2603 708 ι
2634 660 2839 718 Scitote
2875 658 2991 731 (91)
3028 655 3285 731 qualibus
3307 652 3507 710 litteris
3531 651 3737 724 scripsi
3773 705 3785 712 _

2133 753 2294 809 vobis
2322 769 2446 808 mea
2476 768 2662 808 manu.
2696 775 2714 798 ι
2758 749 3166 807 Auctoritatem
3197 743 3290 802 dat
3320 743 3564 816 epistolae
3593 758 3731 807 suae;

2132 862 2256 900 cum
2290 843 2438 899 enim
2469 842 2606 898 dicit
2633 860 2644 898 :
2694 865 2712 888 ‹
2740 841 2856 913 Ego
2885 837 3076 911 scripsi
3110 852 3231 892 mea
3250 850 3437 902 manu,
3460 858 3478 880 ι
3515 830 3734 889 obediri

2134 932 2258 987 vult
2317 930 2520 986 litteris
2577 929 2684 985 his.
2719 929 2822 986 Ubi
2851 928 2996 984 enim
3037 924 3372 998 holographa
3401 939 3596 979 manus
3627 929 3734 988 est,

2133 1023 2332 1080 falsum
2355 1023 2468 1079 dici
2500 1039 2611 1079 non
2643 1030 2841 1094 potest,
2879 1038 2946 1077 ne
2977 1020 3118 1075 forte
3156 1013 3520 1074 circumventi
3550 1029 3738 1070 excu—

2136 1122 2317 1170 sarent
2372 1113 2440 1170 de
2487 1112 2736 1185 epistola,
2791 1110 2947 1183 quasi
2978 1117 3072 1165 aut
3103 1107 3246 1162 falsa
3273 1112 3434 1173 esset,
3470 1110 3564 1160 aut
3618 1116 3732 1162 non

2133 1211 2273 1260 esset
2309 1203 2582 1276 Apostoli,
2615 1203 2864 1258 nolentes
2893 1216 2947 1256 se
2975 1197 3322 1270 reprehendi.

2212 1293 2394 1366 (Vers.
2431 1293 2545 1365 l2.)
2589 1317 2606 1340 ε
2637 1292 2963 1364 Quicunque
2987 1290 3186 1348 volunt
3217 1287 3428 1360 placere
3458 1284 3515 1340 in
3545 1299 3732 1349 carne,

2141 1385 2196 1439 hi
2234 1393 2450 1456 cogunt
2480 1399 2577 1438 vos
2603 1379 2948 1450 circumcidi,
2982 1387 3194 1436 tantum
3213 1393 3281 1433 ne
3303 1375 3483 1433 crucis
3525 1371 3734 1431 Christi

2142 1473 2588 1546 persecutionem
2617 1471 2919 1544 patiantur.
2957 1495 2975 1519 ι
3018 1469 3078 1524 In
3099 1482 3260 1524 carne
3286 1460 3518 1538 placere,
3557 1460 3738 1517 homi-

2141 1571 2308 1628 nibus
2343 1572 2557 1644 placere
2578 1567 2873 1643 signiﬁcat.
2915 1566 2986 1624 Ut
3029 1565 3176 1622 enim
3221 1561 3422 1619 Iudaeis
3457 1557 3738 1634 propitiis,

2139 1669 2232 1716 aut
2281 1677 2392 1717 non
2443 1660 2658 1716 infestis
2691 1659 2694 1662 “
2724 1658 3003 1726 viverent,
3062 1671 3199 1728 quos
3255 1647 3742 1726 pseudoapostolos

2138 1748 2294 1817 dicit,
2328 1749 2408 1806 sic
2442 1748 2726 1807 Christum
2787 1745 3184 1820 praedicabant,
3224 1751 3288 1800 ut
3316 1749 3369 1798 et
3415 1741 3582 1812 legem
3619 1752 3743 1793 ser-

440 1861 626 1910 metet.
660 1849 766 1918 Qui
795 1848 942 1904 enim
976 1842 1332 1914 seminaverit
1361 1843 1418 1898 in
1449 1859 1610 1900 carne
1640 1859 1832 1910 sua,ex
1866 1857 2028 1900 carne
2060 1849 2106 1911 Β
2137 1840 2370 1897 vandam
2403 1840 2664 1897 docerent
2692 1858 2703 1896 :
2745 1838 2893 1912 quod
2947 1837 3245 1911 Apostolus
3300 1846 3575 1906 nunquam
3608 1843 3738 1882 me-

443 1951 610 2000 metet
671 1938 1105 2010 corruptionem.
1140 1959 1157 1981 ι
1203 1934 1304 1990 Hic
1338 1932 1589 1989 carnalia
1632 1932 1792 2001 vitia,
1825 1949 1944 2006 quas
1974 1933 2031 1988 in

445 2049 609 2091 carne
637 2028 860 2087 admitti
891 2027 1090 2094 solent,
1121 2022 1414 2096 signiﬁcat,
1439 2022 1605 2095 utqui
1634 2037 1852 2080 carnem
1874 2038 2028 2078 suam

446 2123 774 2198 corruperit,
806 2121 941 2178 sciat
974 2136 1028 2176 se
1059 2116 1384 2189 corruqtelae
1422 2113 1669 2170 futurum
1701 2114 2025 2171 obnoxium.

442 2213 762 2287 Corrumpit
791 2219 970 2267 autem
998 2223 1213 2280 corpus,
1247 2204 1342 2278 qui
1374 2203 1692 2261 inconcessa
1729 2206 2028 2276 praesumit.

456 2331 474 2354 ε
511 2306 619 2374 Qui
649 2318 779 2360 vero
808 2296 1163 2356 seminaverit
1193 2296 1249 2352 in
1299 2293 1497 2366 spiritu
1525 2292 1591 2348 de
1620 2292 1820 2366 spiritu
1869 2303 2034 2352 metet

444 2396 618 2452 vitam
641 2402 920 2450 aeternam.
956 2415 974 2438 ›
1017 2388 1194 2443 Homo
1233 2383 1578 2442 Christianus
1597 2382 1798 2455 spiritu
1822 2391 2036 2439 constat

446 2495 499 2543 et
564 2499 758 2550 carne;
808 2481 974 2536 homo
1021 2478 1168 2534 enim
1232 2473 1303 2530 ad
1349 2473 1811 2545 comparationem
1859 2473 2034 2528 sancti

446 2575 711 2648 Spiritus,
742 2587 868 2628 caro
899 2577 1000 2625 est.
1034 2566 1172 2624 Cum
1213 2581 1340 2636 ergo
1371 2561 1593 2635 spiritui
1617 2560 1711 2618 dat
1730 2577 2034 2630 assensum,

445 2662 712 2720 cohibens
743 2678 802 2718 se
847 2659 914 2716 ab
941 2658 1013 2714 iis
1040 2673 1159 2730 quas
1207 2653 1480 2711 contraria
1507 2660 1656 2720 sunt,
1712 2649 2038 2724 spiritaliter

446 2754 695 2812 seminat
728 2771 741 2820 ;
779 2758 840 2807 ut
871 2748 1042 2821 possit
1069 2755 1272 2802 metere
1300 2742 1474 2798 vitam
1519 2749 1798 2798 aeternam.
1851 2738 2038 2795 Testi-

450 2843 711 2902 monium
741 2841 889 2897 enim
921 2837 1162 2911 Spiritus
1192 2833 1412 2905 accipit,
1469 2839 1523 2888 et
1565 2829 2038 2886 immortalitatem

456 2934 572 3007 (89)
605 2933 728 2988 loco
763 2926 1052 2986 mercedis.
1089 2925 1244 2982 Sicut
1273 2923 1420 2979 enim
1451 2922 1544 2996 qui
1600 2919 1903 2992 corrumpit
1935 2917 2042 3007 def

454 3005 751 3080 honestans
807 3032 1003 3087 corpus
1055 3031 1238 3082 suum,
1295 3029 1407 3068 non
1438 3009 1505 3068 ad
1533 3009 1917 3074 aeternitatem,
1947 3005 2042 3062 sed

456 3113 523 3168 ad
555 3106 969 3181 corruptionem
1002 3101 1300 3176 pertinebit
1345 3119 1358 3169 ;
1384 3101 1459 3157 ita
1488 3108 1541 3157 et
1570 3099 1664 3173 qui
1702 3096 2043 3156 incontami-

455 3208 648 3257 natum
694 3213 750 3254 se
787 3193 1053 3264 custodit,
1119 3192 1291 3249 vitam
1341 3198 1597 3247 aeternam
1657 3195 2038 3261 consequetur.
2071 3205 2116 3268 ο

458 3293 584 3347 Haec
614 3298 695 3346 est
721 3287 870 3345 enim
900 3292 1101 3342 aeterna
1129 3282 1265 3352 vita,
1296 3280 1482 3337 vivere
1510 3280 1627 3337 sine
1658 3294 1838 3351 poena,
1867 3287 1921 3334 et
1949 3277 2040 3333 ha-

451 3382 579 3438 bere
625 3379 877 3454 gloriam.
947 3375 1081 3431 Nam
1113 3373 1158 3430 si
1187 3373 1280 3430 hic
1309 3371 1377 3430 ad
1408 3387 1643 3447 praesens
1667 3370 1758 3443 qui
1792 3368 1847 3424 in
1877 3367 2044 3424 solli-

453 3474 700 3535 citudine
743 3481 843 3542 est,
907 3478 1067 3544 negat
1096 3485 1152 3526 se
1184 3469 1410 3534 vivere;
1464 3470 1669 3538 quanto
1723 3460 1894 3533 magis
1947 3457 2043 3514 ubi

456 3569 669 3627 alienus
702 3584 733 3621 a
761 3568 896 3632 Deo,
929 3565 1110 3635 ignem
1143 3569 1404 3617 tortorem
1439 3558 1678 3631 patietur
1714 3554 1861 3626 (90)!

527 3659 710 3730 (Vers.
739 3657 820 3726 9.)
867 3677 885 3700 ι
906 3653 1121 3709 Bonum
1153 3661 1335 3707 autem
1383 3647 1645 3705 facientes
1673 3661 1786 3701 non
1815 3641 2046 3698 deﬁcia—

455 3729 580 3804 mus
603 3766 616 3815 ;
653 3755 899 3817 tempore
921 3742 1069 3798 enim
1092 3740 1314 3812 proprio
1336 3745 1602 3792 metemus
1618 3729 2032 3802 infatigabiles.-

457 3841 575 3896 Hoc
603 3837 760 3903 dicit,
795 3833 922 3907 quia
952 3833 1047 3906 qui
1077 3830 1236 3888 fortis
1267 3838 1347 3886 est
1373 3828 1440 3884 ad
1463 3823 1866 3892 seminandum,
1890 3822 2049 3877 fortis

458 3930 565 3986 erit
593 3937 646 3985 et
676 3926 740 3983 ad
773 3923 1118 3993 metendum,
1153 3921 1208 3979 id
1233 3931 1334 3990 est,
1370 3919 1449 3977 sic
1479 3917 1726 3990 recipiet,
1775 3913 2050 3989 quomodo

459 4019 608 4077 facit.
667 4019 796 4075 Ideo
850 4023 1132 4090 promptos
1180 4031 1280 4070 nos
1320 4012 1389 4070 ad
1434 4005 1886 4068 benefacieudum
1936 4020 2050 4061 esse

456 4113 730 4178 hortatur,
765 4127 866 4168 nec
894 4108 1191 4166 fastidium
1240 4106 1350 4179 pati
1375 4103 1592 4172 debere,
1651 4116 1871 4158 securos
1923 4098 2053 4171 quia

457 4219 557 4276 pro
590 4202 782 4274 parvis
811 4215 1007 4271 magna
1036 4195 1384 4268 recipiemus,
1415 4201 1468 4250 et
1495 4209 1595 4266 pro
1623 4189 1856 4248 terrenis
1885 4195 2052 4245 aeter-

459 4312 550 4364 na,
582 4302 828 4366 tempore
851 4307 960 4365 quo
990 4287 1244 4361 promisit
1271 4286 1437 4342 Deus.

532 4395 715 4468 (Vers.
747 4392 860 4463 10.)
906 4416 923 4437 ι
955 4390 1101 4460 Ergo
1142 4386 1273 4442 dum
1303 4393 1519 4455 tempus
1546 4379 1831 4447 habemus,
1856 4391 2052 4468 opere-

463 4467 587 4541 mur
614 4484 834 4541 bonum
875 4481 945 4537 ad
995 4493 1204 4534 omnes.
1240 4503 1258 4525 ι
1300 4473 1546 4532 Gentiles
1590 4479 1807 4543 tempus
1852 4467 2058 4523 habent

2143 1931 2271 2000 tuit,
2313 1929 2406 1988 sed
2433 1938 2751 1987 constanter
2780 1928 2927 2003 quod
2957 1944 3150 1985 verum
3185 1934 3287 1995 est,
3318 1939 3427 1980 non
3456 1918 3653 1985 tacuit,
3685 1922 3740 1971 et

2143 2019 2249 2076 sibi
2307 2029 2360 2076 et
2419 2019 2508 2077 his
2550 2019 2870 2092 providens,
2931 2034 3068 2090 quos
3131 2014 3378 2071 docebat.
3437 2008 3735 2080 Denique:

2157 2134 2173 2156 ι
2202 2109 2336 2182 Ego,
2376 2109 2584 2182 inquit,
2646 2126 2756 2165 non
2779 2110 2955 2165 solum
2985 2105 3165 2179 ligari,
3191 2103 3285 2159 sed
3313 2111 3366 2157 et
3398 2099 3537 2156 mori
3570 2111 3740 2169 para-

2143 2207 2233 2255 tus
2261 2215 2384 2254 sum
2418 2199 2477 2254 in
2501 2199 2888 2270 Hierosolyma
2916 2212 3014 2268 pro
3059 2191 3281 2249 nomine
3308 2186 3531 2245 Domini
3564 2183 3738 2241 nostri

2142 2292 2269 2350 Iesu
2297 2291 2503 2349 Christi
2533 2293 2680 2364 (Act.
2712 2307 2833 2360 xxx,
2864 2285 2977 2362 13).
3003 2313 3021 2338 ι

2217 2383 2397 2456 (Vers.
2435 2383 2547 2455 13.)
2593 2409 2610 2430 ι
2639 2382 2826 2454 Neque
2853 2379 3000 2437 enim
3030 2377 3134 2451 ipsi
3159 2374 3255 2450 qui
3284 2369 3744 2431 circumcisisunt

2147 2475 2316 2546 legem
2344 2473 2663 2530 custodiunt
2696 2491 2706 2528 :
2740 2470 2833 2527 sed
2864 2471 3060 2526 volunt
3089 2484 3187 2524 vos
3213 2462 3558 2531 circumcidi,
3585 2471 3646 2518 ut
3682 2461 3742 2517 in

2146 2581 2328 2630 vestra
2370 2587 2538 2628 carne
2582 2569 2906 2644 glorientur.
2939 2593 2956 2616 ι
3003 2567 3132 2622 Tale
3175 2573 3258 2621 est
3303 2562 3429 2632 hoc,
3479 2561 3638 2634 quale
3687 2566 3746 2615 et

2147 2672 2289 2729 illud
2335 2671 2548 2728 dictum
2577 2671 2647 2727 ad
2682 2669 2993 2742 apostolum
3050 2667 3309 2722 Petrum:
3357 2687 3375 2710 ι
3405 2661 3462 2718 Si
3501 2667 3562 2716 tu
3612 2675 3740 2715 cum

2147 2771 2222 2828 sis
2257 2770 2506 2839 Iudaeus,
2548 2768 2831 2843 gentiliter
2885 2767 3052 2835 vivis,
3125 2761 3400 2837 quomodo
3452 2757 3743 2831 compellis

2149 2878 2334 2944 gentes
2364 2869 2643 2942 judaizare
2677 2868 2887 2940 (supra.
2919 2883 2982 2934 ιι,
3017 2863 3106 2934 14)
3138 2862 3166 2917 ?
3195 2883 3214 2908 ι
3282 2860 3363 2915 Ita
3403 2865 3456 2913 et
3502 2856 3561 2912 hi
3611 2871 3741 2912 cum

2149 2962 2254 3034 ipsi
2307 2963 2478 3033 legem
2511 2976 2623 3016 non
2667 2956 3038 3022 custodirent,
3088 2956 3472 3009 conversantes
3515 2944 3743 3017 injuste,

2150 3032 2628 3108 circumcisionem
2695 3045 3034 3111 zelabantur,
3091 3049 3154 3097 ut
3208 3035 3439 3111 proinde
3494 3032 3746 3089 vindices

2151 3148 2207 3195 et
2259 3149 2530 3196 amatores
2571 3139 2707 3212 legis
2768 3135 3137 3192 viderentur:
3185 3144 3311 3186 cum
3351 3132 3566 3184 constet
3597 3129 3738 3187 231

2151 3237 2303 3295 hunc
2358 3239 2530 3311 legem
2586 3235 2880 3293 defendere
2925 3240 2982 3288 et
3025 3227 3325 3296 custodire,
3375 3225 3472 3298 qui
3497 3222 3748 3294 justitias

2150 3329 2267 3400 ejus
2342 3329 2684 3402 exsequitur,
2741 3334 2797 3383 et
2840 3323 3180 3388 mandatum,
3239 3315 3387 3390 quod
3440 3313 3510 3370 ad
3570 3314 3745 3370 vitam

2149 3420 2438 3494 pertinens
2463 3420 2652 3476 datum
2683 3426 2784 3488 est,
2833 3431 2946 3472 non
2977 3411 3365 3486 praetermittit.
3428 3406 3576 3464 Talis
3615 3421 3748 3478 ergo

2153 3509 2476 3566 Galatarum
2509 3506 2792 3563 excusatio
2848 3510 2962 3559 erat
3006 3501 3146 3575 (92).
3192 3501 3319 3557 Haec
3364 3496 3520 3565 dicit,
3568 3503 3629 3550 ut
3657 3493 3747 3548 vel

2153 3600 2234 3655 sic
2258 3597 2595 3671 intelligant,
2623 3596 2754 3670 quia
2782 3592 3157 3650 illudebantur
3178 3592 3333 3646 velut
3363 3586 3521 3644 stulti
3553 3592 3607 3641 et
3637 3583 3748 3639 he-

2154 3689 2324 3755 betes,
2357 3687 2424 3742 de
2457 3702 2691 3758 quorum
2731 3683 3016 3740 doloribus
3046 3681 3430 3754 gloriarentur.

2229 3777 2414 3848 (Vers.
2454 3775 2566 3848 14.)
2613 3799 2631 3822 ι
2657 3772 2795 3830 Mihi
2824 3789 2954 3828 vero
3001 3769 3146 3826 absit
3210 3767 3433 3841 gloriari
3467 3766 3606 3840 (93),
3638 3763 3749 3820 nisi

2158 3868 2217 3924 in
2277 3881 2438 3923 cruce
2487 3863 2713 3921 Domini
2759 3860 2936 3918 nostri
2977 3861 3106 3917 Jesu
3169 3857 3396 3924 Christi,
3445 3871 3541 3928 per
3585 3869 3749 3927 quem

2159 3957 2301 4013 mihi
2328 3955 2569 4011 mundus
2619 3952 2921 4012 cruciﬁxus
2947 3959 3049 4021 est,
3077 3959 3131 4008 et
3159 3965 3256 4022 ego
3287 3946 3514 4005 mundo.
3548 3972 3568 3995 ι
3605 3944 3752 4012 Quo-

2159 4044 2325 4103 modo
2408 4042 2851 4117 pseudoapostoll
2919 4039 3306 4097 tribulationes
3363 4054 3462 4110 pro
3525 4034 3753 4091 nomine

2159 4137 2366 4196 Christi
2399 4135 2555 4209 quasi
2588 4133 2731 4189 nihil
2754 4132 3066 4206 profuturas
3110 4146 3205 4203 per
3234 4126 3574 4202 hypocrisim
3609 4123 3753 4180 redi-

2163 4226 2415 4294 mebant,
2460 4223 2846 4280 erubescentes
2875 4222 2933 4277 in
2961 4221 3080 4288 his;
3121 4221 3196 4276 ita
3221 4228 3274 4275 et
3299 4215 3596 4289 Apostolus
3625 4215 3755 4286 glo-

2164 4316 2407 4373 riabatur
2441 4314 2508 4370 de
2541 4314 2650 4382 his,
2683 4312 2862 4369 sciens
2891 4327 3142 4385 magnam
3173 4325 3270 4382 pro
3301 4306 3422 4363 istis
3451 4305 3567 4362 fore
3600 4319 3758 4359 mer-

2163 4405 2392 4462 cedem:
2450 4402 2924 4478 quemadmodum
2977 4409 3032 4457 et
3075 4399 3375 4472 coapostoli
3428 4396 3566 4468 ejus,
3613 4395 3756 4450 sicut

2164 4496 2431 4568 scriptum
2487 4502 2572 4551 est
2631 4493 2690 4549 in
2744 4493 2978 4550 Actibus
3024 4491 3436 4564 apostolorum:
3510 4509 3529 4532 ι
3577 4484 3754 4552 Tunc,

463 4573 732 4649 operandl
759 4573 990 4638 malum;
1018 4569 1280 4659 Αδοίωηίῖδ
1309 4581 1454 4659 (ΞΨΨ
1475 4563 1754 4659 φίλε-θεὼ
1779 4556 2130 4659 ‘1“0030‘191)
2168 4585 2374 4659 inquit,
2431 4583 2557 4641 caesi
2617 4585 2876 4641 exierunt
2929 4556 3162 4656 apostoli
3213 4580 3280 4636 de
3321 4575 3582 4644 concilio,
3618 4590 3759 4646 gau-

469 4671 701 4738 possunt
755 4660 972 4736 Operari
1017 4657 1266 4714 bonum?
1309 4652 1611 4714 Christiani
1663 4659 1846 4707 autem
1905 4649 2058 4722 facti,

463 4771 680 4834 tempus
711 4759 916 4816 habent
945 4753 1208 4829 operandi
1237 4753 1446 4810 bonum
1476 4750 1544 4807 ad
1565 4764 1754 4806 omnes
1782 4746 2054 4816 homines,

461 4862 523 4907 ut
553 4857 675 4922 post
701 4857 978 4922 acceptam
1010 4846 1178 4902 ﬁdem
1222 4845 1431 4901 bonum
1459 4857 1597 4913 Opus
1634 4837 1884 4911 proﬁciat
1909 4853 2056 4891 mer-

467 4939 586 4995 cedi
637 4941 940 5011 promissae.
999 4938 1236 5008 Tempus
1268 4935 1417 4990 enim
1465 4931 1672 4988 idcirco
1732 4927 2059 4985 conceditur

466 5031 596 5086 vita:
627 5073 642 5098 ,
669 5037 732 5084 ut
777 5029 890 5100 jam
933 5029 1078 5100 juste
1134 5043 1437 5094 versemur,
1499 5022 1813 5095 exemplum
1870 5020 2061 5077 dantes

469 5120 786 5195 gentilibus.
831 5143 850 5166 ι
893 5119 1130 5174 Maxime
1161 5127 1342 5174 autem
1374 5117 1443 5173 ad
1474 5117 1804 5174 domesticos
1851 5115 2040 5172 ﬁdei.»

473 5211 682 5268 Verum
714 5217 794 5266 est
836 5209 966 5282 quia
995 5207 1269 5263 faciliores
1297 5217 1350 5264 et
1379 5210 1761 5282 propensiores
1808 5207 1867 5263 in
1914 5208 2060 5263 bono

472 5301 619 5361 circa
647 5301 848 5357 fratres
876 5312 992 5354 esse
1030 5294 1327 5364 debemus;
1390 5297 1522 5370 quia
1570 5299 1811 5358 invicem
1868 5314 2060 5354 sumus

472 5464 662 5590 rat(88)
710 5463 863 5522 Hanc
913 5458 1266 5536 parenthesin
1317 5458 1475 5515 Rom.
1515 5459 1649 5516 edit.
1706 5461 2062 5533 praetermise-

520 5675 529 5685 .
554 5605 682 5686 (.89).
703 5605 837 5663 Cod.
865 5604 1148 5686 nonnulli,
1205 5601 1519 5661 Testimonio
1546 5603 1682 5659 mim
1715 5605 1953 5676 Spiritus
1980 5620 2064 5661 ac-

483 5678 635 5746 cipiet
661 5678 1130 5732 immortalitatem.

556 5747 673 5818 (91)
706 5747 970 5806 Nonnulli
989 5764 1145 5818 mss,
1174 5747 1347 5821 ignem
1375 5751 1661 5803 torrentem
1684 5746 1940 5819 patietur.

2167 4678 2366 4735 dentes
2405 4676 2533 4749 quia
2569 4676 2721 4749 digni
2752 4675 2930 4732 habiti
2982 4681 3112 4730 sunt
3139 4687 3238 4744 pro
3278 4668 3503 4726 nomine
3549 4664 3756 4724 Christi

2163 4767 2556 4826 contumeliam
2589 4767 2701 4840 pati
2735 4767 2877 4839 (Act.
2908 4782 2968 4832 v,
2997 4764 3118 4835 41).
3152 4789 3170 4813 ι
3219 4761 3390 4834 Cujus
3418 4776 3548 4832 ergo
3576 4757 3760 4814 omnis

2162 4874 2283 4930 spes
2315 4856 2373 4912 in
2402 4856 2611 4914 Christi
2659 4863 2761 4921 est,
2811 4855 2904 4910 hic
2956 4851 3230 4926 gloriatur
3285 4852 3346 4907 in
3399 4863 3570 4907 cruce
3618 4845 3759 4918 ejus,

2167 4947 2299 5002 huic
2344 4953 2398 5001 et
2440 4945 2680 5001 mundus
2749 4941 3053 4999 cruciﬁxus
3111 4950 3217 5009 est,
3285 4947 3474 4997 certus
3517 4951 3759 4993 amorem

2167 5034 2348 5092 crucis
2371 5035 2576 5091 Christi
2608 5034 2782 5090 vitam
2807 5049 2944 5105 esse,
2980 5031 3175 5088 mundi
3232 5045 3364 5087 vero
3407 5042 3649 5085 amorem
3671 5041 3762 5097 pa-

2170 5145 2288 5184 rere
2329 5137 2586 5186 mortem.
2646 5129 2890 5185 Invicem
2921 5143 3049 5199 ergo
3091 5125 3199 5182 sibi
3248 5123 3456 5180 mortui
3507 5127 3658 5187 sunt,
3710 5125 3765 5173 et

2171 5221 2414 5278 mundus
2441 5219 2732 5294 Apostolo,
2763 5228 2817 5276 et
2860 5219 3159 5292 Apostolus
3186 5214 3425 5283 mundo;
3456 5213 3588 5270 dum
3617 5210 3763 5266 nihil

2171 5311 2513 5384 concupiscit
2539 5311 2838 5383 Apostolus
2867 5307 3085 5378 mundi,
3129 5314 3184 5364 et
3238 5304 3371 5363 dum
3417 5301 3562 5360 nihil
3600 5299 3767 5358 habet

2273 5462 2366 5532 91)
2400 5461 2501 5518 Ms.
2533 5460 2720 5532 νειμ,
2755 5459 2928 5532 Videte
2954 5458 3202 5532 qualibus
3228 5455 3440 5532 litteris,
3460 5461 3570 5532 etc.

2275 5523 2372 5613 92)
2421 5531 2622 5613 Codex
2672 5523 2849 5613 Vall._,_
2892 5523 3100 5613 stades;
3147 5529 3371 5613 quidam
3425 5523 3542 5596 alii,
3573 5523 3770 5591 cladis,

2173 5605 2959 5686 erg‘oﬂqalatarurnexsttltatjo
2987 5619 3167 5658 eorum
3193 5607 3353 5684 erat.
3553 5670 3566 5686 υ
3643 5669 3654 5680 ,
3736 5668 3749 5680 .

2249 5670 2364 5747 (92)
2395 5677 2553 5736 Rom.
2585 5674 2746 5746 edit.,
2776 5675 2914 5735 Mihi
2938 5692 3060 5732 vero
3078 5691 3186 5733 non
3213 5672 3481 5745 contingat
3513 5670 3768 5744 gloriari.
