3970 6398
191 361 297 420 393

1266 368 1627 426 COMMENT.
1671 370 1742 428 IN
1773 370 1990 428 EPIST.
2022 372 2118 428 AD
2157 371 2402 432 EPHES.

3379 380 3484 440 394

195 487 435 543 mundus
461 504 641 558 suum,
674 489 820 563 quod
851 498 1108 562 agnoscat
1138 459 1506 565 in‘Apostolo,
1549 494 1693 550 sicut
1721 503 1776 551 et
1801 499 1854 557 A
1886 465 2109 568 pausam
2141 495 2383 553 haberet.
2429 497 2486 553 Si
2523 506 2708 554 autem
2760 498 3013 559 duriores
3051 519 3110 559 se
3137 513 3488 577 prastarent,

189 574 462 634 Dominus
512 577 634 635 ait:
700 601 718 626 ι
751 579 912 648 Ecce,
943 603 960 626 -
1006 579 1207 654 inquit,
1252 604 1270 628 ε
1321 581 1577 656 princeps
1621 583 1787 656 hujus

189 663 385 721 mundi
418 666 589 737 venit,
621 675 675 724 et
730 669 786 724 in
835 685 921 726 me
964 668 1210 727 inveniet
1255 670 1400 728 nihil
1451 671 1633 744 (Joan.
1664 689 1782 742 xxv,

264 845 447 916 (Vers.
500 847 728 922 15,16.)
788 849 898 906 «In
951 848 1171 908 Christo
1225 850 1374 908 enim
1428 851 1557 909 Iesu
1609 868 1786 927 neque

184 933 539 999 circumcisio
570 938 866 1013 quidquam
908 947 1010 1010 est,
1047 956 1222 1015 neque
1266 943 1630 1015 praeputium;
1690 941 1786 999 sed

184 1039 337 1081 nova
363 1034 627 1084 creatura.
660 1029 730 1084 Et
767 1037 1035 1104 quotquot
1064 1029 1208 1088 hanc
1245 1033 1488 1105 regulam
1535 1049 1788 1108 sequun-

183 1120 299 1182 tur,
334 1131 439 1187 pax
468 1134 629 1189 super
666 1118 790 1175 illos
820 1129 874 1176 et
902 1120 1297 1190 misericordia,
1328 1129 1382 1178 et
1416 1139 1580 1197 super
1615 1125 1784 1182 Israel

177 1203 308 1261 Dei.
342 1229 360 1252 ιι
417 1207 571 1264 Nova
620 1219 867 1267 creatura
901 1219 982 1267 est
1025 1213 1366 1286 regeneratio
1414 1221 1618 1284 nostra,
1669 1215 1787 1272 haec

185 1301 270 1351 est
302 1312 422 1369 quae
462 1296 556 1353 dat
601 1299 907 1372 profectum
939 1303 1424 1376 permanentibus;
1460 1320 1623 1378 super
1651 1305 1785 1363 istos

185 1385 336 1441 enim
368 1394 449 1442 est
475 1404 584 1461 pax
613 1389 731 1446 Dei.
768 1390 872 1459 Qui
911 1393 1058 1449 enim
1089 1410 1214 1451 cum
1245 1396 1360 1451 Deo
1390 1394 1653 1468 paciﬁcus
1681 1402 1781 1464 est,

185 1485 398 1541 nullius
441 1485 792 1545 inimicitiam
850 1492 1082 1559 metuit;
1133 1489 1278 1547 232
1319 1500 1470 1550 tutus
1517 1493 1666 1550 enim
1704 1501 1786 1550 est

183 1575 524 1647 protectione
557 1586 611 1634 et
641 1578 1021 1636 misericordia
1053 1582 1175 1650 Dei,
1221 1599 1339 1656 quae
1369 1583 1642 1655 promissa
1679 1590 1782 1651 est,

180 1669 239 1719 et
273 1671 455 1722 manet
484 1682 648 1740 super
699 1668 863 1725 Israel
891 1670 1011 1738 Dei,
1045 1687 1158 1728 non
1205 1689 1368 1744 super
1398 1673 1560 1729 Israel
1591 1672 1786 1727 homi-

181 1753 313 1822 nis;
347 1754 522 1812 Judaei
553 1757 701 1814 enim
732 1773 845 1815 non
876 1758 1158 1815 credentes
1197 1761 1458 1816 Israelitze
1506 1767 1637 1817 sunt
1689 1776 1786 1817 se-

179 1843 429 1901 cundum
461 1863 702 1904 carnem.
740 1849 886 1906 Duas
909 1865 1035 1921 ergo
1061 1858 1240 1923 partes
1293 1849 1647 1923 signiﬁcavit,
1680 1866 1784 1908 su-
1805 1875 1852 1937 B

177 1947 281 2005 per
329 1951 465 2008 quas
514 1945 697 1994 manet
725 1954 832 2011 pax
884 1946 938 1994 et
983 1938 1360 1997 misericordia
1399 1941 1520 2011 Dei,
1568 1940 1782 1998 Iudaeo-

176 2037 309 2078 rum
335 2023 700 2096 credentium,
732 2034 787 2083 et
816 2027 1106 2100 gentilium
1134 2027 1402 2087 ﬁdelium.

259 2111 442 2184 (Vere.
473 2115 586 2186 17.)
633 2117 745 2172 «De
773 2125 970 2174 caetero
1000 2133 1162 2175 nemo
1183 2119 1321 2174 mihi
1342 2119 1606 2176 molestus
1635 2119 1725 2177 sit.
1747 2143 1766 2167 ι

175 2201 460 2259 Molestias
487 2202 592 2259 sibi
623 2204 803 2261 noluit
822 2202 889 2262 de
920 2213 1115 2263 caetero
1151 2206 1291 2276 ﬁeri,
1321 2217 1384 2265 ut
1412 2207 1612 2264 iterum
1639 2207 1781 2265 forte

177 2300 468 2364 cogeretur
509 2291 747 2350 scribere
778 2311 792 2350 :
844 2294 940 2352 sed
959 2294 1075 2367 jam
1119 2297 1475 2354 correctiores
1504 2297 1630 2355 illos
1658 2298 1781 2354 vult

175 2379 304 2437 ﬁeri
357 2390 468 2449 ;ut
523 2382 820 2456 amputatis
865 2384 1164 2457 erroribus,
1220 2395 1343 2462 post
1413 2393 1567 2446 tanta
1616 2385 1782 2446 taedia

257 2578 374 2654 (94)
408 2581 566 2640 Rom.
584 2582 744 2655 edit.,
776 2584 973 2658 Magna
1002 2585 1138 2642 enim
1164 2587 1476 2658 constantia,
1508 2595 1612 2645 etc.

1895 592 1948 640 et
2000 583 2332 641 inﬂexibiles
2361 585 2420 641 in
2449 585 2843 658 convertendo,
2873 598 3146 647 cessarent
3186 592 3254 649 ab
3297 611 3390 664 eo;
3426 603 3490 652 ut

1895 673 2008 730 illis
2043 691 2234 748 operas
2260 693 2384 733 suas
2433 684 2487 733 et
2513 675 2810 736 efﬁcaciam
2846 677 3209 753 impenderet,
3258 682 3328 739 de
3353 685 3492 758 qui—

1893 761 1998 820 bus
2040 764 2346 822 mercedem
2395 774 2490 824 aut
2545 767 2762 824 lucrum
2800 777 3058 841 speraret.
3127 792 3146 819 ‹
3173 771 3292 843 Ego
3342 775 3490 832 enim

1895 853 2151 926 stigmata
2178 855 2403 912 Domini
2433 856 2560 913 Jesu
2589 855 2794 915 Christi
2824 858 2883 914 in
2929 874 3157 932 corpore
3195 877 3317 918 meo
3354 878 3493 937 por-

1892 948 1970 998 to.
2002 964 2021 988 ι
2067 942 2184 999 Hoc
2210 943 2347 1001 dicit
2400 943 2593 1014 iratus,
2627 945 2754 1020 quia
2782 945 3062 1020 passiones
3091 964 3224 1023 quas
3254 951 3491 1009 creden-

1893 1033 2035 1090 tium
2067 1049 2229 1091 causa
2273 1035 2605 1108 patiebatur,
2645 1037 2951 1097 inefﬁcaces
2981 1039 3039 1096 in
3088 1039 3201 1097 illis
3228 1039 3488 1112 videbat;

1895 1123 2155 1196 quoniam
2211 1127 2526 1185 constantia
2557 1128 2672 1202 (94)
2714 1136 2767 1188 et
2796 1128 2905 1187 ﬁde
2935 1129 3204 1189 doctrinae
3251 1147 3363 1189 suae
3390 1147 3493 1204 pro

1895 1212 2114 1272 Christo
2145 1215 2328 1289 plagas
2375 1226 2428 1274 et
2456 1218 2682 1275 vincula
2713 1218 2826 1292 pati
2857 1236 2969 1277 non
3010 1221 3219 1291 timuit,
3251 1221 3344 1279 sed
3373 1237 3491 1296 pas-

1893 1321 1984 1361 sus
2013 1312 2094 1361 est
2140 1323 2327 1365 amore
2375 1307 2717 1366 credentium
2747 1308 3030 1369 cicatrices
3067 1311 3349 1385 plagarum
3380 1311 3490 1370 ha-

1892 1393 2020 1450 bere
2066 1411 2123 1451 se
2164 1396 2223 1452 in
2261 1412 2520 1470 corpore;
2563 1414 2672 1472 quo
2723 1415 2836 1456 non
2890 1399 3076 1457 minus
3130 1399 3367 1458 ﬁdeliter
3412 1401 3492 1458 eis

1893 1483 2231 1556 praedicaret,
2275 1486 2419 1544 sicut
2465 1495 2520 1544 et
2557 1486 3060 1563 pseudoapostopli,
3121 1489 3218 1566 qui
3275 1489 3492 1550 Galatas

1892 1572 2236 1646 deceperant.
2289 1576 2579 1634 Neminem
2628 1578 2814 1650 itaque
2867 1579 2989 1636 vult
3035 1577 3144 1635 sibi
3195 1580 3490 1638 molestum

1892 1677 2027 1731 esse,
2070 1663 2165 1736 qui
2195 1662 2328 1721 huic
2360 1665 2439 1722 rei
2469 1664 2702 1723 devotus
2730 1682 2840 1725 non
2870 1674 2989 1735 est;
3021 1667 3126 1726 ista
3163 1668 3312 1726 enim
3346 1670 3492 1743 stig-

1891 1759 2059 1820 mata,
2090 1751 2150 1808 id
2188 1761 2290 1822 est,
2331 1753 2614 1813 cicatrices
2634 1756 2939 1829 plagarum,
2989 1756 3312 1815 testimonia
3355 1767 3488 1816 sunt

1891 1840 2235 1900 credentium
2271 1859 2483 1916 eorum,
2526 1845 2622 1922 qui
2653 1845 2958 1920 patiuntur,
2987 1845 3136 1921 quod
3173 1846 3330 1922 digni
3360 1853 3492 1905 sunt

1889 1934 2077 1991 futura
2096 1934 2485 2008 promissione.

1964 2025 2147 2100 (Vers.
2179 2027 2269 2099 18)
2335 2051 2354 2076 ε
2386 2026 2575 2084 Gratia
2614 2025 2791 2084 nostri
2840 2026 3066 2084 Domini
3114 2027 3244 2086 Iesu
3281 2027 3490 2087 Christi

1890 2130 2016 2170 cum
2066 2114 2269 2187 spiritu
2307 2124 2514 2186 vestro,
2562 2115 2776 2174 fratres.
2829 2140 2848 2165 ι
2902 2116 3024 2174 Νοη
3071 2117 3208 2191 legis
3263 2118 3492 2191 gratiam

1889 2201 2044 2272 dicit,
2077 2203 2174 2260 sed
2202 2203 2427 2261 Domini
2471 2205 2648 2262 nostri
2676 2205 2806 2263 Jesu
2842 2203 3050 2264 Christi
3081 2222 3196 2265 esse
3224 2222 3352 2266 cum
3383 2208 3490 2281 spi-

1889 2293 2001 2350 ritu
2030 2294 2280 2366 illorum,
2321 2311 2458 2370 quos
2486 2296 2762 2370 spiritales
2790 2296 2989 2357 fratres
3021 2298 3287 2376 appellat;
3315 2314 3493 2375 neque

1888 2385 2035 2444 enim
2065 2387 2288 2462 penitus
2328 2405 2520 2449 omnes
2550 2390 2772 2451 fuerant
2786 2391 2989 2452 eversi.

170 2771 3474 2803 W—

340 3029 342 3032 .
432 2941 566 3026 IN
660 2939 1432 3030 EPISTOLAM
1531 2944 1650 3035 Β.
1753 2944 2151 3034 PAULI
2243 2949 2405 3034 AD
2501 2949 3224 3043 EPHESIOS.

705 3249 841 3308 231
879 3253 1262 3313 PROLOGUS.

249 3341 517 3414 Ephesios
569 3343 862 3416 Apostolus
925 3361 1038 3400 non
1085 3343 1340 3401 fundavit
1377 3345 1438 3401 in
1495 3343 1624 3410 ﬁde,
1681 3343 1777 3402 sed

171 3433 551 3504 conﬁrmavit,
582 3435 757 3491 multa
799 3435 944 3490 mala
973 3451 1072 3507 pro
1112 3434 1200 3490 his
1240 3451 1430 3506 passus
1458 3451 1491 3490 a
1528 3435 1772 3508 perﬁdis,

173 3524 324 3580 sicut
368 3523 504 3581 dicit
545 3543 557 3580 :
624 3549 644 3572 ‹
697 3524 754 3581 Si
800 3525 971 3593 enim,
1018 3521 1322 3582 secundum
1371 3523 1678 3592 hominem,
1707 3525 1776 3582 ad

171 3613 383 3670 bestias
409 3614 649 3687 pugnavi
679 3613 908 3686 Ephesi,
949 3613 1084 3687 quid
1115 3613 1254 3671 mihi
1285 3613 1534 3686 prodest,
1562 3615 1609 3670 si
1634 3631 1776 3671 mor-

173 3703 264 3760 tui
302 3719 414 3759 non
444 3710 736 3776 resurgunt
767 3703 826 3776 (Ι
869 3703 998 3760 Cor.
1047 3720 1145 3772 xv,
1177 3702 1314 3773 32)?
1340 3727 1359 3750 ι
1401 3705 1473 3760 Et
1514 3704 1775 3777 quoniam

169 3809 420 3866 pugnam
451 3809 604 3848 suam
637 3809 747 3850 non
777 3792 895 3850 sine
924 3793 1122 3850 eﬁ'ectu
1162 3793 1516 3866 perfectionis
1548 3796 1664 3868 (95)
1697 3796 1778 3852 il-

173 3886 368 3941 lorum
399 3885 688 3958 praevidet,
721 3884 962 3958 gaudens
987 3885 1046 3941 in
1077 3886 1175 3955 eis,
1203 3885 1272 3942 ad
1304 3886 1533 3943 meliora
1556 3886 1777 3959 scriptis

171 3975 434 4032 hortatur
459 3977 526 4032 de
569 3975 723 4034 urbis
745 3978 934 4034 Romae
973 3975 1261 4045 custodia;
1295 3977 1425 4050 quia
1453 3978 1684 4034 veniens
1708 3977 1777 4035 ab

173 4065 580 4138 Hierosolymis
631 4065 689 4121 in
745 4066 1000 4124 custodia
1036 4065 1144 4122 sub
1199 4064 1522 4138 ﬁdejussore
1558 4068 1778 4124 intelli-

171 4155 329 4226 gitur
360 4154 593 4228 degisse,
625 4171 855 4214 manens
882 4164 1040 4214 extra
1065 4164 1244 4214 castra
1267 4155 1326 4213 in
1359 4155 1637 4216 conductu
1676 4173 1777 4216 suo

172 4245 318 4316 (Act.
351 4261 556 4316 xxvm,
589 4246 705 4320 30).

715 4392 942 4451 CAPUT
967 4393 1258 4452 PRIMUM.

253 4518 437 4591 (Vers.
485 4518 562 4590 1.)
623 4541 640 4564 ι
678 4518 880 4574 Paulus
921 4518 1205 4590 apostolus
1252 4516 1459 4575 Christi
1513 4519 1640 4576 Iesu
1681 4535 1778 4592 per

1808 3249 1859 3314 C
1888 3231 2105 3318 stro,let
2129 3249 2369 3309 Domino
2403 3251 2529 3310 Jesu
2553 3251 2792 3313 Christo.
2823 3279 2843 3304 ι
2902 3255 3145 3314 Gratiam
3194 3257 3296 3315 Dei
3350 3274 3478 3316 cum

1883 3340 2088 3396 sanctis
2113 3339 2252 3398 dicit
2279 3358 2394 3400 esse
2418 3351 2472 3400 et
2500 3342 2776 3413 ﬁdelibus,
2799 3360 2960 3417 quem
2990 3345 3206 3404 Patrem
3226 3354 3476 3406 nostrum

1884 3429 2156 3500 appellat;
2189 3430 2320 3504 quia
2346 3430 2414 3487 ab
2439 3431 2558 3504 ipso
2595 3440 2726 3489 sunt
2753 3433 2940 3490 omnia
2966 3441 3022 3491 et
3049 3432 3272 3492 condita
3300 3444 3355 3493 et
3382 3451 3480 3492 re-

1883 3524 2162 3576 staurata:
2200 3518 2484 3577 Christum
2513 3530 2696 3579 autem
2725 3523 3026 3582 Dominum
3053 3532 3328 3595 nostrum,
3353 3524 3484 3599 quia

1885 3605 2118 3663 redemit
2147 3623 2266 3676 nos,
2293 3608 2526 3668 offerens
2554 3629 2611 3669 se
2641 3628 2742 3686 pro
2766 3613 2948 3673 nobis.

1959 3695 2144 3769 (Vers.
2184 3697 2264 3772 3.)
2324 3723 2343 3748 ι
2388 3699 2718 3760 Benedictus
2764 3704 2911 3760 Deus
2949 3711 3004 3761 et
3056 3702 3218 3761 Pater
3257 3703 3484 3762 Domini

1884 3786 2059 3844 nostri
2106 3788 2235 3844 Iesu
2273 3786 2502 3858 Christi,
2532 3791 2628 3866 qui
2661 3791 2950 3851 benedixit
2993 3807 3094 3851 nos
3123 3792 3277 3852 omni
3303 3791 3487 3851 bene-

1885 3875 2127 3934 dictione
2158 3879 2416 3952 spiritali,
2457 3905 2478 3930 ι
2518 3881 2576 3938 id
2613 3892 2717 3953 est,
2749 3899 2862 3941 non
2900 3883 3198 3956 mundana,
3240 3883 3337 3942 sed
3371 3901 3478 3943 cm-

1884 3965 2011 4023 lesti
2039 3967 2460 4027 benedictione:
2495 3987 2672 4046 neque
2700 3973 3071 4047 corruptibili,
3102 3973 3200 4031 sed
3235 3982 3480 4044 aeterna;

1885 4057 2016 4130 quia
2039 4058 2214 4130 gloria
2239 4057 2683 4118 Christianorum
2714 4079 2826 4120 non
2849 4064 2907 4120 in
2934 4071 3098 4140 terra,
3129 4063 3225 4122 sed
3250 4063 3312 4121 in
3341 4065 3482 4122 caelo

1885 4153 1987 4216 est,
2027 4153 2081 4203 et
2144 4155 2225 4205 est
2253 4148 2312 4204 in
2353 4149 2593 4209 Christo.
2644 4152 2819 4210 Omne
2865 4153 3015 4210 enim
3048 4152 3258 4212 donum
3296 4155 3484 4228 gratia)

1883 4235 1982 4294 Dei
2012 4236 2071 4292 in
2120 4236 2342 4296 Christo
2382 4247 2501 4310 est;
2535 4247 2597 4298 ut
2634 4242 2680 4298 si
2709 4243 2857 4316 quis,
2885 4252 3069 4317 spreto
3113 4242 3359 4314 Christo,
3389 4243 3482 4301 he-

1884 4324 2066 4382 nedici
2095 4342 2152 4383 se
2187 4343 2218 4382 a
2263 4328 2376 4384 Deo
2420 4336 2595 4402 putet,
2627 4347 2809 4389 errare
2853 4348 2911 4390 se
2960 4331 3118 4392 sciat.
3171 4333 3352 4391 Aliter
3399 4340 3478 4390 ta-

1885 4429 2012 4470 men
2048 4413 2400 4474 benedicitur
2441 4419 2606 4490 Deus,
2657 4429 2712 4478 et
2766 4421 2928 4478 aliter
2966 4421 3241 4480 homines.
3296 4421 3480 4481 Unum

1884 4503 2106 4578 quidem
2141 4505 2547 4565 benedictionis
2597 4525 2800 4568 nomen
2847 4518 2950 4578 est,
2989 4512 3084 4569 sed
3131 4528 3231 4586 pro
3281 4514 3481 4570 merito

171 4610 523 4665 voluntatem
555 4608 653 4664 Dei
685 4608 890 4665 sanctis
939 4607 1220 4676 omnibus,
1255 4607 1350 4680 qui
1379 4616 1510 4664 sunt
1537 4608 1774 4680 Ephesi;

1891 4612 2128 4669 personae
2153 4597 2317 4656 debet
2345 4599 2616 4672 intelligi;
2646 4617 2774 4658 nam
2799 4609 2853 4659 et
2879 4601 3057 4659 facere
3077 4601 3286 4660 dicitur
3311 4603 3476 4675 Deus,

169 4707 232 4754 et
259 4695 516 4753 ﬁdelibus
545 4697 604 4752 in
645 4696 868 4754 Christo
897 4698 1046 4754 Jesu.
1089 4722 1108 4746 ›
1155 4695 1332 4753 Solito
1362 4711 1514 4753 more
1559 4696 1773 4768 scribit,

170 4787 487 4860 apostolum
515 4787 663 4843 enim
709 4804 766 4844 se
798 4803 915 4844 esse
944 4786 1154 4844 Christi
1181 4787 1312 4844 Iesu
1353 4786 1453 4844 Dei
1491 4787 1775 4845 voluntate

172 4884 425 4934 testatur.
479 4877 600 4934 Non
643 4877 823 4933 solum
871 4875 1130 4933 ﬁdelibus
1158 4876 1354 4934 scribit
1397 4876 1538 4949 (96),
1573 4875 1671 4932 sed
1719 4884 1774 4934 et

170 4966 415 5034 sanctis;
463 4973 526 5022 ut
570 4975 704 5024 tunc
731 4982 861 5024 vere
888 4965 1082 5024 ﬁdeles
1113 4966 1245 5035 sint,
1279 4965 1323 5022 si
1354 4964 1562 5022 fuerint
1597 4967 1772 5024 sancti

175 5057 239 5112 in
265 5054 486 5112 Christo
514 5057 660 5116 Jesu.
694 5058 846 5115 Bona
874 5057 1022 5114 enim
1037 5057 1154 5114 vita
1185 5063 1315 5113 tunc
1335 5055 1556 5129 prodest
1569 5072 1632 5113 ac
1658 5073 1774 5114 cre-

73 5221 79 5224 _
173 5143 333 5201 ditur
355 5154 562 5216 sancta,
593 5146 640 5203 si
671 5147 774 5203 sub
803 5145 1028 5202 nomine
1059 5144 1267 5202 Christi
1299 5143 1564 5202 habeatur
1594 5163 1608 5204 :
1641 5147 1772 5204 alio-

173 5234 276 5308 qui
331 5235 728 5292 contaminatio
758 5236 884 5306 erit,
937 5234 1066 5308 quia
1121 5233 1192 5292 ad
1246 5233 1509 5308 injuriam
1553 5235 1773 5309 proﬁcit

171 5324 459 5382 creatoris.

251 5413 436 5488 (Vers.
471 5415 553 5488 2.)
593 5439 611 5462 ι
642 5414 830 5472 Gratia
858 5413 1018 5472 vobis
1035 5421 1091 5471 et
1118 5429 1225 5488 pax
1257 5430 1289 5470 a
1331 5415 1444 5472 Deo
1473 5413 1632 5472 Patre
1661 5432 1771 5473 no-

254 5544 372 5617 (95)
430 5543 555 5602 Vet.
583 5545 738 5626 edit.,
770 5561 902 5626 Anon
965 5544 1076 5626 sine
1139 5544 1325 5616 eﬂ‘ectu
1384 5543 1766 5626 profectionis;

173 5619 339 5688 Rom.
374 5659 387 5672 .
424 5659 437 5672 .
476 5660 489 5673 .
525 5659 538 5673 .
576 5616 880 5688 profectus;
915 5617 1119 5688 miss.,.
1164 5660 1176 5674 .
1215 5660 1227 5674 .
1267 5662 1279 5674 .
1315 5659 1327 5674 .
1363 5659 1375 5672 .
1409 5616 1765 5688 perfectionis.

252 5687 370 5762 (96)
407 5689 545 5762 Rom
579 5687 708 5745 edit.
743 5689 1037 5762 prmmissis
1055 5687 1270 5745 duobus
1288 5688 1489 5762 primis
1515 5687 1765 5762 Apostoli

175 5759 431 5818 versibus
458 5759 536 5816 ita
585 5759 834 5829 resumit,
863 5761 1069 5818 Paulus
1095 5759 1363 5834 apostoius
1389 5759 1514 5818 Iesu
1548 5759 1764 5818 Christi.

499 5857 742 5918 PATROL.
783 5857 960 5917 XVII.

1884 4693 1939 4742 et
1980 4685 2236 4745 homines
2263 4688 2518 4748 faciunt:
2545 4689 2640 4747 sed
2669 4691 2813 4748 Deus
2854 4699 2995 4748 nutu
3017 4690 3134 4747 solo
3170 4690 3477 4766 impassibi-

1889 4775 2016 4832 liter
2044 4777 2213 4847 facit;
2265 4777 2518 4837 homines
2564 4789 2747 4837 autem
2787 4795 2975 4848 manu,
3015 4786 3236 4850 conatu,
3268 4779 3477 4850 labore,

1887 4865 2086 4923 sudore
2113 4867 2378 4926 efﬁciunt.
2409 4870 2556 4926 Deus
2603 4884 2731 4940 ergo
2778 4866 3150 4936 benedicitur,
3189 4883 3318 4928 cum
3363 4870 3476 4927 lau-

1887 4955 2049 5014 dibus
2077 4957 2259 5032 dignis
2287 4958 2575 5015 extollitur
2608 4975 2620 5014 :
2659 4955 2914 5014 homines
2931 4963 3116 5015 autem
3145 4957 3226 5017 sic
3254 4957 3478 5017 benedi-

1886 5054 1963 5112 cit
1982 5055 2145 5125 Deus,
2176 5063 2240 5112 ut
2268 5055 2476 5112 donum
2506 5050 2651 5110 232
2681 5055 2869 5130 gratim
2905 5070 3018 5113 sua:
3047 5055 3129 5113 eis
3172 5056 3478 5131 impertiat,

1887 5161 1998 5202 non
2025 5145 2324 5203 secundum
2354 5146 2552 5205 merita
2578 5161 2790 5216 eorum,
2838 5145 2934 5205 sed
2963 5145 3264 5206 secundum
3316 5150 3476 5206 mise-

1886 5234 2180 5292 ricordiam
2211 5250 2386 5292 suam.
2417 5236 2490 5292 Et
2517 5235 2644 5306 ideo
2670 5235 2818 5294 dixit
2846 5251 2862 5295 :
2907 5257 2929 5286 ι
2969 5236 3076 5307 Qui
3106 5252 3213 5295 nos
3237 5236 3478 5295 benedi-

1883 5323 1970 5380 xit
1999 5323 2058 5381 in
2090 5323 2475 5383 benedictione
2519 5326 2787 5401 spiritali;
2816 5351 2836 5379 ι
2887 5334 2952 5386 ιιι
2995 5325 3308 5386 ostenderet
3345 5341 3478 5400 per-

1884 5416 2081 5473 fectam
2130 5413 2571 5476 benedictionem
2616 5416 2737 5476 dari
2782 5417 3088 5478 mlestium
3129 5414 3480 5477 credentibus

1885 5542 2051 5598 Sol-ito
2080 5558 2224 5598 more
2270 5542 2470 5605 scribit.
2515 5587 2528 5600 .
2571 5587 2585 5602 .
2631 5587 2644 5603 .
2690 5589 2704 5603 .
2733 5542 3001 5600 voluntate
3052 5547 3289 5599 testatur.
3346 5541 3478 5600 Sam

1882 5615 1976 5673 etis
2000 5613 2524 5686 omnibus,quisunt.
2563 5657 2576 5674 .
2616 5658 2630 5672 .
2661 5617 2720 5672 in
2753 5613 2962 5673 Christo
2987 5612 3132 5671 Iesu.
3164 5614 3286 5674 Non
3305 5614 3480 5674 solum

1881 5686 2121 5757 ﬁdelibus
2151 5687 2357 5748 mea.

3163 5853 3231 5910 13
