3970 6366
521 383 626 444 395

1541 387 1637 443 AD
1677 385 1912 445 OPERA
1948 385 2006 444 S.
2046 385 2380 445 AMBROSII
2415 387 2795 447 APPENDIX.

3721 386 3836 448 396

521 512 576 568 in
628 509 870 579 Christo,
895 517 959 566 ut
1004 510 1154 583 pleni
1178 511 1289 568 sint
1310 512 1484 585 gloria
1531 511 1947 586 coelesti,supra
1968 519 2122 584 pote-
2147 517 2198 577 Α
2230 512 2387 581 toris,
2421 513 2489 568 ab
2527 530 2708 570 errore
2774 527 2936 586 quem
2995 517 3253 582 coeperat,
3320 519 3684 582 restauratur,
3741 531 3850 587 pro

519 608 686 658 states
732 600 982 668 subvecti
1029 602 1314 658 calorum.
1368 600 1506 669 Quia
1551 628 1568 649 ι
1614 601 1710 657 ubi
1759 617 1878 674 ego,
1915 601 2118 675 inquit,

519 706 631 759 ero,
664 687 780 745 illic
812 698 866 746 et
894 690 1149 746 minister
1179 707 1332 746 meus
1362 690 1467 746 erit
1507 691 1688 761 (Joan.
1713 708 1812 760 xn,
1848 691 1987 764 26).-

596 787 778 860 (Vers.
820 787 899 859 4.)
943 813 960 835 ε
1008 789 1163 846 Sicut
1209 790 1375 861 elegit
1406 808 1506 846 nos
1537 790 1592 846 in
1618 791 1734 863 ipso
1763 801 1888 848 ante
1926 792 2119 849 mundi

519 876 996 946 constitutionem,
1055 885 1115 933 ut
1171 895 1414 935 essemus
1469 881 1643 936 sancti
1695 889 1748 936 et
1777 881 2118 937 immaculati

519 984 704 1027 coram
755 985 818 1025 eo
856 969 913 1025 in
952 967 1243 1025 charitate.
1277 993 1294 1016 ι
1358 970 1622 1026 Prascius
1669 972 1917 1027 omnium
1975 974 2120 1028 Deus

520 1060 622 1117 scit
651 1061 743 1133 qui
775 1059 1042 1118 credituri
1074 1069 1257 1116 essent
1288 1060 1344 1115 in
1375 1060 1680 1128 Christum,
1712 1060 1855 1117 sicut
1883 1060 2020 1116 dicit
2051 1059 2118 1116 ad

518 1149 822 1206 Romanos:
886 1174 904 1197 ι
936 1149 1085 1217 Quos
1144 1151 1385 1223 prasciit
1435 1159 1488 1208 et
1534 1151 1758 1208 vocavit
1806 1169 1905 1207 nos
1937 1153 2115 1222 (Rom.

517 1254 639 1304 vm,
671 1237 756 1305 29,
790 1236 881 1308 30)
909 1257 922 1306 ;
958 1263 977 1287 »
1024 1257 1135 1295 non
1169 1241 1347 1296 solum
1379 1257 1446 1295 ex
1467 1241 1689 1310 Judais,
1724 1241 1819 1298 sed
1853 1241 2018 1297 etiam
2049 1256 2117 1294 ex

516 1327 786 1399 gentibus.
821 1327 969 1394 Quos
1007 1344 1134 1401 ergo
1164 1331 1310 1385 Deus
1332 1345 1528 1386 vocare
1580 1329 1806 1397 dicitur,
1858 1344 2118 1401 perseve-

514 1425 640 1473 rant
668 1416 727 1472 in
753 1416 859 1472 ﬁde
888 1435 898 1472 :
932 1416 991 1472 hi
1042 1426 1171 1474 sunt
1205 1435 1342 1491 quos
1379 1419 1545 1490 elegit
1589 1427 1714 1475 ante
1755 1418 2026 1474 mundum
2060 1417 2116 1472 in

515 1505 773 1576 Christo;
802 1513 865 1562 ut
895 1506 1006 1562 sint
1044 1507 1470 1563 incontaminati
1501 1524 1686 1564 coram
1719 1509 1831 1563 Deo
1862 1506 1920 1560 in
1977 1506 2118 1562 cha—

517 1596 697 1666 ritate,
724 1595 830 1653 hoc
860 1603 960 1665 est,
993 1604 1054 1652 ut
1089 1613 1244 1652 amor
1269 1596 1368 1653 Dei
1390 1605 1633 1652 sanctam
1661 1597 1778 1652 illis
1797 1595 1960 1651 faciat
1990 1612 2116 1652 con-

515 1687 901 1744 versationem.
926 1687 1098 1744 Nemo
1128 1687 1276 1742 enim
1326 1686 1525 1742 melius
1551 1685 1718 1743 alicui
1751 1683 2113 1756 obtemperat,

513 1792 676 1848 quam
697 1776 790 1849 qui
821 1793 889 1832 ex
919 1774 1186 1833 charitate
1211 1774 1552 1849 obsequitur.

2230 618 2379 666 certo
2411 608 2616 665 habens
2645 617 2942 664 creatorem
2987 622 3150 662 suum
3193 621 3366 662 unum
3400 623 3515 663 esse
3544 609 3726 664 Deum
3788 618 3850 664 et

2229 697 2549 754 Dominum.
2583 698 2723 756 Hinc
2759 706 2840 754 est
2863 696 3011 753 unde
3039 703 3091 751 et
3119 694 3356 752 Joannes
3383 696 3442 753 in
3485 698 3846 771 Apocalypsi

2230 791 2396 849 dicit:
2437 817 2454 838 ε
2487 793 2617 848 Vidi
2647 791 2878 848 Michael
2919 799 2972 848 et
3017 790 3238 863 angelos
3287 789 3406 862 ejus
3441 791 3499 847 in
3549 793 3693 849 calo
3743 809 3847 865 pu-

2231 900 2394 954 gnare
2415 901 2540 941 cum
2570 885 2808 942 dracone
2840 893 2893 941 et
2923 902 3045 941 cum
3081 883 3334 940 exercitu
3364 883 3482 956 ejus
3505 886 3698 957 (Apoc.
3733 902 3844 954 xu,

2233 973 2309 1042 7).
2349 999 2366 1021 ι
2410 975 2536 1031 Hac
2584 976 2945 1048 repugnantia
2974 974 3181 1048 partim
3205 973 3273 1030 de
3293 991 3475 1032 errore
3498 983 3600 1044 est,
3628 977 3842 1050 partim

2231 1061 2297 1118 de
2319 1073 2594 1136 usurpata
2625 1067 2937 1138 tyrannidis
2967 1066 3422 1139 praesumptione.

2303 1153 2580 1224 (Vers.“,
2618 1156 2732 1226 l2.)
2769 1180 2787 1201 ι
2823 1157 2884 1211 In
2914 1173 3022 1229 quo
3049 1163 3101 1211 et
3138 1171 3239 1211 nos
3259 1156 3445 1212 sortiti
3467 1175 3659 1215 sumus
3686 1160 3836 1232 (98),

2227 1243 2600 1314 prax'lestinati
2643 1245 2948 1300 secundum
2994 1245 3337 1317 propositum
3392 1248 3513 1316 Dei,
3558 1248 3656 1321 qui
3707 1249 3840 1305 uni-

2229 1350 2385 1389 versa
2410 1335 2619 1390 creavit
2651 1335 2954 1392 secundum
2987 1335 3283 1392 consilium
3315 1338 3625 1394 voluntatis
3676 1355 3832 1406 sua;

2227 1434 2289 1482 ut
2322 1428 2496 1482 simus
2517 1428 2574 1482 in
2598 1428 2819 1483 laudem
2851 1428 3038 1499 gloria
3065 1426 3184 1498 ejus
3213 1444 3336 1495 nos,
3388 1431 3484 1504 qui
3525 1440 3652 1488 ante
3708 1449 3832 1505 spe-

2229 1515 2475 1572 ravimus
2531 1517 2586 1571 in
2629 1517 2923 1575 Christo.»
2982 1517 3097 1573 Iloc
3143 1525 3242 1585 est,
3296 1520 3443 1590 quod
3504 1520 3664 1590 dicit,
3698 1521 3834 1594 quia

2227 1605 2562 1678 dispensatio
2609 1606 3021 1678 pradicationis
3080 1607 3167 1662 bis
3217 1607 3432 1666 decreta
3488 1618 3627 1666 esta
3686 1613 3829 1682 Deo,

2229 1699 2322 1769 qui
2356 1716 2424 1754 ex
2445 1700 2649 1756 Judais
2678 1699 3032 1757 crediderunt
3066 1700 3122 1754 in
3154 1699 3456 1758 Christum.
3500 1702 3656 1759 Unde
3689 1706 3833 1761 nul-

2228 1789 2312 1846 lus
2342 1807 2409 1846 ex
2440 1791 2695 1863 gentibus
2719 1792 2786 1848 ad
2817 1790 3178 1863 apostolatum
3210 1792 3412 1848 electus
3441 1799 3558 1857 est;
3590 1790 3830 1863 dignum

585 1863 766 1937 (Vers.
804 1865 886 1938 5.)
938 1891 956 1913 ‹
980 1865 1384 1920 Pradestinans
1414 1881 1514 1919 nos
1559 1863 1618 1918 in
1645 1859 2000 1934 adOptionem
2030 1860 2109 1915 ﬁ-

2226 1878 2369 1934 enim
2401 1888 2515 1936 erat
2544 1881 2724 1938 exhis
2749 1882 2877 1954 eligi
2919 1882 3320 1954 pradicatores,
3367 1881 3462 1955 qui
3511 1889 3640 1938 ante
3693 1899 3831 1955 spe-

513 1953 716 2009 liorum
742 1970 838 2026 per
865 1954 1054 2009 Jesum
1091 1951 1375 2011 Christum
1407 1950 1468 2007 in
1515 1951 1718 2024 ipsum.
1745 1977 1762 1998 ι
1812 1950 1928 2006 Hoc
1978 1947 2114 2005 dicit

513 2039 826 2096 decrevisse
857 2043 1056 2109 Deum,
1086 2049 1148 2097 ut
1177 2041 1464 2097 credentes
1494 2040 1551 2094 in
1584 2038 1866 2096 Christum
1893 2037 2113 2109 adopta-

514 2137 705 2186 rentur
733 2130 791 2186 in
824 2130 970 2186 ﬁlios
1006 2131 1188 2200 aDeo,
1217 2138 1270 2186 et
1297 2139 1461 2204 caput
1487 2129 1730 2205 ipsorum
1761 2129 1831 2186 sit
1862 2128 2114 2188 Christus

515 2238 678 2278 verus
706 2222 805 2280 Dei
827 2221 1023 2278 Filius.

589 2319 768 2394 (Vers.
793 2321 873 2393 6.)
925 2345 943 2367 ι
982 2319 1292 2378 Secundum
1341 2318 1603 2392 placitum
1655 2317 1959 2375 voluntatis
2001 2332 2112 2373 sua

514 2413 572 2469 in
603 2410 821 2468 laudem
853 2410 1122 2466 claritatis
1149 2427 1258 2466 sua
1291 2409 1428 2481 (97).
1463 2435 1481 2458 ι
1525 2409 1652 2464 Tale
1677 2407 1942 2480 placitum
1971 2406 2112 2463 dicit

511 2504 686 2559 Deum
720 2499 1008 2566 habuisse;
1039 2505 1100 2553 ut
1127 2498 1196 2553 ad
1226 2497 1440 2553 laudem
1472 2495 1743 2554 claritatis
1775 2495 1894 2567 ejus
1944 2493 2107 2566 proﬁ-

513 2599 660 2647 ceret
715 2587 888 2661 gratia
947 2587 1074 2643 data
1103 2585 1458 2652 hominibus;
1493 2593 1555 2640 ut
1585 2585 1732 2640 salus
1766 2591 1952 2638 nostra
1999 2583 2109 2654 glo-

511 2679 593 2735 ria
619 2677 718 2735 Dei
767 2677 857 2733 sit.
935 2701 952 2724 ‹
977 2675 1098 2744 Qua
1149 2673 1478 2747 gratiﬁcavit
1520 2690 1621 2730 nos
1650 2673 1707 2728 in
1739 2671 1944 2728 dilecto
1966 2673 2109 2727 Filio

510 2785 629 2825 suo.
658 2792 675 2816 ι
727 2768 875 2824 Deus
903 2766 1063 2823 nobis
1085 2764 1312 2838 gratiam
1341 2763 1514 2833 dedit,
1550 2771 1772 2837 propter
1802 2762 1950 2834 quod
1981 2779 2108 2820 cre-

509 2858 755 2916 didimus
780 2858 838 2914 in
887 2857 1093 2914 Filium
1145 2857 1262 2929 ejus
1314 2856 1596 2914 Christum
1639 2874 1652 2923 ;
1688 2855 1928 2927 diligens
1958 2853 2103 2910 enim

510 2953 860 3028 unigenitum
897 2969 1081 3022 suum,
1111 2951 1447 3009 amatoribus
1476 2951 1593 3024 ejus
1638 2951 1830 3009 divina
1880 2967 2108 3007 munera

511 3043 763 3116 largitur.

585 3143 768 3214 (Vers.
803 3143 882 3214 7.)
926 3165 945 3191 ι
973 3157 1010 3198 n
1054 3159 1162 3215 quo
1208 3140 1478 3197 habemus
1522 3137 1961 3211 redemptionem
1993 3153 2089 3210 per

2225 1984 2484 2032 raverunt
2515 1977 2768 2045 salutem,
2799 1991 2920 2049 qua
2966 1975 3080 2032 illis
3112 1977 3377 2048 promissa
3400 1983 3516 2033 erat
3549 1975 3610 2031 in
3649 1975 3832 2034 Chri-

2224 2077 2328 2126 sto.

2299 2165 2480 2235 (Vers.
2520 2164 2604 2232 l3,
2636 2163 2748 2235 14.)
2795 2189 2815 2213 ‹
2861 2165 2922 2220 In
2969 2182 3077 2238 quo
3106 2172 3160 2221 et
3200 2181 3320 2232 vos,
3352 2181 3480 2220 cum
3529 2163 3828 2220 audissetis

2224 2254 2452 2308 verbum
2477 2252 2727 2309 veritatis
2747 2253 3034 2325 Evangelii
3059 2254 3254 2308 salutis
3283 2258 3496 2317 vestra,
3531 2249 3823 2307 credentes

2223 2342 2421 2415 signati
2459 2342 2589 2398 estis
2629 2343 2839 2414 Spiritu
2886 2341 3268 2414 promissionis
3311 2348 3538 2407 sancto;
3582 2340 3680 2414 qui
3737 2349 3824 2398 est

2219 2431 2413 2503 pignus
2445 2431 2781 2487 hareditatis
2807 2440 3028 2499 nostra,
3058 2431 3116 2487 in
3156 2429 3592 2501 redemptionem
3623 2431 3816 2502 acqui-

2221 2522 2462 2590 sitionis,
2497 2522 2555 2577 in
2582 2522 2799 2577 laudem
2831 2521 3017 2594 gloria
3050 2521 3245 2593 ipsius.
3278 2545 3296 2568 ι
3339 2521 3482 2575 Laus
3497 2519 3688 2591 gloria
3721 2522 3828 2577 Dei

2218 2619 2318 2679 est,
2351 2628 2477 2667 cum
2523 2611 2686 2666 multi
2729 2611 3094 2683 acquiruntur
3137 2609 3205 2665 ad
3251 2609 3417 2665 ﬁdem
3468 2609 3610 2679 (99),
3673 2609 3824 2667 sicut

2219 2701 2392 2772 gloria
2421 2699 2623 2756 medici
2651 2707 2752 2768 est,
2802 2700 2849 2756 si
2894 2701 3100 2756 multos
3132 2707 3307 2756 curet.
3341 2697 3576 2770 Ideoque
3605 2697 3675 2754 ad
3702 2697 3818 2770 glo-

2218 2791 2355 2847 riam
2403 2791 2503 2848 Dei
2543 2789 2798 2864 pertinet,
2855 2789 2984 2862 quia
3015 2798 3200 2862 gentes
3229 2788 3468 2857 vocavit,
3510 2796 3572 2844 ut
3619 2788 3818 2847 salutis

2217 2905 2327 2944 sua
2347 2888 2612 2945 medelam
2665 2895 3134 2960 consequerentur
3170 2902 3266 2959 per
3292 2885 3454 2942 ﬁdem
3485 2887 3814 2959 promissam

2215 2982 2437 3051 Judais,
2461 2983 2679 3054 signum
2711 2982 2976 3038 habentes
2998 2981 3398 3054 redemptionis
3425 2990 3585 3054 atque
3643 2980 3816 3040 hare-

2215 3077 2407 3134 ditatis
2456 3078 2684 3145 futura,
2727 3075 2997 3148 Spiritum
3042 3083 3289 3133 sanctum
3342 3076 3532 3133 datum
3563 3083 3688 3149 post
3716 3076 3806 3134 ba-

2214 3169 2496 3241 ptismum.
2521 3167 2808 3239 Redempti
2830 3167 2978 3223 enim
3011 3167 3251 3225 haredes
3277 3167 3547 3240 designati
3580 3175 3734 3238 sunt,
3767 3169 3814 3226 si

513 3232 835 3330 993“in
866 3232 1060 3330 i_PSi“3_’
1098 3247 1476 3330 “fmiss‘onefn
1510 3237 1879 3330 Ρθθθδξοτ
1908 3252 1925 3277 ’
1995 3230 2105 3285 Du'
2135 3256 2179 3316 C
2215 3258 2270 3314 in
2296 3259 2704 3330 regeneratione
2735 3258 3075 3329 perdurent;
3111 3265 3172 3312 ut
3207 3255 3344 3312 ﬁdes
3362 3255 3540 3328 prima
3563 3256 3812 3326 veniam,

512 3323 710 3396 plicem
739 3323 986 3396 {gratiam
1027 3321 1236 3394 ﬂagitat
1267 3339 1280 3388 ;
1337 3320 1467 3393 quia
1497 3327 1550 3375 et
1600 3317 1833 3375 redemit
1856 3335 1956 3374 nos
1984 3333 2103 3374 san-

509 3413 673 3484 guine
702 3429 822 3481 suo,
853 3419 908 3468 et
953 3418 1178 3484 peccata
1205 3408 1366 3466 nobis
1407 3426 1522 3466 non
1557 3407 1874 3481 imputavit,
1899 3407 1955 3464 id
2000 3415 2102 3477 est,

506 3505 739 3563 redemit
765 3514 820 3562 et
849 3504 1196 3562 manumisit.

580 3606 763 3677 (Vers.
790 3603 872 3673 8.)
919 3627 939 3652 ι
968 3602 1283 3658 Secundum
1319 3603 1549 3661 divitias
1592 3603 1780 3675 gratia
1819 3617 1950 3669 sua,
1983 3615 2106 3673 qua

506 3689 976 3764 superabundavit
1005 3690 1064 3745 in
1093 3691 1276 3756 nobis,
1300 3692 1357 3748 in
1387 3694 1542 3748 omni
1571 3691 1843 3764 sapientia
1880 3700 1934 3748 et
1962 3707 2107 3762 pru-

506 3782 714 3839 dentia.
749 3805 768 3829 ν
829 3779 1002 3836 Addit
1031 3779 1099 3835 ad
1147 3781 1375 3852 gratiam
1406 3800 1419 3847 ;
1475 3782 1603 3854 quia
1632 3789 1755 3853 post
1801 3797 1964 3853 supra
1997 3796 2106 3836 me-

507 3881 720 3932 morata
745 3872 1013 3930 beneﬁcia
1060 3871 1269 3929 donum
1319 3874 1528 3931 accedit
1559 3873 1840 3946 sapientia
1882 3881 1937 3929 et
1982 3889 2107 3944 pru-

508 3965 710 4022 dentia
737 3981 921 4021 rerum
952 3963 1350 4037 spiritualium.

582 4065 766 4137 (Vers.
796 4065 852 4134 9,
877 4063 992 4136 10.)
1033 4088 1051 4112 ι
1074 4065 1144 4121 Ut
1174 4073 1367 4120 notum
1391 4066 1549 4122 nobis
1583 4065 1748 4122 faciat
1777 4064 2105 4137 mysterium

463 4165 467 4170 ‘
507 4153 812 4210 voluntatis
853 4170 984 4222 sua,
1054 4151 1216 4225 juxta
1258 4153 1664 4228 beneplacitum
1727 4171 1909 4222 suum,
1958 4152 2106 4225 quod

507 4243 796 4316 proposuit
846 4242 905 4298 in
954 4259 1101 4312 eum,
1151 4243 1209 4298 in
1263 4243 1726 4316 dispensationem
1749 4248 1894 4307 233
1935 4241 2106 4298 adim-

507 4340 768 4414 pletionis
797 4347 1140 4411 temporum;
1174 4349 1486 4397 restaurans
1519 4341 1707 4397 omnia
1738 4339 1795 4396 in
1855 4339 2101 4406 Christo,

507 4445 628 4504 qua
649 4430 707 4484 in
736 4429 890 4486 calis
919 4439 1128 4497 sunt,et
1157 4447 1277 4502 qua
1300 4430 1354 4484 in
1385 4439 1578 4486 terra.»
1599 4431 1713 4485 Hoc
1739 4429 1950 4501 placuit
1968 4429 2101 4496 Deo,

504 4518 665 4590 cujus
719 4519 1015 4574 consilium
1061 4518 1348 4575 retractari
1393 4534 1504 4574 non
1550 4526 1729 4590 potest
1772 4536 1783 4574 :
1822 4526 1883 4574 ut
1926 4524 2104 4572 osten-

2214 3362 2402 3412 sancta
2427 3369 2560 3410 vero
2589 3351 2936 3409 conversatio
2975 3352 3277 3426 perdurans
3321 3366 3446 3407 cum
3493 3349 3622 3420 ﬁde,
3657 3367 3812 3408 coro-

2213 3459 2341 3500 nam
2364 3450 2660 3499 mereatur.

2288 3531 2470 3604 (Vers.
2507 3533 2593 3600 15,
2629 3531 2744 3602 16.)
2792 3558 2809 3581 ι
2839 3531 3133 3604 Propterea
3153 3535 3206 3584 et
3235 3544 3354 3602 ego,
3373 3528 3561 3587 audita
3590 3529 3700 3588 ﬁde
3723 3548 3815 3590 ve.

2215 3629 2328 3678 stra
2357 3625 2415 3677 in
2445 3621 2684 3678 Domino
2711 3622 2858 3691 Jesu,
2891 3629 2944 3678 et
2959 3617 3256 3677 dilectione
3287 3618 3343 3674 in
3367 3635 3558 3676 omnes
3572 3629 3811 3691 sanctos,

2215 3727 2327 3766 non
2366 3726 2517 3766 cesso
2543 3711 2744 3781 gratias
2789 3709 3002 3782 agendo
3054 3725 3154 3780 pro
3191 3705 3371 3776 vobis,
3405 3724 3813 3767 commemora-

2215 3801 2422 3855 tionem
2455 3799 2622 3855 vestri
2658 3800 2834 3856 l‘acere
2862 3799 2918 3854 in
2945 3796 3292 3854 orationibus
3307 3797 3464 3855 meis.
3492 3822 3510 3844 ι
3540 3797 3811 3865 Quoniam

2209 3889 2372 3961 juxta
2413 3889 2696 3946 decretum
2741 3888 2863 3958 Dei,
2895 3905 3004 3962 quo
3062 3886 3257 3944 statuit
3296 3895 3482 3959 gentes
3518 3887 3814 3962 participes

2214 3976 2332 4032 ﬁeri
2357 3977 2740 4049 promissionis
2779 3977 3116 4044 Judaorum,
3148 3974 3336 4032 audito
3365 3975 3591 4049 Ephesii
3642 3977 3813 4035 verbo

2214 4065 2336 4132 Dei,
2388 4073 2746 4136 susceperunt
2793 4065 2958 4122 ﬁdem
3009 4063 3239 4133 Christi,
3293 4063 3585 4136 diligentes
3620 4081 3813 4123 omnes

2215 4162 2454 4223 sanctos,
2493 4155 2637 4211 sicut
2692 4154 2978 4212 mandavit
3025 4152 3329 4221 Dominus;
3373 4151 3476 4209 hac
3503 4169 3667 4210 causa
3697 4155 3812 4210 Deo

2217 4242 2419 4314 gratias
2465 4244 2577 4313 agit
2634 4261 2732 4316 pro
2771 4244 3131 4300 conversione
3169 4251 3223 4299 et
3266 4242 3535 4300 charitate
3591 4260 3810 4314 eorum,

2214 4331 2308 4404 qui
2344 4330 2600 4403 dignatus
2630 4341 2710 4387 est
2743 4341 2930 4406 gentes
2963 4348 3360 4405 concorporare
3385 4332 3608 4388 Judais.

2291 4421 2471 4489 (Vers.
2503 4421 2588 4488 17,
2624 4423 2832 4494 18,19.)
2876 4445 2895 4470 ι
2921 4423 2989 4479 Ut
3015 4425 3160 4479 Deus
3197 4421 3422 4478 Domini
3458 4422 3634 4478 nostri
3681 4422 3814 4479 Jesu

2215 4512 2448 4582 Christi,
2476 4514 2635 4568 Pater
2653 4513 2942 4582 claritatis,
2974 4514 3066 4570 det
3104 4513 3266 4571 vobis
3295 4513 3555 4586 spiritum
3597 4513 3813 4586 sapien-

504 4608 657 4665 deret
702 4608 759 4663 in
796 4608 1018 4665 Christo
1067 4609 1397 4680 mysterium
1442 4609 1748 4664 voluntatis
1805 4624 1915 4663 sua
1969 4613 2104 4662 tem-
2132 4617 2182 4677 D
2216 4602 2308 4657 tia
2337 4611 2392 4657 et
2448 4603 2804 4660 revelationis
2869 4602 2927 4658 in
2974 4603 3255 4676 agnitione
3280 4603 3418 4676 ejus,
3468 4603 3817 4662 illuminatos

505 4716 655 4772 pore,
684 4715 793 4772 quo
818 4699 1049 4756 revelari
1082 4699 1222 4754 illud
1264 4698 1444 4755 voluit
1473 4699 1532 4754 in
1588 4699 1926 4772 agnitionem
1955 4713 2104 4754 crea-

505 4800 663 4846 tura.
692 4789 963 4846 Voluntas
983 4798 1166 4846 autem
1190 4789 1308 4861 ejus
1338 4789 1455 4846 hac
1493 4789 1622 4858 fuit,
1645 4798 1706 4845 ut
1735 4797 1870 4846 tunc
1922 4788 2104 4862 propi-

506 4878 618 4933 tius
649 4876 803 4934 ﬁeret
827 4877 1206 4953 omnibus,qui
1242 4879 1299 4934 in
1324 4895 1507 4934 errore
1535 4879 1833 4947 erant,sive
1852 4879 1908 4933 in
1929 4877 2102 4946 caelis,

508 4967 625 5022 sive
656 4965 715 5022 in
735 4969 1149 5042 terris,quando
1179 4969 1460 5028 Christum
1484 4969 1861 5026 manifestavit
1881 4969 1986 5024 hoc
2012 4970 2104 5025 do-

511 5071 647 5110 num
677 5070 794 5111 esse
823 5058 1189 5128 credentium,
1215 5076 1283 5114 ne
1313 5060 1426 5116 illis
1450 5060 1858 5132 imputarentur
1887 5069 2107 5131 peccata

508 5143 940 5216 suscipientibus
1014 5146 1180 5204 ﬁdem
1205 5147 1432 5205 Christi.
1465 5149 1660 5204 Omnis
1703 5165 1831 5221 ergo
1859 5156 2110 5204 creatura

508 5233 566 5288 in
591 5233 748 5290 calis
775 5240 830 5290 et
857 5234 914 5290 in
945 5239 1128 5306 terris,
1155 5236 1286 5292 dum
1321 5238 1488 5294 discit
1507 5239 1843 5310 agnitionem
1876 5237 2104 5306 Christi,

512 5329 854 5380 restauratur
898 5325 968 5380 ad
1011 5325 1069 5380 id
1103 5323 1250 5396 quod
1285 5332 1367 5380 est
1400 5326 1640 5382 condita.
1674 5327 1812 5384 Cum
1864 5326 2012 5383 enim
2039 5326 2107 5382 ad

513 5412 678 5468 unius
711 5412 810 5469 Dei
833 5411 999 5468 ﬁdem
1032 5411 1324 5479 imbuitur,
1355 5412 1577 5483 cognito
1623 5414 1886 5487 mysterio
1925 5414 2108 5471 Salva-

552 5530 1101 5614 ..(97)'R9m.edit.,
1155 5532 1447 5614 Secundum
1491 5532 2111 5614 beneplacitum...._cla—

507 5607 690 5682 vitatis
712 5607 903 5684 gratia
930 5618 1038 5657 sua:
1053 5619 1075 5668 ;
1102 5610 1212 5658 vet.
1246 5619 1469 5684 ac_mss.
1498 5607 1641 5684 inter
1667 5623 1727 5684 se
1750 5609 2108 5684 conveniunt,

509 5673 617 5802 nlilsi
648 5673 814 5802 ἐἷρά
867 5673 1064 5729 horum
1123 5674 1379 5732 nonnulli
1435 5690 1534 5745 pro
1589 5678 1852 5734 claritatis
1877 5673 2112 5738 eﬁ‘erunt

509 5759 540 5805 ο
582 5759 661 5804 an
748 5761 814 5800 ιε.

2215 4694 2416 4751 habere
2443 4697 2635 4752 oculos
2662 4696 2846 4752 cordis
2874 4696 3082 4764 vestri;
3116 4696 3185 4753 ad
3223 4696 3329 4754 hoc
3367 4705 3430 4753 ut
3466 4696 3652 4768 sciatis
3689 4711 3815 4769 qua

2215 4785 2288 4840 sit
2311 4801 2432 4856 spes
2460 4787 2768 4842 vocationis
2797 4784 2936 4857 ejus,
2979 4793 3034 4841 et
3069 4801 3189 4858 qua
3227 4785 3442 4843 divitia
3472 4785 3814 4843 hareditatis

2217 4875 2403 4946 gloria
2440 4874 2558 4946 ejus
2609 4875 2667 4929 in
2711 4873 2934 4930 sanctis.
2972 4899 2991 4923 ι
3032 4875 3383 4932 Manifestum
3422 4882 3502 4931 est
3529 4874 3657 4949 quia
3688 4872 3815 4930 ideo

2216 4980 2272 5020 se
2310 4981 2464 5020 orare
2503 4964 2639 5020 dicit
2671 4981 2770 5036 pro
2791 4962 2890 5032 eis,
2919 4971 2981 5019 ut
3009 4963 3138 5022 ﬁdei
3165 4982 3277 5021 sua
3307 4981 3457 5038 spem
3473 4971 3815 5037 cognoscant

2217 5054 2274 5109 in
2306 5055 2746 5111 remuneratione
2774 5056 3020 5124 coelesti;
3064 5055 3195 5130 quia
3218 5073 3346 5114 cum
3385 5058 3544 5130 plene
3580 5055 3814 5113 scierint

2216 5151 2310 5223 qui
2349 5151 2562 5206 fructus
2595 5159 2675 5208 est
2697 5152 3060 5220 credentium,
3080 5154 3464 5226 propensiores
3494 5152 3625 5208 ﬁent
3663 5152 3815 5209 circa

2216 5239 2573 5296 excolendam
2625 5242 2968 5314 religionem.
3015 5244 3131 5300 Jam
3189 5243 3337 5299 enim
3385 5243 3442 5297 in
3491 5241 3814 5314 hujusmodi

2217 5330 2494 5404 profectus
2551 5332 2668 5388 fore
2720 5334 2963 5402 videtur,
3029 5333 3157 5407 quia
3196 5334 3242 5390 si
3299 5341 3590 5406 antequam
3633 5333 3816 5388 sciant

2216 5420 2601 5492 promissionis
2630 5420 2880 5493 gloriam,
2930 5431 3041 5478 tam
3073 5423 3261 5480 devoti
3301 5431 3462 5490 sunt;
3495 5421 3816 5496 propensio-

2291 5537 2409 5683 (9Θέ
2439 5538 2596 5594 Rom.
2630 5536 2788 5604 edit.,
2828 5544 2875 5592 et
2905 5555 2998 5594 nos
3021 5547 3160 5596 sorte
3196 5539 3466 5596 constituti
3495 5556 3701 5597 sumus.

2292 5610 2384 5681 (99
2447 5610 2576 5670 Mss.
2625 5610 2905 5681 nonnulli,
2954 5627 3073 5669 cum
3116 5613 3272 5670 multi
3298 5618 3628 5669 concurrunt
3655 5631 3701 5669 at

2218 5610 2409 5735 (185,99)
2447 5610 2576 5670 Mss.
2625 5610 2905 5681 nonnulli,
2954 5627 3073 5669 cum
3116 5613 3272 5670 multi
3298 5618 3628 5669 concurrunt
3655 5613 3811 5685 adﬁ-
