3970 6398
180 391 285 456 397

1255 405 1614 467 COMMENT.
1657 410 1728 467 ΙΝ
1764 409 1982 470 EPIST.
2025 414 2122 471 AD
2157 414 2405 474 EPHES.

3363 423 3470 486 398

182 542 266 583 res
306 527 440 586 ﬁent
491 530 820 599 necessario,
875 546 1002 588 cum
1055 532 1436 604 cognoverint.
1495 533 1782 593 Claritatis
1805 540 1857 600 Α
1893 555 2019 595 nem
2068 539 2371 597 Ecclesiam
2419 541 2628 613 dicens,
2659 546 2975 603 summatim
3003 556 3184 606 totum
3211 567 3472 626 compre-

182 621 366 673 tamen
425 617 507 690 (1)
556 619 772 676 Patrem
815 627 978 678 vocat
1021 621 1216 689 Deum,
1251 628 1305 677 et
1335 620 1540 680 Christi
1571 625 1768 694 Deum,

179 719 306 761 cum
356 723 521 764 verus
565 708 725 764 Pater
755 708 961 768 Christi
992 710 1064 765 sit
1091 711 1257 772 Deus.
1297 718 1350 767 et
1379 713 1525 768 Deus
1550 722 1776 770 creatu-

179 811 273 852 rae.
318 797 423 853 Sed
471 805 525 853 et
583 798 696 871 ipse
742 799 1013 857 Dominus
1044 798 1234 857 eadem
1264 799 1436 858 dicit:
1484 802 1678 861 «Vado
1706 803 1774 861 ad

177 884 396 942 Patrem
445 904 627 943 meum
677 897 729 944 et
760 889 976 946 Patrem
1007 898 1273 958 vestrum,
1305 893 1479 948 Deum
1509 909 1692 949 meum
1722 901 1776 950 et

175 973 355 1030 Deum
391 983 634 1032 vestrum
669 978 850 1049 (Joan.
885 995 984 1047 xx,
1031 979 1142 1051 17).
1179 1006 1197 1028 ι
1241 980 1433 1037 Totius
1461 997 1588 1054 ergo
1615 982 1774 1038 clari-

174 1065 311 1120 tatis
365 1065 526 1121 Pater
555 1075 635 1122 est
669 1084 682 1134 ;
717 1068 843 1140 quia
884 1069 950 1123 ab
982 1069 1100 1142 ipso
1131 1078 1210 1126 est
1241 1071 1422 1126 omnis
1450 1070 1688 1139 claritas,
1721 1079 1775 1127 et

176 1161 438 1225 potestas,
469 1163 522 1211 et
576 1155 834 1228 dignitas.
876 1158 973 1214 Est
1004 1167 1056 1214 et
1086 1159 1246 1216 Pater
1273 1158 1502 1230 Christi,
1540 1161 1633 1218 sed
1662 1161 1776 1217 ali-

175 1249 299 1310 ter;
361 1245 490 1316 quia
536 1243 628 1301 hic
685 1263 851 1303 verus
898 1248 1074 1306 Filius
1104 1257 1205 1318 est,
1239 1259 1292 1307 et
1328 1252 1475 1308 Deus
1501 1251 1773 1319 omnium,

176 1329 272 1386 sed
322 1348 434 1388 non
465 1332 538 1388 ita
581 1333 789 1392 Christi
820 1336 964 1393 Deus
994 1347 1094 1394 est.
1129 1338 1219 1396 Sic
1249 1340 1396 1396 enim
1427 1343 1574 1397 Deus
1603 1340 1775 1398 Chri-

177 1418 248 1475 sti
283 1428 362 1476 est
391 1441 404 1488 ;
437 1421 565 1495 quia
602 1424 744 1481 Deus
776 1425 843 1481 de
873 1427 986 1483 Deo
1016 1426 1272 1485 Christus
1300 1438 1416 1486 est:
1449 1439 1772 1488 caeterorum

174 1521 358 1568 autem
407 1514 552 1570 Deus
599 1524 679 1572 est
734 1534 899 1574 causa
943 1519 1190 1589 terroris,
1232 1520 1375 1577 sicut
1407 1522 1522 1596 ipse
1550 1522 1686 1579 dicit
1715 1522 1773 1577 in

177 1601 447 1659 Malachia
488 1605 788 1679 prepheta:
841 1634 858 1658 ε
889 1609 946 1664 Si
976 1611 1123 1667 Deus
1153 1627 1251 1685 ego
1280 1627 1424 1679 sum,
1456 1611 1552 1668 ubi
1581 1620 1662 1669 est
1695 1611 1775 1668 ti-

177 1707 300 1747 mor
328 1709 484 1750 meus
517 1696 735 1767 (Malae.
762 1715 801 1766 ι,
833 1698 890 1770 6)
925 1699 952 1755 ?
985 1725 1002 1747 ι

251 1781 432 1855 (Vers.
482 1785 573 1855 20,
623 1787 740 1858 21.)
798 1813 814 1834 ι
846 1787 917 1844 Et
946 1804 1064 1860 qua
1095 1797 1176 1844 est
1205 1776 1422 1847 excelsa
1456 1787 1774 1862 magnitudo

1884 628 2100 699 hendit,
2141 631 2288 704 quod
2325 630 2384 687 in
2413 633 2554 688 coelo
2585 640 2665 688 est
2703 641 2757 689 et
2794 633 2852 689 in
2880 643 3052 704 terra;
3083 646 3146 694 ut
3174 639 3232 694 in
3263 657 3468 700 novum

1883 718 2165 776 hominem
2198 721 2442 778 membra
2470 721 2586 795 ejus
2613 723 2940 794 efﬁciantur,
2978 726 3110 783 dum
3140 728 3474 788 conﬁtentur

1885 807 2036 866 hunc
2064 826 2204 878 esse,
2235 827 2332 883 per
2349 827 2510 883 quem
2549 812 2681 870 facti
2711 829 2743 868 a
2769 815 2883 871 Deo
2909 823 3058 872 sunt.
3092 816 3475 890 Subjiciuntur

1885 896 2033 952 enim
2064 896 2150 953 illi
2181 899 2336 970 quasi
2367 900 2533 972 capiti
2563 901 2827 972 membra,
2859 918 2929 958 ex
2955 919 3064 977 quo
3094 903 3323 963 trahunt
3350 907 3476 964 ori-

1885 985 2103 1058 ginem;
2154 993 2216 1042 ut
2254 988 2442 1044 omnia
2487 987 2546 1045 in
2593 991 2852 1048 omnibus
2877 994 3304 1066 adimpleantur.
3334 996 3473 1055 Cum

1883 1077 2034 1132 enim
2088 1077 2322 1150 regressi
2375 1079 2584 1135 fuerint
2630 1081 2698 1138 ad
2727 1083 3129 1140 confessionem
3159 1087 3326 1142 unius
3351 1086 3473 1156 Dei,

1883 1163 2164 1222 ﬂectentes
2209 1183 2352 1238 genu
2389 1168 2632 1238 Christo,
2680 1170 3014 1244 adimpletur
3040 1173 3099 1229 in
3129 1174 3387 1232 omnibus
3414 1185 3478 1233 ut

1884 1253 1955 1309 sit
1987 1255 2194 1322 omnia,
2228 1255 2357 1329 quia
2384 1257 2452 1313 ab
2481 1258 2600 1330 ipso
2629 1267 2795 1328 sunt;
2826 1276 2892 1318 ac
2917 1278 3014 1334 per
3040 1261 3146 1319 hoc
3173 1262 3289 1335 ipse
3309 1263 3368 1320 in
3397 1265 3477 1321 eis

1883 1351 1985 1411 est,
2043 1345 2173 1418 quia
2202 1346 2413 1403 virtute
2442 1346 2560 1420 ejus
2596 1348 2905 1405 subsistunt
2935 1367 2950 1418 ;
2984 1350 3296 1408 recedentes
3325 1353 3474 1409 enim

1884 1447 1915 1486 a
1939 1434 2072 1502 Deo,
2104 1450 2368 1493 evacuare
2399 1437 2560 1493 illum
2590 1437 2876 1495 videntur.
2902 1438 3058 1496 Unde
3094 1439 3204 1496 alio
3233 1441 3353 1498 loco
3380 1439 3478 1496 di-

1883 1522 1986 1577 cit:
2062 1547 2081 1571 ι
2138 1523 2208 1580 Ut
2263 1533 2511 1584 crescant
2557 1526 2745 1585 omnia
2770 1527 2861 1600 ,in
2920 1527 3321 1588 incrementum
3377 1530 3477 1588 Dei

1888 1610 2121 1681 (Coloss.
2154 1628 2217 1681 ll,
2254 1612 2367 1684 19).
2399 1637 2418 1664 ι
2509 1647 2518 1653 -

2482 1703 2740 1773 LCAPUT
2774 1706 2845 1765 II.

1961 1790 2144 1862 (Vers.
2182 1790 2233 1858 1,
2291 1789 2372 1863 2.)
2436 1816 2455 1840 ι
2501 1793 2575 1849 Et
2603 1808 2702 1850 vos
2729 1809 2855 1850 cum
2885 1795 3076 1853 essetis
3105 1796 3312 1854 mortui
3340 1796 3475 1856 deli-

172 1871 404 1928 virtutis
442 1873 560 1945 ejus
591 1875 648 1930 in
679 1892 797 1943 vos,
832 1875 926 1948 qui
952 1877 1199 1946 creditis,
1239 1879 1542 1936 secundum
1574 1895 1776 1950 opera-
1800 1901 1848 1963 Β
1885 1879 1989 1935 ctis
2036 1888 2089 1935 et
2120 1879 2355 1952 peccatis
2381 1881 2598 1950 vestris,
2638 1881 2699 1938 in
2728 1883 2930 1955 quibus
2957 1884 3252 1959 aliquando
3287 1887 3475 1944 ambu-

169 1959 382 2015 tionem
433 1963 695 2034 potentiae
749 1962 1100 2022 fortitudinis
1140 1965 1279 2039 ejus,
1313 1984 1474 2041 quam
1517 1975 1773 2040 operatus

169 2056 255 2103 est
296 2049 355 2105 in
407 2049 652 2121 Christo,
691 2053 962 2110 suscitans
993 2055 1151 2110 illum
1182 2071 1212 2110 a
1241 2056 1496 2126 mortuis,
1527 2062 1582 2112 et
1607 2056 1775 2112 collo-

168 2135 325 2192 cavit
374 2137 441 2194 ad
480 2138 764 2195 dexteram
797 2139 902 2196 sibi
934 2141 994 2197 in
1023 2142 1338 2200 coelestibus
1366 2160 1528 2218 super
1554 2160 1774 2200 omnem

169 2223 550 2298 Principatum
581 2237 635 2284 et
678 2229 1031 2300 Potestatem,
1077 2239 1132 2288 et
1161 2233 1460 2303 Virtutem,
1492 2241 1545 2290 et
1573 2235 1775 2290 Domi-

169 2315 481 2384 nationem,
534 2323 587 2372 et
635 2333 798 2374 omne
845 2334 1068 2388 nomen,
1119 2321 1266 2394 quod
1315 2321 1638 2378 nominatur
1664 2339 1776 2380 non

168 2407 354 2462 solum
384 2405 442 2462 in
473 2404 578 2463 hoc
607 2409 829 2478 saeculo,
862 2410 956 2466 sed
985 2417 1038 2466 et
1060 2411 1118 2466 in
1149 2410 1355 2468 futuro.
1378 2437 1397 2460 ι
1440 2413 1774 2486 Exemplum

168 2494 373 2551 salutis
419 2495 763 2553 credentium
804 2505 858 2554 et
906 2497 1092 2570 glorias
1122 2498 1180 2554 in
1211 2500 1610 2558 resurrectione
1648 2501 1778 2558 Sal-

167 2587 386 2643 vatoris
433 2588 731 2644 consistere
787 2588 1098 2662 proﬁtetur,
1150 2597 1212 2646 ut
1242 2607 1310 2646 ex
1351 2608 1413 2648 ea
1440 2599 1775 2666 cognoscant

167 2676 388 2746 ﬁdeles,
439 2682 585 2740 234
633 2678 766 2751 quid
796 2678 874 2735 eis
914 2678 1244 2752 promissum
1276 2689 1378 2737 est.
1411 2681 1593 2737 Simili
1624 2682 1772 2737 enim

174 2771 347 2829 modo
376 2774 714 2830 extollentur
744 2791 909 2846 supra
941 2775 1109 2832 ccelos
1139 2775 1315 2832 futuri
1343 2793 1469 2832 cum
1511 2775 1730 2832 Christo
1756 2794 1770 2844 ;

171 2864 325 2919 sicut
385 2863 498 2937 ipse
555 2865 724 2922 dicit:
793 2889 811 2912 ι
840 2865 1017 2933 Pater,
1051 2866 1178 2920 volo
1208 2872 1269 2920 ut
1298 2864 1393 2919 ubi
1424 2864 1599 2933 fuero,
1631 2872 1686 2920 et
1714 2863 1776 2921 hi

175 2967 400 3008 mecum
451 2955 583 3022 sint,
615 2962 668 3008 et
697 2953 921 3010 videant
952 2954 1180 3026 gloriam
1206 2969 1381 3009 meam
1415 2953 1596 3025 (Joan.
1629 2970 1772 3024 xvn,

167 3040 296 3112 24).
331 3066 349 3089 ι
396 3042 510 3098 Hoc
539 3049 764 3115 propter
793 3043 1224 3099 incarnationem
1247 3041 1378 3098 Filii
1405 3041 1592 3110 Dei,ut
1611 3044 1776 3099 etiam

168 3129 345 3184 homo
393 3128 569 3186 factus
617 3147 780 3204 super
827 3147 1016 3188 omnes
1062 3133 1228 3188 cmlos
1275 3147 1389 3187 esse
1435 3130 1673 3199 dicatur,
1722 3138 1778 3188 et

168 3234 344 3290 super
380 3227 634 3275 cunctam
666 3227 969 3277 creaturam
1002 3222 1197 3276 sedens
1227 3221 1294 3276 ad
1327 3221 1610 3276 dexteram
1649 3219 1771 3289 Dei,
1805 3254 1848 3314 Ο

170 3308 385 3365 habens
444 3326 647 3366 nomen
675 3311 772 3367 Dei
804 3328 900 3384 per
931 3319 1206 3379 naturam,
1238 3327 1350 3366 non
1381 3326 1476 3383 per
1513 3309 1776 3382 adoptio-

171 3416 302 3456 nem
332 3419 344 3468 ;
380 3410 442 3457 ut
488 3410 820 3474 cognoscant
853 3403 1013 3458 illum
1047 3419 1162 3458 esse
1200 3402 1406 3457 Filium
1441 3403 1541 3457 Dei
1571 3402 1664 3474 qui
1696 3401 1775 3456 il-

173 3492 294 3546 lum
325 3491 743 3549 cruciﬁxerunt.
795 3491 984 3546 Honor
1013 3492 1160 3546 enim
1191 3505 1353 3562 quem
1383 3489 1469 3545 illi
1498 3490 1651 3546 dedit
1681 3491 1774 3546 Pa-

169 3588 262 3636 ter
309 3597 404 3652 per
453 3580 882 3653 generationem,
941 3587 1076 3635 tunc
1105 3579 1487 3635 manifestatus
1513 3587 1617 3648 est,
1647 3595 1772 3637 cum

166 3677 338 3726 natus
379 3670 547 3725 homo
594 3685 782 3740 passus
824 3677 926 3737 est,
957 3676 1012 3724 et
1058 3668 1208 3725 victa
1241 3676 1417 3724 morte
1446 3669 1772 3737 resurrexit,

163 3758 476 3813 ascendens
530 3756 676 3812 unde
733 3756 1107 3824 descenderat,
1156 3773 1322 3830 super
1365 3773 1555 3814 omnes
1582 3758 1770 3814 caelos.

163 3847 331 3903 Unde
368 3846 577 3902 dictum
628 3856 729 3914 est,
780 3846 910 3919 quia
963 3871 981 3895 ε
1014 3847 1220 3904 veritas
1247 3847 1313 3902 de
1345 3856 1492 3903 terra
1527 3855 1646 3903 orta
1691 3855 1773 3903 est

161 3935 352 4004 (Psal.
402 3951 635 4002 Lxxxw,
691 3934 804 4007 12).
859 3959 877 3983 ι
939 3934 1080 4002 Quia
1131 3935 1278 3991 enim
1308 3951 1470 3991 omne
1494 3934 1770 4006 judicium

159 4022 330 4078 Pater
377 4021 519 4078 Filio
572 4022 726 4079 dedit
777 4023 956 4096 (Joan.
993 4041 1051 4093 v,
1085 4023 1201 4095 22),
1234 4023 1444 4082 idcirco
1473 4023 1541 4080 ad
1571 4024 1767 4080 dexte-

158 4126 285 4165 ram
334 4110 431 4165 Dei
476 4112 662 4168 sedere
707 4111 936 4181 dicitur,
969 4113 1124 4186 quasi
1145 4112 1340 4185 judex.
1372 4114 1624 4186 Denique
1653 4112 1769 4185 ipse

156 4205 308 4262 dicit
347 4205 414 4261 ad
444 4205 778 4280 discipulos:
828 4232 847 4256 ‹
886 4209 1067 4281 Usque
1095 4208 1258 4265 modo
1289 4208 1436 4264 nihil
1466 4207 1682 4281 petistis
1710 4207 1768 4264 in

156 4294 394 4350 nomine
422 4311 563 4349 meo:
585 4297 775 4367 petite,
808 4305 862 4353 et
887 4313 985 4369 ego
1014 4297 1210 4354 faciam
1245 4297 1425 4368 (Joan.
1459 4314 1578 4365 xvr,
1615 4295 1756 4369 24).»

153 4382 324 4440 Unde
361 4384 437 4438 ait
466 4384 704 4440 Iudaeis:
755 4411 772 4432 ι
806 4387 1021 4443 Amodo
1053 4387 1314 4444 videbitis
1343 4387 1548 4442 Filium
1579 4385 1771 4442 homi-

153 4475 253 4530 nis
303 4473 582 4528 sedentem
629 4474 696 4530 ad
727 4475 1009 4530 dexteram
1039 4475 1268 4532 virtutis
1293 4476 1414 4545 Dei,
1447 4485 1501 4532 et
1529 4477 1770 4534 venien-

151 4573 276 4620 tem
326 4579 453 4618 cum
502 4562 744 4618 nubibus
773 4565 897 4620 coeli
931 4566 1145 4636 (Matth.
1176 4581 1334 4634 xxvr,
1369 4564 1485 4638 64).
1527 4590 1546 4614 ι
1586 4568 1674 4622 Ex
1703 4582 1767 4622 eo

152 4654 317 4709 enim
349 4653 498 4725 quod
534 4653 800 4723 innotuit,
833 4653 975 4710 adiri
1005 4653 1172 4728 cmpit
1201 4661 1255 4711 et
1284 4654 1573 4727 postulari,
1613 4655 1766 4728 quasi

149 4743 362 4815 judex.

237 4833 423 4905 (Vers.
465 4831 552 4901 22,
603 4831 717 4905 23.)
778 4856 795 4879 ι
823 4831 896 4888 Et
925 4832 1115 4888 omnia
1143 4831 1376 4905 subjecit
1407 4833 1508 4890 sub
1536 4832 1767 4906 pedibus

152 4924 366 4996 ejus,et
394 4924 577 4996 ipsum
607 4923 760 4980 dedit
792 4931 954 4996 caput
986 4940 1150 4996 super
1177 4940 1396 4980 omnem
1434 4924 1760 4995 Ecclesiam,

152 5031 288 5088 quae
343 5021 423 5068 est
461 5028 659 5086 corpus
713 5020 768 5068 et
825 5013 1114 5086 plenitudo
1161 5013 1299 5086 ejus,
1365 5015 1459 5087 qui
1490 5013 1763 5070 omniain

152 5102 425 5159 omnibus
461 5101 813 5174 adimpletur.
855 5127 874 5152 ι
935 5103 1151 5158 Patrem
1197 5101 1338 5159 dicit
1367 5102 1514 5159 Filio
1541 5120 1761 5160 omnem

153 5200 471 5251 creaturam
499 5191 793 5263 subjecisse
821 5233 836 5260 ,
869 5199 932 5246 ut
961 5191 1090 5264 quia
1125 5191 1312 5247 omnia
1352 5209 1449 5264 per
1475 5193 1655 5266 ipsum
1688 5195 1762 5250 fe-

153 5283 240 5340 cit
275 5281 455 5352 (Joan.
489 5298 530 5350 ι,
557 5281 640 5352 3),
673 5281 786 5354 ipse
813 5279 1062 5336 omnium
1093 5297 1259 5353 capus
1288 5280 1361 5337 sit
1389 5289 1444 5337 et
1469 5282 1757 5338 Dominus.

152 5373 320 5429 Tunc
366 5371 450 5428 illi
480 5371 667 5427 omnia
695 5369 946 5442 subjecit,
989 5370 1209 5445 quando
1239 5371 1398 5427 illum
1428 5379 1554 5428 ante
1573 5373 1761 5429 omnia

154 5461 390 5534 genuit;
439 5467 502 5516 ut
535 5476 630 5534 per
658 5460 838 5534 ipsum
869 5459 1094 5530 faceret,
1135 5475 1256 5534 quae
1284 5476 1394 5518 non
1425 5470 1598 5518 erant.
1633 5461 1758 5517 0m-

232 5627 320 5699 (1)
351 5627 478 5684 Mss.
518 5629 749 5701 aliquot,
779 5644 896 5685 cum
923 5626 1255 5701 cognoverint
1291 5626 1586 5683 claritatem
1624 5624 1755 5695 ejus.

161 5701 385 5767 Tamen,
423 5707 528 5756 etc.

231 5768 318 5845 (2)
369 5770 495 5830 Vet.
529 5769 664 5829 edit.
695 5778 749 5829 et
777 5789 914 5832 mss.
955 5788 1067 5830 non
1098 5770 1282 5846 pauci,
1315 5773 1607 5844 voluptate:
1628 5784 1760 5827 car.

1887 1967 2043 2025 lastis
2089 1969 2391 2026 secundum
2441 1971 2703 2028 saculum
2734 1971 2902 2044 hujus
2927 1974 3142 2032 mundi.
3171 1998 3191 2024 ι
3232 1975 3479 2033 Mortuos

1883 2056 2041 2127 dicit,
2072 2057 2200 2131 quia
2228 2075 2438 2116 errores
2458 2061 2644 2118 saeculi
2674 2069 3014 2135 sequuntur;
3047 2064 3318 2138 quidquid
3330 2067 3476 2123 enim

1885 2145 1952 2202 ab
1993 2147 2160 2202 unius
2201 2147 2300 2204 Dei
2347 2149 2688 2221 professione
2732 2151 2957 2221 recedit,
2990 2161 3272 2210 mortuum
3301 2153 3481 2212 habe-

1885 2242 2010 2304 tur;
2049 2237 2195 2309 quia
2239 2252 2352 2293 non
2402 2246 2588 2295 manet
2624 2238 2683 2295 in
2713 2241 2917 2310 radice,
2948 2257 3019 2298 ex
3046 2258 3154 2316 qua
3181 2243 3352 2301 trahit
3372 2245 3479 2302 ori-

1887 2327 2089 2399 ginem.
2139 2350 2157 2373 ι
2191 2325 2506 2383 Secundum
2537 2326 2841 2402 principem
2886 2331 3170 2404 potestatis
3196 2333 3336 2390 aeris
3364 2332 3482 2391 bu—

1883 2416 1996 2490 jus,
2050 2417 2307 2492 spiritum
2347 2420 2444 2494 qui
2493 2437 2642 2479 nunc
2689 2432 2947 2496 operatur
2985 2424 3045 2481 in
3073 2423 3205 2482 ﬁliis
3230 2425 3479 2485 diﬂiden-

1884 2506 1996 2562 tiae.
2031 2530 2049 2555 ι
2082 2507 2393 2580 Principem
2426 2509 2726 2581 potestatis,
2759 2511 2816 2566 id
2844 2518 2945 2580 est,
2977 2511 3279 2583 diabolum,
3311 2514 3478 2587 signi-

1884 2593 2012 2651 ﬁcat
2060 2595 2250 2650 saeculi
2290 2595 2715 2669 intelligentiam
2767 2599 3076 2672 corrupisse
3113 2619 3127 2669 ;
3178 2609 3241 2658 ut
3269 2601 3338 2659 ab
3367 2619 3481 2661 uno

1883 2684 1996 2739 Deo
2025 2683 2358 2752 recederent,
2391 2687 2694 2742 multorum
2715 2687 2942 2745 deorum
2972 2689 3287 2762 opinionem
3309 2692 3479 2750 susci-

1885 2771 2115 2844 pientes,
2170 2781 2232 2828 ut
2261 2771 2440 2830 socios
2470 2773 2598 2830 illos
2626 2792 2737 2832 sua:
2764 2777 3189 2850 conspirationis
3218 2779 3476 2850 efﬁceret,

1884 2859 2017 2917 dum
2073 2860 2131 2917 in
2188 2861 2376 2917 eadem
2435 2861 2718 2936 impietate
2764 2864 3158 2936 inveniuntur,
3219 2878 3478 2940 negantes

1884 2965 2058 3005 unum
2089 2951 2283 3006 Deum.
2317 2951 2629 3025 Principem
2652 2970 2780 3026 ergo
2799 2953 2948 3013 hunc
2977 2955 3178 3012 erroris
3198 2954 3321 3014 ideo
3337 2959 3478 3015 aeris

1885 3037 2024 3094 dicit
2072 3036 2351 3110 spiritum,
2401 3047 2464 3096 ut
2511 3041 2765 3098 ostendat
2803 3043 2934 3114 quia
2965 3042 3108 3102 hanc
3131 3050 3341 3118 partem
3369 3045 3475 3102 sibi

1885 3127 2173 3200 usurpavit
2202 3128 2269 3185 ad
2302 3129 2669 3186 exercendam
2705 3130 3163 3190 dominationem.
3192 3132 3364 3191 Aliud
3393 3143 3474 3190 est

1884 3217 2029 3274 enim
2062 3233 2173 3286 aer,
2203 3225 2259 3274 et
2288 3218 2439 3275 aliud
2470 3219 2724 3292 princeps
2749 3239 2760 3276 :
2793 3221 2886 3277 sed
2917 3221 3047 3294 quia
3072 3222 3131 3278 in
3160 3223 3367 3280 mundo
3388 3223 3474 3279 vel

1884 3307 1941 3362 in
1973 3323 2093 3362 aere
2121 3307 2458 3376 dominatur,
2492 3309 2720 3380 spiritus
2749 3310 2890 3365 aeris
2914 3311 3240 3382 appellatur.

1959 3396 2140 3467 (Vers.
2183 3396 2264 3468 3.)
2325 3420 2345 3445 ς
2394 3398 2458 3453 In
2486 3396 2686 3470 quibus
2713 3406 2768 3454 et
2797 3413 2898 3455 nos
2925 3397 3224 3471 aliquando
3251 3415 3478 3457 conver-

1883 3483 1989 3540 sati
2051 3501 2241 3540 sumus
2296 3484 2354 3540 in
2411 3485 2702 3542 desideriis
2746 3485 2930 3543 carnis
2957 3494 3176 3555 nostrae,
3209 3487 3475 3544 facientes

1881 3575 2224 3629 voluntatem
2269 3575 2451 3630 carnis
2499 3575 2582 3647 (2)
2630 3583 2686 3631 et
2709 3574 3068 3632 consiliorum
3098 3575 3251 3647 ejus:
3282 3584 3336 3634 et
3362 3593 3476 3633 era-

1883 3677 2008 3718 mus
2046 3670 2244 3720 natura
2297 3662 2402 3720 ﬁlii
2447 3663 2562 3734 iraa,
2611 3665 2756 3721 sicut
2802 3673 2857 3722 et
2881 3665 3086 3723 caeteri.
3119 3690 3138 3715 ι
3180 3664 3473 3722 Perﬁdiam

1881 3749 2174 3824 signiﬁcat,
2213 3751 2346 3810 dum
2375 3753 2647 3810 desideria
2673 3755 2856 3812 carnis
2887 3753 3172 3812 memorat.
3206 3754 3478 3813 Voluntas

1879 3841 2029 3898 enim
2071 3843 2254 3899 carnis
2300 3849 2381 3898 est
2427 3841 2744 3900 visibilibus
2791 3837 3077 3914 oblectari,
3117 3852 3181 3902 ut
3207 3845 3476 3901 elementa

1880 3948 2000 4004 quae
2038 3933 2184 3988 Deus
2206 3932 2576 4005 gubernacula
2612 3933 2806 3990 mundi
2838 3931 3104 4002 instituit,
3137 3933 3268 3990 deos
3291 3933 3474 4006 appel-

1881 4019 1976 4086 let;
2013 4036 2138 4076 cum
2169 4019 2274 4076 hoc
2304 4035 2508 4076 nomen
2535 4019 2634 4075 uni
2662 4021 2774 4076 Deo
2794 4020 3076 4090 debeatur,
3108 4037 3178 4078 ex
3206 4018 3316 4094 qu'o
3345 4028 3473 4077 sunt

1881 4116 2069 4173 omnia
2093 4135 2105 4185 ;
2131 4125 2194 4172 ut
2221 4116 2368 4175 sicut
2397 4118 2614 4173 nullum
2643 4116 2969 4191 participem
2999 4117 3164 4174 habet
3199 4133 3270 4174 ex
3298 4117 3388 4174 his
3414 4120 3473 4175 in

1877 4205 2105 4274 virtute,
2150 4206 2229 4262 ita
2275 4206 2492 4262 nullum
2541 4205 2737 4263 habeat
2787 4213 3099 4264 consortem
3140 4207 3200 4263 in
3226 4207 3469 4265 nomine.

1880 4293 2102 4353 Christo
2126 4302 2308 4351 autem
2339 4294 2548 4352 idcirco
2573 4295 2680 4352 hoc
2709 4311 2908 4353 nomen
2936 4311 3049 4352 non
3077 4303 3327 4369 negatur,
3344 4296 3475 4369 quia

1877 4384 2020 4441 sicut
2069 4385 2380 4441 communis
2425 4385 2504 4441 eis
2551 4393 2747 4443 natura
2782 4393 2884 4455 est,
2921 4387 2998 4442 ita
3033 4387 3137 4443 erit
3165 4393 3219 4442 et
3245 4401 3468 4443 nomen.

1879 4473 1994 4529 Hoc
2038 4480 2224 4530 tamen
2272 4473 2418 4530 inter
2462 4473 2677 4531 Patrem
2724 4482 2779 4530 et
2823 4474 3028 4531 Filium
3059 4473 3310 4544 interest,
3340 4473 3472 4547 quis

1878 4561 2039 4618 Pater
2084 4577 2116 4617 a
2162 4563 2320 4618 nullo
2351 4561 2456 4620 hoc
2477 4563 2725 4636 accepit:
2759 4561 2934 4618 Filius
2963 4569 3143 4618 autem
3173 4577 3270 4634 per
3297 4577 3470 4633 gene-

1876 4652 2149 4709 rationem
2205 4652 2394 4710 omnia
2449 4652 2628 4709 Patris
2681 4650 2926 4724 accepit;
2971 4658 3034 4707 ut
3088 4651 3147 4706 in
3178 4649 3386 4706 virtute
3412 4659 3468 4707 et

1875 4741 2186 4798 substantia
2230 4749 2286 4798 et
2337 4741 2562 4798 nomine
2613 4739 2755 4796 nihil
2793 4739 2961 4795 distet
3005 4739 3182 4796 Filius
3226 4755 3259 4794 a
3284 4739 3463 4798 Patre.

1875 4830 2030 4887 Unde
2077 4830 2215 4887 dicit
2243 4847 2256 4886 :
2321 4854 2341 4878 ι
2369 4829 2570 4886 Omnia
2597 4845 2717 4902 quas
2745 4827 2910 4883 habet
2931 4827 3108 4894 Pater,
3140 4842 3262 4883 mea
3287 4835 3414 4883 sunt
3447 4846 3462 4896 ;

1873 4930 1926 4978 et
1957 4937 2077 4978 mea
2097 4921 2275 4977 Patris
2291 4921 2472 4993 (Joan.
2505 4936 2628 4985 xvr,
2658 4918 2773 4988 15).
2805 4941 2824 4967 ι
2863 4917 2987 4974 Non
3017 4933 3145 4990 ergo
3174 4916 3462 4992 indignum

1867 5027 2048 5084 neque
2095 5010 2436 5066 contrarium
2473 5016 2576 5076 est,
2607 5006 2654 5062 si
2682 5014 2737 5062 et
2765 5005 3019 5064 Christus
3047 5007 3194 5063 Deus
3225 5007 3463 5079 dicatur,

1870 5101 1966 5158 sed
2015 5101 2083 5158 de
2128 5103 2243 5157 Deo
2269 5099 2466 5165 Patre;
2500 5104 2564 5152 ut
2589 5097 2756 5153 unius
2778 5096 2879 5153 Dei
2908 5096 3206 5154 auctoritas
3249 5113 3464 5156 conser-

1870 5199 2050 5247 vetur.
2081 5189 2216 5244 Nam
2249 5187 2296 5243 si
2325 5185 2450 5259 quis
2474 5185 2626 5242 aliud
2661 5193 2817 5258 putat
2849 5184 3180 5257 signiﬁcare,
3207 5203 3337 5244 cum
3362 5203 3460 5243 vo-

1870 5284 2139 5339 luntatem
2187 5280 2371 5336 carnis
2414 5279 2642 5352 ﬂagitat,
2692 5277 2828 5336 sciat
2870 5285 2928 5334 et
2952 5277 3276 5353 Apostolum
3304 5292 3462 5333 mun-

1867 5371 1994 5427 dam
2029 5370 2202 5427 vitam
2240 5369 2532 5437 habuisse;
2573 5368 2704 5442 quia
2731 5366 3032 5424 secundum
3056 5365 3329 5438 justitiam
3369 5365 3460 5421 le-

1869 5460 1949 5533 gis
2005 5465 2364 5517 conversatus
2408 5466 2489 5514 est
2533 5457 2653 5516 sine
2698 5457 2937 5532 querela.
2988 5453 3094 5512 Sed
3123 5453 3253 5528 quia
3281 5469 3459 5528 perse-

1865 5623 1968 5679 m‘s.
2013 5621 2119 5679 Sed
2165 5621 2408 5694 antiquis
2452 5618 2814 5694 scriptoribus
2839 5617 3080 5694 solemne
3104 5630 3241 5694 esse,
3272 5620 3335 5694 ut
3350 5629 3456 5692 _vo-

1867 5695 2133 5752 luntatem
2159 5685 2622 5766 getgvoluptatein
2670 5691 2815 5748 inter
2864 5705 2920 5747 se
2948 5685 3312 5757 confundant,
3341 5685 3454 5758 jam

1867 5783 1977 5827 non
2009 5765 2174 5825 semel
2204 5764 2613 5824 admonuimus.
