3970 6392
525 431 629 492 399

1556 433 1652 488 AD
1679 430 1912 488 OPERA
1949 430 2004 488 S.
2046 428 2380 487 AMBROSII
2417 428 2796 486 APPENDIX.

3717 423 3832 488 400

522 569 683 620 cutus
729 568 809 617 est
863 557 1027 616 ﬁdem
1075 555 1303 626 Christi,
1353 556 1559 616 idcirco
1609 561 1982 629 «conversati,
2017 559 2096 617 in-
2131 556 2286 629 A9).
2347 557 2440 612 Ila:
2488 564 2615 612 sunt
2651 553 3154 630 superabundantes
3187 553 3422 625 divitiae,
3473 563 3536 612 ut
3591 563 3828 614 tantum

520 653 662 726 quit,
720 668 908 708 sumus
955 651 1013 707 in
1068 649 1352 707 desideriis
1393 651 1572 709 carnis
1618 661 1837 710 nostrae.
1869 677 1887 700 ι
1933 652 2106 709 Omne

521 740 670 797 enim
705 747 989 813 peccatum
1020 758 1146 799 caro
1175 741 1401 811 dicitur,
1432 741 1670 798 maxime
1707 739 1954 815 perﬁdia,
1985 757 2106 814 quae

515 838 600 889 ‘est
630 830 805 888 totius
826 831 1048 890 sceleris
1073 840 1265 888 mater.
1304 832 1457 888 Nulli
1488 849 1649 906 opera
1677 833 1820 888 bona
1849 839 1902 888 et
1947 833 2104 888 casti-

513 911 603 976 tas
662 921 926 993 proderit,
986 921 1033 976 si
1084 921 1155 976 sit
1203 920 1481 993 perﬁdus;
1532 919 1761 994 perﬁdia
1805 921 1951 977 enim
1987 919 2105 978 haec

510 1007 704 1065 omnia
758 1008 1014 1068 maculat.
1073 1009 1217 1066 Hinc
1272 1018 1374 1079 est,
1434 1009 1580 1084 quod
1637 1009 1921 1066 subdidit:
1985 1010 2104 1066 «Et

515 1113 734 1154 eramus
790 1107 985 1155 natura
1039 1096 1142 1154 ﬁlii
1191 1099 1307 1166 irae,
1357 1105 1506 1165 2.35
1553 1097 1697 1154 sicut
1743 1105 1797 1153 et
1835 1095 2038 1153 cmteri.
2071 1121 2090 1144 ι

511 1199 731 1257 Naturae
769 1202 917 1258 enim
973 1217 1101 1260 cum
1143 1201 1287 1256 mala
1331 1201 1590 1256 voluntas
1636 1199 1984 1272 supponitur,
2041 1197 2104 1252 ﬁt

503 1281 725 1347 naturae
778 1291 894 1360 irae,
955 1291 1013 1347 id
1063 1299 1164 1360 est,
1214 1307 1333 1364 qua;
1381 1289 1582 1346 ultioni
1622 1288 1966 1360 subjicienda
2009 1289 2101 1358 sit,

505 1369 808 1436 immutata
837 1396 951 1437 non
981 1380 1306 1449 substantia,
1339 1379 1432 1436 sed
1463 1380 1607 1435 mala
1633 1380 1938 1436 voluntate.
1988 1377 2102 1436 Hoc

511 1467 660 1522 enim
691 1465 986 1542 deputatur
1013 1475 1244 1536 natura,
1272 1469 1419 1541 quod
1450 1467 1731 1540 sequitur;
1763 1468 1907 1523 unde
1935 1467 2012 1522 ait
2042 1466 2100 1523 in

510 1542 698 1612 Isaia:
755 1579 776 1604 ι
839 1555 1036 1612 Semen
1076 1557 1373 1629 pessimum
1421 1557 1555 1626 (Isa.
1589 1573 1628 1634 r,
1661 1555 1741 1626 4).
1775 1580 1794 1602 ι
1836 1556 1908 1610 Et
1937 1571 2104 1627 quare

507 1645 582 1700 sit
637 1661 823 1703 semen
866 1646 1183 1719 pessimum,
1229 1644 1494 1716 subjecit:
1557 1669 1575 1692 ι
1605 1644 1924 1716 Reliquistis
1950 1643 2099 1700 enim

498 1733 828 1806 Dominum,
860 1734 958 1802 ait,
987 1742 1040 1790 et
1069 1723 1137 1790 ad
1166 1733 1507 1789 iracundiam
1539 1731 1810 1788 incitastis
1838 1731 2098 1789 Sanctum

506 1821 672 1880 Israel
706 1824 932 1898 (Ibid);
965 1847 984 1872 ι
1046 1831 1108 1879 ut
1138 1831 1335 1888 natura
1372 1838 1491 1895 quae
1529 1821 1730 1878 deserit
1757 1823 1952 1890 Deum,
1985 1839 2100 1895 pes-

2215 645 2379 703 ‘detur
2419 645 2788 718 credentibus,
2834 655 3102 721 quantum
3132 643 3464 719 investigare
3491 662 3606 704 non
3633 655 3830 722 potest

2219 753 2393 794 mens.
3081 777 3084 780 ι

2292 828 2472 899 (Vers.
2494 823 2550 896 9,
2583 825 2695 897 10.)
2765 849 2785 874 α
2813 825 2999 882 Gratia
3027 823 3172 882 enim
3203 819 3343 882 salvi
3386 825 3517 884 facti
3550 827 3686 886 estis
3722 847 3830 904 per

2217 917 2401 974 ﬁdem.
2442 942 2459 964 ι
2513 915 2699 973 Gratia
2743 915 2871 972 ﬁdei
2901 915 3027 972 data
3055 923 3156 985 est,
3187 924 3250 972 ut
3277 906 3580 975 credentes
3599 919 3824 976 salven-

2216 1015 2326 1063 tur.
2385 1031 2403 1055 ι
2432 1005 2502 1062 Et
2541 1007 2646 1062 hoc
2685 1023 2796 1063 non
2827 1023 2896 1062 ex
2924 1003 3118 1071 vobis;
3151 1005 3250 1061 Dei
3283 1006 3436 1062 enim
3473 1007 3683 1064 donum
3713 1017 3826 1079 est,

2215 1113 2327 1152 non
2374 1113 2443 1153 ex
2473 1097 2747 1170 operibus,
2781 1114 2847 1154 ne
2877 1096 2999 1170 quis
3029 1095 3313 1169 glorietur.
3358 1098 3493 1154 Nam
3520 1098 3697 1171 ipsius
3732 1116 3823 1156 su-

2216 1205 2338 1244 mus
2384 1188 2727 1261 ﬁgmentum,
2780 1185 2948 1244 creati
2995 1187 3053 1241 in
3093 1182 3314 1243 Christo
3363 1183 3490 1244 Iesu
3537 1186 3597 1243 in
3647 1203 3825 1261 opera

2213 1277 2376 1345 bona;
2410 1294 2530 1350 quae
2552 1275 2876 1350 praeparavit
2905 1277 3050 1331 Deus
3078 1283 3141 1330 ut
3170 1274 3228 1330 in
3261 1276 3376 1331 illis
3403 1275 3806 1334 ambulemus.-

2215 1367 2420 1423 Verum
2469 1375 2597 1436 est,
2653 1365 2783 1439 quia
2822 1364 3003 1420 omnis
3067 1364 3367 1437 gratiarum
3425 1365 3569 1422 actio
3619 1368 3823 1424 salutis

2215 1465 2413 1512 nostra;
2455 1455 2522 1512 ad
2570 1458 2744 1511 Deum
2791 1453 3080 1511 referenda
3107 1462 3207 1522 est,
3240 1455 3335 1528 qui
3372 1455 3818 1514 misericordiam

2215 1561 2367 1601 suam
2411 1544 2572 1601 nobis
2618 1552 2874 1618 praestat;
2934 1552 2997 1600 ut
3049 1553 3336 1601 revocaret
3364 1553 3606 1602 errantes
3633 1544 3704 1603 ad
3737 1545 3821 1602 vi-

2212 1643 2324 1691 tam
2358 1634 2462 1706 (4),
2495 1642 2549 1690 et
2571 1651 2681 1689 non
2712 1642 3018 1706 quaerentes
3048 1651 3244 1690 verum
3273 1635 3396 1692 iter.
3430 1631 3670 1707 Ideoque
3700 1649 3821 1690 non

2212 1734 2293 1780 est
2316 1725 2664 1797 gloriandum
2685 1723 2843 1780 nobis
2863 1724 2921 1779 in
2954 1723 3117 1780 nobis
3136 1724 3270 1797 ipsis
3301 1743 3315 1793 ;
3349 1724 3442 1782 sed
3464 1727 3522 1782 in
3555 1729 3692 1795 Deo,
3718 1726 3820 1799 qui

2212 1831 2312 1871 nos
2342 1815 2683 1886 regeneravit
2710 1814 3000 1872 nativitate
3028 1815 3236 1872 ccelesti
3267 1832 3362 1888 per
3389 1813 3549 1872 ﬁdem
3573 1814 3820 1884 Christi,

505 1912 708 1970 simum
740 1929 926 1970 semen
958 1912 1193 1970 dicatur.
1217 1914 1573 1985 Degenerare
1613 1911 1760 1968 enim
1791 1919 1872 1967 est
1901 1911 1968 1968 ab
1995 1927 2104 1967 au-
2139 1921 2185 1982 Β
2217 1904 2285 1960 ad
2331 1904 2436 1961 hoc
2464 1911 2526 1960 ut
2565 1903 2725 1960 bonis
2769 1905 3026 1977 operibus
3068 1904 3376 1974 exercitati,
3405 1919 3508 1978 que
3536 1905 3689 1960 Deus
3719 1919 3820 1960 no-

505 2009 655 2058 ctore
705 2004 994 2059 recedere:
1038 2011 1092 2060 et
1129 2019 1254 2060 cum
1296 2003 1504 2059 malum
1549 2002 1861 2074 exemplum
1889 2001 2103 2059 caeteris

503 2093 729 2168 praebet,
782 2095 990 2151 malum
1021 2103 1102 2152 est
1158 2111 1378 2162 semen;
1423 2094 1636 2150 fructus
1663 2095 1810 2150 enim
1839 2093 2103 2166 pessimos

502 2183 657 2240 facit.
690 2183 747 2240 Si
775 2200 908 2242 vero
933 2183 1118 2241 redeat
1147 2185 1215 2241 ad
1230 2187 1549 2253 Auctorem,
1577 2183 1722 2241 bona
1750 2184 1855 2240 erit
1884 2191 2098 2254 natura,

507 2275 814 2332 secundum
858 2276 1208 2349 Apostolum,
1258 2274 1353 2349 qui
1400 2275 1726 2332 immutatus
1767 2273 1899 2330 dum
1939 2290 2102 2347 agno-

502 2365 606 2422 scit
665 2365 981 2424 Creatorem
1044 2382 1204 2424 suum
1230 2411 1245 2437 ,
1299 2375 1397 2424 vas
1444 2364 1728 2423 electionis
1797 2364 2102 2438 appellatur

505 2453 649 2524 (Act.
683 2470 762 2522 ιχ,
808 2453 921 2526 15).

576 2541 757 2614 (Vers.
798 2539 882 2614 4.)
929 2566 948 2591 ι
975 2542 1122 2600 Deus
1149 2550 1354 2613 autem,
1376 2541 1472 2616 qui
1503 2542 1658 2598 dives
1692 2548 1772 2598 est
1800 2539 1859 2596 in
1889 2539 2098 2595 miseri-

497 2631 684 2689 cordia
719 2638 941 2706 propter
991 2633 1220 2689 multam
1269 2632 1591 2690 charitatem
1635 2646 1810 2699 suam,
1853 2645 1959 2702 qua
1983 2629 2101 2685 mi-

497 2729 680 2780 sertus
736 2730 817 2779 est
869 2723 1067 2780 nostri.
1111 2747 1130 2771 ι
1178 2723 1272 2779 Ha:
1303 2740 1446 2779 veras
1477 2722 1689 2780 divitia:
1719 2727 1848 2776 sunt
1889 2716 2099 2775 miseri-

498 2810 840 2881 cordiarum,
880 2819 944 2868 ut
979 2828 1095 2868 non
1125 2811 1501 2885 quaerentibus
1529 2811 1677 2867 ultro
1725 2806 2103 2864 misericordia

501 2908 872 2973 praestaretur,
912 2901 1057 2958 sicut
1094 2901 1230 2956 dicit
1257 2901 1457 2957 Isaias:
1514 2925 1532 2948 ι
1561 2900 1743 2955 Palam
1771 2900 1948 2955 factus
1976 2913 2098 2953 sum

514 3004 628 3045 non
680 2988 1057 3062 quaerentibus
1094 3005 1181 3044 me
1211 2989 1346 3060 (Isa.
1377 3005 1508 3056 va,
1540 2989 1617 3060 1);
1641 3012 1661 3035 ι
1705 2987 1811 3045 hoc
1839 2988 1986 3042 enim
2016 2993 2098 3042 est

511 3075 793 3134 abundare
830 3076 1234 3146 misericordia,
1266 3084 1329 3132 ut
1369 3085 1423 3134 et
1453 3094 1563 3134 non
1586 3076 1990 3150 postulantibus
2004 3076 2100 3132 tri-

510 3167 732 3226 buatur.
785 3170 913 3226 Haec
971 3177 1156 3226 tamen
1197 3169 1434 3226 Charitas
1489 3170 1589 3226 Dei
1620 3177 1699 3226 est
1729 3185 1854 3243 erga
1888 3185 2007 3237 nos,
2038 3174 2101 3224 ut

2203 1993 2295 2068 bis
2333 1992 2448 2066 jam
2499 1994 2705 2052 renatis
2729 1993 2994 2065 decrevit,
3028 1995 3295 2068 promissa
3322 2010 3630 2053 mereamur
3657 1993 3822 2052 acci-

2210 2100 2355 2158 pere.

2283 2174 2465 2246 (Vers.
2516 2174 2602 2243 11,
2641 2173 2756 2248 12.)
2812 2199 2831 2224 ‹
2879 2173 3142 2231 Memoria
3185 2173 3524 2244 retinentes,
3575 2191 3678 2232 vos
3716 2175 3818 2250 qui

2209 2261 2508 2335 aliquando
2560 2263 2725 2320 eratis
2779 2271 2984 2335 gentes,
3033 2265 3091 2320 in
3142 2278 3324 2331 carne,
3389 2262 3485 2336 qui
3552 2262 3816 2322 dicimini

2210 2352 2561 2426 praeputium,
2588 2352 2656 2408 ab
2696 2368 2756 2409 ea
2791 2368 2910 2426 quae
2939 2353 3144 2410 dicitur
3171 2351 3522 2409 circumcisio
3554 2351 3613 2408 in
3643 2369 3814 2411 carne

2210 2440 2560 2510 manufacta;
2605 2438 2865 2515 quoniam
2926 2442 3090 2499 eratis
3145 2441 3244 2497 illo
3293 2440 3352 2497 in
3397 2447 3648 2514 tempore
3694 2442 3818 2500 sine

2210 2531 2448 2600 Christo,
2481 2531 2704 2588 alienati
2733 2549 2765 2589 a
2793 2533 3210 2590 conversatione
3252 2531 3439 2601 Israel,
3471 2539 3525 2588 et
3563 2531 3818 2606 hospites

2209 2633 2686 2692 testamentorum,
2733 2633 2788 2682 et
2835 2623 3216 2699 promissionis
3263 2641 3453 2681 eorum
3500 2641 3652 2698 spem
3696 2641 3817 2684 non

2208 2715 2490 2783 habentes,
2541 2721 2594 2770 et
2643 2714 2761 2772 sine
2789 2716 2903 2771 Deo
2933 2714 2992 2771 in
3022 2714 3125 2770 hoc
3155 2711 3385 2770 mundo.
3417 2738 3435 2762 ι
3478 2712 3818 2771 Commonet

2209 2813 2415 2878 gentes,
2470 2813 2533 2861 ut
2584 2804 3003 2862 reminiscentes
3049 2803 3183 2879 quid
3211 2805 3419 2862 fuerint
3450 2805 3629 2877 (erant
3657 2806 3814 2862 enim

2207 2895 2473 2966 carnales,
2525 2903 2580 2953 et
2623 2895 2742 2954 sine
2771 2912 2883 2970 spe,
2914 2896 3126 2952 nullam
3150 2893 3531 2968 promissionis
3557 2909 3812 2954 commu-

2208 2989 2434 3047 nionem
2491 2987 2758 3046 habentes
2811 2988 3128 3046 Iudaeorum
3184 2987 3244 3045 in
3291 2985 3540 3056 Christo;
3599 2985 3814 3046 Iudaeis

2210 3079 2358 3136 enim
2411 3080 2715 3153 promissus
2761 3088 2878 3136 erat
2921 3079 3192 3148 Christus,
3237 3095 3351 3136 non
3394 3077 3698 3153 gentibus),
3746 3087 3813 3137 ut

2209 3167 2533 3240 propensius
2562 3170 2761 3241 gratias
2791 3177 2953 3242 agant
2982 3171 3095 3227 Deo
3124 3186 3220 3244 per
3253 3168 3556 3238 Christum,
3587 3167 3686 3244 qui
3707 3167 3811 3226 mi-

506 3258 636 3332 quia
682 3257 815 3316 fecit
862 3275 983 3329 nos,
1024 3259 1167 3316 nolit
1196 3258 1375 3332 perire
1403 3275 1542 3327 nos;
1573 3257 1758 3331 diligit
1787 3258 1932 3315 enim
1963 3273 2100 3330 opus
2136 3285 2180 3348 α
2212 3255 2511 3312 sericordia
2538 3273 2635 3312 sua
2666 3257 2796 3314 fecit
2826 3258 2953 3314 illos
2979 3259 3271 3332 participes
3299 3258 3655 3334 spiritalium,
3678 3274 3811 3317 cum

488 3363 692 3414 “suum.
742 3348 955 3406 Idcirco
1001 3348 1148 3405 enim
1179 3347 1330 3418 fecit,
1371 3356 1434 3404 ut
1473 3356 1699 3418 amaret,
1732 3347 1879 3422 quod
1917 3345 2092 3413 fecit;

505 3453 667 3494 nemo
697 3438 844 3494 enim
877 3436 1118 3497 laborem
1140 3455 1301 3496 suum
1331 3438 1460 3496 odio
1488 3437 1670 3494 habet.

575 3526 759 3600 (Vers.
805 3529 887 3602 5.)
960 3553 981 3579 ι
1028 3530 1101 3586 Et
1156 3545 1282 3586 cum
1328 3530 1535 3586 mortui
1572 3545 1812 3586 essemus
1837 3527 2093 3603 peccatis,

497 3615 916 3689 conviviﬁcavit
971 3634 1072 3674 nos
1127 3619 1185 3674 in
1242 3617 1482 3676 Christo.
1529 3642 1549 3666 ι
1617 3620 1668 3676 Α
1711 3619 1824 3676 Deo
1872 3616 2097 3674 alienati

503 3706 714 3761 mortui
754 3722 1001 3784 eramus:
1063 3708 1236 3779 gratia
1281 3716 1464 3785 autem
1513 3723 1610 3764 sua
1656 3708 1938 3764 revocavit
1973 3724 2096 3777 nos,

502 3794 610 3852 hoc
655 3803 758 3866 est,
806 3795 1118 3853 viviﬁcavit
1155 3812 1255 3853 nos
1293 3796 1352 3852 in
1381 3796 1625 3854 Christo.
1657 3797 1798 3864 Quia
1826 3797 1972 3853 enim
2003 3813 2099 3868 per

500 3885 683 3957 ipsum
733 3901 835 3943 nos
879 3885 1033 3958 fecit,
1083 3887 1286 3944 iterum
1316 3904 1412 3962 per
1442 3889 1620 3961 ipsum
1649 3903 1750 3944 nos
1779 3887 2099 3944 reformavit

499 3973 561 4030 in
615 3973 755 4048 ipso,
801 3975 861 4033 id
907 3985 1010 4048 est,
1065 3985 1130 4034 ut
1180 3977 1298 4050 ejus
1342 3978 1588 4035 membra
1617 3978 1837 4045 simus;
1870 3978 1986 4051 ipse
2015 3984 2098 4034 est

498 4074 684 4124 autem
743 4077 907 4142 caput
952 4077 1242 4137 nostrum;
1277 4069 1456 4142 ipsum
1488 4069 1636 4126 enim
1668 4069 1954 4136 habemus,
1983 4069 2098 4124 Deo

500 4165 814 4232 praestante,
847 4167 1126 4218 auctorem
1153 4159 1284 4215 vita:
1312 4167 1534 4228 nostrae,
1566 4159 1708 4216 sicut
1737 4159 1876 4216 dicit
1905 4159 2098 4215 Petrus

497 4249 826 4322 apostolus:
913 4272 932 4298 ‹
988 4247 1286 4305 Auctorem
1357 4264 1490 4304 vero
1542 4248 1674 4304 vitai
1739 4247 2098 4306 interfecistis

500 4335 644 4408 (Act.
677 4353 761 4407 III,
796 4335 909 4408 15).
940 4361 959 4384 ι

575 4427 760 4500 (Vers.
793 4428 872 4494 6.)
916 4452 935 4476 ι
965 4427 1136 4503 Cujus
1177 4427 1347 4504 gratia
1374 4427 1512 4485 salvi
1548 4426 1678 4485 facti
1709 4427 1858 4484 estis.
1891 4452 1910 4478 ›
1953 4427 2097 4485 Huic

501 4516 651 4575 dono
700 4517 858 4575 addit
885 4527 941 4575 et
980 4525 1203 4592 gentes;
1238 4517 1558 4592 signiﬁcans
1585 4519 1821 4576 salvatos
1857 4535 1958 4576 nos
1984 4535 2099 4576 esse

495 4607 585 4683 (3)
623 4608 796 4681 gratia
823 4607 1050 4668 Christi.

575 4707 757 4781 (Vers.
807 4707 886 4779 7.)
943 4733 962 4754 -
995 4707 1067 4764 Et
1096 4707 1261 4768 simul
1293 4707 1605 4778 suscitavit,
1637 4716 1691 4766 et
1719 4709 1883 4766 simul
1912 4724 2098 4768 conse-

498 4797 628 4855 dere
666 4797 797 4860 fecit
854 4797 915 4856 in
945 4797 1264 4855 coelestibus
1293 4797 1352 4854 in
1384 4797 1604 4857 Christo
1633 4799 1779 4863 Iesu.
1812 4825 1831 4850 ι
1874 4800 1990 4857 Hoc
2017 4798 2098 4857 di-

500 4885 601 4954 cit,
666 4886 814 4960 quod
860 4903 1026 4961 supra
1073 4887 1397 4957 memoravi,
1449 4888 1568 4946 illic
1613 4888 1830 4947 futuros
1884 4897 2101 4947 sanctos

505 4973 672 5030 etiam
694 4991 764 5032 ex
795 4977 1069 5050 gentibus,
1098 4977 1197 5034 ubi
1227 4986 1281 5036 et
1312 4977 1565 5042 Christus
1593 4987 1674 5037 est
1702 4988 1864 5053 caput
1885 4995 2096 5039 eorum.

578 5069 763 5143 (Vers.
804 5071 885 5144 8.)
949 5097 968 5122 ι
1014 5074 1086 5131 Ut
1136 5073 1452 5134 ostenderet
1497 5076 1558 5134 in
1605 5077 1822 5134 saeculis
1845 5093 2100 5150 superve-

499 5160 789 5218 nientibus
836 5162 1342 5235 superabundantes
1388 5166 1614 5225 divitias
1657 5168 1842 5241 gratia;
1882 5184 1992 5224 suae
2040 5166 2100 5222 in

503 5250 752 5308 bonitate
781 5267 944 5324 super
972 5265 1075 5308 nos
1095 5252 1153 5308 in
1169 5251 1389 5310 Christo
1419 5255 1564 5314 Iesu.
1596 5281 1616 5306 ›
1661 5257 1775 5316 Hoc
1806 5255 2098 5330 signiﬁcat,

499 5343 636 5417 quia
664 5343 724 5400 in
753 5341 942 5400 futuro
970 5344 1171 5402 saeculo
1203 5343 1512 5403 immortale
1557 5346 1767 5404 donum
1812 5348 1913 5405 Dei
1937 5362 2099 5420 appa-

497 5431 650 5488 rebit
694 5433 753 5490 in
792 5433 1235 5492 remuneratione
1265 5434 1548 5503 ﬁdelium;
1583 5437 1728 5509 quod
1765 5437 1961 5495 oculus
1988 5453 2100 5495 non

507 5519 673 5591 vidit,
721 5538 822 5580 nec
851 5523 998 5580 auris
1027 5524 1263 5593 audivit,
1303 5540 1405 5580 nec
1434 5521 1493 5580 in
1521 5539 1616 5580 cor
1645 5523 1890 5583 hominis
1919 5544 2101 5585 ascen-

502 5608 610 5682 dit,
641 5626 762 5686 quae
791 5615 1118 5690 praeparavit
1147 5616 1294 5672 Deus
1321 5613 1682 5687 diligentibus
1695 5616 1885 5690 eum(I
1904 5617 2098 5688 Cor.rr,

579 5793 661 5868 (3)
695 5793 855 5853 Rom.
902 5794 1037 5854 edit.
1072 5794 1209 5863 sola,
1243 5794 1474 5853 salvatos
1500 5813 1598 5854 nos
1623 5811 1798 5856 omnes
1835 5814 1958 5869 esse,
1992 5806 2097 5856 etc.

2128 4659 2178 4719 D

2208 3353 2390 3402 essent
2442 3348 2706 3404 carnales.
2753 3346 2881 3404 Ideo
2929 3355 3114 3406 tamen
3167 3349 3542 3420 circumcisio,
3590 3349 3694 3420 ait,
3750 3348 3812 3405 in

2205 3453 2369 3495 carne
2416 3438 2752 3506 manufacta,
2801 3446 2866 3496 ut
2907 3440 3243 3514 signiﬁcaret
3269 3442 3435 3499 aliam
3470 3457 3584 3498 non
3615 3456 3812 3498 manu-

2203 3527 2407 3586 factam
2437 3528 2764 3602 spiritalem.

2280 3619 2461 3692 (Vers.
2496 3619 2608 3692 13.)
2656 3643 2674 3666 ε
2703 3620 2869 3678 Nunc
2898 3629 3082 3678 autem
3112 3620 3172 3678 in
3193 3619 3414 3680 Christo
3432 3621 3561 3678 Iesu
3584 3637 3689 3678 vos
3711 3619 3810 3696 qui

2207 3709 2507 3782 aliquando
2536 3709 2698 3782 longe
2729 3710 2916 3779 eratis,
2948 3710 3078 3768 facti
3109 3710 3239 3768 estis
3267 3728 3436 3785 prope
3463 3727 3560 3786 per
3586 3713 3810 3786 sangui-

2208 3816 2334 3856 nem
2371 3799 2596 3858 Christi.
2637 3825 2657 3849 ι
2705 3800 2906 3858 Adhuc
2935 3801 3145 3858 donum
3185 3809 3238 3858 et
3266 3804 3494 3876 gratiam
3524 3802 3626 3861 Dei
3655 3819 3808 3860 com-

2209 3890 2452 3960 mendat,
2485 3893 2576 3949 cui
2605 3909 2707 3949 nos
2733 3908 2946 3965 semper
2974 3893 3129 3949 velut
3159 3892 3432 3950 obnoxios
3461 3893 3664 3966 gratias
3681 3895 3810 3952 vult

2207 3979 2429 4048 referre;
2464 3980 2673 4040 idcirco
2705 3981 2853 4039 enim
2903 3981 2963 4038 in
2994 3982 3258 4055 sanguine
3288 3980 3493 4040 Christi
3521 3983 3811 4056 proximos

2207 4087 2308 4128 nos
2335 4073 2448 4128 Deo
2481 4072 2653 4131 factos
2683 4080 2972 4143 memorat,
2999 4079 3062 4129 ut
3091 4079 3359 4145 quantum
3386 4072 3644 4129 aﬂ'ectum
3658 4072 3810 4131 circa

2206 4179 2307 4219 nos
2337 4161 2535 4219 habeat
2565 4165 2733 4233 Deus,
2765 4163 3097 4233 ostenderet,
3129 4163 3224 4236 qui
3263 4179 3363 4237 pro
3391 4163 3553 4220 nobis
3593 4163 3806 4220 Filium

2207 4269 2367 4309 suum
2423 4254 2562 4310 mori
2614 4255 2896 4328 permisit;
2930 4261 2994 4311 ut
3021 4262 3074 4311 et
3104 4271 3206 4311 nos
3235 4254 3294 4310 in
3325 4254 3434 4311 ﬁde
3461 4252 3580 4326 ejus
3603 4253 3809 4310 duran-

2208 4351 2307 4414 tes,
2335 4344 2597 4402 omnibus
2625 4346 2815 4403 exitiis
2843 4363 2943 4419 pro
2973 4345 3073 4402 illo
3101 4345 3263 4401 nobis
3303 4344 3476 4402 illatis
3505 4360 3617 4401 non
3649 4343 3812 4400 ceda-

2209 4450 2352 4503 mus,
2401 4433 2636 4492 scientes
2682 4436 2806 4508 plus
2839 4435 3002 4490 illum
3048 4433 3118 4490 de
3173 4435 3336 4491 nobis
3382 4433 3603 4501 mereri,
3637 4448 3808 4506 quam

2210 4539 2551 4599 quaecunque
2590 4525 2657 4581 ab
2709 4523 2953 4582 inimicis
3003 4531 3230 4597 possunt
3265 4521 3496 4580 inferri:
3526 4522 3626 4578 ille
3654 4521 3810 4578 enim

2208 4629 2335 4668 cum
2378 4614 2450 4670 sit
2486 4615 2778 4686 Dominus,
2809 4620 2863 4669 et
2893 4611 3105 4669 nullius
3133 4619 3306 4684 egeat,
3339 4609 3545 4667 obtulit
3575 4624 3632 4666 se
3658 4613 3811 4674 236

2210 4729 2307 4786 pro
2354 4711 2548 4779 nobis;
2600 4721 2662 4770 ut
2701 4730 2812 4770 non
2867 4712 2973 4782 illi,
3014 4713 3108 4769 sed
3147 4710 3308 4767 nobis
3354 4705 3812 4782 proﬁceret.'Nos

2208 4805 2356 4860 enim
2389 4805 2603 4861 etiamsi
2635 4804 2796 4860 nobis
2833 4820 2945 4860 non
2976 4801 3283 4877 proﬁceret,
3313 4800 3456 4857 forte
3484 4814 3813 4872 cogeremur

2209 4894 2349 4951 mori
2387 4911 2487 4968 pro
2534 4895 2652 4967 ipso
2699 4893 2926 4950 domino
2967 4893 3150 4951 servi:
3211 4899 3418 4967 quanto
3461 4888 3636 4962 magis
3676 4903 3809 4945 cum

2209 5003 2320 5044 non
2367 4987 2548 5043 solum
2577 4984 2752 5053 illius,
2786 4984 2879 5042 sed
2905 4992 2960 5042 et
2996 4990 3185 5041 nostra
3221 4998 3370 5039 mors
3400 4979 3559 5038 nobis
3582 4984 3810 5052 praestet

2208 5075 2463 5133 effectum
2488 5076 2500 5134 ι

2282 5165 2464 5237 (Vers.
2517 5164 2632 5236 I4.)
2678 5187 2696 5212 ε
2726 5165 2846 5237 Ipse
2873 5163 3019 5222 enim
3047 5168 3129 5220 est
3167 5178 3278 5236 pax
3307 5169 3515 5230 nostra,
3545 5161 3642 5235 qui
3674 5160 3812 5220 fecit

2208 5261 2440 5328 utraque
2485 5271 2681 5324 unum,
2715 5263 2771 5310 et
2820 5253 3064 5312 medium
3105 5252 3369 5327 parietem
3419 5250 3671 5308 macerias
3697 5253 3812 5308 sol-

2209 5360 2365 5414 vens,
2407 5343 2732 5401 inimicitias
2777 5343 2836 5400 in
2864 5359 3026 5402 carne
3054 5359 3170 5401 sua.
3205 5368 3226 5392 ι
3271 5342 3466 5400 Pacem
3500 5340 3632 5398 fecit
3659 5340 3811 5399 inter

2209 5435 2690 5494 circumcisionem
2746 5443 2802 5491 et
2851 5433 3182 5510 praeputium
3231 5434 3412 5508 passio
3478 5431 3806 5490 Salvatoris.

2209 5527 2567 5584 Inimicitiam
2597 5524 2769 5596 enim,
2810 5541 2930 5600 quae
2962 5527 3117 5584 velut
3145 5525 3325 5598 paries
3363 5521 3546 5580 media
3592 5529 3730 5591 erat,
3755 5531 3811 5580 et

2209 5617 2491 5675 dividebat
2519 5616 2999 5675 circumcisionem
3029 5615 3364 5691 apraputio,
3388 5622 3442 5672 et
3470 5613 3808 5688 praeputium

2285 5797 2366 5872 (4)
2399 5797 2662 5858 Nonnulli
2693 5813 2848 5869 mss.,
2882 5804 3119 5854 errantes
3141 5811 3316 5854 omnes
3343 5795 3415 5851 ad
3445 5793 3622 5868 ﬁdem.
3705 5833 3709 5835 -
