3970 6366
237 407 344 468 401

1310 403 1673 465 COMMENT.
1712 404 1784 462 IN
1820 403 2037 464 EPIST.
2077 405 2174 462 AD
2211 404 2458 462 EPHES.

3421 407 3530 482 402.

239 551 277 591 a
310 532 753 601 circumcisione,
801 531 946 592 hanc
974 533 1143 591 solvit
1170 532 1442 601 Salvator,
1473 531 1609 589 dans
1657 532 1829 606 legem
1862 534 1914 594 Α
1945 531 2238 604 participes
2283 548 2493 601 eorum,
2525 533 2620 607 qui
2661 547 2828 605 prope
2874 535 3049 598 Deum
3091 537 3530 604 erant,concives

239 630 307 681 ut
331 638 508 699 neque
551 621 771 680 Judaaus
815 638 1148 697 praesumens
1173 621 1242 679 de
1283 621 1706 679 circumcisione
1735 638 1833 678 re—

240 713 501 788 probaret
553 713 830 788 gentilem,
862 730 1038 787 neque
1077 711 1298 786 gentilis
1326 712 1472 770 ﬁdus
1513 712 1580 769 de
1609 729 1836 786 praepu-

240 801 344 872 tio,
373 802 430 862 id
460 811 562 871 est,
609 802 677 859 de
707 803 1035 876 paganitate,
1087 801 1498 859 abominaretur
1543 801 1830 870 Judaeum;

239 891 341 948 sed
372 899 433 948 ut
455 894 616 950 ambo
653 891 922 960 innovati,
954 890 1120 948 unius
1148 890 1247 947 Dei
1285 890 1447 947 ﬁdem
1481 899 1837 964 sequerentur

242 978 305 1035 in
341 978 580 1038 Christo.
611 980 809 1038 Omnia
835 980 982 1036 enim
1012 997 1131 1053 quae
1160 979 1351 1036 docuit
1378 979 1650 1049 Salvator,
1703 988 1837 1037 tunc

239 1068 508 1138 ﬁrmavit,
556 1087 682 1128 cum
730 1071 1032 1127 resurrexit
1077 1086 1110 1125 a
1138 1069 1390 1126 mortuis.
1437 1070 1706 1127 Parietem
1742 1077 1836 1126 ta-

239 1176 392 1229 men,
425 1161 520 1236 qui
551 1161 764 1220 medius
811 1169 946 1230 erat,
975 1159 1231 1218 dividens
1276 1162 1420 1217 inter
1449 1161 1620 1233 legem
1652 1160 1838 1217 facto-

240 1265 366 1304 rum
396 1257 447 1305 et
479 1249 860 1322 gentilitatem,
891 1249 1184 1307 maceriam
1227 1247 1343 1306 sive
1383 1265 1565 1322 sepem
1609 1249 1837 1321 signiﬁ-

237 1337 410 1407 cavit,
463 1337 522 1395 id
563 1345 676 1408 est,
722 1353 834 1395 non
880 1338 1142 1411 parietem
1190 1338 1466 1407 stabilem,
1514 1353 1691 1412 neque
1737 1355 1838 1394 ro-

236 1426 498 1495 bustum;
534 1429 662 1502 quia
689 1443 866 1502 neque
901 1427 1179 1503 gentilitas
1203 1428 1362 1484 ﬁrma
1391 1444 1476 1484 res
1505 1436 1641 1496 erat,
1683 1428 1838 1501 quasi

236 1516 313 1573 ab
342 1517 567 1575 homine
613 1518 858 1587 inventa,
907 1535 1083 1592 neque
1121 1517 1490 1585 circumcisio,
1522 1526 1576 1574 et
1606 1534 1840 1574 neome-

237 1606 657 1675 niae,escarum,
679 1617 732 1665 et
765 1607 1184 1677 sacriﬁciorum,
1209 1609 1294 1663 vel
1341 1607 1706 1664 Sabbatorum
1736 1613 1838 1663 sta-

237 1695 373 1753 bilis
415 1705 469 1753 et
525 1695 638 1754 ﬁxa
682 1696 1026 1764 observatio;
1076 1696 1156 1754 sic
1208 1697 1357 1752 enim
1411 1695 1537 1752 data
1587 1703 1736 1763 sunt,
1778 1703 1839 1752 ut

234 1795 532 1854 cessarent,
565 1785 891 1844 adveniente
923 1786 1164 1846 Christo.
1203 1785 1469 1854 Quamvis
1512 1785 1662 1842 enim
1693 1785 1838 1841 Deus

1943 618 2074 676 facti
2124 620 2368 677 ﬁliorum
2421 621 2539 678 Dei.
2599 621 2754 678 Sicut
2807 619 2954 677 enim
3015 638 3354 698 quaecunque
3399 643 3529 700 gens

1945 712 2314 770 Romanorum
2345 729 2530 786 pacem
2561 711 2715 786 sequi
2753 711 3106 780 desideravit,
3137 713 3335 771 oblatis
3371 710 3534 776 donis

1944 810 2194 876 suscepta
2221 811 2339 869 est;
2378 809 2439 858 ut
2479 809 2659 858 essent
2689 801 2838 868 cives
2881 803 3133 872 Romani,
3183 799 3533 877 quemadmo-

1945 887 2077 944 dum
2131 888 2686 950 Tharso-Cilicienses
2713 936 2734 961 ,
2783 891 2931 948 unde
2993 892 3291 965 Apostolus
3354 894 3534 952 civem

1945 978 2253 1037 Romanum
2291 998 2348 1038 se
2392 981 2527 1039 dicit
2559 982 2698 1054 (Act.
2747 1000 2892 1052 XXII,
2924 982 3055 1054 25):
3101 985 3178 1040 ita
3219 993 3273 1046 et
3306 985 3535 1059 quicun-

1946 1086 2051 1145 que
2079 1069 2208 1126 ﬁdei
2251 1086 2308 1126 se
2337 1069 2663 1128 Christianae
2700 1062 3016 1140 sociaverit,
3044 1072 3109 1129 ﬁt
3154 1073 3294 1131 civis
3321 1083 3555 1133 sancto--

1945 1178 2070 1217 rum
2101 1169 2155 1215 et
2184 1159 2516 1216 domesticus
2536 1161 2656 1217 Dei.
3514 1155 3520 1158 ’

2021 1249 2204 1322 (Vers.
2240 1247 2356 1320 20.)
2405 1271 2422 1298 ι
2450 1249 2880 1323 Superaediﬁcati
2922 1267 3086 1325 supra
3114 1241 3535 1314 fundamentum

1945 1339 2318 1414 apostolorum
2360 1348 2412 1396 et
2435 1340 2845 1414 prophetarum,
2881 1341 3000 1416 ipso
3029 1359 3245 1400 summo
3285 1345 3536 1418 angulari

1947 1430 2128 1504 lapide
2157 1429 2377 1488 Christo
2407 1430 2553 1486 Iesu.
2587 1455 2604 1478 ι
2650 1431 2766 1489 Hoc
2803 1441 2884 1489 est
2928 1449 3092 1506 supra
3121 1449 3328 1492 novum
3359 1447 3413 1491 et
3439 1453 3538 1491 ve-

1946 1527 2035 1576 tus
2080 1519 2489 1576 Testamentum
2565 1521 2840 1580 collocati.
2903 1521 3061 1590 Quod
3107 1523 3256 1581 enim
3303 1525 3536 1598 apostoli

1947 1608 2381 1683 praedicaverunt
2429 1610 2561 1680 (6),
2612 1610 2891 1683 prophetae
2940 1610 3190 1668 futurum
3237 1611 3535 1683 dixerunt;

1947 1700 2199 1775 quamvis
2227 1700 2375 1758 dicat
2417 1701 2487 1756 ad
2527 1700 2877 1759 Corinthios:
2924 1725 2942 1750 ι
2971 1703 3138 1772 Deus,
3185 1703 3388 1778 inquit,
3420 1705 3540 1780 pri-

1947 1807 2099 1847 mum
2127 1789 2310 1864 posuit
2338 1789 2395 1846 in
2424 1789 2670 1847 Ecclesia
2698 1792 2995 1862 apostolos,
3027 1793 3268 1850 secundo
3306 1794 3536 1868 prophe-

235 1875 362 1936 hzec
407 1875 642 1946 dederit,
672 1875 768 1934 sed
812 1875 881 1933 ad
920 1885 1166 1948 tempus:
1217 1875 1346 1932 ﬁdei
1376 1884 1560 1932 autem
1589 1874 1746 1930 ﬁrma
1780 1882 1831 1930 et
1861 1895 1908 1958 Β
1945 1888 2028 1937 tas
2059 1881 2111 1953 (1
2143 1881 2268 1938 Cor,
2317 1897 2420 1950 χιι,
2459 1879 2575 1952 28),
2609 1905 2629 1929 ι
2671 1879 2777 1938 Sed
2816 1880 2875 1937 hi
2903 1881 3000 1938 alii
3047 1881 3325 1955 prophetae
3373 1891 3534 1952 sunt;

232 1968 361 2025 sine
390 1982 699 2026 successore
728 1975 808 2024 est
836 1967 1176 2040 praedicatio.

314 2057 498 2130 (Vers.
551 2057 664 2129 15.)
733 2081 752 2105 ι
797 2057 994 2130 Legem
1065 2056 1450 2114 mandatorum
1498 2055 1558 2112 in
1604 2055 1836 2114 decretis

234 2165 534 2218 evacuans,
568 2156 631 2205 ut
655 2147 793 2205 duos
839 2147 1101 2206 conderet
1131 2149 1190 2204 in
1219 2147 1420 2220 seipso,
1451 2148 1508 2203 in
1551 2143 1662 2203 uno
1692 2163 1836 2202 novo

234 2239 466 2298 homine
496 2238 702 2296 faciens
729 2254 939 2311 pacem.
972 2262 991 2286 ι
1041 2238 1156 2295 Hoc
1182 2245 1265 2294 est
1292 2237 1439 2311 quod
1485 2253 1648 2310 supra
1677 2252 1839 2292 sum-

237 2329 438 2388 matim
485 2327 823 2395 memoravi;
859 2326 991 2401 quia
1017 2327 1216 2400 legem,
1259 2343 1380 2400 quae
1426 2325 1553 2383 data
1585 2333 1700 2382 erat
1729 2325 1837 2381 Ju-

235 2419 378 2476 daeis
407 2419 468 2476 in
496 2417 937 2487 circumcisione,
968 2424 1023 2472 et
1061 2415 1119 2472 in
1150 2415 1475 2485 neomeniis,
1506 2423 1560 2472 et
1589 2415 1647 2472 in
1677 2415 1834 2484 escis,

235 2515 298 2566 et
328 2508 386 2566 in
417 2507 723 2576 sacriﬁciis,
762 2513 817 2564 et
846 2506 905 2563 in
943 2503 1198 2574 Sabbato,
1231 2505 1542 2574 evacuavit,
1587 2504 1693 2562 hoc
1732 2512 1834 2574 est,

234 2619 452 2663 cessare
493 2601 609 2676 jam
647 2600 852 2676 jussit;
903 2599 1033 2676 quia
1069 2599 1222 2658 oneri
1269 2609 1450 2669 erant,
1498 2607 1553 2657 et
1579 2599 1659 2658 sic
1705 2599 1838 2656 fecit

235 2709 452 2767 pacem.
482 2690 639 2750 Unde
668 2692 860 2750 Petrus
885 2691 1164 2766 apostolus
1193 2688 1332 2748 dicit
1359 2690 1419 2745 in
1437 2688 1590 2746 Actis
1610 2696 1838 2762 aposto-

238 2784 422 2840 lorum
459 2799 472 2839 :
545 2805 565 2830 ι
622 2781 768 2850 Quid
802 2779 1090 2855 imponitis
1117 2777 1312 2853 jugum
1338 2795 1508 2852 supra
1565 2777 1836 2835 cervicem

236 2872 497 2942 fratrum,
534 2870 682 2946 quod
710 2887 885 2945 neque
919 2878 1099 2943 patres
1144 2869 1341 2938 nostri,
1372 2883 1550 2942 neque
1600 2883 1700 2924 nos
1729 2883 1837 2940 po-

235 2962 453 3020 tuimus
484 2967 699 3034 portare
731 2959 872 3031 (Act.
903 2977 1000 3028 xv,
1034 2959 1124 3030 10)
1158 2959 1186 3015 ?
1215 2983 1234 3008 ι

318 3050 502 3125 (Vers.
540 3050 656 3122 16.)
703 3074 722 3097 ι
751 3048 821 3106 Ut
844 3045 1131 3104 exhiberet
1159 3055 1213 3104 et
1240 3046 1620 3106 reconciliaret
1649 3043 1838 3103 ambos

237 3141 302 3200 in
347 3157 458 3198 uno
487 3156 714 3214 corpore
758 3140 872 3196 Deo
918 3154 1015 3210 per
1043 3154 1320 3196 crucem.»
1364 3138 1589 3195 Sublata
1636 3136 1838 3194 inimi-

235 3229 393 3300 citia,
437 3237 614 3287 morte
665 3245 764 3285 sua
805 3227 1058 3286 Christus
1112 3227 1266 3300 prius
1312 3228 1545 3301 populos
1593 3226 1738 3283 inter
1780 3243 1836 3282 se

235 3318 644 3390 reconciliavit,
685 3316 885 3375 deinde
925 3318 1040 3374 Deo
1084 3316 1232 3373 Patri
1281 3316 1538 3390 paciﬁcos
1581 3315 1744 3383 fecit;
1777 3323 1836 3371 ut

236 3409 494 3468 homines
537 3418 750 3467 natura:
798 3408 986 3476 unius,
1022 3406 1152 3480 quia
1191 3405 1396 3462 diversi
1444 3404 1576 3462 facti
1619 3405 1836 3460 fuerant

235 3516 337 3577 per
375 3516 638 3570 errorem,
694 3497 940 3556 membra
990 3496 1333 3554 efﬁcerentur
1379 3493 1547 3551 unius
1593 3494 1837 3568 corporis

235 3589 395 3659 novi,
425 3588 585 3663 cujus
617 3595 780 3660 caput
814 3585 1069 3645 Christus
1096 3592 1196 3640 est.

313 3679 497 3751 (Vers.
533 3677 621 3745 17,
655 3675 767 3747 18.)
789 3700 806 3723 ε
835 3673 1176 3732 Interﬁciens
1206 3670 1527 3730 inimicitias
1555 3671 1614 3728 in
1645 3680 1837 3729 semet-

235 3769 382 3841 ipso,
434 3773 489 3822 et
535 3764 765 3822 veniens
811 3758 1212 3837 evangelizavit
1258 3777 1444 3834 pacem
1492 3759 1692 3830 vobis,
1741 3760 1837 3834 qui

236 3862 422 3934 longe,
453 3868 511 3918 et
539 3875 726 3934 pacem
750 3858 837 3926 iis,
862 3858 958 3932 qui
974 3856 1135 3929 juxta
1159 3875 1173 3925 ;
1199 3855 1329 3929 quia
1348 3871 1444 3928 per
1464 3854 1644 3928 ipsum
1675 3853 1837 3911 habe-

236 3967 364 4008 mus
397 3965 677 4008 accessum
710 3948 930 4021 utrique
970 3947 1030 4003 in
1055 3963 1166 4002 uno
1200 3944 1410 4019 Spiritu
1436 3943 1506 4000 ad
1535 3945 1771 4002 Patrem.
1805 3969 1824 3994 ι

236 4039 392 4100 Idem
422 4056 612 4097 sensus
639 4045 758 4106 est;
795 4036 1074 4095 interfecit
1103 4035 1251 4094 enim
1285 4033 1637 4092 inimicitiam
1670 4033 1729 4090 in
1758 4051 1834 4102 se,

236 4130 374 4187 dum
422 4147 521 4204 pro
572 4126 832 4185 omnibus
897 4134 1009 4183 tam
1051 4125 1254 4182 Iudaeis
1323 4141 1487 4196 quam
1541 4123 1838 4197 gentilibus

239 4226 492 4277 mortuus
535 4225 636 4276 est.
669 4215 944 4276 Omnibus
967 4215 1116 4274 enim
1147 4213 1370 4288 proﬁcit
1416 4231 1566 4270 mors
1595 4214 1838 4271 Salvato-

236 4309 356 4375 ris;
407 4322 694 4380 resurgens
732 4305 881 4363 enim
927 4321 960 4361 a
1009 4305 1244 4362 mortuis
1268 4349 1284 4374 ,
1332 4303 1589 4360 damnata
1639 4311 1835 4371 morte,

235 4413 364 4472 qua:
402 4395 624 4452 tenebat
663 4410 872 4463 omnes,
910 4393 1149 4450 ostendit
1187 4409 1350 4466 quam
1380 4409 1529 4466 spem
1573 4392 1839 4450 haberent

235 4485 525 4548 credentes
554 4483 612 4540 in
659 4499 806 4541 eum.
857 4481 1000 4540 Hinc
1028 4481 1310 4541 mandavit
1362 4482 1834 4558 praedicationem,

237 4592 350 4650 qua
375 4590 566 4632 omnes
595 4579 1029 4631 convocarentur
1059 4571 1128 4628 ad
1163 4573 1336 4630 Deum
1367 4572 1582 4629 Patrem
1613 4571 1670 4628 in
1702 4571 1838 4629 uni-

238 4673 353 4723 tate
393 4663 653 4739 Spiritus,
697 4663 864 4721 scissa
907 4661 1202 4732 discordia,
1234 4669 1298 4718 ut
1340 4660 1454 4718 sive
1491 4660 1666 4718 Judai
1717 4659 1834 4734 (qui

239 4771 410 4832 prope
457 4753 582 4811 ideo
633 4752 918 4820 dicuntur,
953 4753 1083 4826 quia
1126 4752 1372 4826 ipsorum
1417 4751 1664 4825 patribus
1693 4751 1836 4808 facta

239 4843 534 4920 promissio
564 4843 694 4914 est),
724 4841 840 4898 sive
879 4841 1109 4914 gentiles
1143 4840 1261 4916 (qui
1292 4839 1414 4897 ideo
1458 4841 1618 4913 longe
1647 4839 1836 4898 dicun-

240 4941 355 5002 tur,
412 4932 542 5007 quia
586 4930 686 4989 Dei
752 4931 925 5005 legem
972 4946 1084 4987 non
1142 4936 1468 5004 receperunt
1514 4928 1694 4985 datam
1742 4944 1836 5002 per

242 5021 518 5095 Moysen),
549 5019 767 5078 sublato
808 5017 1086 5093 praterito
1123 5019 1255 5087 ritu,
1305 5018 1642 5092 susciperent
1671 5016 1834 5074 ﬁdem

242 5113 474 5182 Christi,
506 5129 602 5187 per
633 5129 796 5188 quam
824 5112 1170 5170 efﬁcerentur
1197 5127 1391 5168 unum.

320 5215 502 5287 (Vers.
539 5211 651 5285 19.)
694 5238 713 5262 ε
742 5213 887 5285 Ergo
912 5210 1026 5284 jam
1074 5226 1185 5268 non
1215 5209 1346 5268 estis
1379 5208 1622 5284 hospites
1660 5218 1712 5267 et
1739 5209 1836 5266 in-

242 5303 382 5362 cola
430 5303 536 5374 (5),
585 5300 679 5358 sed
707 5300 836 5358 estis
883 5299 1032 5358 cives
1060 5308 1396 5367 sanctorum,
1446 5305 1501 5356 et
1547 5299 1836 5356 domestici

244 5393 368 5454 Dei.
399 5417 418 5442 ›
458 5391 734 5450 Admonet
757 5391 906 5460 illos,
935 5397 999 5448 ut
1014 5404 1280 5446 memores
1308 5387 1419 5446 sint
1440 5387 1833 5448 beneﬁciorum

245 5482 347 5543 Dei
374 5499 390 5551 ;
424 5481 554 5556 quia
581 5498 708 5540 cum
757 5480 916 5554 longe
945 5486 1125 5538 essent
1153 5495 1182 5536 a
1212 5477 1525 5553 cognitione
1549 5487 1603 5536 et
1641 5479 1836 5535 timore

245 5571 373 5640 Dei,
422 5569 801 5627 misericordia
845 5568 961 5642 ejus
1010 5568 1259 5643 adjuncti
1310 5576 1470 5638 sunt;
1526 5576 1586 5624 ut
1645 5568 1839 5625 ﬁerent

322 5768 408 5844 (ὅ)
451 5767 608 5826 Rom.
641 5767 799 5841 edit,
829 5769 949 5830 Non
974 5769 1095 5827 estis
1122 5769 1336 5826 aduente
1359 5775 1514 5842 atque
1546 5767 1834 5842 peregrini.

1943 1970 2042 2026 illo
2088 1970 2236 2026 enim
2286 1970 2406 2026 loco
2449 1969 2516 2025 de
2562 1968 2910 2026 ordinatione
2955 1970 3218 2028 Ecclesia)
3263 1971 3530 2045 disputat,

1943 2060 2036 2120 hic
2078 2078 2208 2118 vero
2237 2061 2304 2117 de
2351 2060 2711 2118 fundamento
2743 2061 3034 2118 Ecclesiae:
3073 2063 3351 2136 propheta:
3384 2063 3533 2118 enim

1942 2152 2365 2224 disposuerunt;
2410 2167 2536 2206 nam
2587 2150 2820 2224 apostali
2862 2150 3219 2208 fundamenta
3259 2151 3534 2224 jecerunt.

1943 2238 2097 2295 Unde
2143 2238 2281 2296 dicit
2327 2238 2595 2296 Dominus
2636 2237 2708 2294 ad
2751 2237 3011 2294 Petrum:
3083 2262 3103 2286 ι
3145 2239 3322 2312 Super
3369 2239 3530 2297 istam

1942 2336 2150 2402 petram
2198 2327 2480 2384 aediﬁcabo
2525 2327 2828 2386 Ecclesiam
2887 2344 3063 2385 meam
3119 2327 3330 2401 (Matth.
3389 2345 3488 2386 xvr
3519 2372 3536 2398 ,

1944 2418 2058 2489 18),
2092 2443 2109 2466 ι
2169 2415 2274 2474 hoc
2301 2424 2403 2486 est,
2448 2416 2506 2474 in
2549 2415 2652 2476 hac
2680 2416 2965 2475 catholicas
3017 2415 3147 2472 ﬁdei
3188 2416 3531 2475 confessione

1940 2515 2175 2564 statuam
2205 2507 2392 2563 ﬁdeles
2420 2506 2488 2563 ad
2533 2506 2736 2574 vitam;
2775 2522 2902 2563 nam
2950 2515 3005 2563 et
3045 2505 3223 2562 David
3254 2507 3530 2580 disposuit

1941 2596 2167 2652 domum
2190 2597 2312 2664 Dei,
2343 2604 2396 2652 et
2415 2596 2655 2670 signavit
2695 2595 2879 2653 locum
2909 2595 3004 2652 ubi
3039 2595 3227 2654 ﬁeret:
3269 2596 3529 2654 Salomon

1942 2701 2074 2742 vero
2103 2685 2361 2742 fundavit
2391 2700 2530 2740 eam.

2022 2779 2168 2838 237
2219 2773 2400 2847 (Vers.
2446 2773 2536 2842 21,
2580 2773 2697 2847 22.)
2743 2797 2761 2820 ι
2791 2774 2854 2830 In
2883 2789 2997 2848 quo
3022 2773 3204 2831 omnis
3240 2779 3538 2843 structura,

1942 2879 2244 2947 compacta,
2285 2869 2480 2929 crescit
2508 2869 2566 2926 in
2607 2871 2873 2942 templum
2904 2879 3154 2930 sanctum
3185 2869 3244 2926 in
3271 2870 3533 2937 Domino,

1944 2963 2002 3021 in
2032 2979 2141 3039 quo
2170 2970 2225 3019 et
2258 2977 2359 3019 vos
2386 2959 2808 3020 coaediﬁcamini
2837 2961 2895 3017 in
2936 2959 3315 3018 habitaculum
3345 2959 3445 3019 Dei
3475 2960 3534 3018 in

1941 3053 2161 3128 spiritu.
2194 3077 2213 3102 ι
2248 3053 2350 3110 Hic
2379 3066 2568 3111 sensus
2608 3060 2709 3120 est,
2740 3050 2887 3107 unde
2931 3049 3202 3106 Dominus
3226 3049 3338 3107 ait:
3384 3072 3404 3097 ‹
3435 3049 3534 3108 Su-

1942 3159 2038 3218 per
2093 3143 2254 3200 istam
2299 3149 2507 3216 petram
2551 3138 2834 3198 aediﬁcabo
2878 3137 3184 3196 Ecclesiam
3238 3154 3437 3197 meam.
3505 3165 3524 3189 ι

1943 3235 2092 3290 Duos
2126 3232 2272 3288 enim
2305 3232 2536 3306 populos
2566 3230 2624 3287 in
2654 3247 2711 3287 se
2750 3231 2991 3304 suscepit
3020 3228 3288 3297 Salvator,
3325 3237 3379 3286 et
3405 3228 3538 3286 fecit

1945 3338 2118 3378 unum
2177 3322 2235 3379 in
2287 3322 2545 3390 Domino,
2605 3319 2747 3376 sicut
2793 3328 2848 3376 et
2895 3318 3032 3392 lapis
3080 3318 3357 3392 angularis
3396 3319 3536 3376 duos

1946 3413 2178 3486 parietes
2205 3412 2471 3480 continet,
2497 3409 2555 3466 in
2575 3409 2787 3466 unitate
2816 3407 3013 3464 domus
3031 3406 3313 3474 ﬁrmatos;
3347 3406 3537 3464 ﬁdeles
3616 3421 3621 3428 '

1944 3500 2093 3557 enim
2128 3498 2442 3574 superﬁcies
2486 3506 2615 3555 sunt
2667 3494 2859 3569 templi
2897 3495 3019 3564 Dei,
3064 3494 3122 3551 in
3151 3493 3350 3566 spiritu
3391 3511 3535 3552 con-

1947 3601 2257 3660 versantes;
2310 3597 2372 3647 ut
2419 3588 2629 3665 possint
2671 3586 2914 3646 haeredes
2959 3583 3079 3644 ﬁeri
3109 3585 3345 3668 caelestis
3382 3583 3537 3642 habi-

1945 3681 2191 3740 tationis.

2521 3765 2748 3825 CAPUT
2784 3765 2880 3823 III.

2021 3861 2202 3932 (Vers.
2234 3861 2310 3933 1.)
2355 3883 2373 3908 ι
2408 3856 2582 3930 Hujus
2625 3856 2704 3913 rei
2741 3855 2914 3928 gratia
2943 3869 3040 3927 ego
3080 3851 3282 3909 Paulus
3314 3850 3537 3910 vinctus

1947 3951 2155 4014 Christi
2183 3951 2309 4008 Jesu
2354 3966 2451 4023 pro
2483 3946 2640 4003 vobis
2671 3943 2952 4002 fratribus.
2985 3967 3003 3990 ι
3045 3940 3318 4010 Quoniam
3356 3941 3540 4016 dispo-

1947 4041 2201 4098 sitionem
2227 4039 2432 4097 divinae
2453 4034 2777 4102 clementiae,
2802 4051 2922 4108 qum
2936 4031 3102 4089 fuerit
3123 4039 3247 4088 ante
3267 4030 3538 4112 mundum

1946 4147 2071 4204 erga
2100 4131 2331 4187 salutem
2377 4126 2622 4201 gentium
2651 4121 2918 4191 ostendit;
2970 4137 3118 4178 nunc
3162 4137 3219 4178 se
3269 4118 3541 4200 legatione

1947 4221 2113 4294 hujus
2141 4219 2274 4277 doni
2305 4218 2460 4292 fungi
2506 4216 2605 4274 Dei
2637 4212 2972 4290 provisione,
3012 4210 3234 4271 Christo
3262 4210 3536 4288 mittente,

1945 4311 2204 4368 declarat.
2236 4309 2506 4367 Dominus
2534 4306 2682 4365 enim
2722 4313 2845 4381 post
2873 4303 3330 4362 resurrectionem
3383 4318 3539 4360 suam

1945 4400 2219 4473 apostolos
2274 4415 2402 4454 suos
2463 4396 2581 4454 vice
2621 4412 2719 4453 sua
2780 4393 2932 4450 misit
2974 4390 3272 4468 praedicare
3322 4390 3535 4468 (Matth.

1945 4509 2148 4560 xxvm,
2199 4491 2310 4560 19),
2343 4490 2491 4546 hunc
2540 4488 2784 4562 dirigens
2814 4487 2882 4544 ad
2933 4483 3348 4542 conversionem
3397 4498 3539 4553 gen-

1943 4581 2116 4649 tium;
2166 4578 2246 4638 sic
2282 4579 2430 4636 enim
2473 4577 2620 4635 dixit
2663 4576 2730 4632 ad
2758 4591 2921 4633 eum:
2969 4597 2988 4622 ‹
3016 4572 3188 4640 Vade,
3239 4587 3336 4642 ego
3379 4572 3538 4644 longe

1945 4670 2013 4727 ad
2063 4678 2247 4743 gentes
2277 4669 2494 4726 mittam
2541 4675 2595 4723 te
2644 4667 2783 4738 (Act.
2834 4679 2974 4730 χχιι,
3019 4660 3136 4732 21).
3185 4684 3202 4707 ι
3244 4656 3537 4745 Dominico

1943 4775 2070 4833 ergo
2099 4776 2230 4816 usus
2266 4758 2435 4816 verbo
2465 4765 2566 4825 est,
2593 4772 2718 4813 cum
2760 4750 2896 4809 dicit
2921 4768 2932 4806 :
2979 4773 2997 4796 ι
3027 4748 3220 4806 Pacem
3250 4745 3408 4802 vobis
3438 4749 3536 4820 qu!

1945 4849 2124 4922 longe,
2153 4855 2206 4904 et
2234 4846 2303 4904 iis
2332 4846 2426 4922 qui
2452 4845 2632 4917 juxta.
2675 4867 2693 4890 ι

2017 4921 2200 5010 (Vers.
2232 4935 2355 5004 2,3,
2380 4933 2460 5005 4.)
2494 4958 2510 4978 ι
2532 4931 2586 4988 Si
2611 4938 2793 4985 tamen
2809 4923 3039 4983 audistis
3068 4921 3534 4998 dispensationem

1945 5026 2130 5101 gratiae
2173 5024 2292 5092 Dei,
2326 5039 2445 5096 quae
2488 5020 2613 5077 data
2659 5025 2739 5073 est
2769 5015 2926 5073 nobis
2973 5014 3030 5070 in
3062 5031 3178 5078 vos.
3219 5039 3239 5063 ι
3282 5013 3420 5072 Vult
3445 5029 3536 5071 eos

1944 5117 2083 5174 scire
2129 5113 2258 5189 quia
2286 5110 2385 5170 Dei
2411 5107 2625 5184 judicio
2658 5125 2690 5165 a
2719 5105 2938 5167 Christo
2973 5104 3172 5168 missus
3209 5111 3290 5164 est
3324 5104 3536 5178 ιιι-ωᾶὶ-

1943 5224 2066 5265 care
2113 5204 2365 5281 gentibus
2412 5199 2741 5276 mysterium
2773 5198 2958 5272 gratiae
2988 5197 3108 5277 Dei.
3153 5220 3171 5244 ε
3220 5194 3532 5254 Secundum

1947 5294 2335 5353 revelationem
2383 5299 2574 5347 notum
2616 5288 2755 5345 mihi
2803 5288 3010 5345 factum
3056 5294 3138 5343 est
3181 5283 3532 5358 mysterium,

1944 5385 2087 5442 sicut
2143 5390 2303 5440 antea
2339 5379 2534 5455 scripsi
2590 5379 2649 5436 in
2694 5377 2933 5446 modico,
2979 5383 3143 5451 prout
3196 5371 3422 5448 potestis
3462 5372 3535 5429 le-

1945 5483 2130 5550 gentes
2176 5474 2480 5550 intelligere
2532 5472 2880 5547 prudentiam
2930 5484 3106 5534 meam
3160 5460 3218 5523 in
3246 5460 3538 5541 mysterio

1946 5565 2172 5625 Christi.
2192 5593 2210 5613 -
2242 5564 2524 5623 Ostensam
2558 5563 2663 5636 sibi
2692 5559 2967 5637 signiﬁcat
2995 5555 3388 5614 revelationem
3419 5573 3537 5629 my-

2020 5768 2102 5842 (6)
2142 5767 2270 5826 Mss.
2302 5761 2580 5832 nonnulli,
2612 5758 2854 5835 Apodoti
2886 5744 3274 5851 praedixerunt.
3330 5749 3332 5752 ’
