3970 6426
488 452 592 511 403

1521 449 1617 504 AD
1656 447 1888 504 OPERA
1927 446 1981 504 S.
2024 447 2356 504 AMBROSII
2394 447 2776 506 APPENDIX.

3697 455 3805 513 404

486 578 641 638 sterii
669 575 790 646 Dei,
827 574 896 631 de
935 588 1045 649 quo
1073 573 1228 649 prius
1268 573 1510 631 breviter
1536 591 1593 630 se
1642 583 1907 632 memorat
1943 574 2078 632 scri-
2109 575 2160 636 Α
2187 580 2372 648 gentes
2422 571 2768 646 mysterium,
2814 572 2961 646 quod
3009 573 3122 631 fuit
3170 573 3230 631 in
3259 574 3397 641 Deo;
3430 591 3501 632 ex
3530 583 3642 650 quo
3670 591 3806 639 sunt

487 670 677 748 psisse,
733 667 840 724 hoc
885 673 1001 736 est,
1047 672 1347 740 temperate
1388 675 1545 740 prout
1599 673 1848 740 poterant
1893 681 2084 739 capere

486 758 837 836 prudentiam
869 756 1121 830 Apostoli
1157 755 1214 812 in
1251 755 1308 812 in
1339 763 1679 812 sacramento
1709 754 1936 812 Christi.

561 849 743 924 (Vers.
794 847 852 915 5,
897 847 977 920 6.)
1030 869 1050 894 ι
1081 845 1236 914 Quod
1278 845 1335 902 in
1385 845 1508 902 aliis
1554 845 1770 904 saeculis
1816 862 1924 902 non
1976 846 2083 903 fuit

488 946 681 998 notum
729 935 862 994 ﬁliis
901 934 1219 1003 hominum,
1274 933 1417 990 sicut
1465 951 1614 990 nunc
1659 934 1963 991 revelatum
2001 945 2083 992 est

487 1025 690 1087 sanctis
718 1025 836 1100 ejus
859 1031 914 1081 et
956 1021 1238 1098 prophetis
1266 1022 1324 1080 in
1354 1023 1576 1097 spiritu,
1607 1031 1793 1096 gentes
1830 1039 1944 1080 esse
1994 1041 2081 1081 co-

487 1117 754 1186 haredes,
768 1122 822 1172 et
841 1121 1281 1188 concorporatas,
1303 1121 1355 1171 et
1380 1113 1673 1188 participes
1698 1113 2083 1187 promissionis

485 1207 603 1280 ejus
619 1205 677 1262 in
698 1203 917 1264 Christo
931 1203 1060 1261 Iesu
1083 1203 1186 1276 (7).
1207 1227 1226 1250 ι
1245 1203 1362 1260 Hoc
1393 1201 1585 1259 asserit
1620 1211 1899 1260 ostensum
1917 1220 1947 1260 a
1968 1206 2081 1261 Deo

487 1305 732 1370 tempore
761 1291 990 1361 Christi,
1021 1289 1167 1365 quod
1194 1290 1397 1348 latebat
1424 1309 1438 1361 ;
1472 1291 1602 1365 quia
1633 1299 1817 1364 gentes
1855 1291 2079 1364 partici-

487 1400 580 1460 pes
622 1383 824 1439 futuras
867 1389 1047 1439 essent
1094 1379 1282 1453 gratiae
1328 1379 1609 1454 promissa;
1655 1379 1710 1436 in
1756 1381 1890 1454 lege.
1923 1381 2078 1448 Qubd

484 1482 765 1532 ostensum
795 1469 934 1528 dicit
965 1468 1419 1544 pradicatoribus
1461 1469 1664 1528 sanctis
1691 1477 1745 1527 et
1775 1469 2078 1544 prophetis,

485 1562 544 1621 id
587 1569 689 1631 est,
736 1558 1000 1634 apostolis
1028 1567 1083 1615 et
1120 1557 1255 1630 legis
1301 1557 1771 1631 explanatoribus,
1820 1575 1929 1614 non
1960 1574 2078 1631 pro-

486 1650 666 1726 phetis
745 1647 1044 1706 veteribus.
1118 1647 1384 1716 Quamvis
1442 1649 1590 1704 enim
1657 1648 2081 1705 admitterentur

484 1741 638 1816 prius
663 1739 731 1795 ad
754 1740 927 1811 legem
953 1736 1204 1810 gentiles,
1232 1737 1326 1793 sed
1353 1737 1680 1794 circumcidi
1707 1737 2075 1810 jubebantur;

483 1838 536 1886 et
563 1827 840 1902 propheta
865 1825 1111 1883 scierunt
1139 1832 1324 1898 gentes
1368 1823 1665 1898 participes
1693 1827 1910 1883 futuras
1946 1827 2076 1883 doni

2192 664 2414 731 omnia;
2448 671 2509 719 ut
2538 680 2633 736 per
2659 678 2784 718 eum
2811 661 3027 719 discant
3076 680 3138 720 ac
3167 663 3480 738 intelligant
3509 667 3801 727 Christum

2192 771 2404 828 semper
2433 754 2490 810 in
2518 755 2654 822 Deo,
2681 760 2734 809 et
2765 753 2910 826 apud
2938 755 3134 821 Deum,
3158 762 3211 810 et
3240 754 3369 828 quia
3395 754 3515 812 sine
3545 756 3804 815 circum-

2191 844 2397 903 cisione
2443 851 2497 900 et
2543 843 2755 900 caeteris
2809 844 2943 916 legis
2977 843 3250 901 mandatis
3281 843 3556 918 disposuit
3582 848 3803 906 salvare

2191 944 2396 1009 gentes.
2432 938 2576 998 238
2605 933 2825 1004 Indigni
2863 933 3008 988 enim
3049 933 3264 990 inventi
3297 944 3429 992 sunt
3455 936 3632 994 Judaei
3660 946 3800 994 tan-

2190 1041 2307 1091 tum
2364 1047 2428 1088 ac
2483 1031 2647 1088 talem
2698 1030 2900 1088 habere
2943 1031 3264 1099 doctorem;
3311 1031 3392 1090 sic
3419 1033 3566 1090 enim
3615 1034 3798 1092 Judaei

2190 1121 2488 1180 credebant
2519 1121 2578 1177 in
2610 1121 2914 1188 Christum,
2945 1129 3009 1177 ut
3037 1121 3210 1192 legem
3254 1129 3439 1178 tamen
3468 1133 3756 1181 servarent
3782 1143 3797 1193 ;

2191 1211 2338 1286 quod
2369 1210 2579 1268 odibile
2626 1217 2708 1266 est
2741 1211 2886 1282 apud
2915 1211 3110 1266 Deum.
3145 1208 3396 1284 Denique
3427 1210 3622 1271 dicunt
3653 1231 3801 1287 apo-

2189 1300 2317 1358 stoli
2338 1300 2406 1356 ad
2435 1299 2815 1372 coapostolum
2845 1314 3006 1354 suum
3033 1297 3265 1354 Pauulm
3291 1317 3303 1355 :
3343 1323 3362 1346 σ
3383 1299 3574 1369 Vides,
3600 1300 3797 1370 frater,

2189 1397 2322 1463 quot
2363 1387 2546 1446 millia
2587 1396 2716 1446 sunt
2761 1389 2821 1444 in
2862 1386 3067 1444 Iudaeis
3115 1387 3488 1458 credentium,
3517 1398 3572 1448 et
3599 1407 3798 1448 omnes

2189 1478 2281 1536 isti
2326 1479 2670 1535 aemulatores
2713 1484 2843 1533 sunt
2881 1475 3015 1550 legis
3057 1475 3199 1549 (Act.
3251 1494 3373 1544 xxr,
3425 1479 3540 1552 20).
3572 1505 3589 1527 ι
3633 1479 3798 1537 Unde

2191 1568 2396 1625 factum
2456 1575 2557 1636 est,
2611 1575 2673 1624 ut
2718 1582 2816 1622 vas
2843 1565 3128 1623 electionis
3171 1565 3239 1623 ad
3279 1576 3466 1638 gentes
3514 1567 3799 1626 docendas

2190 1657 2389 1714 missus
2435 1666 2594 1725 esset,
2628 1662 2692 1712 ut
2733 1656 2821 1712 vel
2874 1655 2980 1728 ipsi
3033 1654 3164 1712 ﬁdei
3205 1673 3320 1712 suae
3371 1673 3518 1731 spem
3567 1659 3796 1732 plenam

2189 1751 2473 1820 haberent,
2523 1750 2666 1806 nihil
2715 1750 2782 1806 de
2829 1749 2963 1822 lege;
3005 1748 3100 1805 sed
3130 1749 3190 1805 in
3239 1751 3356 1807 solo
3391 1750 3609 1808 Christo
3657 1769 3798 1826 spe-

2187 1847 2387 1896 rantes.
2435 1839 2785 1896 Manifestato
2815 1838 2963 1894 enim
3013 1846 3376 1906 sacramento,
3419 1838 3626 1896 Christi
3678 1841 3796 1896 tale

481 1917 581 1977 Dei
613 1918 760 1990 (nam
793 1925 849 1974 et
897 1915 1006 1972 hoc
1043 1913 1497 1987 signiﬁcaverunt
1536 1915 1728 1972 multis
1756 1916 1815 1972 in
1864 1916 2023 1990 locis)
2061 1937 2071 1985 ;

2186 1931 2393 1988 donum
2424 1929 2616 1987 datum
2647 1937 2749 1999 est,
2778 1929 2926 2002 quod
2955 1928 3206 2002 perfecta)
3235 1930 3428 1985 salutis
3450 1930 3529 2001 (9)
3561 1929 3798 1988 haberet

483 2008 578 2066 sed
607 2007 713 2065 hoc
744 2006 928 2075 latuit,
971 2004 1120 2078 quod
1149 2005 1268 2061 sine
1313 2004 1754 2076 circumcisione,
1783 2013 1838 2062 et
1879 2007 2078 2064 Sabba-

485 2099 577 2169 tis,
609 2106 664 2154 et
684 2097 1020 2164 Neomeniis,
1051 2103 1105 2152 et
1136 2095 1348 2153 caateris
1368 2095 1592 2163 talibus,
1634 2094 1820 2168 gratiae
1851 2096 1949 2153 Dei
1995 2096 2076 2152 fu-

485 2198 623 2247 tura:
668 2196 848 2246 essent
882 2186 1193 2262 participes,
1235 2195 1289 2244 et
1333 2186 1537 2260 absque
1580 2187 1696 2260 lege
1738 2187 2078 2260 susciperent

486 2281 652 2338 ﬁdem
693 2279 918 2350 Christi,
953 2288 1006 2338 et
1039 2281 1398 2337 salvarentur.
1442 2279 1557 2337 Hoc
1606 2287 1686 2336 est
1715 2279 1861 2352 quod
1900 2280 2072 2337 dicit:

498 2397 518 2422 ι
548 2374 611 2430 In
632 2371 830 2447 spiritu
855 2387 969 2429 esse
989 2379 1173 2445 gentes
1196 2369 1527 2436 cohaeredes,
1556 2377 1610 2427 et
1632 2377 2074 2442 concorporatas,

486 2472 544 2524 et
590 2463 881 2540 participes
931 2460 1309 2536 promissionis
1347 2459 1465 2532 ejus
1507 2459 1566 2516 in
1615 2459 1858 2520 Christo.
1892 2487 1910 2510 ι
1969 2461 2076 2530 Qui

486 2556 634 2616 enim
660 2555 858 2630 spiritu
877 2557 1051 2612 Deum
1077 2552 1231 2622 colit,
1258 2568 1420 2626 opere
1433 2551 1566 2624 legis
1587 2568 1724 2625 opus
1746 2567 1857 2608 non
1888 2550 2072 2610 habet.

559 2649 742 2721 (Vers.
775 2647 854 2720 7.)
899 2669 916 2693 ι
949 2646 1051 2702 Per
1079 2643 1439 2718 Evangelium
1474 2641 1592 2714 ejus
1620 2643 1796 2698 factus
1823 2660 1944 2700 sum
1976 2643 2076 2699 mi-

488 2738 660 2796 nister
699 2736 1000 2795 secundum
1043 2733 1249 2790 donum
1314 2732 1499 2806 gratiae
1540 2733 1660 2802 Dei,
1693 2748 1814 2806 quae
1843 2732 1968 2790 data
1996 2743 2078 2790 est

486 2827 622 2887 mihi
672 2827 972 2885 secundum
1031 2825 1404 2900 operationem
1452 2822 1678 2881 virtutis
1723 2822 1864 2896 ejus.
1897 2848 1914 2869 ι
1974 2822 2078 2880 Per

485 2918 929 2998 praedicationem
970 2916 1263 2975 ministerii
1295 2915 1379 2975 sui
1417 2915 1699 2987 cognitum
1741 2915 1936 2972 asserit
1965 2914 2076 2972 do-

485 3030 642 3080 num,
672 3011 819 3088 quod
866 3007 1138 3085 disposuit
1180 3009 1326 3064 Deus
1356 3005 1609 3080 gentibus
1645 3005 1808 3079 juxta
1851 3006 2078 3065 virtutis

485 3119 596 3160 sua:
644 3100 1038 3174 operationem.
1086 3095 1344 3170 Operatio
1372 3094 1518 3151 enim
1561 3095 1787 3152 virtutis
1817 3095 1936 3168 ejus
1973 3104 2073 3165 est,

483 3191 615 3265 quia
642 3190 922 3250 Christum
969 3183 1258 3245 suscitavit
1287 3199 1318 3239 a
1346 3183 1600 3251 mortuis,
1630 3183 1849 3240 devicta
1878 3192 2074 3254 morte,

2189 2023 2442 2080 effectum
2467 2040 2480 2090 ;
2503 2021 2647 2079 sicut
2671 2021 2819 2077 enim
2849 2021 2908 2076 in
2940 2037 3136 2092 magna
3166 2026 3294 2076 vota
3327 2020 3565 2076 maxima
3585 2021 3797 2077 dantur

2187 2111 2542 2184 apophoreta,
2595 2109 2672 2167 ita
2709 2119 2763 2166 et
2801 2109 3091 2183 magniﬁco
3123 2110 3470 2165 manifestato
3500 2108 3792 2181 mysterio,

2189 2200 2372 2272 gaudii
2410 2209 2464 2256 et
2495 2199 2701 2256 laetitia)
2731 2215 2892 2256 causa
2933 2205 3046 2253 tam
3086 2197 3302 2270 egregio
3342 2213 3568 2253 munere
3599 2197 3792 2254 donati

2187 2296 2317 2346 sunt
2363 2287 2639 2360 homines,
2681 2287 2828 2362 quod
2858 2286 2970 2344 illis
2999 2287 3132 2344 satis
3174 2286 3246 2343 sit
3288 2286 3354 2344 ad
3386 2286 3600 2361 copiam
3631 2288 3793 2344 salu—

2189 2389 2380 2438 tarem.

2261 2471 2440 2543 (Vers.
2476 2467 2588 2541 10.)
2635 2491 2654 2517 ε
2682 2467 2754 2524 Ut
2778 2475 2907 2523 nota
2934 2465 3028 2523 ﬁat
3053 2464 3405 2539 Principibus
3445 2471 3500 2522 et
3527 2465 3790 2522 Potesta-

2187 2559 2337 2616 tibus
2366 2558 2423 2614 in
2469 2556 2785 2616 caelestibus
2813 2573 2909 2630 per
2949 2555 3250 2612 Ecclesiam
3285 2553 3645 2611 multiformis
3692 2571 3793 2611 sa-

2187 2645 2406 2719 pientiai
2453 2644 2572 2702 Dei.
2600 2670 2619 2693 ι
2660 2644 2791 2700 Tam
2837 2644 2975 2700 bene
3029 2644 3097 2700 de
3144 2642 3250 2700 hoc
3296 2643 3466 2699 sensit
3509 2645 3678 2711 Deus,
3729 2650 3794 2699 ut

2187 2753 2298 2792 non
2350 2736 2527 2791 solum
2559 2733 2814 2807 gentibus
2843 2731 2992 2789 hunc
3034 2733 3355 2804 magistrum
3389 2732 3560 2802 daret,
3592 2748 3790 2788 verum

2187 2825 2349 2882 etiam
2381 2833 2444 2882 ut
2485 2839 2582 2896 per
2624 2839 2752 2879 eum
2786 2821 2989 2878 veritas
3027 2821 3235 2879 Christi
3269 2821 3572 2879 innotescat
3611 2823 3791 2897 spiri-

2185 2914 2336 2972 tibus
2364 2913 2421 2969 in
2448 2911 2784 2979 coelestibus,
2816 2910 2911 2984 qui
2941 2918 3070 2966 sunt
3087 2910 3369 2984 Principes
3389 2919 3443 2968 et
3461 2912 3786 2968 Potestates.

2187 3004 2484 3060 Potestates
2516 3001 2658 3070 ideo,
2691 3000 2822 3074 quia
2851 3001 3188 3072 potentiores
3227 3009 3358 3057 sunt
3389 3003 3533 3058 inter
3561 3009 3790 3059 czeteros

2187 3093 2444 3166 spiritus;
2501 3091 2782 3164 Principes
2836 3099 3038 3160 autem,
3093 3107 3157 3147 eo
3209 3091 3354 3165 quod
3404 3093 3790 3166 principentur

2185 3181 2589 3249 Potestatibus;
2647 3187 2710 3236 ut
2756 3188 3112 3252 agnoscentes
3157 3197 3250 3253 per
3299 3181 3623 3250 Ecclesiam,
3664 3199 3789 3256 quae

484 3281 542 3340 in
572 3297 679 3356 qua
702 3295 894 3337 omnes
909 3273 1167 3334 salvavit.
1196 3271 1544 3346 Dispensatio
1566 3279 1746 3328 tamen
1789 3273 2074 3346 Evangelii
2106 3296 2150 3357 α
2188 3272 2488 3330 multifarie
2535 3271 2602 3327 ad
2656 3271 2828 3326 vitam
2879 3278 3111 3328 attracta
3152 3279 3255 3340 est,
3289 3271 3344 3327 in
3376 3269 3596 3328 Christo
3620 3271 3790 3329 unius

479 3371 600 3444 ejus
646 3370 765 3429 haec
805 3376 904 3437 est,
965 3381 1073 3438 qua
1118 3363 1304 3437 agnita
1349 3371 1425 3419 est
1472 3363 1728 3419 voluntas
1774 3363 1912 3419 Dei:
1967 3380 2075 3436 qua

481 3471 666 3539 gentes
691 3459 810 3519 sine
843 3472 1004 3530 opere
1032 3453 1167 3527 legis
1191 3454 1403 3510 salvare
1427 3451 1693 3511 decrevit.

553 3551 736 3623 (Vers.
785 3545 868 3614 8.)
939 3543 1125 3602 «Mihi
1177 3543 1426 3600 omnium
1484 3549 1796 3599 sanctorum
1846 3540 2074 3598 minime

481 3642 609 3699 data
649 3645 733 3694 est
774 3633 946 3708 gratia
987 3632 1126 3691 haec.
1159 3655 1179 3680 ι
1233 3631 1507 3688 Humiliat
1539 3647 1617 3698 se,
1665 3648 1790 3688 cum
1818 3645 1874 3688 se
1904 3631 2074 3688 mini-

483 3742 634 3784 mum
669 3722 826 3788 dicit,
860 3721 1038 3779 sciens
1079 3719 1452 3776 humilitatem
1497 3719 1799 3792 profectum
1850 3719 2070 3777 habere.

481 3815 616 3873 Nam
648 3818 857 3868 tantam
906 3808 1133 3882 gratiam
1183 3807 1288 3865 sibi
1335 3807 1515 3865 datam
1564 3807 1721 3876 dicit,
1752 3815 1813 3864 ut
1865 3807 2072 3865 donum

481 3901 589 3958 hoc
617 3897 764 3973 quod
792 3904 918 3954 ante
950 3895 1198 3970 ignotum
1242 3894 1350 3951 fuit
1378 3894 1670 3969 praeteritis
1699 3895 1934 3961 sarculis,
1967 3895 2072 3951 sibi

482 3995 688 4046 asserat
735 4002 1076 4054 concessum,
1122 3991 1184 4042 ut
1224 3983 1330 4042 hoc
1375 3984 1752 4042 manifestaret
1797 3985 2068 4058 gentibus.

482 4079 639 4136 Unde
669 4077 818 4136 enim
845 4075 1111 4132 minimus
1139 4082 1450 4132 sanctorum
1483 4074 1730 4131 omnium
1758 4075 1935 4131 videri
1965 4092 2073 4148 po-

481 4175 589 4226 test
613 4169 732 4242 qui,
767 4175 1059 4240 antequam
1103 4165 1492 4240 baptizaretur,
1525 4182 1622 4222 vas
1649 4165 1936 4223 electionis
1983 4183 2073 4239 ap-

481 4257 718 4330 pellatus
743 4265 824 4313 est
842 4255 983 4327 (Act.
1015 4271 1096 4323 rx,
1117 4254 1208 4326 15)
1230 4255 1260 4309 ‘l
1277 4279 1294 4302 α
1320 4255 1392 4310 Ut
1411 4253 1468 4309 in
1500 4254 1818 4311 nationibus
1845 4271 2072 4326 evange-

481 4343 1074 4404 lizeminmstimahiles
1103 4343 1185 4415 (8)
1231 4342 1456 4400 divitias
1499 4343 1724 4400 Christi.
1759 4368 1778 4392 ν
1819 4345 2072 4400 Electum

480 4453 538 4494 se
585 4435 873 4509 probatad
921 4433 1329 4507 praedicandum
1363 4432 1568 4490 donum
1614 4432 1711 4490 Dei
1750 4433 1806 4488 in
1857 4435 2071 4490 divitiis

479 4522 1132 4599 incomprehensibilihus
1190 4521 1420 4590 Christi,
1470 4539 1605 4596 quas
1651 4523 1905 4595 gentibus
1955 4523 2069 4596 jam

476 4616 777 4690 desperatis
824 4613 1009 4686 largiri
1039 4613 1295 4686 dignatus
1337 4621 1454 4680 est;
1501 4623 1563 4670 ut
1606 4613 1724 4670 sine
1753 4630 1913 4686 opere
1951 4614 2070 4670 sal-

477 4713 738 4761 varentur
773 4719 870 4778 per
896 4702 1080 4760 ﬁdem.
1125 4703 1198 4758 Et
1227 4701 1576 4759 manifestum
1605 4710 1686 4759 est
1715 4703 1844 4776 quia
1871 4720 2065 4766 nemo;

473 4793 749 4866 egregium
779 4799 835 4849 et
865 4791 1167 4848 maximum
1200 4807 1401 4847 munus
1430 4806 1527 4864 per
1568 4790 1850 4863 indignam
1890 4791 2065 4848 mittit

474 4899 780 4955 personam.
823 4881 1129 4938 Ostendens
1170 4896 1297 4952 ergo
1341 4887 1607 4953 quantum
1657 4897 1689 4936 a
1714 4881 1827 4937 Deo
1863 4896 2063 4938 merea-

473 4979 586 5040 tur,
615 4970 876 5028 humiliat
905 4981 1088 5028 tamen
1119 4986 1195 5039 se,
1214 4979 1275 5026 ut
1307 4971 1564 5029 meritum
1585 4971 1703 5043 ejus
1727 4980 2058 5029 concrescat.

545 5069 726 5141 (Vers.
745 5070 828 5141 9.)
863 5091 883 5115 α
909 5069 981 5125 Et
1006 5069 1315 5127 illuminem
1336 5087 1546 5137 omnes,
1573 5087 1694 5144 quae
1724 5070 2060 5144 dispensatio

473 5159 723 5233 mysterii
751 5157 1059 5217 absconditi
1103 5175 1134 5215 a
1169 5160 1383 5217 saeculis
1414 5161 1472 5218 in
1517 5163 1651 5230 Deo,
1680 5161 1771 5235 qui
1803 5161 2059 5217 universa

467 5249 698 5308 creavit.
749 5274 767 5298 ι
818 5247 1046 5307 Missum
1104 5264 1161 5306 se
1201 5247 1338 5307 dicit
1383 5249 1592 5326 duplici
1642 5250 1806 5308 modo
1860 5249 2058 5309 docere

538 5442 620 5513 (7)
653 5439 898 5513 Vocibus
926 5436 1216 5513 inﬂigristo
1248 5439 1375 5513 Iesu
1400 5435 1683 5513 subjungit
1703 5438 1861 5497 Rom.
1889 5439 2054 5513 edit,

459 5509 566 5584 pec
586 5509 951 5584 Evangelium.
984 5509 1090 5584 Sed
1113 5509 1452 5584 versiculum
1487 5525 1598 5583 seq.
1617 5509 1710 5566 sic
1737 5509 2049 5569 exorditur:

466 5581 632 5650 Cadus
660 5581 832 5649 factus
845 5600 961 5638 sum
990 5581 1250 5651 minister,
1270 5589 1376 5638 etc.

471 5724 481 5733 θ
535 5653 618 5724 (8)
651 5653 1023 5733 Eadem__edit.
1047 5654 1234 5720 Rom.,
1267 5654 1333 5710 Ut
1357 5652 1416 5706 in
1441 5652 1677 5722 gentibus
1704 5654 2052 5725 evangelium

462 5725 1019 5794 incomprehmibiles,
1042 5733 1146 5782 etc.

533 5792 781 5868 (9)—Mss.
826 5795 1103 5864 nonnulli,
1135 5792 1277 5866 quod
1308 5801 1504 5868 aperta:
1545 5797 1753 5853 salutis.
1786 5796 1859 5853 At
1888 5811 2051 5854 versu

2183 3365 2282 3422 Dei
2313 3379 2532 3420 manere
2563 3363 2912 3435 mysterium,
2935 3361 3190 3418 desinant
3211 3361 3278 3418 ab
3310 3377 3512 3417 errore.
3545 3361 3606 3418 Id
3634 3363 3788 3420 enim

2183 3454 2384 3528 agitur,
2413 3461 2476 3510 ut
2507 3452 2820 3526 praedicatio
2864 3452 3237 3508 ecclesiastica
3283 3451 3447 3507 etiam
3489 3450 3576 3507 his
3605 3451 3790 3525 proﬁ-

2183 3543 2312 3613 ciat,
2343 3551 2396 3599 et
2444 3542 2695 3599 deserant
2735 3557 3015 3597 assensum
3053 3541 3363 3614 tyrannidis
3395 3541 3624 3610 diaboli,
3679 3557 3790 3616 qua

2184 3649 2240 3690 se
2281 3632 2542 3689 adversus
2575 3630 2675 3687 Dei
2711 3629 2877 3686 unius
2921 3628 3083 3686 ﬁdem
3131 3629 3298 3702 impia
3354 3631 3788 3704 prmsumptione

2183 3722 2437 3778 armavit.
2472 3720 2578 3788 Qui
2626 3735 2816 3775 sensus
2862 3719 3071 3790 psalmo
3116 3719 3380 3775 vicesimo
3425 3719 3589 3776 tertio
3635 3735 3786 3792 prae-

2182 3813 2419 3886 scriptus
2466 3819 2565 3878 est,
2626 3810 2721 3865 ubi
2764 3812 2909 3866 Deus
2954 3808 3331 3866 universitatis
3367 3809 3639 3865 Dominus
3676 3809 3784 3865 de—

2184 3907 2542 3968 monstratur,
2573 3897 2792 3955 dicente
2840 3897 2939 3953 Dei
2987 3897 3196 3970 Spiritu
3227 3914 3322 3970 per
3350 3896 3530 3955 David
3555 3917 3567 3955 :
3617 3926 3635 3946 ‹
3662 3900 3784 3954 Do-

2183 3991 2318 4048 mini
2367 3997 2451 4046 est
2495 3997 2661 4057 terra,
2712 3997 2765 4044 et
2806 3987 3093 4060 plenitudo
3121 3986 3259 4060 ejus,
3295 3988 3445 4045 orbis
3483 3996 3781 4055 terrarum,

2183 4091 2236 4139 et
2265 4080 2512 4138 universi
2547 4078 2640 4154 qui
2666 4078 2921 4135 habitant
2949 4078 3004 4133 in
3035 4094 3100 4135 eo
3132 4078 3305 4150 (Psal.
3338 4093 3506 4146 xxxii,
3540 4077 3616 4148 l).
3640 4103 3659 4124 ι
3709 4079 3784 4134 Et

2182 4172 2240 4228 in
2281 4169 2576 4243 subjectis:
2629 4195 2647 4216 ι
2676 4169 2877 4224 Tollite
2916 4174 3101 4240 portas
3129 4166 3403 4240 Principis
3431 4167 3602 4224 vestri
3635 4166 3778 4238 (10),

2182 4269 2236 4318 et
2290 4257 2586 4316 elevamiui
2651 4265 2823 4330 portae
2886 4258 3187 4324 aeternaIes,
3246 4264 3300 4311 et
3350 4255 3606 4313 introibit
3661 4257 3779 4312 Rex

2183 4351 2393 4422 gloriae.
2445 4347 2581 4415 Quis
2634 4354 2716 4403 est
2760 4346 2862 4402 iste
2907 4347 3022 4403 Rex
3071 4339 3306 4418 gloriae?
3336 4345 3606 4402 Dominus
3652 4345 3782 4400 vir—

2182 4450 2362 4498 tutum
2418 4441 2534 4512 ipse
2584 4446 2666 4496 est
2721 4439 2839 4496 Rex
2897 4438 3082 4511 gloriae
3143 4438 3309 4509 (Ibid.
3369 4438 3608 4510 740).»
3669 4439 3781 4495 Di—

2180 4531 2325 4587 citur
2375 4546 2502 4601 ergo
2557 4528 2646 4584 his
2701 4527 3068 4600 Principibus,
3122 4528 3215 4601 qui
3272 4527 3330 4583 in
3395 4544 3578 4584 errore
3646 4535 3783 4584 sunt

2179 4619 2236 4676 in
2302 4620 2637 4687 coelestibus,
2698 4618 2814 4675 sive
2864 4616 3134 4673 ministris
3188 4616 3306 4689 ejus
3363 4617 3421 4673 in
3474 4617 3656 4686 terris,
3713 4625 3780 4674 ut

2177 4711 2428 4768 auferant
2484 4719 2668 4786 portas
2714 4708 2982 4783 principis
3038 4709 3146 4778 sui,
3203 4710 3260 4766 id
3304 4717 3386 4766 est
3439 4708 3650 4766 diaboli
3706 4709 3780 4767 de

2180 4801 2455 4859 mentibus
2509 4799 2645 4871 suis,
2703 4817 2798 4873 per
2850 4815 2984 4873 quas
3035 4801 3336 4856 multorum
3393 4799 3621 4856 deorum
3675 4817 3778 4855 as—

2177 4892 2536 4950 serendorum
2606 4906 2759 4948 error
2820 4889 3068 4948 intravit.
3138 4890 3277 4947 Sunt
3342 4889 3490 4946 enim
3548 4898 3777 4963 tempo—

2176 4983 2360 5052 rales;
2426 4981 2556 5056 quia
2609 4979 2791 5037 omnis
2855 4978 3072 5036 fallacia
3138 4987 3382 5052 tempore
3442 4978 3770 5036 clauditur:

2190 5095 2209 5118 α
2249 5073 2357 5128 Iter
2405 5069 2600 5143 (enim)
2633 5068 2930 5142 impiorum
2979 5068 3179 5142 peribit
3212 5070 3386 5142 (Psal.
3421 5087 3460 5138 ι,
3512 5067 3591 5140 6).
3627 5094 3644 5114 ι
3702 5069 3776 5126 Ut

2173 5169 2355 5219 autem
2410 5168 2638 5218 aeternas
2685 5168 2868 5235 portas
2929 5161 3163 5229 elevent,
3227 5159 3483 5217 hortante
3524 5159 3768 5232 justitia,

2172 5251 2538 5309 admonentur
2559 5269 2572 5320 ;
2628 5251 2757 5326 quia
2808 5249 3008 5308 veritas
3062 5250 3117 5308 in
3177 5250 3512 5324 sempiterna
3564 5251 3773 5309 saecula

2170 5441 2443 5524 proximo,
2475 5441 2573 5524 ubi
2601 5459 2701 5524 nos
2733 5459 2859 5500 cum
2898 5450 3010 5524 ant.
3044 5441 3176 5524 edit.
3209 5458 3272 5524 ac
3297 5441 3556 5524 pluribus
3604 5460 3767 5524 mss.,

2167 5514 2224 5568 in
2249 5531 2444 5588 magna
2477 5521 2628 5581 vota;
2661 5515 2819 5588 Rom.
2851 5515 2984 5572 edit.
3017 5515 3254 5588 praefert,
3286 5514 3343 5569 in
3372 5514 3575 5586 magnis
3605 5515 3766 5582 votis,

2167 5593 2221 5640 et
2249 5586 2473 5659 quidam
2506 5603 2659 5654 mss.,
2693 5587 2748 5641 in
2786 5605 2977 5659 magna
3008 5586 3138 5642 uita.

2193 5657 2355 5781 ⁸(10)
2391 5659 2529 5781 Llgiss.
2580 5659 2824 5731 aliquot:
2869 5657 3054 5715 Tollite
3094 5665 3299 5730 portas,
3331 5657 3625 5730 Principes,
3666 5675 3769 5714 ve-

2215 5745 2323 5781 ras.
2357 5745 2384 5781 e
2448 5772 2459 5781 .

2163 5737 2323 5795 sti-as,
2357 5737 2459 5787 etc.
