3970 6382
203 406 312 469 405

1279 407 1642 467 COMMENT.
1683 408 1754 466 IN
1790 408 2007 468 EPIST.
2049 410 2144 468 AD
2181 411 2427 468 EPHES.

3399 413 3504 474 406

197 543 520 610 perseverat.
572 534 728 594 Unde
770 534 848 592 ait
885 533 944 592 in
983 535 1200 609 psalmo
1244 535 1542 592 centesimo
1581 533 1794 592 decimo
1821 538 1873 598 Α
1906 551 2026 606 nos,
2058 536 2150 592 sed
2197 553 2410 609 semper
2449 535 2602 594 adest
2647 547 2865 611 propter
2911 540 3077 598 ﬁdem
3120 558 3297 612 suam,
3337 556 3502 617 quam

196 625 430 698 septimo
463 643 475 682 :
528 651 546 674 ι
587 627 713 684 Haec
741 635 902 699 porta
930 624 1178 688 Domini,
1205 624 1342 697 justi
1376 623 1662 681 intrabunt
1705 641 1800 697 per

194 730 314 772 eam
349 717 522 790 (Psal.
555 734 729 786 cxvn,
761 716 877 789 20).
921 740 940 764 ι
992 715 1350 774 Manifestum
1384 723 1465 773 est
1495 716 1642 771 enim
1672 715 1801 788 quia

190 801 334 875 justi
381 822 479 879 per
526 805 689 862 ﬁdem
737 805 947 861 intrant
992 804 1049 860 in
1095 805 1282 874 cmlos,
1331 805 1388 860 in
1418 821 1648 879 regnum
1677 805 1798 874 Dei,

193 895 346 967 quod
386 911 666 968 nunquam
711 895 1103 966 corrumpitur,
1135 897 1281 951 sicut
1305 894 1500 951 Daniel
1536 894 1803 966 propheta

193 989 453 1052 testatur,
503 983 692 1040 dicens
721 985 868 1040 inter
912 991 1108 1041 caetera
1143 1001 1154 1040 :
1219 1009 1237 1030 ι
1267 983 1543 1055 Exsurget
1572 999 1800 1055 regnum

190 1072 354 1129 aliud
383 1072 803 1146 incorruptibile
854 1073 1018 1141 (Dan.
1055 1089 1119 1138 ιι,
1151 1070 1282 1143 et);
1335 1095 1353 1119 ι
1415 1069 1573 1142 impii
1616 1077 1800 1126 autem

195 1168 428 1235 propter
456 1161 896 1218 incredulitatem
930 1162 1138 1217 intrant
1165 1160 1444 1217 infernum
1475 1167 1796 1219 tartareum.

192 1249 302 1308 Hic
332 1266 460 1324 ergo
493 1251 609 1307 Rex
639 1251 825 1324 gloriae
848 1250 1101 1308 Christus
1131 1259 1232 1318 est,
1255 1249 1349 1323 qui
1379 1248 1597 1306 devicta
1627 1256 1801 1304 morte

194 1355 490 1413 resurgens
548 1348 771 1412 apparet
823 1338 1094 1395 Dominus
1151 1354 1265 1394 esse
1320 1345 1373 1393 et
1429 1339 1543 1394 Rex
1590 1335 1797 1408 gloria).

193 1427 417 1485 Virtute
445 1427 592 1485 enim
639 1427 924 1501 potestatis
971 1445 1103 1496 suae,
1154 1444 1261 1502 qua
1308 1426 1522 1500 subegit
1572 1425 1797 1493 inferos,

193 1518 608 1586 manifestatur;
643 1519 771 1592 quia
804 1518 915 1591 ipse
938 1525 1018 1573 est
1045 1518 1223 1574 Filius
1243 1519 1363 1586 Dei,
1388 1517 1482 1589 qui
1509 1515 1672 1571 unius
1701 1513 1798 1570 Dei

191 1621 423 1679 regnum
458 1609 515 1663 in
544 1609 699 1665 ccelis
719 1617 772 1664 et
794 1607 851 1662 in
875 1607 1035 1664 terris
1059 1623 1172 1664 esse
1195 1607 1261 1664 ad
1283 1604 1798 1663 condemnationem

191 1696 509 1769 tyrannidis
538 1696 744 1752 diaboli
777 1696 1116 1770 praedicavit.

271 1786 453 1858 (Vers.
486 1787 571 1855 11,
608 1785 722 1857 12.)
768 1808 785 1832 ι
834 1785 1145 1842 Secundum
1196 1782 1536 1856 propositum
1576 1779 1799 1836 saeculo-

1909 625 2061 682 videt
2090 626 2146 681 in
2196 626 2356 683 nobis
2386 646 2397 682 :
2431 626 2631 700 quippe
2661 644 2786 684 cum
2817 627 2942 685 ideo
2971 629 3207 701 Spiritus
3235 629 3374 702 ejus,
3407 631 3504 706 qui

1911 723 1964 773 et
1989 715 2086 771 Dei
2134 714 2310 771 Patris
2359 724 2461 786 est,
2513 716 2674 773 detur
2719 717 2899 787 nobis,
2939 726 3000 774 ut
3039 717 3159 775 vice
3196 719 3314 790 ejus
3355 729 3504 778 tutos

1909 819 2126 884 praestet
2158 829 2277 880 nos,
2307 811 2353 868 si
2383 813 2432 868 ei
2460 815 2838 878 assentiamus,
2863 823 2923 870 ut
2952 823 3005 872 et
3025 817 3240 872 occulta
3268 817 3501 884 revelet;

1911 916 2007 972 per
2043 916 2203 972 quem
2248 901 2440 975 utique
2468 903 2649 976 ipsum
2682 904 2739 960 in
2771 903 2928 960 nobis
2959 904 3204 961 habitare
3231 905 3510 977 ambigere-

1917 1003 2027 1044 non
2056 989 2336 1045 debemus.
2383 991 2481 1045 Est
2509 991 2656 1047 enim
2699 991 2792 1049 hic
2829 991 2972 1049 alius
3013 993 3331 1065 paraclitus,
3363 992 3505 1050 inter

1910 1093 2046 1151 quos
2082 1094 2438 1150 personarum
2460 1079 2723 1136 distantia
2745 1083 2850 1147 est,
2879 1098 2988 1155 non
3021 1091 3262 1150 naturae;
3295 1083 3422 1156 quia
3449 1091 3506 1140 ot

1912 1165 1978 1222 de
2007 1182 2071 1222 eo
2102 1167 2332 1239 accepit,
2368 1176 2421 1223 et
2450 1186 2480 1223 a
2511 1171 2622 1225 Deo
2653 1170 2900 1242 procedit
2944 1171 3126 1241 (Joan.
3155 1188 3251 1240 xv,
3285 1172 3401 1244 26).
3441 1172 3506 1229 In

1907 1255 2110 1328 quibus
2139 1258 2288 1312 enim
2320 1267 2530 1316 naturae
2561 1259 2744 1316 unitas
2773 1268 2876 1330 est,
2926 1259 3162 1317 invicem
3210 1260 3295 1317 sui
3339 1270 3500 1329 sunt;

1911 1344 2057 1400 unde
2081 1345 2220 1402 dicit
2250 1348 2516 1404 Dominus
2550 1366 2564 1405 :
2623 1374 2639 1396 ε
2670 1349 2869 1406 Omnia
2907 1349 3084 1406 Patris
3122 1365 3242 1406 mea
3271 1357 3419 1418 sunt,
3449 1355 3504 1405 et

1909 1449 2029 1489 mea
2069 1434 2256 1491 omnia
2282 1437 2457 1493 Patris
2492 1439 2671 1510 (Joan.
2701 1455 2820 1508 xvr,
2855 1439 2966 1511 15).
2999 1462 3017 1486 ›

1981 1525 2160 1595 (Vers.
2197 1525 2310 1598 18.)
2355 1549 2374 1573 ι
2413 1527 2482 1582 Ut
2515 1525 2573 1580 in
2599 1525 2864 1582 charitate
2892 1525 3119 1583 radicati
3163 1534 3217 1583 et
3263 1526 3502 1594 fundati,

1907 1614 2128 1686 possitis
2159 1614 2622 1688 comprehendere
2665 1633 2791 1672 cum
2835 1616 3094 1672 omnibus
3138 1617 3342 1673 sanctis
3380 1633 3501 1689 quae

1908 1703 1980 1758 sit
2009 1703 2264 1770 latitudo,
2295 1711 2349 1759 et
2374 1703 2679 1775 longitudo,
2699 1711 2752 1759 et
2765 1703 3021 1774 altitudo,
3037 1712 3091 1760 et
3106 1705 3436 1777 profundum
3449 1729 3488 1761 .-

1907 1791 2022 1847 Hoc
2067 1799 2320 1863 praestare
2363 1793 2498 1849 dicit
2542 1792 2880 1849 habitantem
2929 1793 3209 1851 Christum
3256 1795 3342 1853 vel
3383 1794 3500 1866 Spi-

189 1891 320 1931 rum
354 1875 410 1930 in
443 1874 662 1933 Christo
694 1874 819 1930 Jesu
847 1873 1086 1929 Domino
1134 1879 1368 1959 nostro,
1482 1887 1591 1959 quo
1634 1868 1797 1959 habe-
1829 1898 1874 1959 Β
1907 1880 2078 1936 ritum
2113 1881 2167 1936 in
2197 1881 2376 1949 nobis,
2423 1889 2484 1937 ut
2514 1881 2728 1937 fundati
2772 1881 2945 1938 simus
2993 1882 3052 1937 in
3082 1875 3347 1939 charitate
3375 1883 3498 1951 Dei,

188 1980 324 2020 mus
371 1962 680 2019 libertatem
733 1962 792 2018 in
843 1961 1180 2016 conﬁdentia
1223 1976 1319 2032 per
1346 1958 1508 2015 ﬁdem
1543 1956 1733 2030 ipsius.
1767 1979 1784 2002 ι

190 2052 613 2110 Manifestatum
643 2051 779 2108 dicit
809 2051 1092 2110 Christum
1124 2052 1345 2118 saaculo,
1378 2066 1486 2122 quo
1516 2045 1800 2121 proposuit

185 2143 343 2200 Deus
370 2141 658 2197 ostendere
680 2141 1007 2214 mysterium
1029 2157 1188 2196 suum
1212 2156 1311 2211 pro
1332 2141 1506 2194 salute
1535 2137 1797 2203 humana,

189 2239 260 2289 ut
289 2230 534 2304 cognitio
576 2229 828 2303 mysterii
858 2229 958 2286 Dei
992 2228 1320 2284 mortalibus
1353 2227 1627 2283 conferret
1656 2227 1796 2280 salu-

190 2329 306 2378 tem
336 2337 349 2386 ;
384 2327 447 2376 ut
476 2318 631 2392 quasi
661 2318 935 2375 dedicatio
970 2318 1123 2390 regni
1154 2316 1359 2376 Christi
1389 2315 1531 2372 hanc
1570 2314 1798 2388 gratiam

197 2407 560 2466 credentibus
603 2424 701 2480 pro
731 2407 1081 2480 apophoretis
1119 2406 1428 2479 largiretur.
1471 2404 1623 2460 Licet
1649 2402 1797 2458 enim

184 2496 309 2571 jam
332 2497 466 2554 olim
489 2497 696 2553 factum
716 2496 811 2566 sit,
832 2513 1039 2552 novum
1068 2503 1252 2552 tamen
1275 2494 1494 2550 videtur
1523 2492 1799 2566 ignoranti

187 2593 480 2644 creatura}.

273 2675 454 2746 (Vers.
490 2674 603 2748 13.)
649 2698 666 2722 ε
696 2674 924 2748 Propter
955 2672 1103 2747 quod
1129 2681 1254 2746 peto
1283 2687 1352 2727 ne
1380 2670 1649 2726 deﬁciatis
1678 2670 1794 2740 (11)

191 2765 254 2822 in
284 2763 742 2822 tribulationibus
770 2765 908 2821 meis
937 2781 1036 2836 pro
1067 2763 1245 2830 vobis,
1281 2777 1401 2834 quae
1427 2767 1555 2816 sunt
1585 2759 1642 2815 in
1673 2759 1798 2831 glo-

190 2853 281 2911 ria
315 2862 516 2910 vestra.
545 2879 564 2902 ι
621 2853 964 2910 Manifestata
1006 2867 1119 2923 spe,
1171 2866 1290 2922 quae
1319 2856 1399 2904 est
1429 2848 1487 2903 in
1532 2848 1798 2919 mysterio

191 2943 431 3012 Christi,
463 2949 778 2998 commonet
817 2957 885 2996 ne
917 2939 1236 2997 scandalum
1269 2937 1548 3010 patiantur
1576 2945 1799 3009 propter

189 3031 608 3098 tribulationes,
637 3046 758 3104 quze
803 3028 1007 3086 sanctis
1035 3047 1066 3084 a
1095 3027 1316 3100 perﬁdis
1347 3027 1678 3098 irrogantur.
1710 3025 1796 3079 All

195 3119 434 3193 gloriam
483 3119 628 3175 enim
678 3117 916 3190 pertinet
963 3118 1211 3186 illorum,
1257 3116 1388 3173 siin
1440 3113 1797 3170 tribulatione

1907 1972 2150 2028 devincti
2195 1972 2479 2029 beneﬁciis
2527 1972 2665 2045 ejus,
2719 1982 2772 2030 et
2802 1973 3072 2046 possimus
3101 1991 3224 2030 cum
3271 1975 3499 2042 sanctis,

1908 2061 2003 2134 qui
2045 2069 2174 2117 sunt
2201 2062 2435 2133 apostoli
2483 2069 2536 2116 et
2565 2060 2866 2134 prophetae,
2916 2061 3245 2119 immensum
3274 2071 3330 2118 et
3355 2064 3500 2119 inae—

1907 2149 2286 2206 stimatibilem
2331 2166 2657 2222 cognoscere
2701 2152 2900 2219 Deum,
2931 2151 3116 2206 omnia
3144 2151 3498 2209 excedentem

1907 2237 2189 2310 majestate
2217 2237 2444 2295 virtutis
2473 2256 2604 2295 sum.
2629 2237 2764 2296 Cum
2795 2239 2942 2295 enim
2975 2239 3110 2296 dicit
3134 2259 3145 2296 :
3185 2240 3496 2311 «Latitudo,

1907 2338 1961 2386 et
1989 2329 2298 2402 longitudo,
2331 2337 2385 2385 et
2413 2328 2671 2398 altitudo,
2717 2337 2771 2385 et
2798 2329 3156 2404 profundum,
3187 2354 3204 2377 ι
3249 2329 3354 2389 hoc
3378 2331 3499 2388 uti-

1907 2437 2012 2495 que
2060 2418 2355 2491 signiﬁcat,
2407 2427 2470 2475 ut
2497 2419 2640 2476 sicut
2685 2419 2744 2475 in
2783 2419 2994 2492 sphaera
3021 2427 3173 2477 tanta
3210 2421 3497 2494 longitudo

1907 2516 2008 2578 est,
2041 2517 2245 2582 quanta
2274 2508 2529 2578 latitudo,
2579 2517 2633 2564 et
2674 2517 2824 2564 tanta
2860 2509 3114 2579 altitudo,
3147 2518 3414 2582 quantum
3443 2519 3499 2567 et

1907 2597 2277 2672 profundum;
2344 2597 2422 2653 ita
2477 2604 2530 2652 et
2586 2597 2642 2652 in
2698 2599 2812 2652 Deo
2867 2599 3053 2653 omnia
3106 2599 3338 2671 aequalia
3384 2599 3497 2656 sint

1908 2684 2275 2741 immensitate
2298 2684 2608 2740 inﬁnitatis.
2647 2684 2870 2757 Sphaara
2891 2687 3040 2741 enim
3071 2685 3300 2743 deﬁnito
3330 2688 3495 2744 modo

1906 2775 2260 2832 concluditur
2288 2793 2299 2830 :
2339 2776 2484 2830 Deus
2511 2782 2693 2830 autem
2723 2791 2834 2829 non
2855 2774 3040 2830 solum
3070 2775 3263 2848 implet
3287 2776 3495 2844 omnia,

1905 2864 1998 2922 sed
2026 2873 2080 2920 et
2107 2864 2356 2931 excedit;
2392 2880 2491 2920 nec
2515 2863 2661 2918 enim
2693 2862 2990 2932 clauditur,
3021 2863 3115 2919 sed
3135 2865 3322 2920 omnia
3351 2865 3498 2921 intra

1907 2970 1963 3010 se
1997 2954 2182 3021 habet,
2222 2961 2285 3008 ut
2314 2954 2465 3008 solus
2496 2952 2789 3009 ineﬁ‘abilis
2815 2959 2870 3007 et
2899 2951 3152 3009 inﬁnitus
3180 2951 3446 3011 habeatur
3480 2973 3491 3010 :

1907 3050 1961 3098 et
1989 3042 2174 3114 gratiae
2203 3041 2336 3097 huic
2369 3040 2764 3096 insuﬂicienter
2787 3047 3036 3111 agantur,
3069 3041 3197 3113 quia
3225 3059 3348 3098 cum
3379 3051 3494 3099 tan-

1904 3138 1994 3186 tus
2025 3131 2118 3198 sit,
2157 3130 2412 3203 dignatus
2431 3137 2511 3185 est
2527 3144 2624 3200 per
2649 3127 2930 3185 Christum
2960 3128 3239 3186 hominem
3270 3131 3496 3189 visitare

194 3208 450 3280 magistri
476 3224 586 3264 non
614 3206 819 3263 fuerint
849 3205 1202 3262 scandalizati
1233 3204 1513 3276 discipuli,
1554 3203 1658 3259 hac
1703 3218 1795 3272 spe
1826 3257 1868 3316 Ο
1905 3221 2140 3292 peccatis
2171 3226 2224 3274 et
2257 3218 2421 3274 morti
2455 3217 2782 3289 subjectum.

194 3297 426 3316 n,,___-A!,
472 3297 583 3316 ___,3_
621 3296 864 3316 1!_I_12____
902 3311 1163 3316 __.-_____..
1199 3293 1372 3316 ἔ..ι--..2
1406 3292 1588 3316 -_-..I!
1627 3293 1788 3316 -‘I-..2..
1987 3308 2051 3316 ι..-
2200 3309 2253 3316 -..
2287 3308 2297 3316 ι
2440 3307 2472 3316 ι..

186 3297 431 3363 firmati;
464 3297 592 3370 quia
621 3296 869 3352 ﬁdelium
902 3311 1168 3367 pressurae
1198 3293 1374 3349 futuri
1405 3292 1589 3348 saeculi
1623 3293 1795 3364 gloria

185 3385 506 3458 erigentur;
544 3385 663 3442 haec
709 3384 857 3441 enim
891 3383 1138 3439 ﬁdelium
1173 3381 1424 3454 probatio
1453 3388 1554 3449 est,
1591 3379 1635 3436 si
1664 3380 1792 3435 ﬁdei

185 3490 307 3532 suae
335 3489 483 3547 spem
513 3472 819 3529 advertant.

269 3573 560 3643 (Versu,
585 3573 671 3641 15,
697 3574 811 3642 16.)
859 3597 874 3620 ι
905 3571 1079 3642 Hujus
1110 3569 1187 3626 rei
1224 3568 1396 3642 gratia
1431 3567 1592 3626 ﬂecto
1622 3584 1795 3642 genua

189 3679 318 3720 mea
342 3663 410 3718 ad
442 3664 656 3719 Patrem
687 3661 913 3718 Domini
948 3661 1123 3716 nostri
1151 3660 1277 3716 Jesu
1313 3657 1540 3728 Christi,
1589 3674 1655 3713 ex
1685 3675 1794 3731 quo

187 3749 380 3808 omnis
425 3749 725 3823 paternitas
772 3751 831 3806 in
866 3750 1020 3806 ccelis
1071 3758 1123 3804 et
1167 3748 1225 3804 in
1255 3755 1401 3804 terra
1448 3747 1789 3813 nominatur;

191 3848 262 3895 ut
289 3839 384 3896 det
421 3839 581 3897 vobis
626 3839 924 3896 secundum
959 3837 1185 3895 divitias
1214 3837 1510 3909 majestatis
1539 3854 1649 3892 suae
1685 3835 1791 3890 vir-

188 3937 370 3986 tutem
401 3928 713 3986 conﬁrmari
759 3929 816 3985 in
853 3927 1063 4001 Spiritu
1108 3945 1208 3984 suo
1239 3928 1378 3999 (12).
1412 3953 1430 3974 ι
1493 3927 1608 3982 Hoc
1636 3925 1794 3981 ﬂexis

191 4016 426 4090 genibus
473 4016 682 4088 precari
727 4033 785 4072 se
831 4015 989 4084 dicit,
1038 4023 1101 4071 ut
1150 4015 1280 4088 quia
1310 4014 1564 4087 dignatus
1593 4020 1674 4070 est
1703 4013 1792 4069 ad-

190 4122 392 4163 vocare
421 4113 605 4179 gentes
634 4105 701 4161 ad
731 4105 1171 4179 cognoscendum
1223 4104 1551 4178 mysterium
1582 4105 1794 4159 volun-

191 4194 326 4252 tatis
357 4194 493 4266 ejus,
524 4194 629 4252 hoc
666 4194 831 4250 etiam
859 4194 1049 4262 donet,
1083 4192 1210 4266 quia
1241 4193 1397 4250 dives
1427 4202 1526 4261 est,
1561 4201 1622 4248 ut
1654 4201 1794 4249 nutu

190 4283 316 4356 ejus
362 4282 652 4339 ﬁrmentur
703 4283 764 4338 in
811 4283 1042 4354 Spiritu,
1103 4282 1208 4339 hoc
1250 4290 1349 4350 est,
1405 4291 1467 4338 ut
1506 4287 1650 4345 239
1683 4300 1792 4338 non

191 4379 330 4436 illos
351 4379 676 4450 perturbent
703 4381 946 4438 carnalia
974 4379 1144 4435 exitia
1176 4378 1324 4434 illata
1353 4397 1383 4435 a
1412 4380 1671 4452 perﬁdis;
1701 4379 1794 4434 sed

191 4468 310 4524 sint
339 4467 582 4537 stabiles,
630 4477 1006 4541 exspectantes
1035 4467 1093 4523 in
1123 4468 1310 4525 futuro
1339 4468 1506 4540 hujus
1551 4470 1628 4526 rei
1657 4486 1792 4525 mer-

190 4559 406 4616 cedem.

273 4655 455 4727 (Vers.
493 4655 605 4726 17.)
651 4679 668 4702 ‹
699 4656 760 4712 In
787 4655 1048 4713 interiore
1077 4655 1302 4713 homine
1332 4655 1610 4714 Christum
1641 4656 1793 4713 habi-

195 4753 315 4800 tare
345 4760 440 4818 per
486 4743 652 4800 ﬁdem
701 4745 758 4800 in
804 4745 1062 4802 cordibus
1108 4747 1324 4803 vestris.
1371 4772 1387 4795 ιι
1450 4747 1511 4802 In
1555 4763 1619 4801 eo
1662 4746 1797 4819 petit

195 4854 292 4894 eos
338 4834 510 4908 magis
563 4833 791 4904 ﬁrmari,
845 4843 905 4890 ut
961 4853 1071 4892 non
1121 4836 1421 4910 ambigant,
1477 4836 1571 4892 sed
1625 4836 1797 4908 magis

189 4925 427 4984 credant
455 4923 737 4982 Christum
771 4923 1018 4980 habitare
1050 4925 1106 4981 in
1156 4942 1231 4994 se,
1273 4943 1433 5000 quem
1465 4942 1576 4981 non
1606 4924 1797 4980 vident

197 5015 288 5070 his
307 5012 516 5080 oculis;
551 5022 612 5068 ut
637 5012 874 5086 Spiritus
904 5013 1066 5070 datus
1092 5014 1199 5069 hoc
1228 5014 1306 5069 eis
1334 5030 1430 5085 per
1456 5013 1556 5069 Dei
1586 5011 1792 5067 donum

201 5103 480 5170 infundat,
515 5110 578 5159 ut
619 5102 756 5159 certi
808 5101 920 5158 sint
970 5101 1036 5158 de
1077 5101 1297 5159 Christo
1336 5102 1482 5175 quod
1530 5102 1691 5171 vivit,
1742 5111 1794 5158 et

200 5193 377 5250 Filius
422 5189 519 5248 Dei
568 5199 673 5259 est,
725 5201 778 5248 et
826 5191 1038 5248 habitat
1085 5208 1181 5264 per
1229 5191 1392 5248 ﬁdem
1441 5193 1495 5248 in
1536 5191 1795 5248 cordibus

203 5281 425 5349 nostris,
473 5288 535 5336 ut
580 5298 705 5338 cum
756 5281 918 5337 ﬁdem
965 5280 1084 5352 ejus
1131 5279 1396 5336 habemus
1448 5281 1504 5336 in
1537 5282 1794 5338 cordibus

203 5372 426 5441 nostris,
475 5373 655 5446 ipsum
686 5371 886 5428 habere
916 5371 1224 5427 videamur.
1274 5371 1430 5439 Quod
1460 5387 1524 5425 eo
1555 5371 1791 5443 proﬁcit,

202 5470 263 5520 ut
289 5462 465 5520 securi
500 5462 674 5518 simus
700 5461 766 5518 de
795 5459 1022 5517 auxiliis
1068 5459 1221 5533 ejus;
1271 5460 1400 5535 quia
1435 5476 1547 5517 nou
1594 5459 1793 5518 deserit

274 5630 394 5773 (11)
425 5631 582 5687 Hom.
614 5629 771 5710 edit.,
794 5631 1021 5701 Propter
1038 5630 1177 5710 quod
1198 5647 1394 5698 moneo,
1423 5647 1486 5711 ne
1514 5629 1788 5711 deﬁciet-is.

275 5702 370 5772 (12
421 5700 630 5773 Eadem
678 5700 834 5768 edit.,
860 5719 960 5773 per
990 5702 1248 5773 Spiritum
1277 5720 1429 5757 suum
1461 5720 1514 5755 ιη
1545 5708 1788 5758 anteriore

275 5700 394 5773 (12)
421 5700 630 5773 Eadem
678 5700 834 5768 edit.,
860 5700 960 5773 per
990 5702 1248 5773 Spiritum
1277 5720 1429 5757 suum
1461 5703 1514 5755 in
1545 5700 1793 5758 interiore

203 5771 427 5831 homine.
479 5771 632 5831 Unde
662 5771 879 5831 versum
910 5773 973 5830 17
1010 5771 1087 5830 ita
1118 5773 1315 5848 incipit
1345 5792 1356 5830 :
1409 5774 1674 5832 Christum
1701 5775 1792 5832 ha-

1976 3308 2158 3380 (Vers.
2193 3308 2305 3379 19.)
2369 3330 2387 3354 ι
2434 3307 2769 3380 Cognoscere
2812 3322 3028 3381 quoque
3073 3309 3496 3384 supereminen-

1901 3405 2009 3453 tem
2041 3397 2284 3453 scientia)
2326 3396 2649 3452 charitatem
2699 3395 2926 3454 Christi.
2961 3422 2978 3445 ι
3037 3398 3166 3453 Post
3191 3399 3291 3454 Dei
3319 3398 3495 3455 Patris

1904 3484 2178 3541 inﬁnitam
2233 3493 2291 3542 et
2345 3485 2958 3558 incomprehensibilem
3014 3487 3382 3559 cognitionem
3441 3497 3496 3546 et

1904 3573 2324 3630 inenarrabilem
2375 3575 2744 3643 clementiam,
2805 3573 3028 3632 Christi
3065 3591 3280 3650 quoque
3332 3593 3492 3649 agno-

1903 3680 2050 3718 scere
2080 3680 2181 3720 nos
2211 3664 2333 3718 vult
2359 3662 2684 3720 charitatem
2708 3681 2721 3731 ;
2773 3663 2901 3736 quia
2927 3664 3386 3735 supereminentis
3413 3673 3496 3721 est

1903 3753 2170 3822 scientiae,
2195 3760 2248 3808 et
2277 3752 2714 3824 subintelligitur
2741 3753 3026 3819 humanm;
3060 3761 3122 3808 ut
3137 3769 3300 3825 super
3323 3754 3496 3811 scien-

1901 3843 2035 3896 tiam
2066 3841 2353 3897 hominum
2389 3841 2654 3898 habeatur
2680 3842 2904 3898 dilectio
2934 3841 3160 3898 Christi.
3187 3843 3323 3909 Quis
3345 3843 3492 3899 enim

1902 3941 2080 4006 potest
2109 3933 2364 4004 colligere
2394 3933 2643 4005 mysterii
2675 3931 2840 4004 hujus
2881 3933 3166 3991 charitatis
3202 3936 3492 4004 rationem,

1903 4031 1964 4078 ut
1995 4029 2048 4076 et
2075 4023 2220 4077 Deus
2249 4021 2496 4078 hominis
2525 4038 2688 4078 causa
2717 4020 2885 4077 homo
2928 4031 3264 4093 nasceretur,
3295 4024 3494 4081 deinde

1904 4117 2210 4166 moreretur
2237 4127 2337 4183 pro
2376 4111 2717 4180 hominibus,
2750 4129 2848 4184 pro
2877 4113 3049 4169 servis
3075 4114 3356 4184 dominus,
3395 4132 3494 4188 pro

1903 4211 2149 4259 creatura
2178 4210 2408 4270 creator,
2442 4219 2539 4273 pro
2574 4203 2760 4276 impiis
2790 4203 2913 4276 pius
2933 4205 2962 4262 ?
2991 4205 3220 4277 Propter
3249 4206 3384 4280 quid
3418 4205 3494 4262 ita

1902 4293 2101 4348 dilexit
2127 4293 2272 4348 nos?
2304 4300 2399 4348 aut
2428 4301 2489 4348 ut
2519 4293 2651 4366 quid
2680 4303 2929 4350 nostrum
2960 4294 3202 4362 haberet,
3236 4297 3331 4369 qui
3361 4297 3496 4352 nul—

1905 4381 2013 4437 lius
2038 4381 2291 4454 indiget?
2318 4381 2587 4454 numquid
2609 4398 2719 4438 non
2739 4382 2979 4440 charitas
2999 4383 3115 4439 haec
3135 4400 3298 4456 super
3322 4385 3495 4441 scien-

1904 4473 2035 4526 tiam
2063 4472 2350 4528 hominum
2377 4473 2503 4528 est?
2531 4481 2625 4527 aut
2654 4473 2777 4545 quis
2805 4473 3092 4529 hominum
3125 4473 3266 4530 hanc
3293 4474 3495 4545 poterit

1904 4560 2228 4616 charitatem
2282 4561 2448 4617 alicui
2503 4562 2796 4629 exhibere;
2853 4577 3163 4634 quanquam
3196 4561 3372 4632 impar
3399 4562 3490 4629 sit,

1905 4665 1968 4707 ac
1995 4667 2091 4723 per
2137 4651 2244 4707 hoc
2274 4652 2644 4723 supereminet
2691 4652 2933 4708 humana
2974 4652 3333 4708 commenta?
3379 4651 3496 4708 Hoc

1905 4756 2002 4813 ego
2032 4741 2152 4795 vult
2191 4757 2290 4797 nos
2319 4742 2479 4809 scire,
2525 4741 2872 4813 quia-sensus
2912 4749 3097 4796 noster
3134 4740 3347 4812 assequi
3380 4758 3492 4797 non

1906 4837 2101 4901 potest,
2147 4845 2249 4884 nec
2278 4831 2583 4902 perspicere
2625 4828 3054 4901 profunditatem
3101 4828 3491 4886 beneﬁciorum

1906 4917 2108 4975 Christi
2170 4935 2294 4992 erga
2353 4935 2491 4983 nos;
2554 4927 2613 4972 ut
2669 4916 2896 4989 perinde
2953 4932 3165 4990 semper
3213 4918 3260 4974 ei
3322 4919 3495 4976 simus

1904 5008 2177 5079 supplices
2207 5015 2261 5063 et
2305 5005 2516 5069 devoti,
2569 5012 2620 5059 et
2675 5005 2771 5076 qui
2824 5004 3024 5062 debitis
3078 5008 3232 5063 nulla
3283 5009 3494 5066 ratione

1904 5101 2213 5158 satisfacere
2267 5115 2574 5171 possumus,
2622 5098 2711 5152 vel
2768 5098 2825 5154 in
2882 5098 2989 5154 ﬁde
3039 5097 3158 5172 ejus
3206 5117 3380 5174 usque
3425 5102 3492 5158 ad

1905 5200 2134 5247 mortem
2184 5205 2610 5262 perseveremus.
2642 5189 2741 5246 Ille
2770 5188 2916 5245 enim
2960 5206 3060 5263 pro
3089 5191 3494 5265 magniﬁcentia

1903 5279 2200 5352 majestatis
2227 5296 2338 5335 suae
2367 5295 2428 5335 ea
2461 5279 2623 5352 gessit
2652 5296 2750 5352 pro
2778 5280 2958 5349 nobis,
3006 5297 3126 5353 quae
3155 5281 3239 5336 sui
3269 5280 3495 5353 indigna

1903 5379 2032 5428 sunt
2051 5370 2198 5444 (13);
2233 5377 2294 5427 ut
2313 5376 2366 5427 et
2387 5387 2487 5426 nos
2518 5369 2575 5426 in
2606 5377 2870 5444 quantum
2903 5386 3212 5442 possumus,
3239 5369 3288 5425 ei
3319 5369 3492 5425 famu-

1902 5463 2102 5517 lemur.
2169 5484 2187 5506 ε
2238 5461 2306 5517 Ut
2353 5459 2696 5534 impleamini
2730 5459 2787 5516 in
2817 5475 3034 5515 omnem
3089 5457 3491 5531 plenitudinem

1901 5633 2089 5836 ὸιιῗὲ)
2119 5641 2385 5763 ἓξὲίιηιιιιί
2419 5723 2572 5774 mss.,
2601 5720 2715 5776 qua:
2735 5703 2836 5758 sibi
2861 5701 3022 5773 digna
3042 5707 3188 5771 sunt;
3221 5717 3334 5759 non
3360 5702 3496 5758 satis

1901 5793 1989 5836 rec
2052 5821 2066 5835 .

1900 5793 2066 5836 recte.
