3970 6370
465 417 571 477 ΜΠ

465 543 586 606 Dei.
617 566 638 594 ι
680 540 824 612 Quia
851 538 988 602 ﬁdes
1034 555 1212 616 neque
1257 539 1316 598 in
1359 539 1476 597 solo
1517 537 1675 595 Patre
1717 536 1929 609 integra
1964 543 2067 603 est,
2097 535 2150 596 A

466 645 644 709 neque
671 631 731 691 in
761 631 880 689 solo
908 629 1054 688 Filio
1081 629 1339 704 perfecta,
1369 627 1493 685 ideo
1521 626 1721 699 adjecit
1754 642 1766 682 :
1825 649 1844 673 ι
1873 625 1942 682 Ut
1971 624 2070 681 im-

465 721 733 798 pleamini
763 721 824 779 in
851 736 1072 779 omnem
1101 717 1508 794 plenitudinem
1537 715 1668 783 Dei;
1701 738 1721 764 ι
1773 721 1837 770 ut
1861 713 2069 772 confes-

470 811 627 870 sione
657 819 711 869 et
740 810 1039 884 gratiarum
1085 808 1300 866 actione
1330 806 1476 864 sicut
1521 804 1692 873 Patri,
1738 803 1816 860 ita
1843 810 1897 858 et
1926 800 2072 858 Filio

469 899 896 960 honoriﬁcentia
924 907 1268 956 reservetur:
1301 902 1355 953 et
1378 895 1565 952 omnia
1581 911 1700 968 quae
1726 909 1758 949 a
1785 893 1899 949 Deo
1915 891 2072 948 Patre

469 997 620 1059 sunt,
652 1005 748 1063 per
788 986 992 1045 Filium
1023 985 1166 1042 facta
1195 990 1248 1040 et
1289 989 1590 1039 restaurata
1631 979 1960 1046 credantur;
2009 984 2072 1035 ut

469 1079 542 1136 sit
573 1081 734 1152 plena
762 1074 1024 1150 perfectio
1055 1071 1369 1130 divinitatis
1399 1070 1456 1126 in
1478 1069 1818 1144 professione
1847 1070 2070 1127 creden-
2103 1144 2109 1149 ‘

468 1169 632 1226 tium.
664 1167 817 1224 Nihil
864 1165 1013 1222 enim
1046 1163 1222 1220 deerit
1267 1161 1604 1231 Christiano,
1646 1158 1865 1234 quando
1896 1161 2070 1216 Deum

465 1259 682 1316 Patrem
712 1273 809 1331 per
837 1253 1024 1313 omnia
1056 1253 1389 1310 immensum
1420 1267 1534 1310 esse
1562 1250 1843 1325 cognoscit
1876 1266 1887 1305 :
1930 1249 2071 1307 cha-

467 1347 686 1407 ritatem
717 1363 935 1424 quoque
965 1343 1167 1404 Christi
1203 1343 1539 1400 ineffabilem
1569 1349 1624 1400 et
1659 1340 2068 1417 supereminen-

466 1446 578 1498 tem
607 1436 853 1496 scientiae
881 1435 1136 1493 humanae
1163 1433 1473 1509 proﬁtetur.

541 1529 725 1603 (Vera.
748 1527 838 1598 20,
859 1524 976 1598 2i.)
1021 1550 1040 1574 ι
1066 1522 1136 1582 Ei
1164 1540 1296 1582 vero
1325 1523 1422 1598 qui
1450 1529 1630 1597 potest
1657 1520 1844 1580 omnia
1872 1518 2066 1588 facere,

467 1627 522 1680 et
549 1615 1106 1696 superabundantius,
1164 1631 1329 1689 quam
1382 1613 1621 1688 petimus
1671 1619 1765 1669 aut
1813 1609 2068 1682 intelligi-

467 1725 611 1779 mus,
671 1705 975 1766 secundum
1027 1705 1316 1773 virtutem,
1371 1719 1492 1778 quae
1539 1708 1796 1776 operatur
1851 1697 1968 1771 (14)
2011 1697 2069 1754 in

466 1799 626 1860 nobis
659 1817 673 1860 :
723 1798 831 1873 ipsi
860 1797 1034 1873 gloria
1077 1795 1135 1853 in
1167 1793 1388 1854 Christo
1429 1793 1580 1858 Jesu,
1628 1798 1683 1848 et
1711 1790 1769 1848 in
1801 1789 2068 1856 Ecclesia,

1499 415 1594 469 AI)
1635 410 1868 467 OPEIlA
1910 411 1963 465 ὃ.
2006 408 2338 466 AMBROSII
2374 407 2754 466 APPENDIX.

3684 405 3794 464 408

2257 535 2437 606 (Vers.
2461 533 2542 606 4.)
2591 559 2609 581 ι
2640 533 2820 590 Unum
2846 547 3064 606 corpus,
3091 539 3146 587 et
3175 546 3318 588 unus
3346 531 3594 606 spiritus,
3621 530 3700 588 ita
3732 543 3794 590 ut

2181 625 2360 681 vocati
2388 623 2518 681 estis
2548 623 2605 680 in
2634 638 2744 679 una
2771 638 2865 695 spe
2893 620 3208 679 vocationis
3235 630 3454 679 vestrae.
3483 647 3502 672 ι
3555 622 3793 694 Propter

2179 729 2366 788 pacem
2397 722 2450 770 et
2477 712 2830 771 concordiam
2877 712 2995 769 haec
3041 712 3313 786 subjecit;
3358 719 3421 769 ut
3448 711 3578 786 quia
3607 728 3788 770 unum

2179 821 2378 877 corpus
2411 811 2492 862 est
2539 803 2806 873 Ecclesia,
2858 819 3032 860 unum
3088 802 3263 876 sapiat
3319 803 3592 876 populus;
3655 803 3792 877 quia

2179 910 2351 951 unum
2383 901 2485 963 est,
2515 894 2663 968 quod
2691 892 2954 952 creditur.

2254 982 2435 1052 (Vers.
2469 981 2520 1051 5,
2556 982 2636 1055 6.)
2695 1005 2713 1029 ι
2745 982 2896 1038 Unus
2925 980 3213 1050 Dominus,
3260 995 3371 1036 una
3416 980 3572 1049 ﬁdes,
3606 997 3785 1038 unum

2179 1073 2469 1146 baptisma,
2525 1089 2668 1129 unus
2698 1075 2842 1130 Deus
2890 1081 2942 1128 et
2991 1081 3144 1145 pater
3173 1072 3444 1141 omnium,
3493 1073 3587 1147 qui
3619 1089 3792 1147 super

2179 1179 2370 1219 omnes
2409 1169 2509 1231 est,
2543 1170 2596 1218 et
2643 1179 2737 1236 per
2766 1177 2974 1230 omnes,
3026 1169 3080 1216 et
3127 1161 3186 1217 in
3217 1160 3476 1218 omnibus
3522 1161 3703 1220 nobis.
3751 1187 3772 1210 ι

2178 1251 2378 1310 Adhuc
2406 1250 2675 1308 unitatem
2719 1251 3091 1319 commendat,
3143 1260 3205 1309 ut
3233 1250 3363 1325 quia
3391 1251 3575 1310 unitas
3603 1259 3686 1310 est
3714 1251 3789 1308 ad

2179 1358 2344 1416 quam
2381 1358 2665 1412 vocamur,
2723 1343 2782 1398 in
2834 1341 2989 1398 nullo
3047 1340 3457 1399 dissentiamus.
3516 1342 3572 1399 Si
3631 1342 3789 1399 enim

2179 1449 2323 1490 unus
2361 1441 2442 1490 est
2482 1432 2772 1502 Dominus,
2824 1433 2882 1490 id
2928 1441 3008 1490 est
3052 1432 3324 1503 Christus,
3379 1433 3522 1490 sicut
3567 1442 3622 1491 et
3666 1433 3791 1506 ipse

2178 1522 2255 1578 ait
2283 1523 2340 1580 in
2370 1523 2671 1596 Evangelio
2705 1541 2717 1580 :
2778 1548 2798 1571 ι
2834 1521 2974 1591 Quia
3017 1522 3274 1595 magister
3317 1530 3497 1580 vester
3525 1539 3672 1580 unus
3701 1533 3790 1580 est

2180 1615 2432 1673 Christus
2480 1616 2692 1688 (Matth.
2742 1631 2911 1686 χχιιι,
2961 1615 3085 1687 10);
3144 1639 3163 1664 ι
3229 1631 3339 1671 una
3392 1613 3547 1684 ﬁdes,
3605 1630 3788 1671 unum

2178 1704 2471 1778 baptisma,
2517 1722 2661 1762 unus
2703 1707 2848 1762 Deus
2888 1713 2942 1762 et
2972 1706 3132 1762 Pater
3173 1703 3444 1774 omnium,
3489 1704 3584 1778 qui
3617 1721 3791 1778 super

2180 1793 2366 1850 omnia
2394 1801 2499 1863 est,
2531 1803 2584 1852 et
2613 1810 2708 1867 per
2737 1810 2946 1862 omnes,
2969 1801 3023 1851 et
3053 1793 3112 1850 in
3141 1794 3397 1851 omnibus
3425 1793 3791 1851 credentibus

466 1895 522 1947 et
550 1888 608 1947 in
637 1887 826 1947 omnia
867 1886 1070 1945 saecula
1097 1883 1448 1944 saeculorum.
1488 1881 1686 1938 Amen.
1717 1903 1735 1929 ι
1779 1879 1866 1937 Ad
1895 1877 2071 1935 Patris
2103 1907 2146 1966 Β
2180 1903 2324 1943 unus
2351 1885 2511 1943 debet
2541 1903 2655 1943 esse
2685 1893 2738 1942 et
2767 1885 3005 1956 animus,
3039 1894 3093 1943 ει
3119 1903 3215 1946 σοι·
3245 1886 3468 1960 populi;
3500 1886 3633 1960 quia
3667 1884 3788 1942 haec

465 1994 756 2054 personam
809 1976 934 2036 hac
985 1975 1189 2042 refert;
1237 1981 1301 2030 ut
1361 1972 1490 2046 quia
1537 1970 1735 2028 melius
1791 1968 1896 2027 scit
1950 1983 2071 2041 quae

466 2067 648 2138 utilia,
681 2075 736 2125 et
764 2083 885 2142 quae
919 2081 1032 2122 non
1075 2062 1312 2137 petenda
1341 2070 1490 2130 sunt,
1528 2069 1580 2118 et
1607 2059 1829 2135 quando
1868 2058 2068 2128 danda,

468 2166 523 2216 et
551 2158 755 2234 qualia,
787 2166 842 2216 et
869 2163 1075 2231 quanta
1103 2171 1241 2228 opus
1269 2153 1420 2222 sint;
1454 2152 1568 2226 ipse
1599 2152 1864 2225 gubernet
1889 2148 2072 2224 provi-

468 2249 656 2308 dentia
687 2256 741 2306 et
770 2247 981 2305 virtute
1009 2262 1107 2304 sua
1135 2244 1243 2304 sibi
1273 2243 1574 2302 credentes.
1607 2239 1710 2302 Cui
1741 2239 1867 2297 ideo
1910 2264 1928 2286 ι
1960 2238 2070 2311 glo-

467 2339 552 2399 ria
579 2341 638 2398 in
668 2338 891 2400 Christo
919 2337 1066 2405 Jesu,
1097 2358 1116 2384 ι
1158 2333 1288 2408 quia
1313 2349 1408 2407 per
1431 2332 1612 2406 ipsum
1636 2329 1824 2387 omnia
1852 2335 2072 2402 praestat

468 2430 628 2489 nobis
661 2448 673 2488 :
707 2436 762 2487 et
791 2427 921 2502 quia
950 2427 1126 2484 honor
1154 2422 1332 2481 Patris
1364 2422 1423 2478 in
1453 2421 1598 2479 Filio
1629 2427 1730 2488 est,
1781 2425 1835 2475 et
1863 2418 1921 2474 in
1955 2417 2073 2474 Ec-

465 2520 656 2590 clesia,
694 2523 840 2583 240
866 2516 923 2574 id
947 2523 1048 2585 est,
1088 2513 1148 2572 in
1188 2513 1412 2588 populo,
1458 2528 1619 2585 quem
1667 2507 1774 2566 sibi
1813 2507 2071 2580 adoptare

465 2617 724 2692 dignatus
755 2623 856 2674 est.
879 2617 943 2674 In
965 2613 1217 2673 claritate
1243 2611 1393 2669 enim
1423 2608 1666 2666 ﬁliorum
1699 2603 1873 2680 gloria
1897 2602 2070 2678 patris

464 2714 567 2778 est,
595 2705 812 2766 dicente
848 2705 1088 2764 Domino
1118 2720 1131 2760 :
1199 2725 1218 2749 ι
1247 2700 1339 2760 Sic
1380 2699 1560 2758 luceat
1606 2699 1795 2755 lumen
1825 2702 2066 2753 vestrum

463 2814 648 2856 coram
679 2795 1021 2864 hominibus,
1057 2802 1122 2852 ut
1145 2791 1372 2850 videant
1401 2806 1566 2865 opera
1593 2797 1775 2848 vestra
1817 2787 1982 2856 bona,
2017 2792 2071 2841 et

464 2885 818 2962 magniﬁcent
836 2886 1055 2942 Patrem
1084 2889 1350 2952 vestrum,
1375 2879 1470 2954 qui
1490 2879 1550 2936 in
1574 2877 1727 2938 caelis
1748 2885 1827 2935 est
1851 2875 2066 2942 (Matth.

466 2993 526 3046 v,
552 2977 664 3051 16).
695 3002 715 3028 ι
770 2999 791 3025 ι
819 2977 883 3034 In
912 2974 1113 3033 saecula
1139 2971 1488 3031 saeculorum.
1520 2969 1721 3040 Amen,
1753 2992 1772 3019 ι
1813 2966 1874 3026 id
1899 2973 1981 3022 est
2009 2963 2069 3020 in

463 3074 735 3127 aeternum
762 3063 989 3122 veritas.

1067 3211 1297 3273 CAPUT
1339 3209 1439 3268 IV.

536 3358 720 3433 (Vers.
763 3353 838 3428 1.)
909 3377 932 3404 α
981 3349 1219 3411 Obsecro
1274 3349 1458 3422 itaque
1514 3362 1634 3414 vos,
1693 3342 1924 3433 fratres,
1961 3355 2060 3413 ego

461 3430 685 3510 vinctus
727 3447 788 3506 in
815 3442 1078 3513 Domino,
1129 3447 1192 3499 ut
1217 3439 1381 3515 digne
1424 3435 1720 3496 ambuletis
1748 3430 2056 3499 vocatione,

461 3559 571 3616 qua
597 3539 783 3600 vocati
810 3537 960 3596 estis.
990 3559 1012 3584 ι
1049 3534 1312 3592 Hortatur
1339 3547 1454 3598 eos,
1485 3537 1547 3586 ut
1577 3534 1722 3584 recte
1747 3522 2062 3616 incedentes

463 3611 523 3690 in
551 3628 839 3704 praeceptis
869 3622 1116 3693 Domini,
1139 3623 1207 3680 ad
1232 3621 1556 3695 promissam
1591 3617 1820 3692 gloriam
1850 3611 2062 3704 possint

462 3702 772 3795 per—venire.
793 3715 949 3774 Sicut
977 3713 1124 3771 enim
1146 3711 1357 3786 peritus
1384 3709 1629 3767 medicus
1644 3707 1892 3764 obsecrat
1911 3702 2060 3759 inﬁr-

463 3792 606 3878 mos,
636 3815 699 3865 ut
726 3805 866 3863 bene
893 3821 950 3862 se
977 3809 1198 3876 agentes
1227 3800 1440 3874 possint
1481 3799 1776 3855 salutarem
1821 3792 2063 3864 recipere

465 3895 839 3956 valetudinem
869 3911 884 3963 ;
921 3893 1000 3950 ita
1028 3899 1084 3950 et
1113 3889 1376 3964 magister
1409 3886 1657 3962 gentium
1695 3883 1967 3950 hortatur,
1999 3887 2062 3936 ut

462 3987 594 4047 ﬁdei
639 4002 751 4043 suae
780 3983 947 4058 digna
985 3995 1149 4056 opera
1194 3978 1477 4046 facientes,
1527 3974 1738 4050 possint
1783 3971 2062 4047 percipere

463 4093 587 4150 qua:
615 4074 883 4149 promissa
909 4079 1040 4129 sunt
1084 4067 1310 4138 sanctis,
1359 4067 1538 4126 sciens
1579 4063 1766 4138 glorias
1805 4078 1916 4120 suae
1947 4077 2062 4118 esse

467 4163 635 4237 hujus
663 4161 744 4220 rei
772 4161 1104 4236 profectum.

537 4261 721 4334 (Vers.
759 4259 814 4328 2,
847 4257 930 4330 3.)
991 4280 1011 4305 ι
1038 4255 1178 4315 Cum
1225 4251 1378 4308 omni
1427 4248 1744 4308 humilitate
1791 4247 1964 4305 animi
2008 4254 2061 4303 et

463 4349 755 4419 modestia,
796 4363 924 4406 cum
953 4341 1428 4418 magnanimitate,
1473 4340 1794 4396 sufferentes
1821 4337 2058 4394 invicem

462 4440 520 4496 in
541 4436 830 4506 charitate,
851 4433 1094 4493 sollicite
1115 4428 1643 4491 servantesunitatis
1665 4425 1921 4501 spiritum
1943 4425 2058 4495 (15)

463 4529 523 4586 in
565 4527 793 4586 vinculo
840 4522 1009 4598 pacis.
1050 4548 1070 4572 ι
1129 4521 1290 4578 Nunc
1339 4518 1738 4576 dissensionem
1786 4513 2062 4589 prohibet,

460 4615 722 4676 cbaritati
777 4622 960 4672 autem
1019 4611 1351 4670 studendum
1416 4614 1622 4676 monet,
1679 4622 1748 4661 ne
1804 4603 2062 4677 spiritum
2095 4627 2145 4687 D

461 4705 693 4764 unitatis
719 4714 773 4763 et
801 4704 952 4778 pacis
995 4702 1255 4760 amittant
1291 4718 1302 4757 :
1355 4715 1418 4757 ac
1457 4713 1554 4771 per
1591 4695 1698 4752 hoc
1723 4701 1787 4751 ut
1823 4692 2059 4750 invicem

461 4812 520 4853 se
546 4795 812 4853 sufferant
835 4809 963 4851 cum
988 4789 1278 4867 patientia.
1295 4785 1566 4846 Modestia
1589 4783 1734 4842 enim
1758 4782 2062 4857 profectum

461 4885 642 4958 parit;
698 4883 829 4958 quia
855 4899 984 4941 cum
1012 4897 1070 4939 se
1102 4879 1344 4937 invicem
1388 4877 1648 4944 tolerant,
1684 4889 1811 4931 cum
1840 4871 2064 4930 lenitate

462 4973 638 5031 animi
682 4979 991 5039 monentes,
1035 4970 1391 5044 corriguntur
1422 4965 1491 5024 ad
1532 4964 1811 5032 effectum,
1853 4969 1908 5018 et
1956 4978 2062 5034 pax

463 5063 523 5120 in
551 5062 632 5119 eis
669 5061 932 5131 manebit,
977 5077 1074 5133 per
1115 5077 1280 5132 quam
1327 5057 1432 5116 ﬁlii
1478 5056 1579 5114 Dei
1626 5070 1741 5114 non
1784 5052 2062 5111 immerito

464 5150 848 5218 vocabuntur;
901 5150 1031 5224 quia
1058 5149 1206 5208 dixit
1233 5149 1506 5207 Dominus
1537 5166 1549 5205 :
1598 5173 1616 5196 ι
1644 5145 1796 5205 Beati
1825 5142 2061 5219 paciﬁci,

462 5242 725 5318 quoniam
772 5239 878 5299 ﬁlii
911 5240 1015 5298 Dei
1043 5237 1389 5296 vocabuntur
1430 5238 1645 5310 (Matth.
1679 5254 1736 5305 v,
1765 5235 1846 5308 9).
1878 5259 1898 5284 ι
1939 5234 2062 5292 Per-

467 5331 713 5390 turbatio
741 5329 894 5387 enim
946 5327 1036 5386 vel
1083 5325 1409 5402 iuquietudo
1451 5325 1865 5384 contentionem
1910 5321 2062 5389 facit,

462 5438 584 5496 qua:
607 5421 748 5480 solet
767 5417 934 5476 etiam
951 5433 1033 5488 ea,
1052 5433 1174 5492 qua:
1189 5417 1337 5475 mala
1355 5415 1536 5482 novit,
1566 5414 1712 5471 velle
1731 5411 2023 5470 defendere
2046 5428 2058 5477 ;

464 5525 534 5569 ne
559 5509 751 5568 cedere
778 5508 1051 5566 videatur.
1085 5504 1228 5564 Hinc
1259 5505 1439 5563 oritur
1467 5501 1766 5570 discordia,
1793 5517 1913 5573 quae
1943 5516 2063 5558 cor-
2111 5574 2114 5578 ι

462 5594 672 5668 rumpit
700 5593 850 5666 pacis
876 5592 1100 5651 foedera.

489 5717 650 5848 agili)
695 5716 822 5772 Mss.
857 5716 1090 5790 aliquot,
1136 5714 1416 5772 secundum
1451 5711 1737 5778 veritatem,
1773 5728 1890 5783 qua:
1934 5728 2065 5784 ope-

551 5808 639 5847 ur.

459 5808 639 5847 ratur.

2179 1992 2299 2050 qua
2329 1984 2634 2044 enumerat,
2684 1976 2916 2032 unitatis
2959 1985 3107 2046 sunt,
3162 1975 3497 2033 concordant
3541 1975 3696 2032 enim
3727 1976 3790 2032 in

2179 2065 2458 2122 omnibus.
2511 2067 2727 2124 Patrem
2772 2075 2955 2122 tamen
3003 2068 3200 2136 Deum,
3260 2066 3389 2140 quia
3431 2065 3574 2123 nulli
3621 2065 3786 2122 debet

2180 2155 2328 2230 quod
2355 2163 2457 2226 est,
2479 2172 2641 2230 super
2661 2155 2851 2212 omnia
2876 2172 2989 2213 esse
3010 2155 3176 2224 dixit,
3199 2164 3251 2212 et
3279 2172 3376 2228 per
3406 2172 3619 2212 omnes.
3657 2154 3788 2212 Ideo

2179 2263 2276 2322 per
2303 2262 2512 2315 omnes,
2543 2245 2671 2320 quia
2703 2262 2773 2302 ex
2803 2262 2866 2302 eo
2897 2262 3087 2302 omnes
3111 2262 3122 2300 :
3157 2252 3211 2301 et
3241 2260 3463 2302 necesse
3491 2252 3576 2302 est
3607 2251 3667 2300 ut
3697 2261 3783 2301 su-

2179 2356 2274 2413 per
2301 2338 2419 2396 baec
2448 2337 2633 2395 omnia
2662 2338 2757 2408 sit,
2789 2355 2908 2412 quae
2936 2355 3005 2394 ex
3034 2354 3098 2394 eo
3127 2345 3280 2393 sunt.
3340 2361 3358 2384 ι
3388 2337 3461 2393 Et
3490 2335 3549 2393 in
3586 2337 3785 2394 omni-

2178 2429 2281 2487 bus
2309 2428 2490 2498 nobis,
2519 2453 2538 2478 ι
2583 2427 2640 2485 id
2675 2435 2756 2485 est
2785 2427 3061 2486 ﬁdelibus.
3110 2429 3173 2484 In
3201 2427 3364 2485 nobis
3394 2433 3476 2484 est
3505 2428 3652 2485 enim
3689 2444 3787 2500 per

2179 2524 2580 2581 confessionem
2605 2541 2620 2592 ;
2666 2522 2796 2596 quia
2821 2539 2944 2579 eum
2979 2523 3238 2590 fatemur,
3271 2529 3326 2577 et
3354 2520 3483 2593 quia
3509 2520 3785 2594 Spiritum

2178 2630 2339 2670 suum
2369 2612 2524 2670 dedit
2571 2611 2753 2682 nobis,
2806 2627 2902 2684 per
2949 2627 3111 2685 quem
3153 2610 3273 2666 sine
3318 2608 3488 2666 dubio
3532 2608 3590 2665 in
3621 2609 3787 2666 nobis

2177 2713 2259 2762 est
2290 2722 2302 2761 :
2337 2705 2394 2760 in
2425 2702 2649 2777 paganis
2675 2717 2788 2758 non
2819 2709 2920 2771 est,
2970 2701 3102 2775 quia
3127 2699 3286 2756 Pater
3315 2697 3521 2758 Christi
3550 2707 3785 2773 negatur

2177 2809 2293 2852 esse
2319 2793 2388 2850 ab
2417 2793 2551 2850 illis.

2252 2883 2434 2958 (Vers.
2468 2882 2548 2955 7.)
2603 2905 2622 2928 ι
2654 2878 2962 2954 Unicuique
3015 2888 3197 2936 autem
3245 2885 3494 2935 nostrum
3542 2876 3668 2933 data
3699 2886 3783 2934 est

2179 2973 2354 3048 gratia
2380 2972 2684 3030 secundum
2713 2987 3027 3028 mensuram
3057 2969 3372 3028 donationis
3411 2966 3639 3025 Domini
3669 2984 3785 3024 no-

2179 3063 2278 3121 stri
2306 3063 2435 3120 Jesu
2465 3061 2696 3121 Christi.
2731 3086 2748 3111 ι
2791 3062 2950 3119 Nunc
2978 3078 3066 3129 ne,
3099 3061 3229 3134 quia
3252 3060 3469 3118 diversa
3499 3059 3558 3115 in
3586 3057 3784 3115 homi—

2179 3152 2342 3210 nibus
2385 3150 2529 3208 dona
2574 3159 2728 3221 sunt,
2773 3158 3099 3224 putarentur
3149 3150 3365 3208 ofﬁcere
3411 3147 3636 3218 unitati,
3675 3146 3784 3205 hoc

2100 3261 2144 3322 ρ
2179 3253 2374 3318 purgat
2402 3260 2514 3301 non
2543 3260 2658 3301 esse
2688 3241 3057 3311 contrarium;
3117 3243 3246 3318 quia
3273 3242 3332 3299 in
3362 3240 3530 3298 donis
3559 3239 3784 3298 ofﬁcio-

2177 3351 2301 3392 rum
2330 3333 2621 3391 diversitas
2659 3339 2761 3402 est,
2795 3347 2907 3388 non
2957 3340 3185 3390 naturae.
3237 3331 3548 3404 Unicuique
3592 3335 3782 3386 autem

2174 3429 2389 3481 tantum
2436 3422 2573 3479 dicit
2603 3422 2725 3479 dari
2757 3423 2946 3496 gratia:
2985 3430 3252 3495 quantum
3283 3421 3490 3478 donare
3519 3419 3784 3492 dignatus

2171 3513 2340 3570 fuerit
2367 3511 2664 3580 Dominus;
2697 3528 2810 3568 non
2839 3519 3024 3568 tamen
3043 3511 3162 3568 sine
3184 3511 3460 3585 aequitatis
3491 3526 3772 3578 mensura,

2173 3602 2302 3676 quia
2329 3601 2628 3676 unicuique
2653 3618 2752 3676 pro
2787 3601 3001 3658 viribus
3039 3599 3278 3670 tribuit;
3310 3609 3372 3658 ut
3400 3607 3614 3657 tantum
3647 3598 3781 3656 hau-

2173 3697 2300 3765 riat,
2331 3704 2599 3770 quantum
2633 3695 2770 3752 sitit.

2246 3787 2428 3856 (Vers.
2460 3785 2542 3857 8.)
2595 3812 2612 3833 ι
2646 3786 2876 3857 Propter
2925 3784 3074 3858 quod
3123 3784 3306 3842 dicit:
3359 3781 3678 3841 Ascendens
3725 3781 3784 3836 in

2172 3877 2368 3944 altum,
2421 3875 2695 3948 captivam
2747 3874 2913 3931 duxit
2969 3873 3368 3948 captivitatem,
3425 3873 3580 3931 dedit
3635 3873 3782 3931 dona

2176 3964 2500 4023 hominibus
2527 3966 2706 4037 (Psal.
2741 3981 2926 4034 van,
2963 3965 3075 4037 l9).
3108 3990 3127 4014 ι
3170 3965 3284 4022 Hoc
3315 3971 3397 4022 est
3421 3963 3689 4038 scriptum
3719 3963 3780 4018 in

2179 4056 2392 4130 psalmo
2423 4053 2762 4126 sexagesimo
2803 4054 3057 4126 septimo.
3102 4055 3258 4112 Dona
3287 4063 3470 4112 tamen
3501 4052 3618 4112 haec
3657 4061 3781 4127 post

2174 4143 2488 4216 triumphos
2542 4143 2708 4216 coepit
2762 4143 2990 4216 largiri;
3032 4143 3262 4201 vincens
3318 4142 3466 4200 enim
3522 4150 3782 4208 mortem,

2173 4235 2445 4292 exaltatus
2474 4240 2555 4290 est
2585 4233 2642 4290 in
2672 4248 2852 4301 cruce,
2886 4231 3030 4290 sicut
3059 4231 3174 4304 ipse
3205 4231 3440 4289 dixerat.
3468 4232 3564 4290 Ait
3592 4230 3740 4288 enim
3765 4251 3777 4288 :

2188 4350 2206 4372 ι
2235 4324 2373 4383 Cum
2420 4325 2693 4380 exaltatus
2739 4323 2895 4379 fuero
2938 4340 2969 4378 a
3021 4329 3186 4392 terra,
3235 4322 3420 4378 omnia
3467 4319 3681 4378 traham
3711 4320 3781 4378 ad

2175 4429 2261 4469 me
2320 4412 2500 4484 (Joan.
2555 4428 2662 4482 xu,
2719 4412 2836 4485 32).
2869 4437 2888 4461 ι
2955 4412 3309 4485 Exspoliavit
3365 4411 3590 4481 inferos,
3650 4427 3777 4466 cum

2175 4503 2420 4574 captivos
2449 4518 2586 4575 quos
2615 4519 2685 4558 ex
2712 4501 3164 4575 praevaricatione
3195 4501 3350 4568 Adae,
3396 4508 3491 4556 aut
3539 4500 3781 4572 propriis

2175 4599 2359 4664 captos
2415 4592 2652 4664 peccatis
2704 4591 2763 4648 in
2817 4590 3134 4648 conditione
3199 4591 3492 4661 tenebant,
3547 4590 3780 4647 abstulit

2175 4683 2580 4740 consentientes
2607 4682 2734 4752 sibi,
2785 4689 2840 4738 et
2884 4681 3184 4739 ascendens
3222 4682 3352 4739 inde
3397 4682 3456 4738 in
3499 4682 3664 4738 caelos
3697 4681 3778 4736 in-

2173 4773 2353 4831 duxit.
2403 4775 2490 4830 Ex
2521 4773 2724 4848 quibus
2771 4773 3039 4846 aliquanti
3097 4781 3440 4847 resurgentes
3486 4773 3544 4830 in
3589 4789 3776 4846 corpo-

2173 4861 2328 4919 ribus
2385 4862 2600 4934 (Matth.
2627 4877 2809 4931 xxvn,
2859 4861 2975 4933 53),
3034 4863 3229 4919 multis
3283 4869 3653 4936 apparuerunt
3709 4860 3777 4917 ad

2174 4951 2555 5009 testimonium
2611 4950 2803 5010 evictae
2861 4952 3090 5021 mortis;
3129 4962 3192 5010 ut
3239 4953 3335 5026 qui
3378 4953 3519 5008 forte
3568 4944 3774 5010 Christi

2177 5041 2633 5099 resurrectionem
2673 5039 2938 5098 credituri
2972 5057 3082 5098 non
3114 5049 3319 5110 essent,
3367 5059 3435 5098 ex
3465 5040 3661 5097 horum
3695 5056 3772 5095 rc-

2171 5131 2538 5200 surrectione,
2569 5147 2706 5205 quos
2734 5137 2984 5188 mortuos
3010 5129 3235 5200 scirent,
3286 5131 3367 5188 rei
3408 5131 3631 5196 ﬁerent;
3674 5128 3774 5186 hos

2171 5222 2319 5278 enim
2365 5219 2647 5290 viderunt,
2703 5237 2841 5295 quos
2891 5228 3247 5295 agnoscerent
3291 5219 3501 5278 dudum
3543 5219 3770 5278 vixisse.

2172 5311 2438 5381 Quamvis
2466 5311 2694 5385 captivi,
2719 5310 2884 5368 inviti
2907 5320 2959 5368 et
2981 5312 3151 5369 alieni
3180 5311 3455 5368 ducantur
3479 5329 3493 5379 ;
3525 5310 3776 5368 Salvator

2172 5410 2355 5459 tamen
2396 5409 2450 5459 et
2494 5419 2621 5460 suos
2663 5401 2844 5472 duxit,
2904 5411 2958 5458 et
3009 5402 3375 5460 voluntarios.
3435 5399 3776 5478 Appareutia

2171 5490 2322 5550 enim
2353 5508 2451 5549 sua
2479 5493 2612 5550 dum
2648 5493 2862 5549 lacessit
2890 5492 3265 5551 desiderantes
3295 5491 3539 5558 liberari,
3564 5489 3775 5563 cepisse

2172 5581 2298 5638 illos
2325 5581 2549 5638 dicitur.

2246 5711 2362 5779 (15)
2397 5712 2552 5766 Rom.
2579 5709 2737 5776 edit.,
2774 5710 2903 5764 Cum
2924 5710 3066 5764 omni
3089 5711 3359 5765 lenitate...
3383 5723 3500 5764 cum
3511 5705 3773 5778 patientia

2171 5783 2537 5852 sufferentes...
2567 5787 2831 5837 servantes
2860 5781 3111 5838 unitatem
3143 5782 3385 5854 spiritus.
