3970 6360
300 405 408 466 409

1371 405 1735 465 COMMENT.
1776 407 1848 464 IN
1884 404 2101 465 EPIST.
2142 407 2240 465 AD
2275 407 2528 465 EPHES.

3492 407 3600 467 410

376 534 559 607 (Vers.
589 535 672 609 9.)
718 559 739 585 ι
773 534 931 606 Quod
963 541 1148 592 autem
1179 532 1445 602 ascendit,
1474 532 1609 609 quid
1642 542 1744 603 est,
1778 534 1888 593 nisi
1921 538 1973 601 A
1999 543 2166 594 sunt:
2219 534 2349 608 quia
2392 533 2607 609 primus
2648 534 2900 594 sacerdos
2928 543 3031 604 est,
3066 534 3176 594 hoc
3201 542 3302 605 est,
3343 533 3609 610 princeps;

299 623 434 697 quia
467 625 634 684 etiam
673 624 956 684 descendit
996 623 1153 698 prius
1202 624 1263 682 in
1309 622 1574 680 inferiora
1622 631 1781 683 terra
1810 626 1838 682 Ἰ
1862 649 1881 675 ι

299 714 514 773 Verum
544 723 629 774 est
655 716 787 791 quia
821 714 947 773 ideo
965 712 1272 781 descendit,
1290 717 1429 777 241
1462 721 1525 771 ut
1556 713 1897 782 ascenderet;

299 818 359 867 et
378 827 495 869 non
518 812 664 872 sicut
691 812 964 882 homines,
986 812 1119 886 quia
1136 813 1206 870 ad
1236 812 1344 870 hoc
1379 811 1802 881 descenderunt,
1838 820 1902 870 ut

299 899 429 961 illic
450 910 813 961 remanerent.
834 902 1206 961 Exsententia
1230 902 1380 960 enim
1408 901 1737 960 tenebantur
1754 900 1900 977 apud

300 988 535 1061 inferos,
593 1008 715 1066 qua
763 993 1034 1053 sententia
1059 992 1400 1049 Salvatorem
1429 1000 1615 1048 tenere
1651 1007 1765 1048 non
1806 1008 1899 1064 po-

232 1099 243 1105 ·
299 1086 464 1148 terat;
483 1081 613 1154 quia
632 1081 768 1139 vicit
782 1090 1086 1155 peccatum.
1110 1081 1479 1155 Triumphato
1504 1098 1633 1155 ergo
1650 1080 1897 1149 diabolo,

299 1168 588 1227 descendit
624 1168 683 1227 in
705 1186 816 1245 cor
843 1179 1034 1239 terra;
1065 1179 1131 1228 ut
1163 1170 1405 1229 ostensio
1436 1170 1554 1243 ejus
1581 1169 1900 1244 praedicatio

300 1265 446 1315 esset
499 1266 868 1330 mortuorum,
917 1268 973 1317 et
1009 1268 1282 1334 quotquot
1321 1260 1513 1333 cupidi
1551 1258 1669 1331 ejus
1696 1267 1896 1329 essent,

302 1347 689 1407 liberarentur.
746 1351 858 1407 Nec
896 1359 1109 1424 poterat
1165 1367 1278 1408 non
1325 1349 1640 1418 ascendere,
1669 1349 1801 1423 quia
1829 1350 1899 1407 ad

300 1434 412 1495 hoc
437 1436 811 1508 descenderat,
837 1447 900 1497 ut
928 1440 986 1496 vi
1001 1440 1287 1513 potestatis
1318 1456 1454 1506 sua,
1473 1439 1681 1496 calcata
1700 1447 1897 1508 morte,

300 1546 434 1589 cum
464 1532 722 1607 captivis,
743 1550 979 1608 quorum
1008 1549 1172 1593 causa
1198 1533 1314 1607 pati
1340 1549 1397 1590 se
1421 1531 1691 1605 permisit,
1723 1548 1899 1589 resur-

301 1630 476 1694 geret.

378 1736 560 1808 (Vers.
592 1737 705 1812 10.)
752 1763 769 1786 ι
790 1738 897 1807 Qui
928 1738 1233 1807 descendit,
1271 1736 1387 1810 ipse
1408 1744 1490 1794 est
1518 1736 1613 1811 qui
1643 1746 1697 1793 et
1717 1753 1899 1794 ascen-

296 1822 387 1881 dit
426 1842 588 1901 super
634 1842 826 1883 omnes
870 1829 1058 1897 caios,
1103 1836 1166 1884 ut
1205 1827 1460 1901 impleret
1487 1826 1692 1884 omnia.
1724 1850 1743 1874 ι
1788 1827 1903 1884 Hoc

2008 634 2091 686 est
2145 626 2512 693 sacerdotum,
2578 631 2633 681 et
2680 622 2966 697 propheta,
3021 632 3077 681 et
3131 625 3486 697 evangelista,
3542 634 3600 683 et

2007 727 2205 777 catera
2246 713 2599 788 adimplenda
2648 712 2835 772 officia
2879 712 3143 771 Ecclesia
3200 711 3261 769 in
3287 713 3599 772 ministerio

2007 807 2278 867 ﬁdelium.
2302 805 2506 861 Tamen
2530 810 2817 877 postquam
2852 801 2914 859 in
2945 800 3206 861 omnibus
3235 801 3371 861 locis
3396 802 3605 863 Eccle-

2008 898 2102 956 sia
2131 904 2260 954 sunt
2286 894 2622 963 constituta,
2655 900 2711 951 et
2731 892 2917 951 ofﬁcia
2942 892 3220 961 ordinata,
3242 892 3404 951 aliter
3434 909 3601 952 com-

2008 988 2184 1061 posita
2214 1003 2299 1043 res
2332 995 2432 1054 est,
2462 1001 2631 1059 quam
2656 991 2914 1057 caperat.
2945 983 3193 1041 Primum
3225 981 3376 1041 enim
3409 998 3604 1043 omnes

2006 1078 2297 1145 docebant,
2356 1083 2412 1133 et
2466 1091 2659 1132 omnes
2708 1072 3060 1147 baptizabant
3089 1115 3107 1142 ,
3181 1071 3607 1147 quibuscunquo

2006 1171 2203 1230 diebus
2254 1170 2342 1227 vel
2388 1167 2731 1241 temporibus
2776 1166 2969 1224 fuisset
3014 1165 3275 1231 occasio;
3322 1180 3423 1225 nec
3444 1163 3597 1225 enim

2007 1263 2297 1336 Philippus
2322 1267 2541 1333 tempus
2564 1256 2841 1331 quasivit,
2857 1264 2953 1314 aut
2980 1255 3128 1313 diem
3150 1271 3261 1329 quo
3280 1253 3598 1313 eunuchum

2005 1357 2307 1430 haptizaret
2337 1356 2477 1429 (Act.
2518 1371 2643 1422 vni,
2672 1352 2789 1425 38),
2820 1367 2999 1425 neque
3046 1350 3322 1424 jejunium
3354 1352 3602 1426 interpo-

2007 1452 2153 1510 suit:
2213 1464 2392 1523 neque
2440 1448 2643 1505 Paulus
2669 1455 2725 1504 et
2767 1446 2910 1505 Silas
2962 1452 3180 1519 tempus
3229 1443 3598 1513 distulerunt,

2008 1559 2118 1617 quo
2127 1542 2421 1615 Optionem
2431 1537 2665 1596 carceris
2681 1538 3019 1612 baptizarent
3041 1553 3169 1597 cum
3189 1536 3448 1599 omnibus
3476 1537 3597 1612 ejus

2012 1634 2153 1706 (Act.
2183 1649 2302 1699 xvr,
2334 1631 2449 1703 33);
2499 1644 2676 1702 neque
2716 1630 2910 1686 Petrus
2942 1628 3204 1687 diaconos
3236 1628 3434 1686 habuit
3459 1628 3602 1701 (18),

2009 1729 2105 1779 aut
2147 1721 2296 1777 diem
2340 1718 2617 1794 quasivit,
2661 1717 2887 1790 quando
2922 1717 3240 1776 Cornelium
3283 1735 3412 1781 cum
3441 1717 3595 1775 omni

2010 1811 2176 1869 domo
2229 1810 2349 1883 ejus
2384 1807 2686 1882 baptizavit
2735 1808 2879 1881 (Act.
2930 1826 2985 1878 ν,
3020 1809 3155 1883 48);
3206 1824 3310 1867 nec
3338 1806 3477 1882 ipse,
3506 1807 3603 1864 sed

295 1924 406 1984 est,
457 1899 606 1989 (πίλοά
649 1915 787 1974 dicit
828 1916 1128 1975 Dominus;
1176 1942 1198 1966 ε
1222 1899 1394 1975 Νέωο
1424 1916 1670 1974 ascendit
1718 1915 1777 1972 in
1802 1933 1904 1972 οω-
1933 1909 1981 1969 Β
2008 1902 2284 1975 baptizare
2316 1899 2485 1973 jussit
2534 1902 2820 1970 fratribus,
2874 1902 2970 1976 qui
3025 1919 3153 1959 cum
3184 1901 3284 1959 illo
3329 1900 3507 1958 ierant
3535 1899 3605 1958 ad

296 2003 442 2072 lum,
500 2004 609 2060 nisi
655 2004 751 2078 qui
813 2005 1100 2063 descendit
1141 2005 1209 2063 de
1247 2006 1406 2075 caelo,
1437 2006 1611 2063 Filius
1637 2005 1899 2072 hominis,

298 2091 403 2165 qui
444 2101 526 2150 est
567 2093 625 2149 in
673 2095 813 2151 coelo
848 2096 1029 2167 (Joan.
1068 2112 1153 2164 ιιι,
1191 2094 1304 2167 13).
1345 2119 1364 2144 ι
1411 2095 1569 2163 Quod
1599 2092 1819 2169 quidem
1850 2102 1902 2150 et

298 2181 365 2238 in
395 2181 606 2255 psalmo
634 2183 985 2251 continetur;
1033 2183 1110 2240 ait
1140 2184 1288 2241 enim
1325 2202 1337 2240 :
1390 2209 1410 2233 ι
1437 2185 1485 2240 Α
1514 2199 1732 2239 summo
1762 2183 1903 2240 calo

297 2274 541 2347 egressio
592 2273 731 2347 ejus,
779 2283 833 2331 et
859 2292 1134 2348 regressus
1166 2276 1287 2350 ejus
1313 2292 1486 2350 usque
1514 2275 1582 2331 ad
1622 2290 1902 2332 summum

298 2362 425 2438 ejus
458 2363 631 2436 (Psal.
662 2381 826 2434 xvm,
862 2365 940 2439 7).
974 2390 993 2415 ι
1034 2365 1138 2423 Hic
1180 2382 1309 2439 ergo
1337 2364 1671 2423 descendens
1694 2381 1724 2421 e
1750 2364 1904 2422 calis

298 2452 365 2509 in
397 2460 620 2522 terram,
651 2452 820 2511 homo
857 2462 1021 2512 natus
1040 2462 1153 2512 est:
1186 2463 1311 2529 post
1334 2462 1586 2513 mortuus
1616 2454 1902 2513 descendit

298 2542 375 2601 ad
423 2542 650 2613 inferos,
698 2560 769 2601 ex
820 2544 1024 2618 quibus
1070 2544 1240 2603 tertio
1288 2543 1379 2602 die
1417 2561 1726 2620 resurgens,
1776 2551 1904 2601 ante

300 2651 499 2693 omnes
549 2639 811 2695 mortales
860 2636 1105 2696 ascendit
1153 2654 1317 2711 super
1345 2646 1575 2696 cunctos
1602 2638 1808 2704 calos;
1841 2642 1903 2692 ut

301 2724 529 2783 illusam
562 2734 792 2785 mortem
819 2727 1128 2785 ostenderet
1167 2734 1449 2785 creatura.
1702 2728 1726 2749 '

379 2842 560 2916 (Vers.
606 2845 694 2914 11,
718 2844 833 2916 12.)
889 2868 907 2892 ι
934 2845 1006 2902 Et
1028 2844 1145 2919 ipse
1183 2843 1335 2902 dedit
1381 2840 1645 2917 quosdam
1680 2838 1903 2915 quidem

299 2933 607 3005 apostolos,
661 2932 927 3008 quosdam
985 2941 1168 2989 autem
1216 2931 1531 3007 prophetas,
1583 2929 1723 2988 alios
1774 2944 1906 2985 vero

301 3020 696 3095 evangelistas,
746 3021 1009 3096 quosdam
1059 3038 1190 3080 vero
1234 3029 1479 3095 pastores
1517 3028 1571 3077 et
1618 3018 1906 3093 magistros

301 3110 377 3170 ad
403 3112 934 3171 consummationem
965 3120 1283 3171 sanctorum
1302 3112 1362 3169 in
1381 3129 1519 3186 opus
1548 3107 1891 3169 ministerii.»

302 3201 561 3275 Apostoli
587 3201 828 3277 episcopi
857 3209 986 3260 sunt
1012 3202 1153 3274 (Act.
1186 3220 1287 3272 xx,
1314 3202 1444 3277 28);
1477 3200 1759 3277 pr0pheta
1775 3214 1906 3256 vero

305 3291 693 3365 explanatores
747 3300 877 3350 sunt
924 3292 1389 3366 Scripturarum;
1448 3291 1702 3366 quamvis
1764 3288 1911 3345 inter

307 3379 429 3454 ipsa
453 3379 755 3455 primordia
782 3380 990 3438 fuerint
1034 3380 1336 3455 propheta,
1386 3379 1529 3438 sicut
1573 3380 1817 3452 Agabus,
1857 3383 1910 3433 et

304 3477 547 3543 quatuor
592 3470 834 3543 virgines
881 3469 1292 3543 prophetantes,
1333 3468 1483 3526 sicut
1505 3469 1823 3526 continetur
1851 3466 1911 3527 in

305 3556 546 3625 Actibus
574 3560 970 3631 apostolorum,
1003 3565 1225 3630 propter
1253 3555 1568 3614 rudimenta
1604 3556 1734 3614 ﬁdei
1764 3574 1910 3615 com-

316 3647 633 3705 mendanda
662 3648 805 3719 (Act.
838 3663 958 3715 xxx,
986 3647 1042 3717 9,
1077 3647 1352 3719 10),nunc
1380 3654 1561 3703 autem
1589 3646 1913 3721 interpretes

312 3736 601 3811 propheta
628 3735 910 3793 dicuntur.
929 3736 1296 3809 Evangelista
1327 3736 1549 3795 diaconi
1578 3744 1736 3805 sunt,
1766 3737 1912 3795 sicut

309 3824 425 3882 fuit
453 3824 742 3900 Philippus
766 3825 906 3898 (Act.
939 3844 1059 3894 VIII,
1083 3826 1163 3899 5);
1198 3825 1451 3900 quamvis
1500 3842 1613 3883 non
1659 3825 1771 3883 sint
1817 3844 1914 3884 sa-

307 3913 583 3981 cerdotes,
614 3915 984 3988 evangelizare
1023 3923 1208 3972 tamen
1231 3925 1459 3988 possunt
1478 3916 1596 3973 sine
1633 3915 1910 3986 cathedra,

309 4003 459 4061 sicut
481 4012 535 4060 et
565 4003 763 4062 beatus
790 4004 1101 4079 Stephanus
1144 4013 1199 4063 et
1227 4004 1520 4078 Philippus
1558 4012 1910 4063 memoratus.

307 4092 562 4151 Pastores
612 4102 840 4168 possunt
883 4112 998 4151 esse
1048 4096 1300 4165 lectores,
1348 4094 1444 4169 qui
1494 4094 1730 4153 lectione
1778 4094 1913 4169 sagi-

309 4189 448 4240 nent
504 4184 768 4257 populum
822 4182 1176 4253 audientem;
1236 4182 1366 4258 quia
1428 4207 1448 4232 ι
1505 4200 1617 4242 non
1671 4184 1731 4243 in
1775 4201 1914 4259 pane

307 4280 531 4329 tantum
549 4273 691 4329 vivit
719 4273 908 4342 homo,
940 4273 1036 4331 sed
1062 4274 1123 4330 in
1148 4275 1304 4330 omni
1327 4274 1517 4343 verbo,
1550 4274 1696 4349 quod
1727 4292 1914 4348 proce-

307 4362 400 4419 dit
429 4378 499 4417 ex
527 4377 621 4417 ore
646 4360 744 4416 Dei
778 4362 991 4434 (Matth.
1024 4379 1101 4430 IV,
1135 4362 1203 4431 4).
1247 4386 1267 4409 ι
1317 4362 1565 4435 Magistri
1595 4380 1728 4421 vero
1757 4380 1915 4421 exor-

306 4449 468 4509 cista
520 4456 671 4517 sunt,
724 4449 854 4521 quia
915 4449 973 4505 in
1028 4449 1277 4507 Ecclesia
1322 4450 1428 4523 ipsi
1474 4460 1831 4525 compescunt
1862 4460 1917 4509 et

308 4539 609 4595 verberant
656 4536 935 4610 inquietos
967 4554 977 4590 :
1019 4537 1137 4594 sive
1177 4538 1217 4593 ii
1251 4540 1346 4612 qui
1399 4540 1599 4598 litteris
1636 4550 1690 4598 et
1728 4542 1913 4599 lectio-

2010 1992 2329 2050 Cornelium
2366 1991 2436 2047 ab
2480 1990 2650 2063 Joppe
2682 2008 2696 2058 ;
2752 1990 2934 2047 adhuc
2984 1991 3133 2047 enim
3163 1997 3360 2064 prater
3387 1995 3600 2062 septem

2009 2081 2271 2138 diaconos
2308 2082 2497 2137 nullus
2524 2079 2703 2137 fuerat
2732 2079 3035 2136 ordinatus.
3060 2079 3132 2135 Ut
3182 2095 3311 2152 ergo
3336 2084 3608 2137 cresceret

2012 2171 2164 2244 plebs
2191 2179 2245 2228 et
2276 2168 2759 2242 multiplicaretur,
2791 2166 3052 2225 omnibus
3089 2167 3236 2223 inter
3278 2166 3441 2223 initia
3463 2181 3610 2223 con-

2011 2277 2224 2319 cessum
2252 2267 2334 2317 est
2362 2267 2418 2316 et
2445 2257 2840 2333 evangelizare,
2879 2266 2934 2315 et
2958 2257 3256 2331 baptizare,
3278 2265 3333 2314 et
3362 2256 3606 2329 Scriptu-

2011 2368 2098 2408 ras
2144 2350 2203 2407 in
2238 2350 2485 2407 Ecclesia
2534 2349 2858 2422 explanare;
2909 2355 2966 2405 at
3014 2347 3112 2404 ubi
3141 2349 3329 2405 omnia
3357 2348 3476 2404 loca
3502 2346 3609 2404 cir-

2012 2428 2308 2514 cumplexa
2345 2449 2426 2499 est
2441 2440 3105 2510 Ecclesia,conventicula
3131 2438 3435 2498 constituta
3455 2445 3607 2505 sunt,

2011 2522 2066 2589 et
2103 2541 2360 2603 rectores,
2382 2540 2436 2589 et
2470 2540 2666 2589 catera
2690 2530 2874 2589 ofﬁcia
2898 2531 2957 2587 in
2983 2530 3248 2588 Ecclesiis
3284 2537 3416 2587 sunt
3444 2528 3610 2585 ordi-

2011 2632 2174 2690 nata;
2224 2629 2287 2678 ut
2338 2623 2528 2678 nullus
2554 2621 2623 2678 de
2660 2621 2878 2678 clericis
2908 2619 3154 2687 auderet,
3188 2619 3286 2694 qui
3313 2619 3607 2676 ordinatus

2011 2731 2124 2773 non
2149 2721 2642 2787 esset,prasumere
2676 2710 2949 2778 ofﬁcium,
2982 2708 3130 2784 quod
3159 2708 3325 2767 sciret
3353 2723 3467 2765 non
3496 2706 3607 2765 sibi

2012 2810 2284 2869 creditum
2322 2808 2411 2865 vel
2470 2822 2810 2866 concessum.
2860 2806 2933 2863 Et
2981 2806 3148 2881 coepit
3179 2803 3289 2862 alio
3326 2802 3523 2861 ordine
3549 2807 3606 2857 et

2012 2898 2362 2973 providentia
2418 2894 2710 2971 gubernari
2768 2895 3060 2965 Ecclesia;
3121 2894 3251 2971 quia
3303 2895 3351 2953 si
3406 2908 3602 2951 omnes

2014 2991 2203 3048 eadem
2259 2998 2498 3062 possent,
2552 2988 2931 3046 irrationabile
2960 2996 3119 3057 esset,
3152 2997 3207 3046 et
3236 2985 3483 3061 vulgaris
3515 3003 3602 3043 res

2016 3092 2070 3142 et
2111 3082 2383 3141 vilissima
2434 3082 2734 3139 videretur.
2774 3082 2916 3141 Hinc
2974 3099 3101 3158 ergo
3139 3091 3241 3153 est,
3276 3080 3423 3138 unde
3452 3094 3608 3136 nunc

2014 3190 2191 3248 neque
2225 3172 2444 3231 diaconi
2485 3172 2544 3229 in
2597 3174 2802 3247 populo
2848 3171 3170 3246 pradicant,
3210 3187 3386 3245 neque
3413 3167 3606 3227 clerici

1938 3267 1983 3328 C
2015 3275 2103 3329 vel
2137 3272 2264 3330 laici
2291 3272 2591 3346 baptizant,
2622 3288 2797 3347 neque
2826 3288 3156 3346 quocunque
3198 3270 3287 3327 die
3317 3268 3607 3327 credentes

2015 3364 2325 3437 tinguntur,
2347 3362 2454 3420 nisi
2476 3363 2625 3435 agri.
2653 3363 2781 3419 Ideo
2801 3378 2911 3419 non
2930 3380 3027 3436 per
3054 3362 3241 3418 omnia
3267 3356 3612 3417 conveniunt

2017 3453 2222 3526 scripta
2257 3451 2509 3526 Apostoli
2540 3451 2900 3523 ordinationi,
2932 3471 3052 3529 qua
3083 3469 3233 3512 nunc
3269 3451 3330 3509 in
3354 3448 3608 3510 Ecclesia

2018 3552 2128 3613 est;
2174 3543 2303 3618 quia
2356 3543 2474 3600 hac
2528 3544 2674 3601 inter
2724 3545 2841 3619 ipsa
2883 3547 3186 3621 primordia
3214 3553 3344 3605 sunt
3370 3545 3599 3619 scripta.

2018 3634 2153 3690 Nam
2217 3640 2272 3689 et
2320 3630 2673 3690 Timotheum
2724 3635 3108 3709 presbyterum
3169 3653 3201 3692 a
3252 3651 3310 3693 se
3366 3641 3611 3691 creatum

2020 3722 2335 3798 episcopum
2379 3731 2538 3781 vocat
2569 3742 2583 3794 ;
2631 3725 2760 3800 quia
2795 3726 2964 3800 primi
3003 3726 3120 3801 (19)
3166 3723 3473 3802 presbyteri
3502 3721 3613 3798 epi-

2021 3812 2172 3888 sc0pi
2230 3812 2688 3885 appellabantur;
2739 3824 2803 3873 ut
2853 3816 3138 3874 recedente
3176 3832 3262 3886 eo,
3305 3829 3537 3887 sequens
3564 3810 3617 3869 ei

2020 3899 2353 3959 succederet.
2378 3901 2626 3975 Denique
2643 3904 2789 3978 apud
2800 3904 3103 3979 [Egyptum
3138 3900 3459 3978 prasbyteri
3488 3916 3615 3958 con-

2021 3993 2263 4065 signant,
2302 3990 2347 4046 si
2378 4007 2615 4064 prasens
2644 4009 2756 4050 non
2776 3994 2848 4050 sit
2874 3996 3187 4069 episcopus.
3229 3993 3333 4055 Sed
3363 3990 3494 4066 quia
3512 4006 3615 4048 ca-

2021 4093 2223 4155 perunt
2274 4081 2418 4140 242
2472 4092 2761 4160 sequentes
2815 4084 3123 4158 presbyteri
3180 4082 3399 4157 indigni
3455 4081 3615 4138 inve-

2020 4174 2133 4232 niri
2160 4176 2228 4234 ad
2249 4178 2517 4253 primatus
2536 4176 2823 4247 tenendos,
2858 4176 3153 4235 immutata
3176 4183 3259 4233 est
3301 4175 3463 4244 ratio,
3496 4190 3619 4248 pro-

2022 4265 2287 4340 spiciente
2347 4268 2586 4326 concilio
2616 4311 2633 4338 ,
2691 4277 2754 4325 ut
2806 4284 2919 4324 non
2968 4267 3103 4325 ordo
3135 4311 3154 4337 ,
3211 4265 3307 4326 sed
3356 4263 3618 4322 meritum

2023 4364 2229 4413 crearet
2269 4358 2607 4431 episcopum,
2655 4357 2957 4420 multorum
3014 4357 3355 4415 sacerdotum
3405 4353 3620 4429 judicio

2023 4448 2410 4517 constitutum,
2438 4465 2507 4505 ne
2538 4447 2800 4521 indignus
2827 4456 3032 4506 temere
3060 4454 3368 4521 usurparet,
3399 4453 3453 4502 et
3482 4453 3620 4502 esset

2022 4537 2216 4594 multis
2254 4538 2597 4599 scandalum.
2654 4540 2718 4596 In
2775 4540 2890 4610 lege
2920 4537 3285 4596 nascebantur
3311 4535 3618 4593 sacerdotes

310 4627 482 4685 nibus
541 4625 867 4683 imbuendos
904 4625 1020 4697 (16)
1066 4626 1308 4683 infantes
1352 4628 1602 4685 solebant
1650 4629 1916 4699 imbuere,
1949 4624 1999 4683 D
2029 4640 2100 4681 ex
2142 4642 2335 4698 genere
2363 4630 2549 4685 Aaron
2577 4628 2783 4686 Levita
2816 4627 3018 4699 (Exod.
3057 4642 3261 4692 xxvm,
3292 4623 3384 4695 43)
3421 4640 3433 4678 :
3468 4637 3618 4681 nunc

312 4717 462 4774 sicut
510 4731 628 4772 mos
679 4715 995 4772 Judaorum
1054 4724 1155 4784 est,
1184 4732 1418 4790 quorum
1466 4717 1695 4774 traditio
1723 4717 1791 4776 ad
1820 4736 1921 4777 nos
2032 4724 2216 4772 autem
2248 4733 2439 4775 omnes
2487 4734 2558 4775 ex
2613 4733 2807 4791 genere
2849 4725 2978 4774 sunt
3015 4712 3365 4782 sacerdotali,
3396 4711 3617 4770 dicente

313 4803 616 4862 transitum
662 4803 816 4870 fecit,
866 4820 985 4877 qua
1033 4820 1130 4877 per
1189 4804 1579 4879 negligentiam
1624 4806 1915 4865 obsolevit.

316 4896 472 4952 Inter
521 4894 655 4951 istos
699 4901 822 4967 post
854 4892 1170 4966 episcopum
1217 4894 1342 4967 plus
1385 4910 1501 4952 esse
1548 4895 1915 4969 intelligitur,

319 4983 421 5057 qui
503 4991 724 5056 propter
807 4990 1103 5039 reseratum
1182 4983 1464 5040 occultum
1511 4984 1917 5058 Scripturarum

316 5088 542 5130 sensum
569 5071 893 5146 prophetare
925 5069 1168 5138 dicitur;
1206 5072 1511 5145 prasertim
1558 5074 1687 5148 quia
1716 5075 1917 5133 futura

316 5164 438 5239 spei
500 5164 666 5223 verba
712 5162 1034 5238 depromit,
1075 5162 1171 5238 qui
1221 5163 1357 5221 ordo
1430 5181 1542 5223 non
1598 5174 1775 5241 potest
1804 5184 1917 5225 esse

316 5254 671 5331 presbyterii.
708 5255 845 5312 Nam
894 5252 953 5309 in
1000 5252 1257 5326 episcopo
1304 5258 1495 5311 omnes
1535 5255 1761 5314 ordines
1797 5260 1915 5329 (l7)

422 5352 511 5423 16)
549 5352 707 5432 __Vet._
753 5350 887 5432 edit.
928 5366 990 5432 ac
1043 5350 1289 5432 plerique
1330 5358 1575 5432 mss,“
1618 5353 1918 5410 lectionibus

317 5421 586 5479 imbuendi
615 5421 845 5494 infantes
870 5439 887 5477 :
927 5421 1087 5494 Boni.
1121 5421 1255 5480 edit.
1286 5423 1555 5480 resecavit
1588 5440 1779 5482 vocem
1809 5444 1919 5480 nn—

318 5495 550 5562 buendi,
596 5501 653 5551 at
675 5492 855 5551 nobis
886 5492 1110 5551 videtur
1162 5494 1334 5552 satius
1360 5511 1488 5553 cum
1534 5495 1660 5553 Vat.
1687 5496 1810 5555 cod.
1846 5497 1921 5553 le-

316 5582 449 5640 gere
470 5566 792 5640 imbuenda:

402 5639 523 5708 (l7)
556 5636 820 5693 Nonnulli
861 5653 1013 5705 mss.,
1043 5638 1181 5693 Nam
1220 5637 1273 5691 in
1315 5638 1525 5694 Christo
1553 5656 1728 5694 omnes
1759 5639 1921 5694 ordi-

319 5728 357 5767 η

361 5727 520 5853 εἷἰϐ)
551 5779 682 5840 Mss.
715 5778 948 5854 aliquot,
986 5795 1146 5853 neque
1173 5778 1367 5839 Petrus
1398 5781 1612 5841 clericos
1641 5781 1845 5842 habuit.

2026 4805 2186 4861 Petro
2224 4807 2501 4880 apostolo:
2564 4805 2704 4873 Quia
2740 4803 2873 4861 estis
2921 4820 3090 4878 genus
3145 4804 3324 4876 regale
3365 4810 3419 4860 et
3446 4818 3618 4861 sacer-
3710 4864 3715 4868 α

2026 4893 2209 4953 dotale
2240 4897 2299 4968 (Ι
2321 4896 2468 4953 Patr.
2493 4912 2556 4964 ιι,
2584 4896 2642 4965 9)
2669 4911 2681 4949 :
2719 4893 2951 4968 ideoque
2975 4909 3045 4949 ex
3070 4895 3276 4968 populo
3304 4900 3484 4968 potest
3500 4892 3621 4951 fieri

2026 4984 2295 5042 sacerdos.
2343 4986 2441 5040 «In
2471 4982 2895 5041 adiﬁcationem
2917 4982 3164 5057 corporis
3196 4982 3426 5042 Christi.
3459 5009 3478 5033 ι
3518 4983 3619 5043 Ec-

2028 5075 2209 5132 clesia
2261 5074 2665 5132 ordinationem
2698 5074 2767 5131 ad
2812 5073 3344 5149 compaginationem
3388 5073 3618 5131 humani

2025 5162 2273 5238 corporis
2306 5163 2427 5235 (20)
2464 5162 2522 5219 in
2565 5161 2922 5238 professionis
2941 5163 3155 5221 unitate
3185 5163 3324 5222 dicit
3353 5161 3618 5238 composi-

2029 5259 2181 5321 tam;
2228 5261 2289 5311 ut
2336 5253 2544 5311 diversi
2594 5254 2864 5329 dignitate
2908 5256 2969 5314 in
3007 5256 3231 5315 Christo
3268 5272 3457 5317 omnes
3508 5254 3620 5313 sint

2100 5351 2147 5422 (1
2152 5352 2215 5427 9)
2255 5352 2407 5427 Edit.
2432 5354 2609 5427 illam.
2625 5370 2761 5427 cum
2783 5370 2896 5413 uno
2919 5353 3042 5412 cod.
3063 5354 3215 5427 V_at.,
3236 5354 3363 5427 quia
3380 5352 3621 5427 primum

2020 5423 2353 5500 presbyteri;
2395 5425 2518 5485 alia
2549 5425 2683 5485 edit.
2725 5442 2790 5486 ac
2834 5442 2965 5485 mss.
3015 5423 3402 5499 meliusfquia
3430 5423 3616 5498 primi,

2025 5500 2216 5645 εῨῩΞΟ)
2245 5569 2370 5645 Yet.
2402 5568 2537 5645 edit.
2559 5587 2623 5628 ac
2645 5587 2781 5645 mss.
2823 5585 2934 5645 non
2966 5568 3149 5645 pauci,
3186 5569 3259 5626 ad

2028 5640 2467 5771 ξξησηιῐήηἷηαηί
2478 5643 2722 5715 generis;
2750 5640 2950 5700 melius
2968 5640 3140 5700 Rom.
3175 5648 3231 5698 et
3265 5640 3363 5700 alii
3392 5640 3525 5701 mss.
3558 5647 3620 5696 ut

2117 5729 2218 5770 con
2249 5729 2316 5770 ex
2346 5730 2401 5771 ιι.
