3970 6388
427 415 525 473 Hi

1456 417 1552 473 AD
1590 416 1822 475 OPERA
1860 419 1918 475 S.
1959 418 2292 479 AMBROSII
2331 421 2712 482 APPENDIX.

3629 427 3741 487 “2

423 563 619 616 unum,
651 560 827 604 unum
856 552 1024 621 caput
1049 543 1312 603 habentes
1339 543 1646 616 Christum,
1688 545 1796 604 hoc
1823 555 1905 606 est
1929 564 2024 606 au-
2050 553 2100 614 A
2139 566 2396 610 numeros
2424 551 2674 626 proprios
2710 551 2968 620 habeant,
3014 560 3071 609 et
3087 552 3200 610 sint
3230 553 3492 628 legiones,
3525 561 3590 611 ut
3623 555 3741 630 ipse

421 643 629 696 ctorem
661 634 812 692 vitai.

496 724 681 797 (Vere.
718 723 833 796 13.)
891 746 910 772 ‹
937 725 1124 780 Donec
1146 737 1500 780 occurramus
1527 738 1718 780 omnes
1741 722 1802 780 in
1831 724 2027 780 unita—

421 822 533 874 tem
591 813 720 872 ﬁdei
776 821 832 870 et
877 812 1214 886 agnitionem
1260 812 1388 868 Filii
1417 812 1536 869 Dei.
1577 837 1596 861 »
1645 813 1861 870 Tandiu
1889 814 2027 871 dicit

422 919 642 963 manere
698 901 1129 968 ordinationem,
1170 901 1420 976 quandiu
1445 903 1627 960 cuncti
1670 903 1928 960 destinati
1955 903 2026 961 ad

421 995 595 1053 vitam
625 993 793 1052 unius
837 993 951 1049 sint
979 992 1111 1048 ﬁdei
1147 992 1204 1048 in
1233 992 1602 1066 cognitionem
1632 993 1858 1052 Christi.
1915 1020 1932 1042 ε
1962 997 2024 1052 In

421 1087 607 1144 virum
637 1085 963 1160 perfectum,
1018 1084 1077 1140 in
1109 1100 1424 1141 mensuram
1450 1086 1627 1142 aetatis
1655 1085 2023 1159 plenitudinis

422 1178 650 1237 Christi.
685 1201 704 1225 ι
764 1178 845 1234 Ita
885 1175 1282 1233 elaborandum
1334 1176 1608 1248 hortatur,
1658 1184 1721 1233 ιιι
1761 1175 2025 1251 perfectio

420 1267 550 1325 ﬁdei
594 1265 1065 1341 apprehendatur:
1107 1266 1267 1340 cujus
1309 1266 1570 1325 haacratio
1619 1275 1719 1336 est,
1758 1276 1820 1323 ut
1853 1266 2025 1325 Chri-

420 1367 566 1415 stum
617 1356 924 1430 perfeetum
973 1364 1028 1412 et
1055 1357 1279 1430 plenum
1310 1359 1485 1414 Deum
1517 1366 1700 1415 teneat
1731 1357 1886 1427 ﬁdes,
1919 1375 2021 1416 nec

422 1463 681 1504 mensura
710 1447 952 1503 humana
983 1447 1263 1516 metiatur,
1300 1447 1395 1504 sed
1423 1448 1479 1504 in
1511 1448 1853 1522 plenitudine
1881 1448 2022 1505 divi-

421 1535 612 1594 nitatis
669 1535 826 1610 quasi
882 1535 1158 1609 perfectus
1202 1538 1350 1592 Deus
1408 1535 1691 1593 habeatur.
1724 1538 1834 1595 Nec
1871 1538 2019 1595 enim

421 1629 725 1703 perfectum
783 1627 993 1695 dicens,
1044 1627 1224 1683 virum
1274 1629 1566 1700 temporali
1594 1637 1750 1685 aetate
1779 1637 1833 1685 et
1861 1646 2021 1685 men-

419 1734 547 1775 sura
591 1717 895 1791 signiﬁcat;
942 1715 1038 1772 sed
1088 1731 1184 1788 per
1229 1715 1332 1772 hoc
1381 1717 1593 1773 dictum
1624 1717 1892 1790 perfectos
1921 1735 2020 1776 nos

423 1807 546 1863 vult
576 1805 696 1862 ﬁeri
724 1804 782 1861 in
811 1803 1156 1877 plenitudine
1187 1803 1501 1863 intellectus
1531 1806 1843 1864 divinitatis
1885 1809 2019 1866 Filii

419 1893 540 1952 Dei.

495 1983 679 2056 (Vers.
713 1983 828 2054 14.)
884 2006 903 2030 ι
947 1982 1020 2038 Ut
1057 1983 1204 2040 ultra
1232 1999 1344 2040 non
1375 1982 1548 2039 simus
1575 1985 1813 2056 parvuli,
1846 2001 2023 2059 neque

421 2072 770 2144 ﬂuctuantes,
805 2080 861 2130 et
887 2072 1342 2130 circumferamur
1375 2073 1528 2130 omni
1560 2082 1726 2130 vento
1757 2075 2022 2134 doctrina

419 2162 478 2218 in
507 2163 755 2238 nequitia
788 2162 1102 2231 hominum,
1133 2161 1191 2219 in
1220 2163 1439 2232 astutia,
1463 2162 1532 2219 ad
1552 2163 1857 2220 remedium
1876 2181 2022 2220 erro-

419 2252 514 2309 ris.
561 2277 582 2303 ι
635 2252 919 2310 Fundatos
963 2260 1016 2308 et
1046 2251 1276 2310 stabiles
1303 2268 1418 2310 esse
1450 2269 1550 2309 nos
1598 2253 1719 2308 vult
1757 2253 1815 2309 in
1844 2254 2023 2311 disci-

418 2340 584 2414 plina)
613 2339 741 2397 ﬁdei
767 2341 1074 2411 catholicae,
1105 2358 1268 2416 quam
1305 2343 1498 2398 Petrus
1527 2344 1832 2414 apostolus,
1871 2359 2022 2398 reve-

418 2431 566 2486 lante
593 2431 727 2497 Deo,
759 2430 1036 2503 professus
1065 2438 1148 2488 est
1187 2431 1399 2503 (Matth.
1433 2448 1554 2500 χιιι,
1584 2429 1674 2501 16)
1701 2449 1714 2498 ;
1748 2447 1849 2488 nec
1876 2447 2022 2487 ven-

417 2524 567 2582 tilari
591 2540 690 2581 nos
715 2523 1030 2582 aberrantes
1061 2542 1157 2598 per
1183 2525 1527 2582 diversarum
1560 2524 1826 2580 ham-esum
1859 2523 2022 2597 pesti-

418 2613 677 2671 lentiosas
710 2615 1144 2672 asseverationes
1172 2615 1418 2688 nequitia
1455 2613 1697 2670 humana
1725 2614 2014 2680 inventas;

415 2711 479 2761 ut
515 2719 610 2776 per
647 2702 746 2760 bas
793 2703 1034 2761 fallentis
1083 2703 1296 2762 inimici
1327 2703 1430 2760 sub
1458 2703 1573 2759 veri
1606 2702 1830 2760 nomine
1867 2719 2019 2759 error

415 2792 587 2867 possit
630 2791 832 2849 afferri.
866 2793 982 2849 Hoc
1009 2793 1159 2850 enim
1191 2792 1496 2850 remedium
1540 2799 1623 2848 est
1652 2791 1924 2861 falsitatis,
1957 2801 2020 2848 ut

416 2882 519 2939 sub
547 2888 819 2956 praetextu
847 2881 1098 2938 veritatis
1129 2882 1355 2938 inducat
1383 2897 1624 2938 errorem
1653 2899 1665 2948 ;
1696 2889 1750 2937 et
1779 2898 1890 2938 non
1919 2899 2018 2938 so-

417 2974 530 3029 lum
582 2971 685 3028 sub
721 2970 838 3028 veri
888 2972 1133 3039 nomine,
1165 2970 1258 3026 sed
1289 2980 1342 3026 et
1371 2987 1458 3040 ne,
1491 2971 1636 3028 sicut
1659 2979 1786 3026 ante
1813 2988 2018 3044 accep-

416 3074 529 3122 tam
581 3063 748 3122 ﬁdem
786 3080 950 3120 sensu
989 3063 1228 3120 humiles
1274 3063 1608 3137 vagabamur
1646 3079 1741 3137 per
1770 3063 2018 3121 diversos

415 3170 652 3224 errores,
683 3153 872 3210 ﬁdeles
902 3153 1030 3210 facti
1049 3152 1479 3210 discurreremus
1509 3152 1748 3226 fragiles,
1776 3159 1830 3208 et
1858 3151 2016 3209 dubii

415 3245 484 3302 de
530 3259 624 3318 spe
668 3241 958 3316 promissa,
1011 3250 1361 3310 commonet;
1411 3242 1540 3316 quia
1563 3241 1678 3315 jam
1709 3240 2009 3299 Christiani
2040 3283 2082 3342 Β

416 3333 566 3404 facti,
613 3331 826 3390 fundati
873 3348 986 3388 esse
1017 3331 1240 3402 debent,
1283 3332 1412 3406 quia
1459 3331 1792 3405 ambiguitas
1816 3331 1868 3387 in
1903 3330 2009 3387 ﬁde

415 3434 601 3483 nostra
640 3442 749 3482 non
773 3433 894 3494 est;
939 3427 1364 3484 commendatur
1394 3425 1544 3482 enim
1578 3424 1782 3482 virtute
1812 3423 2010 3499 prodi-

412 3516 648 3590 giorum.

487 3606 670 3678 (Vers.
709 3606 824 3677 15.)
872 3631 888 3653 ι
919 3605 1222 3663 Veritatem
1251 3613 1434 3662 autem
1464 3604 1725 3662 facientes
1755 3603 1811 3660 in
1833 3602 2009 3660 chari-

411 3701 543 3764 tate,
603 3709 901 3766 augeamur
953 3695 1011 3750 in
1065 3696 1182 3768 ipso
1230 3713 1326 3769 per
1371 3695 1574 3763 omnia,
1617 3693 1712 3768 qui
1740 3701 1821 3750 est
1847 3700 2011 3766 caput

413 3782 687 3841 Christus.
738 3809 756 3830 ι
815 3783 968 3839 Hanc
1014 3783 1153 3841 dicit
1191 3801 1307 3841 esse
1338 3784 1646 3851 veritatem,
1678 3791 1740 3839 ut
1766 3799 2008 3838 amorem

413 3870 619 3930 Christi
669 3870 1042 3945 respicientes,
1089 3889 1199 3946 quo
1239 3872 1439 3930 dilexit
1463 3888 1584 3941 nos,
1615 3880 1669 3928 et
1695 3870 1925 3929 tradidit
1952 3888 2010 3927 se

411 3977 512 4035 pro
543 3959 726 4029 nobis,
753 3962 939 4018 omnia
965 3963 1328 4037 subjiciamus
1356 3963 1427 4032 ei,
1456 3961 1690 4018 scientes
1719 3961 1850 4034 quia
1877 3979 2008 4019 om-

411 4051 567 4108 nium
614 4059 806 4108 auctor
851 4059 930 4107 est
964 4052 1114 4122 vitae,
1142 4062 1202 4108 ut
1234 4051 1392 4126 quasi
1417 4050 1582 4124 capiti
1612 4050 1855 4108 membra
1884 4051 2009 4107 sub-

411 4141 648 4206 dantur;
713 4147 775 4196 ut
822 4141 866 4196 si
898 4141 992 4198 alii
1022 4159 1204 4198 errore
1234 4145 1320 4198 vel
1364 4141 1747 4197 malevolentia
1776 4157 1886 4198 non
1918 4141 2008 4197 fa-

411 4237 599 4285 tentur
623 4229 810 4284 omnia
855 4238 1018 4302 caput
1067 4230 1265 4286 habere
1297 4230 1601 4298 Christum,
1635 4229 1761 4302 quia
1793 4231 1860 4287 ab
1891 4230 2008 4303 ipso

413 4318 556 4376 facta
592 4328 719 4376 sunt
761 4319 1045 4376 voluntate
1072 4321 1288 4390 Patris;
1339 4338 1439 4376 nos
1476 4329 1658 4377 tamen
1688 4320 1778 4394 qui
1809 4321 2010 4376 catho-

412 4407 533 4466 lica:
576 4407 706 4464 ﬁdei
749 4407 1107 4478 adhaeremus,
1150 4409 1255 4466 hoc
1295 4410 1446 4466 omni
1478 4409 1770 4466 devotione
1797 4418 1849 4466 et
1875 4427 2010 4467 cura

409 4514 567 4571 agere
609 4497 893 4567 debemus,
926 4505 988 4554 ut
1018 4499 1149 4555 huic
1174 4497 1304 4554 ﬁdei
1335 4516 1444 4555 non
1474 4497 1759 4567 damnum,
1790 4498 1883 4555 sed
1913 4499 2007 4555 lu—

408 4603 562 4646 crum
595 4588 909 4654 aﬁeramus,
940 4597 1348 4660 perseverantes
1377 4586 1433 4642 in
1453 4587 1555 4643 hac
1583 4587 2002 4657 asseveratione;

409 4685 472 4734 ut
506 4677 943 4751 comprimantur
975 4692 1154 4749 pravae
1206 4675 1405 4733 mentis
1443 4675 1719 4750 colloquia
1743 4676 2004 4732 adversus
2033 4651 2082 4710 D

410 4767 700 4824 veritatem
739 4775 966 4823 armata.

485 4865 666 4936 (Vers.
730 4864 842 4938 16.)
908 4890 927 4913 ι
975 4867 1060 4923 Ex
1091 4881 1200 4940 quo
1229 4873 1406 4923 totum
1435 4883 1633 4939 corpus
1659 4873 2004 4939 compactum

410 4963 462 5009 et
506 4972 816 5012 connexum
869 4973 966 5029 per
1017 4973 1234 5012 omnem
1259 4955 1575 5029 juncturam
1609 4955 2006 5012 subministra—

411 5044 580 5099 tionis
608 5045 907 5100 secundum
949 5046 1322 5117 operationem
1354 5046 1411 5101 in
1461 5063 1772 5103 mensuram
1815 5047 2003 5101 unius-

409 5133 675 5207 cujusque
706 5134 896 5205 partis,
930 5133 1329 5190 incrementum
1362 5136 1608 5209 corporis
1630 5137 1761 5192 facit
1787 5137 1853 5192 ad
1877 5135 2002 5192 aedi-

410 5225 722 5282 ﬁcationem
773 5223 859 5280 sui
910 5223 968 5278 in
1018 5223 1304 5281 charitate.
1335 5251 1352 5273 ι
1410 5228 1528 5294 Qua
1565 5227 1776 5284 ratione
1832 5225 2005 5286 Chri-

409 5323 555 5374 stum
607 5321 771 5387 caput
813 5330 928 5370 esse
977 5311 1224 5368 omnium
1275 5314 1500 5385 dixerit,
1539 5317 1730 5384 docet;
1786 5333 1855 5372 ex
1883 5316 2003 5389 ipso

409 5405 578 5473 enim,
629 5403 832 5478 inquit,
881 5410 1060 5459 totum
1113 5419 1332 5476 corpus,
1380 5403 1435 5459 id
1464 5413 1564 5472 est,
1591 5406 1772 5462 omnis
1802 5405 2004 5462 chorus

411 5494 882 5566 Archangelorum
930 5504 983 5551 et
1039 5493 1436 5561 Potentiarum,
1494 5495 1902 5568 Principatnum
1949 5503 2004 5550 et

410 5584 746 5640 Potestatum
805 5583 1077 5641 subsistit.
1135 5582 1398 5650 Quamvis
1439 5583 1584 5639 enim
1617 5585 1834 5656 singula
1885 5584 2002 5641 haec

2137 641 2406 699 Dominus
2453 641 2600 698 dixit
2646 643 2858 716 (Matth.
2909 658 3068 710 uvr,
3115 642 3210 714 53)
3249 643 3426 718 ;quia
3452 649 3640 700 tamen
3667 643 3741 700 ab

2137 747 2250 787 uno
2276 739 2331 788 et
2359 747 2454 804 per
2481 747 2655 788 unum
2689 738 2840 798 sunt,
2870 731 3036 788 simul
3071 730 3259 788 omnia
3307 748 3481 790 unum
3529 749 3736 806 corpus

2137 821 2392 893 appellat.
2430 819 2583 876 Sicut
2609 819 2758 876 enim
2791 820 3036 876 membra
3076 837 3202 878 cum
3243 819 3355 877 sint
3399 821 3565 879 unius
3601 840 3741 880 cor-

2137 909 2305 980 poris,
2347 908 2568 966 diversa
2598 917 2780 966 tamen
2830 919 2960 968 sunt
3001 917 3126 966 actu
3153 916 3209 968 et
3237 909 3542 984 dignitate:
3575 920 3633 970 et
3657 912 3741 970 ita

2136 1004 2384 1054 creatura
2409 997 2631 1055 condita
2660 1005 2742 1054 est
2770 1014 2800 1053 a
2828 1000 2942 1054 Deo
2969 1015 3065 1072 per
3093 998 3398 1069 Christum,
3431 1007 3495 1057 ut
3532 1017 3565 1057 a
3591 1000 3734 1060 Che-

2137 1087 2316 1144 rnbim
2369 1095 2424 1144 et
2479 1088 2762 1161 Seraphim
2818 1088 3098 1161 potentiis,
3149 1104 3270 1161 quae
3319 1087 3422 1144 sub
3467 1088 3595 1146 sede
3628 1089 3733 1146 Dei

2136 1186 2286 1244 sunt,
2315 1185 2369 1233 et
2400 1179 2624 1250 Angelis
2657 1194 2794 1250 quos
2835 1177 2949 1250 ipse
2969 1176 3241 1233 Dominus
3260 1186 3478 1234 sanctos
3495 1178 3740 1251 appellat

2138 1267 2333 1338 (Marc.
2387 1284 2511 1334 Vill,
2566 1267 2682 1335 38),
2715 1265 2872 1339 quasi
2901 1264 3151 1340 quaedam
3199 1267 3579 1323 concatenatio
3636 1266 3734 1334 sit,

2135 1372 2306 1429 usque
2331 1355 2396 1412 ad
2431 1356 2835 1412 ﬁrmamentum
2865 1355 3121 1412 ordinata
3154 1354 3491 1412 descendens
3516 1373 3528 1422 ;
3559 1363 3622 1411 ut
3649 1363 3737 1411 to-

2134 1453 2250 1500 tum
2297 1453 2352 1502 et
2392 1443 2648 1518 junctum
2678 1445 2770 1514 sit,
2802 1453 2855 1501 et
2885 1445 3098 1501 meritis
3123 1453 3308 1500 tamen
3339 1444 3688 1501 discernatur
3713 1463 3729 1513 ;

2138 1535 2353 1592 meritis
2382 1534 2507 1591 dico
2528 1551 2635 1592 non
2671 1535 2846 1592 solum
2877 1533 3310 1603 ofﬁciorum,sed
3323 1542 3377 1590 et
3389 1544 3736 1591 naturarum.

2071 1614 2081 1624 ’
2132 1626 2242 1682 Nec
2297 1625 2442 1682 enim
2500 1626 2632 1700 quia
2683 1627 2877 1700 juncta
2922 1625 3060 1682 dicit
3103 1626 3310 1695 omnia,
3359 1625 3525 1682 unius
3569 1633 3741 1682 erunt

2132 1724 2343 1770 naturae
2371 1732 2381 1769 :
2432 1715 2525 1771 sed
2555 1715 2700 1788 quod
2734 1715 2788 1770 in
2820 1731 3046 1788 corpore
3076 1715 3322 1772 membra
3368 1715 3579 1772 faciunt
3606 1714 3742 1771 dis—

2132 1815 2282 1861 creta
2321 1805 2528 1862 ofﬁciis
2560 1805 2702 1876 (2f),
2734 1822 2843 1860 non
2876 1813 3070 1861 natura
3098 1823 3112 1872 ;
3153 1804 3229 1860 ita
3261 1813 3313 1861 et
3341 1804 3398 1860 in
3432 1803 3518 1860 his
3536 1803 3742 1859 omni-

2046 1916 2092 1977 Β
2133 1893 2236 1951 bus
2289 1911 2401 1950 non
2445 1895 2709 1963 membra,
2764 1895 2858 1951 sed
2888 1904 3096 1952 natura!
3127 1895 3257 1967 ipse
3287 1895 3495 1952 faciunt
3519 1893 3744 1950 distin-

2133 1984 2367 2041 ctiones.
2420 1985 2537 2041 Hoc
2578 1994 2658 2040 est
2689 2001 2815 2056 ergo
2864 1983 3010 2057 quod
3043 1984 3343 2051 laboratur,
3375 1991 3437 2039 ut
3463 1981 3531 2039 ad
3557 1997 3737 2039 unum

2131 2091 2352 2132 sensum
2425 2075 2705 2147 redigatur
2760 2082 3008 2130 creatura
3038 2117 3052 2141 ,
3120 2081 3176 2130 et
3229 2074 3286 2130 in
3341 2090 3503 2130 sensu
3556 2089 3734 2129 unum

2131 2163 2203 2220 sit
2231 2181 2453 2238 corpus,
2480 2161 2612 2219 dum
2644 2163 2892 2219 omnium
2926 2179 3037 2218 una
3068 2163 3334 2234 professio
3381 2170 3482 2231 est,
3517 2169 3579 2219 ut
3604 2179 3736 2219 con-

2129 2252 2317 2310 eordet
2394 2251 2448 2308 in
2531 2251 2798 2308 charitate
2858 2251 3133 2310 Creatoris
3207 2252 3274 2308 ad
3341 2269 3504 2308 suum
3557 2252 3734 2325 profe-

2129 2351 2300 2410 ctum;
2357 2345 2504 2404 243
2559 2341 2856 2398 reaediﬁcat
2911 2341 3058 2397 enim
3115 2358 3172 2398 se
3221 2341 3276 2398 in
3324 2343 3593 2415 templum
3624 2343 3730 2398 Do-

2134 2437 2290 2507 mini,
2332 2437 2611 2496 destructa
2629 2437 2776 2494 enim
2808 2437 2988 2494 fuerat
3015 2437 3296 2494 dementia
3325 2445 3378 2493 et
3409 2437 3594 2493 furore
3614 2437 3731 2494 dia-

2127 2526 2263 2584 boli.

2202 2617 2385 2688 (Vers.
2444 2616 2532 2685 17,
2589 2615 2701 2689 18.)
2747 2639 2765 2662 ι
2798 2616 2912 2672 Hoc
2939 2631 3067 2689 ergo
3098 2614 3224 2672 dico
3252 2623 3305 2672 et
3337 2622 3502 2672 testor
3537 2615 3593 2672 in
3624 2617 3732 2672 Do-

2127 2704 2301 2774 mino,
2348 2713 2415 2761 ut
2467 2721 2578 2761 non
2623 2703 2942 2773 ambuletis,
2979 2706 3126 2762 sicut
3151 2712 3204 2760 et
3233 2711 3418 2776 gentes
3446 2703 3736 2761 ambulant

2127 2794 2184 2850 in
2207 2795 2452 2852 vanitate
2471 2794 2672 2850 mentis
2701 2811 2832 2862 suae,
2867 2793 3143 2852 obscurati
3167 2793 3472 2862 intellectu,
3503 2793 3732 2850 alienati

2126 2900 2157 2940 a
2195 2884 2301 2940 ﬁde
2343 2885 2442 2941 Dei
2475 2892 2697 2958 propter
2726 2883 3113 2957 ignorantiam,
3148 2900 3268 2957 quae
3300 2890 3380 2939 est
3411 2883 3468 2939 in
3502 2883 3653 2956 ipsis.
3686 2909 3704 2930 ι

2126 2975 2472 3033 Manifestato
2526 2983 2790 3045 creatore,
2856 2984 2910 3032 et
2973 2975 3184 3032 ratione
3249 2983 3483 3043 ostensa,
3553 2993 3721 3050 quam

2124 3064 2277 3137 sequi
2320 3063 2514 3120 debeat
2559 3073 2829 3133 creatura,
2885 3064 2942 3119 in
3001 3063 3107 3120 ﬁde
3146 3063 3244 3121 Dei
3292 3064 3376 3119 sui
3433 3065 3729 3134 duntaxat,

2124 3159 2462 3208 contestatur
2501 3153 2627 3209 illos
2685 3153 2743 3209 in
2789 3154 2987 3222 Deum,
3031 3159 3094 3208 ut
3133 3168 3240 3208 non
3281 3151 3442 3209 aliter
3470 3151 3731 3209 incedant

2126 3242 2210 3296 vel
2244 3241 2506 3310 sentiant,
2537 3258 2696 3316 quam
2730 3241 3034 3308 docentur;
3089 3259 3157 3299 ne
3188 3240 3396 3298 similes
3425 3241 3726 3315 gentilibus

2120 3330 2496 3400 inveniantur,
2529 3331 2624 3405 qui
2667 3348 2769 3387 nec
2810 3331 2974 3387 ﬁdem
3015 3331 3308 3405 recipiunt,
3344 3348 3446 3388 nec
3480 3348 3726 3389 conver-

2117 3421 2406 3490 sationem,
2456 3437 2620 3494 quam
2673 3419 2894 3478 mandat
2952 3421 3063 3490 lex,
3117 3420 3410 3478 obscurum
3458 3420 3726 3478 habentes

2118 3530 2358 3582 sensum,
2380 3530 2447 3569 ne
2474 3513 2916 3586 contemplentur
2937 3511 3115 3568 divini
3137 3512 3380 3569 nominis
3399 3513 3722 3572 veritatem.

2118 3603 2274 3659 Vana
2286 3603 2432 3658 enim
2456 3609 2743 3670 sectantes,
2768 3618 2888 3675 quae
2909 3611 3038 3659 sunt
3067 3601 3401 3671 idololatria,
3433 3602 3718 3660 infrenan-

2118 3699 2210 3748 tur
2239 3709 2270 3746 a
2295 3691 2549 3761 diabolo;
2582 3708 2650 3747 ne
2682 3691 2847 3747 unius
2875 3690 2974 3748 Dei
3004 3692 3108 3749 iter
3137 3691 3414 3761 incedant,
3446 3699 3507 3748 ut
3537 3692 3721 3749 socios

2121 3781 2244 3838 illos
2270 3799 2381 3838 suae
2411 3781 2738 3854 perditionis
2765 3781 2988 3837 efﬁciat.

2192 3873 2372 3944 (Vers.
2422 3871 2536 3943 19.)
2583 3896 2601 3918 ε
2630 3871 2700 3926 Ει
2746 3870 3047 3928 czecitatem
3095 3870 3278 3928 cordis
3326 3871 3572 3941 illorum,
3623 3875 3721 3945 qui

2117 3959 2484 4032 desperantes,
2515 3959 2835 4032 semetipsos
2871 3959 3217 4017 tradiderunt
3266 3959 3631 4033 impudicitiis
3661 3960 3722 4016 in

2117 4049 2488 4121 operationem
2565 4048 2936 4105 immunditias
3004 4051 3186 4106 omnis
3249 4059 3304 4108 et
3370 4049 3640 4109 avaritiae.
3689 4075 3709 4098 ι

2117 4139 2361 4197 Gentiles
2407 4139 2606 4195 futura:
2637 4138 3054 4195 resurrectionis
3079 4138 3455 4213 desperatione
3494 4138 3724 4196 caecita-

2116 4236 2227 4285 tem
2257 4226 2440 4284 cordis
2468 4226 2670 4283 habere
2716 4227 3008 4300 signiﬁcat.
3042 4227 3206 4294 Quasi
3255 4228 3402 4285 enim
3432 4227 3576 4284 ultra
3605 4243 3722 4284 non

2119 4318 2292 4375 futuri
2345 4315 2516 4373 vitam
2566 4333 2720 4373 suam
2749 4317 3129 4374 contaminant
3168 4316 3490 4390 turpissima
3517 4333 3722 4390 opera-

2118 4409 2290 4474 tione,
2337 4408 2585 4464 nolentes
2611 4424 2668 4464 se
2697 4407 2968 4480 subjicere
3014 4408 3121 4481 legi
3160 4407 3324 4476 ﬁdei;
3359 4408 3486 4482 quia
3516 4407 3721 4481 prohi-

2117 4497 2208 4554 bet
2238 4499 2577 4570 voluptatem
2609 4505 2830 4570 propter
2857 4514 3007 4570 spem
3038 4498 3168 4554 vitae
3197 4497 3415 4567 futura,
3450 4515 3614 4572 quam
3658 4496 3719 4553 hi

2120 4589 2327 4646 idcirco
2356 4587 2641 4645 ridendam
2675 4596 2918 4656 censent,
2948 4595 3010 4642 ut
3030 4586 3154 4660 jure
3175 4587 3538 4645 dehonestare
3565 4605 3643 4655 se,
3663 4594 3720 4642 et

2112 4679 2289 4736 aliena
2303 4687 2554 4752 appetere
2574 4677 2736 4734 avida
2754 4677 3055 4752 cupiditate
3077 4677 3390 4749 videantur,
3409 4680 3566 4754 quasi
3595 4667 3719 4751 post

2113 4767 2256 4825 hanc
2283 4767 2794 4840 transpunctionem
2827 4766 2980 4821 nulla
3010 4767 3083 4823 sit
3111 4768 3246 4824 vita.
3663 4779 3668 4784 '

2187 4867 2368 4940 (Vers.
2401 4865 2492 4934 20,
2521 4865 2638 4938 2i.)
2681 4889 2699 4912 ε
2738 4863 2850 4920 Vos
2904 4873 3087 4921 autem
3144 4882 3255 4922 non
3314 4865 3391 4923 ita
3436 4865 3717 4924 didicistis

2113 4956 2418 5025 Christum,
2445 4957 2492 5011 si
2537 4963 2719 5010 tamen
2753 4953 2910 5011 illum
2942 4955 3196 5026 audistis,
3231 4965 3286 5013 et
3315 4956 3373 5012 in
3405 4955 3504 5012 illo
3533 4955 3712 5014 edocti

2113 5047 2264 5115 estis,
2321 5045 2467 5102 sicut
2519 5053 2602 5100 est
2645 5043 2848 5102 veritas
2894 5045 2952 5101 in
2995 5047 3140 5104 Jesu.
3175 5071 3194 5096 ›
3237 5046 3593 5104 Manifestum
3634 5054 3716 5103 est

2113 5135 2454 5194 Christianos
2485 5149 2596 5190 non
2642 5133 3076 5207 desperationem
3125 5145 3246 5209 post
3279 5145 3512 5193 mortem
3569 5135 3716 5192 hanc

2112 5223 2392 5293 didicisse,
2447 5222 2541 5279 sed
2584 5239 2733 5297 spem
2785 5223 2852 5280 ad
2899 5232 3229 5298 utrumque;
3279 5224 3538 5283 ﬁdelibus
3564 5224 3714 5280 enim

2111 5315 2248 5383 vita,
2274 5312 2498 5388 perﬁdis
2529 5329 2660 5369 vero
2706 5313 3050 5386 promittitur
3089 5331 3257 5384 mors,
3288 5330 3410 5388 quae
3441 5321 3522 5370 est
3552 5330 3716 5387 poena

2112 5413 2308 5461 aeterna
2335 5421 2348 5471 ;
2382 5410 2445 5458 ut
2475 5401 2592 5460 sive
2623 5419 2789 5471 mors,
2820 5402 2937 5460 sive
2969 5404 3083 5460 vita
3102 5403 3160 5460 in
3192 5402 3414 5462 Christo
3445 5403 3712 5466 discatur;

2111 5492 2239 5567 quia
2263 5492 2359 5567 qui
2388 5509 2513 5548 eum
2541 5492 2810 5566 sequitur,
2841 5509 2936 5566 per
2963 5510 3088 5550 eum
3119 5503 3361 5567 resurget
3391 5492 3462 5550 ad
3493 5492 3666 5548 vitam
3697 5511 3709 5549 :

2111 5583 2203 5657 qui
2239 5597 2369 5637 vero
2409 5579 2674 5637 discernit
2699 5597 2754 5637 se
2795 5581 2863 5637 ab
2891 5597 2975 5651 eo,
3017 5599 3112 5656 per
3145 5599 3271 5640 eum
3302 5581 3717 5657 mancipabitur

482 5764 599 5838 (21)
649 5764 805 5822 Rom.
863 5764 997 5822 edit.
1046 5766 1181 5836 sola,
1233 5763 1331 5822 Sed
1374 5764 1634 5839 quo-mdo
1677 5725 1739 5821 in
1782 5781 2002 5837 corpore
2032 5763 2264 5823 membra
2286 5763 2494 5839 faciunt
2517 5761 2745 5822 discreta
2777 5762 2964 5839 ofﬁcia.
