3970 6400
237 451 342 510 413

1316 451 1676 509 COMMENT.
1719 450 1791 509 [Ν
1826 450 2043 509 EPIST.
2084 452 2180 509 AD
2217 451 2464 508 EPHES.

3425 448 3527 508 414

233 577 534 652 gehennae;
567 576 687 651 ipso
712 576 858 635 enim
879 575 1182 650 judicante,
1202 575 1570 633 damnabitur.
1592 577 1662 633 Et
1681 594 1812 651 quo-
1848 581 1899 641 Α
1927 575 2130 650 egredi,
2160 576 2294 634 dum
2325 574 2634 664 irascimur,
2665 583 2720 631 et
2766 573 3084 632 invenimur
3145 576 3250 648 ipsi
3279 592 3525 650 peccare,

235 666 383 723 niam
407 674 536 724 sunt
550 666 771 741 quidam
790 665 847 721 in
868 664 1131 734 Ecclesia,
1149 665 1243 739 qui
1262 664 1364 721 sub
1381 667 1606 722 nomine
1617 665 1824 725 Christi

177 747 186 752 ’
232 773 346 814 non
363 767 668 830 sequuntur
688 756 893 815 Christi
908 756 1218 824 veritatem,
1238 755 1497 830 ideoque:
1518 781 1537 804 ι
1557 757 1711 814 Sicut
1722 766 1821 826 est,

233 847 653 921 inquit,veritas
674 846 730 902 in
745 847 890 913 Iesu;
912 871 928 890 ι
947 853 1008 901 ut
1026 844 1071 901 si
1094 846 1168 901 ita
1188 845 1333 903 docti
1347 854 1562 916 sunt,ut
1583 855 1665 902 est
1687 849 1825 904 veri-

232 945 321 994 tas
340 939 396 994 in
419 939 566 1006 Jesu,
587 945 719 994 tunc
741 936 1016 994 Christum
1036 936 1312 1006 didicisse,
1330 945 1384 994 et
1405 937 1560 993 illum
1585 939 1821 1009 audisse,

231 1034 290 1083 et
320 1027 377 1082 in
407 1027 504 1083 illo
533 1026 711 1084 edocti
741 1042 857 1082 esse
900 1026 1224 1082 videantur:
1285 1026 1538 1084 Christus
1567 1029 1716 1085 enim
1756 1028 1822 1085 de

229 1131 292 1171 se
329 1116 489 1172 docet
515 1116 648 1189 quid
677 1117 768 1186 sit,
799 1123 853 1172 et
883 1125 1118 1189 quantus
1165 1117 1470 1174 credendus
1497 1119 1589 1186 sit,
1617 1128 1672 1174 et
1701 1135 1822 1192 quae

229 1221 354 1278 spes
379 1204 436 1260 in
462 1221 526 1261 eo
555 1207 646 1274 sit,
679 1213 732 1261 et
761 1206 948 1278 quales
976 1206 1211 1262 debeant
1241 1223 1355 1263 esse
1382 1207 1684 1264 credentes.
1715 1208 1821 1275 Qui

229 1294 380 1350 enim
411 1293 607 1351 didicit
637 1294 936 1362 Christum,
967 1296 1070 1351 scit
1110 1295 1267 1352 illum
1308 1311 1339 1351 a
1385 1297 1618 1353 mortuis
1647 1313 1820 1353 resur-

230 1385 460 1453 rexisse,
518 1391 579 1440 ut
634 1383 810 1440 forma
865 1392 1004 1440 esset
1053 1384 1334 1454 ﬁdelibus,
1365 1386 1599 1461 ideoque
1625 1404 1823 1461 magna

225 1491 354 1548 spes
381 1483 462 1530 est
491 1491 588 1547 pro
614 1475 719 1531 ista
748 1484 922 1530 morte
951 1476 1264 1533 amantibus
1289 1478 1485 1532 Deum.

305 1563 484 1634 (Vers.
525 1563 642 1635 22.)
706 1565 824 1620 «Ut
874 1563 1160 1637 deponatis
1215 1567 1518 1623 secundum
1577 1568 1817 1640 priorem

223 1653 702 1711 conversationem
729 1660 971 1710 veterem
1019 1653 1324 1724 hominem,
1377 1657 1471 1728 qui
1518 1660 1820 1731 corrumpi-

223 1751 321 1798 tur
375 1743 677 1801 secundum
727 1742 1000 1799 desideria
1049 1745 1270 1799 erroris.
1305 1769 1322 1791 ι
1383 1744 1486 1812 Qui
1538 1746 1818 1803 Christum

223 1833 465 1902 audivit,
499 1833 604 1890 hoc
627 1833 856 1899 didicit;
901 1841 964 1888 ut
1009 1833 1285 1890 recederet
1327 1851 1358 1890 a
1405 1837 1820 1894 conversatione

1933 667 2029 740 qui
2077 674 2360 739 peccantes
2405 667 2710 738 arguimus,
2752 664 2884 721 dum
2931 665 3057 740 plus
3115 665 3423 734 irascimur,
3473 674 3529 722 et

1933 757 2170 829 amplius
2214 774 2506 813 oneramus
2534 763 2870 830 peccantem,
2900 772 3063 829 quam
3113 763 3370 812 meretur.
3413 757 3529 812 Hoc

1933 864 2060 920 ergo
2090 845 2270 915 docet,
2303 855 2365 916 ut
2405 846 2521 919 ipsa
2550 847 2631 902 ira
2659 862 2783 903 cum
2816 844 3190 902 moderatione
3221 845 3315 914 sit,
3351 861 3527 918 neque

1934 938 2169 992 nimium
2201 935 2325 1010 quis
2367 936 2579 1010 justum
2614 954 2668 994 se
2700 937 2937 1010 praebeat
2983 935 3364 1010 delinquenti:
3399 935 3530 1010 quia

1932 1030 2112 1084 solent
2141 1027 2365 1101 quidam
2390 1027 2470 1083 sic
2498 1043 2741 1099 peccare,
2774 1034 2836 1082 ut
2862 1026 3031 1082 tantis
3061 1024 3232 1098 plagis
3253 1025 3526 1082 adiciendi

1933 1117 2247 1186 videantur,
2281 1125 2512 1191 quantas
2543 1133 2649 1172 non
2681 1124 2910 1188 possunt
2938 1115 3080 1172 ferre
3110 1133 3122 1170 :
3156 1123 3208 1171 et
3239 1113 3334 1188 qui
3364 1121 3531 1186 pote-
3624 1117 3630 1122 ’

1933 1211 2015 1259 rat
2057 1205 2197 1260 forte
2228 1205 2450 1278 corrigi,
2485 1205 2702 1262 tollitur
2746 1204 2813 1260 de
2843 1204 2976 1272 vita,
3007 1220 3118 1259 non
3161 1203 3281 1259 sine
3307 1208 3528 1275 peccato

1933 1293 2234 1351 irascentis.
2287 1294 2429 1350 Hinc
2465 1303 2547 1350 est
2579 1294 2727 1350 unde
2755 1293 3048 1349 Salomon:
3098 1317 3114 1341 ι
3143 1292 3289 1361 Noli,
3322 1291 3525 1365 inquit,

1925 1384 2106 1456 justus
2134 1401 2247 1440 esse
2276 1385 2512 1440 multum
2538 1402 2551 1450 ;
2587 1384 2717 1456 quia
2748 1391 2829 1440 est
2859 1382 2954 1456 qui
2986 1381 3128 1455 perit
3159 1382 3213 1438 in
3235 1398 3336 1438 suo
3374 1380 3527 1453 justo

1933 1475 2128 1544 (Eccle.
2168 1491 2270 1541 vn,
2301 1474 2415 1546 17).
2448 1497 2465 1520 ι
2510 1472 2614 1530 Sed
2645 1473 2952 1529 imitatores
2989 1472 3089 1527 Dei
3117 1487 3232 1528 esse
3264 1470 3527 1527 debemus

1929 1562 2023 1636 qui
2053 1570 2402 1633 temperatam
2436 1561 2599 1618 habet
2626 1560 2898 1632 justitiam
2924 1578 2938 1628 ;
2961 1576 3088 1616 cum
3133 1558 3279 1616 enim
3311 1558 3524 1632 justum

1930 1658 2069 1706 esset
2108 1650 2272 1722 plecti
2323 1649 2560 1721 iniquos,
2610 1648 2876 1720 patientia
2923 1664 3022 1703 sua
3077 1647 3269 1703 suﬂ'ert
3297 1662 3412 1714 eos,
3465 1653 3528 1702 ut

1928 1736 2098 1809 aliqui
2147 1753 2217 1792 ex
2269 1737 2350 1792 eis
2387 1736 2752 1808 corrigantur.
2806 1735 2916 1790 Nos
2975 1735 3120 1807 ipsos
3173 1749 3360 1789 servos
3399 1748 3528 1788 suos

1929 1835 2215 1898 peccantes
2246 1827 2474 1897 patitur,
2505 1841 2605 1882 nec
2632 1825 2743 1881 cito
2781 1825 3018 1897 aliquem
3050 1822 3309 1896 percutit.

224 1922 482 1994 pristina,
506 1939 667 1995 quam
690 1931 928 1978 veterem
975 1923 1258 1979 hominem
1289 1933 1571 1997 nuncupat
1599 1935 1816 2000 propter

2004 1916 2184 1984 (Vers.
2218 1915 2333 1985 27.)
2381 1939 2398 1963 ‹
2425 1915 2530 1971 Sed
2580 1931 2689 1969 non
2739 1913 2955 1970 occidat
2991 1928 3155 1985 super
3179 1911 3524 1968 iracundiam

224 2011 568 2082 praeteritum
603 2010 925 2083 ignorantiae
954 2020 1190 2084 tempus.
1226 2014 1404 2070 Homo
1449 2015 1631 2088 itaque
1678 2034 1825 2074 unus

221 2112 393 2176 atque
447 2102 590 2160 idem
641 2111 744 2170 est,
791 2103 907 2176 qui,
966 2103 1011 2160 si
1067 2089 1300 2176 pristina
1355 2105 1496 2159 vitia
1551 2106 1823 2176 sequitur,

223 2204 388 2250 vetus
413 2194 620 2250 dicitur
654 2212 665 2249 :
713 2187 971 2248 siautem
1015 2193 1074 2248 in
1116 2194 1360 2250 novitate
1390 2194 1518 2249 vitae
1555 2195 1821 2261 ambulat,

222 2284 443 2341 alienus
476 2300 507 2338 a
533 2283 783 2340 saeculari
805 2299 1010 2350 errore,
1043 2283 1140 2355 qui
1169 2292 1252 2338 est
1289 2285 1406 2340 sive
1433 2284 1490 2338 in
1530 2291 1674 2352 actu,
1707 2285 1822 2340 sive

223 2374 285 2430 in
317 2390 479 2430 sensu
511 2372 646 2445 (22),
673 2372 828 2428 rudis
855 2371 1060 2428 dicitur
1086 2390 1099 2439 ;
1148 2388 1258 2427 non
1299 2373 1488 2445 utique
1517 2372 1821 2429 substantia

221 2463 410 2520 carnis
439 2469 534 2517 aut
562 2461 779 2529 animae,
838 2461 931 2517 sed
979 2461 1263 2517 intellectu
1301 2468 1355 2517 et
1404 2462 1821 2518 conversatione

222 2550 376 2608 vitae.
432 2550 734 2622 Corruptus
790 2559 971 2606 tamen
1017 2557 1176 2605 vetus
1228 2549 1398 2606 homo
1430 2549 1656 2618 dicitur,
1684 2566 1822 2622 pro-

223 2647 348 2713 pter
375 2639 682 2696 adulterum
713 2652 953 2703 sensum,
983 2644 1036 2692 et
1059 2644 1274 2707 turpem
1304 2636 1502 2693 vitam.

301 2729 606 2799 (Vera-23,
638 2727 760 2795 24.)
794 2751 813 2775 ι
842 2725 1204 2781 Renovamini
1235 2733 1416 2780 autem
1438 2740 1601 2781 sensu
1622 2727 1822 2783 mentis

224 2828 422 2876 vestrae
455 2819 597 2892 (23),
633 2826 687 2874 et
716 2816 1018 2874 induimini
1051 2831 1259 2871 novum
1285 2815 1588 2882 hominem,
1620 2814 1716 2887 qui
1743 2831 1820 2870 se-

221 2909 472 2966 cundum
504 2909 677 2964 Deum
707 2915 922 2962 creatus
950 2913 1031 2961 est
1077 2905 1136 2960 in
1181 2905 1409 2960 veritate
1435 2912 1490 2960 et
1515 2903 1754 2975 justitia.
1788 2929 1806 2951 -
1875 2966 1878 2968 γ

219 2998 445 3054 Justum
499 3005 553 3052 et
594 3011 784 3052 verum
841 3003 923 3051 est
968 3001 1173 3051 rectam
1205 2993 1350 3049 viam
1381 2993 1536 3065 sequi
1566 3011 1578 3048 :
1611 2992 1702 3050 hic
1728 3009 1820 3049 au-

224 3096 339 3144 tem
397 3094 599 3143 rectam
655 3086 800 3142 viam
845 3085 1113 3158 sequitur,
1167 3087 1263 3157 qui
1314 3084 1548 3142 devotus
1577 3083 1821 3141 Creatori

223 3194 327 3234 suo
391 3177 449 3233 in
506 3178 791 3233 voluntate
843 3175 962 3247 ejus
1001 3175 1265 3243 ambulat,
1306 3190 1468 3246 quam
1545 3173 1822 3247 gentilitas

225 3267 421 3322 nescit.
455 3267 754 3322 Innovatus
786 3264 932 3320 enim
955 3262 1154 3336 spiritu
1184 3263 1383 3318 mentis
1413 3279 1620 3318 novum
1643 3261 1818 3318 homi-
1849 3291 1894 3351 Ο

225 3371 350 3411 nem
384 3354 589 3411 dicitur
616 3353 864 3420 indutus,
917 3352 1013 3425 qui
1065 3360 1149 3408 est
1193 3350 1481 3418 Christus;
1532 3350 1813 3408 Christum

223 3443 373 3498 enim
416 3443 684 3511 induitur,
717 3442 812 3515 qui
862 3458 957 3514 per
1009 3441 1174 3496 ﬁdem
1225 3448 1446 3495 renatus
1481 3439 1540 3494 in
1571 3439 1816 3504 Christo,

223 3533 458 3588 mniulus
481 3539 563 3588 est
591 3532 740 3598 vitai,
776 3546 940 3603 quam
974 3528 1204 3585 tradidit
1231 3528 1523 3592 Christus;
1570 3535 1631 3582 ut
1654 3526 1817 3598 juxta

223 3624 400 3678 Deum
427 3627 644 3677 creatus
672 3618 926 3674 videatur
972 3634 984 3672 :
1020 3616 1078 3672 in
1125 3631 1189 3671 eo
1235 3615 1383 3672 enim
1436 3615 1562 3687 quis
1602 3624 1815 3672 creatus

221 3718 326 3778 est,
358 3711 415 3766 in
447 3727 554 3782 quo
583 3709 761 3781 sapit;
808 3715 862 3763 et
890 3707 1015 3763 ideo
1063 3705 1267 3762 veritas
1297 3713 1350 3762 et
1373 3704 1592 3777 justitia
1641 3703 1738 3761 Dei
1784 3720 1816 3759 a

223 3799 523 3871 gentilibus
579 3798 878 3871 ignoratur.
928 3795 1065 3853 Cum
1121 3796 1267 3852 enim
1314 3795 1594 3851 credentes
1638 3795 1814 3850 Deum

220 3895 529 3960 agnoscunt
557 3886 892 3953 Creatorem,
940 3893 1220 3941 servantes
1269 3883 1525 3939 mandata
1563 3879 1702 3953 ejus,
1755 3881 1814 3935 in

213 3975 438 4048 justitia
465 3985 519 4032 et
541 3975 772 4032 veritate
793 3980 1066 4030 creantur.

298 4064 475 4134 (Vers.
533 4065 688 4135 25.)‹
719 4064 947 4135 Propter
1002 4062 1151 4136 quod
1203 4059 1454 4134 deposito
1503 4060 1813 4129 mendacio,

222 4151 516 4225 loquimini
541 4151 829 4208 veritatem
861 4151 1238 4224 unusquisque
1275 4165 1401 4207 cum
1431 4148 1686 4222 proximo
1713 4165 1814 4204 suo

223 4243 416 4309 (Zach.
445 4258 568 4309 vm,
589 4241 703 4312 l6);
729 4241 989 4313 quoniam
1019 4256 1210 4296 sumus
1229 4238 1470 4296 invicem
1493 4238 1757 4294 membra.
1781 4263 1799 4286 ι

218 4329 362 4396 Quia
391 4329 449 4383 in
473 4329 702 4384 veritate
729 4337 782 4384 et
825 4328 1046 4399 justitia
1089 4328 1260 4385 creati
1304 4344 1515 4395 sumus,
1548 4326 1722 4383 renati
1753 4325 1813 4381 in

217 4415 587 4488 baptismate;
645 4417 850 4474 idcirco
881 4427 943 4473 ut
997 4418 1056 4474 in
1095 4434 1160 4474 eo
1202 4434 1544 4485 maneamus,
1576 4416 1813 4473 menda-

216 4506 371 4562 cium
427 4507 697 4578 deponere
739 4505 1021 4577 jubemur,
1080 4514 1359 4578 assumpta
1413 4506 1663 4573 veritate,
1711 4520 1812 4561 nec

218 4591 350 4648 dolo
380 4591 591 4664 aliquid
615 4609 740 4648 cum
789 4592 955 4646 fratre
1002 4607 1156 4663 agere
1191 4609 1201 4646 :
1236 4599 1297 4647 ut
1326 4592 1455 4664 quia
1484 4591 1649 4647 unius
1677 4608 1809 4648 cor-

219 4682 370 4754 poris
424 4682 669 4737 memhra
730 4698 941 4750 sumus,
990 4681 1167 4738 causis
1209 4681 1414 4739 nostris
1470 4682 1526 4736 in
1581 4682 1811 4738 veritate
1842 4650 1891 4708 Β

219 4772 460 4827 invicem
486 4771 786 4828 faveamus.

293 4862 468 4931 (Vers.
495 4860 610 4931 26.)
659 4885 676 4907 ι
706 4860 1013 4917 Irascimini
1042 4870 1096 4918 et
1125 4861 1296 4918 nolite
1323 4877 1566 4933 peccare.
1597 4887 1614 4908 ι
1668 4859 1810 4928 Quo-

220 4950 368 5005 niam
397 4949 556 5005 irasci
587 4949 711 5022 quis
739 4966 849 5004 non
878 4957 1055 5021 potest
1099 4949 1378 5022 prohiberi
1431 4951 1656 5023 (quippe
1682 4966 1809 5005 cum

221 5040 302 5094 ira
331 5048 511 5095 motus
545 5039 616 5094 sit
661 5039 949 5107 naturalis,
1001 5049 1298 5111 conceptus
1350 5055 1420 5095 ex
1466 5040 1666 5108 causis,
1714 5040 1808 5114 qui

220 5130 359 5184 solet
387 5128 456 5185 ad
502 5130 806 5202 profectum
859 5129 1130 5200 pertinere
1189 5127 1608 5202 delinquentis),
1666 5134 1811 5191 244

220 5227 426 5284 idcirco
491 5227 834 5284 irascendum
863 5226 1000 5284 dicit
1031 5227 1204 5298 (Psal.
1235 5243 1312 5294 Iv,
1335 5228 1418 5296 5),
1445 5227 1540 5284 sed
1563 5245 1807 5285 commo-

219 5325 312 5374 net
341 5333 408 5372 ne
451 5333 546 5390 per
578 5316 715 5373 iram
773 5323 1043 5388 peccetur.
1096 5315 1346 5373 Solemus
1385 5316 1536 5374 enim
1581 5319 1808 5376 modum

289 5497 407 5564 (22)
439 5497 593 5554 Rom.
627 5495 782 5563 alit,
813 5496 918 5551 sive
944 5496 1001 5550 in
1035 5496 1244 5565 affectu,
1280 5495 1388 5550 sive
1417 5495 1474 5550 in
1499 5511 1670 5549 sensu.

289 5569 401 5634 (23)
439 5568 639 5624 Eadem
663 5568 818 5635 edit.,
850 5567 1045 5638 spiritu
1067 5567 1251 5621 mentis
1281 5574 1482 5622 vestrae.

291 5640 404 5710 (2i)
439 5639 640 5695 Omnes
668 5639 824 5705 edit.,
855 5657 978 5695 cum
1012 5655 1113 5693 ms.
1158 5655 1268 5693 uno
1295 5638 1382 5693 vel
1425 5639 1620 5710 altero,
1649 5655 1809 5707 neque

217 5709 542 5792 tocum'gdetis
571 5710 778 5766 diabolo
819 5728 835 5765 :
881 5728 1008 5767 mss.
1062 5726 1190 5768 vero
1218 5725 1389 5784 prope
1421 5709 1486 5766 ad
1516 5725 1710 5778 unum,
1748 5717 1810 5765 ut

215 5789 273 5840 in
303 5789 480 5838 textu.

1934 2015 2200 2062 vestram:
2253 2004 2424 2060 nolite
2474 2006 2652 2060 locum
2703 2003 2832 2058 dare
2886 2003 3108 2058 diabolo
3146 2001 3286 2072 (24).
3319 2025 3337 2046 ν
3383 2003 3525 2057 Iram

1932 2096 2167 2150 transire
2196 2095 2336 2161 vult,
2386 2110 2487 2151 nec
2533 2094 2756 2151 retineri
2797 2093 2854 2148 in
2905 2100 3146 2164 pectore,
3176 2099 3240 2147 ut
3265 2088 3354 2145 die
3384 2097 3525 2156 orta,

1931 2201 2057 2240 cum
2112 2183 2201 2239 die
2249 2183 2486 2249 decidat,
2531 2183 2661 2255 quia
2702 2182 2747 2238 si
2799 2182 2855 2236 in
2887 2182 3072 2236 animo
3104 2179 3384 2247 manserit,
3433 2177 3528 2234 dat

1932 2270 2270 2326 occasionem
2329 2269 2552 2326 diabolo
2607 2268 2900 2342 gloriandi.
2959 2269 3187 2324 Necesse
3251 2273 3333 2322 est
3377 2263 3525 2320 enim

1933 2359 2104 2414 iratus
2151 2358 2368 2438 animus
2405 2359 2550 2413 mala
2591 2357 2812 2428 cogitet,
2864 2355 3011 2429 quod
3049 2353 3203 2426 cupit
3238 2352 3522 2438 diabolus;

1933 2447 2148 2504 invenit
2185 2435 2332 2503 enim
2393 2455 2629 2503 mentem
2672 2455 2912 2518 paratam
2963 2444 3031 2501 ad
3074 2435 3422 2511 malum,‘cui
3469 2455 3526 2496 se

1932 2538 2198 2605 inserens,
2246 2537 2443 2593 affectu
2496 2552 2596 2592 suo
2625 2535 2829 2606 decipit
2874 2533 3156 2589 hominem
3204 2533 3407 2588 factum
3457 2530 3526 2586 ad

1931 2626 2136 2692 vitam;
2194 2625 2324 2698 quia
2377 2623 2620 2680 hominis
2674 2622 2926 2694 cogitare
2977 2629 3080 2690 est,
3145 2620 3349 2677 diaboli
3409 2619 3526 2675 im—

1931 2715 2099 2786 plere.

2003 2803 2186 2874 (Vers.
2237 2802 2352 2874 28.)
2400 2826 2417 2850 ι
2445 2801 2550 2868 Qui
2605 2799 2910 2867 furabatur,
2960 2798 3076 2870 jam
3110 2814 3221 2853 non
3271 2798 3520 2854 furetur:

1931 2893 2103 2963 magis
2131 2900 2312 2947 autem
2345 2891 2573 2958 laboret,
2607 2889 2883 2962 operando
2927 2888 3183 2944 manibus
3218 2886 3366 2960 quod
3416 2886 3526 2943 bo-

1932 2997 2062 3037 num
2094 2991 2207 3046 est;
2240 2987 2303 3036 ut
2331 2979 2546 3046 habeat,
2604 2978 2751 3034 unde
2789 2978 2998 3034 tribuat
3025 2977 3404 3034 necessitatem
3433 2992 3524 3048 pa-

1930 3070 2197 3128 tientibus
2227 3070 2366 3141 (25).
2399 3094 2416 3117 ι
2466 3069 2533 3128 Ut
2581 3069 2712 3124 novi
2743 3067 2988 3124 hominis
3025 3066 3370 3124 conversatio
3399 3083 3525 3122 ma—

1930 3169 2076 3228 neat,
2136 3159 2389 3216 hortatur
2443 3174 2512 3214 ne
2568 3174 2786 3214 rursum
2841 3157 2909 3213 ad
2966 3155 3240 3228 praeterita
3291 3155 3427 3212 vitia
3471 3165 3527 3212 et

1939 3257 2157 3321 peccata
2186 3248 2437 3305 redeatur
2464 3265 2478 3313 ;
2511 3263 2638 3303 nam
2672 3245 2814 3302 nihil
2866 3245 3113 3317 proderit
3141 3262 3348 3300 novum
3388 3243 3521 3312 dici,

1927 3337 2148 3410 quando
2195 3345 2352 3394 vetus
2383 3354 2499 3394 esse
2528 3337 2696 3394 homo
2745 3337 2905 3391 malis
2950 3335 3208 3406 operibus
3244 3333 3522 3406 approba-

1929 3439 2037 3486 tur.
2070 3429 2192 3485 Non
2222 3430 2401 3484 solum
2433 3444 2561 3499 ergo
2592 3425 2940 3486 Christianus
2969 3424 3149 3479 aliena
3190 3438 3302 3477 non
3335 3421 3525 3477 tollere

1917 3516 2165 3588 jubetur,
2197 3519 2291 3574 sed
2316 3526 2369 3573 et
2398 3517 2467 3573 de
2512 3518 2698 3573 labore
2729 3533 2828 3572 suo
2876 3512 3159 3587 penuriam
3190 3509 3524 3584 patientibus

1925 3606 2381 3673 subministrare;
2415 3616 2477 3664 ut
2507 3606 2668 3663 bonis
2698 3605 2956 3678 operibus
2993 3601 3231 3670 deditus,
3263 3601 3526 3688 rependat

1922 3712 2043 3768 quas
2097 3697 2249 3768 prius
2276 3698 2596 3765 abstulerat,
2627 3705 2682 3752 et
2717 3696 2786 3753 de
2829 3703 3025 3751 caetero
3056 3690 3386 3748 thesaurizet
3416 3689 3522 3746 sibl

1925 3787 1984 3842 in
2016 3788 2267 3843 futurum
2292 3805 2305 3854 ;
2337 3787 2432 3860 qui
2463 3787 2610 3844 enim
2640 3793 2815 3844 cessat
2842 3800 2874 3839 a
2903 3783 3070 3850 furto,
3099 3780 3317 3838 veniam
3347 3787 3526 3854 potest

1925 3874 2145 3943 habere,
2207 3893 2317 3932 non
2377 3877 2626 3950 gloriam.
2685 3875 2829 3942 Quid
2885 3873 3032 3929 enim
3099 3886 3380 3943 magnum,
3431 3877 3525 3926 aut

1925 3963 2083 4037 cujus
2140 3965 2323 4021 meriti
2381 3972 2463 4021 est
2498 3963 2566 4020 ab
2611 3963 2806 4020 alienis
2859 3971 3161 4033 temperare
3191 3959 3219 4015 ?
3262 3957 3349 4016 Ad
3396 3975 3521 4015 me-

1925 4053 2093 4111 ritum
2147 4053 2293 4110 enim
2349 4053 2584 4126 proﬁcit,
2639 4069 2764 4110 cum
2813 4051 2936 4124 quis
2977 4049 3046 4106 de
3073 4048 3296 4122 proprio
3325 4047 3523 4104 tribuit

1925 4143 2132 4214 egenis.

1997 4245 2180 4314 (Vers.
2221 4243 2338 4313 29.)
2383 4266 2401 4288 -
2431 4241 2628 4299 Omnis
2669 4257 2848 4297 sermo
2895 4239 3074 4296 malus
3102 4239 3170 4295 de
3199 4252 3293 4294 ore
3339 4242 3523 4293 vestro

1923 4350 2035 4389 non
2076 4332 2366 4404 procedat;
2403 4331 2498 4387 sed
2539 4331 2586 4388 si
2617 4331 2740 4404 quis
2772 4331 2949 4388 bonus
2975 4328 3046 4386 ad
3093 4326 3518 4384 aediﬁcationem

1921 4421 2069 4488 ﬁdei,
2115 4429 2177 4477 ut
2221 4421 2316 4478 det
2345 4421 2578 4492 gratiam
2625 4419 2998 4476 audientibus.
3041 4441 3059 4465 ι
3101 4419 3164 4473 In
3207 4415 3308 4472 Dei
3362 4430 3523 4471 servo

1920 4510 2106 4566 omnia
2157 4509 2359 4565 debent
2413 4508 2556 4564 bona
2607 4508 2807 4577 videri,
2870 4523 2972 4564 nec
3025 4522 3093 4562 ex
3142 4506 3328 4578 aliqua
3369 4510 3522 4575 parte

1919 4599 2129 4672 puritas
2177 4598 2295 4669 ejus
2346 4598 2507 4655 debet
2562 4599 2848 4655 maculari.
2907 4595 3049 4664 Quid
3102 4593 3251 4650 enim
3301 4586 3522 4664 prodest

1923 4687 2187 4744 mundam
2220 4687 2394 4743 vitam
2427 4687 2646 4754 habere,
2676 4693 2732 4742 et
2768 4703 2828 4741 os
2856 4683 3139 4741 sordidum
3174 4699 3188 4748 ;
3220 4696 3347 4738 cum
3372 4679 3520 4736 dicat

1920 4777 2191 4833 Dominus
2240 4776 2389 4850 quod
2419 4775 2792 4847 unusquisque
2822 4772 3004 4828 verbis
3039 4770 3153 4826 suis
3181 4776 3276 4825 aut
3303 4767 3519 4841 justiﬁ-

1919 4867 2160 4933 cabitur,
2207 4875 2304 4922 aut
2349 4862 2805 4923 condemnabitur
2855 4861 3068 4933 (Matth.
3101 4877 3205 4928 xu,
3237 4859 3328 4931 37)
3351 4859 3378 4915 ?
3407 4857 3518 4914 Nec

1917 4955 2183 5013 credibile
2235 4963 2414 5028 potest
2460 4952 2637 5010 videri
2667 4952 2806 5008 bene
2853 4950 3040 5006 vivere
3069 4965 3216 5017 eum,
3249 4948 3345 5023 qui
3377 4947 3520 5003 male

1920 5045 2213 5116 loquatur;
2263 5043 2404 5098 male
2451 5042 2598 5096 enim
2646 5039 2799 5111 loqui
2847 5039 2916 5095 ad
2948 5039 3120 5094 multa
3150 5036 3323 5093 trahit
3353 5034 3512 5093 vitia.

1919 5133 2101 5190 Potest
2144 5133 2291 5189 enim
2337 5133 2477 5189 male
2507 5131 2680 5204 loqui,
2734 5131 2828 5203 qui
2860 5129 3098 5202 turpiter
3129 5129 3296 5198 fatur,
3327 5138 3382 5186 et
3420 5120 3516 5202 qui

1917 5222 2078 5278 bonis
2123 5221 2383 5289 detrahit,
2414 5230 2469 5278 et
2515 5219 2610 5293 qui
2651 5236 2777 5278 cum
2804 5219 2935 5276 dolo
2989 5218 3285 5296 fabulatur,
3321 5225 3375 5274 et
3421 5216 3515 5290 qui

1918 5311 2200 5367 mentitur.
2228 5311 2354 5366 Haec
2383 5309 2664 5366 horrorem
2698 5316 2960 5382 praestant
2992 5308 3109 5381 (26)
3137 5326 3150 5376 ;
3178 5308 3337 5364 bonae
3364 5304 3513 5362 enim

1990 5491 2288 5574 .Edit.
2335 5492 2520 5560 Rom.,
2573 5489 2710 5546 unde
2755 5489 3112 5545 subministrat
3161 5487 3506 5544 necessitatem

1916 5570 2218 5707 pagg;th
2266 5653 2395 5691 mss.
2448 5633 2692 5691 melioris
2744 5639 2921 5707 notas:
2963 5629 3070 5707 alii.
3103 5637 3285 5686 autem
3345 5636 3509 5704 atque

1918 5701 2228 5774 edit.,.ch
2253 5724 2487 5763 errorem
2508 5710 2784 5781 prastant.
2822 5704 2942 5760 Non
2973 5701 3104 5759 satis
3132 5710 3296 5760 recte.
