3970 6376
456 400 562 467 115

1479 396 1575 450 ΑΙ)
1614 394 1847 453 OPERA
1885 394 1940 450 S.
1980 389 2310 452 AMBROSII
2348 390 2728 450 APPENDIX.

3683 387 3796 447 416

460 541 515 592 et
549 531 748 592 sobria
793 531 998 592 fabula
1047 531 1183 593 dant
1211 531 1440 606 gratiam
1496 537 1551 589 et
1587 531 1906 603 exemplum
1954 545 2066 586 au-
2093 527 2146 590 Α
2171 527 2276 586 ﬁlii
2329 527 2660 586 charissimi.
2694 552 2713 577 ι
2757 527 2874 586 Hoc
2917 533 3000 586 est
3045 528 3196 602 quod
3250 542 3418 600 supra
3455 525 3628 596 dixit,
3658 527 3796 602 quia

461 622 768 692 clientibus,
812 630 877 682 ut
923 623 1296 681 houoriﬁceut
1349 622 1525 682 Deum
1577 617 1636 676 in
1690 617 1872 675 verbis
1926 617 2064 692 ejus,

461 712 719 774 adiﬁcati
749 711 808 770 in
837 712 946 771 ﬁde
974 711 1208 771 Christi.

538 803 722 877 (Vers.
754 801 872 874 30.)
919 825 938 850 ι
966 803 1038 859 Et
1083 799 1255 859 nolite
1281 797 1610 858 contristare
1635 795 1903 870 Spiritum
1931 813 2068 854 san-

461 901 614 952 ctum
631 891 754 959 Dei,
776 890 835 949 in
857 907 971 965 quo
991 889 1190 962 signati
1211 887 1341 945 estis
1355 886 1415 944 in
1439 887 1584 946 diem
1607 884 2054 959 redemptionis.»

463 980 603 1042 Cum
631 981 770 1040 bene
783 980 1014 1054 agimus,
1038 977 1244 1050 gaudet
1276 976 1334 1032 in
1363 976 1524 1034 nobis
1552 976 1791 1050 Spiritus
1820 985 2063 1056 sanctus,

368 1079 378 1087 ”
463 1076 624 1134 datus
679 1073 860 1141 nobis,
920 1071 1114 1128 videns
1174 1068 1387 1126 monita
1439 1085 1538 1126 sua
1590 1068 1854 1142 proﬁcere
1901 1069 2069 1126 utili-

462 1164 670 1222 tatibus
711 1162 940 1231 nostris,
987 1163 1133 1219 sicut
1179 1159 1391 1218 dictum
1438 1169 1522 1218 est
1559 1177 1592 1218 a
1619 1159 1893 1218 Domino:
1939 1182 1960 1206 ι
1989 1160 2071 1216 Ita

463 1253 723 1328 gaudium
752 1251 858 1310 erit
887 1251 946 1309 in
975 1252 1117 1310 cmlo
1141 1252 1202 1308 in
1228 1266 1342 1308 uno
1371 1257 1657 1322 peccatore
1684 1249 2067 1323 paenitentiam

461 1352 653 1418 agente
673 1344 828 1416 (Luc.
861 1358 962 1408 xv,
998 1340 1111 1413 10).
1135 1366 1154 1390 ι
1188 1339 1404 1398 Gaudet
1423 1355 1550 1412 ergo
1581 1338 1823 1412 Spiritus
1844 1346 2070 1396 sanctus

459 1435 623 1494 saluti
652 1441 877 1499 nostra,
907 1449 1020 1488 non
1048 1430 1175 1500 sibi,
1212 1430 1309 1505 qui
1338 1445 1450 1487 non
1480 1429 1690 1501 indiget
1722 1428 1938 1496 laetitia;
1963 1429 2063 1506 ita,

460 1543 490 1583 e
517 1523 816 1592 contrario,
867 1522 917 1579 si
972 1519 1291 1578 obedientes
1338 1519 1388 1576 ei
1437 1535 1549 1576 non
1585 1517 1877 1586 fuerimus,
1922 1533 2069 1576 con—

461 1616 731 1684 tristatur,
774 1612 904 1686 quia
931 1627 1044 1669 non
1082 1609 1248 1666 habet
1277 1609 1586 1682 profectum
1627 1607 1684 1666 in
1715 1607 1911 1665 nobis:
1944 1608 2070 1662 vult

459 1705 606 1763 enim
652 1720 754 1762 nos
781 1701 1056 1776 pertinere
1103 1699 1172 1757 ad
1205 1698 1397 1755 vitam.
1425 1698 1549 1755 Non
1588 1706 1771 1755 tamen
1815 1697 1896 1754 sic
1924 1711 2069 1754 con-

461 1795 730 1863 tristatur,
783 1799 846 1849 ut
872 1791 1135 1865 patiatur,
1167 1789 1368 1863 quippe
1407 1804 1532 1846 cum
1562 1785 1924 1859 impassibilis
1953 1784 2060 1852 sit;

2174 617 2273 674 Dei
2328 617 2506 674 Patris
2561 616 2864 674 imitatores
2899 632 3016 674 esse
3062 615 3326 688 jubemur
3371 616 3478 674 hac
3523 616 3790 676 exhorta-

2175 706 2362 775 tione;
2417 715 2480 763 ut
2535 706 2583 765 si
2629 704 3101 774 obaudiverimus,
3150 705 3256 764 ﬁlii
3312 707 3415 764 Dei
3462 706 3785 766 charissimi

2177 800 2494 859 habeamur.
2553 802 2656 860 Hic
2705 801 2855 859 enim
2901 801 3262 859 cbarissimus
3294 800 3467 874 patris
3497 808 3578 860 est
3605 800 3786 871 ﬁlius,

2177 891 2273 965 qui
2302 891 2576 950 bonorum
2614 890 2734 964 ejus
2761 891 3008 950 imitator
3034 897 3136 950 est.

2252 987 2434 1058 (Vers.
2483 989 2565 1058 2.)
2629 1013 2648 1037 ι
2676 988 2748 1045 Et
2800 987 3078 1045 ambulate
3129 986 3189 1042 in
3256 985 3578 1055 dilectione,
3639 985 3790 1044 sicut

2177 1077 2430 1136 Christus
2486 1077 2686 1136 dilexit
2727 1094 2848 1147 nos,
2895 1085 2950 1135 et
3004 1077 3235 1135 tradidit
3281 1078 3640 1150 semetipsum
3683 1093 3788 1151 pro

2177 1167 2338 1225 nobis
2379 1165 2617 1226 hostiam
2646 1175 2700 1224 et
2739 1166 3135 1239 obligationem
3173 1167 3287 1224 Deo
3317 1166 3377 1224 in
3404 1167 3631 1224 odorem
3660 1181 3786 1224 sua-

2179 1257 2385 1314 vitatis.
2417 1281 2435 1306 ι
2479 1257 2632 1313 Sicut
2660 1256 2760 1314 Dei
2805 1256 2982 1314 Patris
3027 1254 3334 1314 imitatores
3371 1271 3611 1314 nosesse
3655 1257 3788 1312 vult

2179 1347 2235 1404 in
2276 1347 2614 1420 benignitate
2655 1355 2708 1404 et
2750 1344 3151 1414 misericordia,
3209 1345 3287 1402 ita
3332 1352 3386 1401 et
3433 1343 3642 1404 Christi
3672 1343 3784 1402 ﬁlii

2177 1436 2294 1508 ejus
2320 1436 2379 1492 in
2417 1435 2758 1502 dilectione;
2789 1443 2852 1491 ut
2879 1434 3025 1492 sicut
3053 1435 3150 1491 ille
3177 1433 3380 1492 dilexit
3407 1451 3526 1503 nos,
3556 1433 3786 1491 tradens

2177 1543 2234 1586 se
2281 1542 2379 1598 pro
2425 1525 2605 1594 nobis,
2658 1525 2736 1583 ita
2780 1532 2836 1581 et
2865 1541 2965 1582 nos
2994 1523 3234 1582 invicem
3263 1540 3362 1597 pro
3405 1523 3565 1582 nobis
3611 1524 3783 1581 etiam

2177 1616 2388 1674 animas
2442 1631 2644 1689 ponere
2706 1614 3023 1674 debeamus.
3081 1615 3241 1682 Quod
3307 1614 3473 1672 etiam
3539 1614 3787 1672 Joannes

2177 1707 2455 1778 apostolus
2513 1706 2680 1774 dixit,
2737 1707 2992 1778 exemplo
3048 1703 3273 1762 Domini
3340 1721 3438 1778 pro
3513 1702 3788 1762 fratribus

2173 1796 2384 1853 animas
2404 1796 2681 1868 ponendas
2704 1797 2761 1867 (Ι
2791 1797 2950 1852 Joan.
2983 1812 3068 1864 Ill,
3095 1795 3206 1864 16).
3241 1793 3298 1852 Si
3327 1795 3508 1868 itaque
3559 1791 3786 1853 Christi

459 1884 553 1942 sed
589 1899 717 1942 cum
761 1898 887 1939 eum
937 1879 1325 1938 contristatum
1354 1877 1512 1947 dicit,
1541 1876 1716 1934 nostri
1751 1892 1914 1934 causa
1958 1875 2067 1932 hoc
2093 1892 2142 1954 Β
2175 1910 2322 1950 mors
2361 1893 2418 1950 in
2449 1892 2674 1950 odorem
2704 1891 2993 1948 suavium
3029 1899 3111 1948 est
3138 1891 3275 1957 Deo,
3301 1897 3532 1945 manem
3562 1886 3686 1958 eius
3720 1886 3784 1943 ιί,

460 1972 754 2045 signiﬁcat,
822 1969 953 2044 quia
1007 1967 1212 2026 deserit
1270 1983 1374 2023 nos
1426 1983 1490 2022 eo
1559 1965 1706 2038 quod
1764 1964 2068 2022 laeserimus

460 2080 608 2133 eum,
640 2060 1044 2122 contemnendo
1087 2059 1302 2117 monita
1330 2057 1470 2130 ejus.
1503 2056 1861 2115 Contristatio
1881 2057 2066 2128 itaque

461 2153 579 2226 ejus
626 2151 928 2223 indignitas
973 2158 1161 2206 nostra
1207 2157 1310 2215 est,
1339 2165 1459 2221 quae
1493 2146 1638 2202 ﬁlios
1688 2161 1789 2202 nos
1815 2143 1914 2202 Dei
1944 2159 2066 2217 pro-

463 2244 617 2301 hibet
643 2241 946 2316 appellari;
986 2240 1101 2312 ipse
1129 2238 1281 2296 enim
1313 2247 1396 2296 est
1425 2237 1663 2310 Spiritus
1691 2243 1933 2304 sanctus,
1969 2233 2067 2308 qui

460 2331 767 2388 sanctiﬁcat
789 2329 1000 2400 (27-28)
1033 2327 1180 2384 ﬁlios
1202 2327 1324 2394 Dei,
1359 2341 1587 2382 manens
1617 2325 1674 2382 in
1701 2324 1884 2381 nobis.

535 2421 718 2490 (Vers.
769 2419 884 2490 31.)
929 2418 1164 2476 «Omnis
1209 2415 1538 2484 amaritudo,
1571 2423 1626 2472 et
1681 2415 1782 2483 ira,
1823 2422 1878 2471 et
1920 2415 2064 2472 indi-

460 2511 667 2584 gnatio,
716 2518 770 2566 et
799 2511 1028 2577 clamor,
1068 2517 1122 2566 et
1165 2507 1508 2581 blasphemia
1534 2508 1814 2564 auferatur
1841 2525 1874 2564 a
1900 2507 2059 2566 vobis

457 2617 583 2660 cum
639 2600 792 2658 omni
849 2599 1079 2656 malitia.
1112 2624 1130 2645 ι
1181 2597 1379 2655 Omnia
1435 2597 1554 2654 haec
1591 2615 1714 2672 quae
1761 2598 2061 2669 perniciem

456 2699 686 2765 possunt
756 2697 1013 2764 praestare
1086 2688 1307 2758 animis,
1381 2688 1690 2746 amovenda
1745 2696 2058 2756 memorat;

454 2797 551 2855 per
593 2780 732 2838 iram
787 2780 937 2837 enim
977 2779 1041 2838 ﬁt
1095 2779 1424 2853 indignatio,
1471 2797 1568 2854 per
1619 2778 2059 2853 indignationem

452 2874 680 2941 clamor,
712 2871 871 2946 quasi
901 2886 1014 2927 vox
1051 2869 1400 2938 insanientis,
1432 2885 1554 2942 quae
1585 2868 1766 2926 aliena
1791 2879 1874 2927 est
1899 2887 1933 2926 a
1958 2868 2058 2927 Dei

453 2979 646 3021 servo:
703 2977 800 3035 per
853 2961 1151 3017 clamorem
1207 2958 1462 3032 superbit
1515 2957 1880 3030 blasphemia,
1934 2973 2057 3030 quae

455 3071 566 3112 non
619 3059 797 3127 potest
843 3067 956 3109 non
1012 3051 1156 3107 mala
1200 3065 1336 3106 esse.
1388 3049 1516 3106 Haec
1566 3064 1808 3105 amaram
1837 3053 2059 3120 praestat

455 3143 648 3212 vitam,
677 3141 901 3200 trahens
927 3140 998 3197 ad
1023 3147 1256 3197 mortem
1283 3155 1296 3194 :
1329 3137 1562 3212 ideoque
1583 3137 1650 3194 ab
1679 3135 1767 3192 his
1797 3135 2058 3193 omnibus

2174 1983 2368 2041 benter
2412 1984 2559 2040 Deus
2612 1981 2842 2054 accepit.
2875 1979 3035 2048 Quod
3065 1978 3113 2034 si
3145 1993 3337 2035 verum
3367 1984 3468 2045 est,
3499 1991 3610 2033 non
3658 1991 3785 2049 pec-

2173 2080 2439 2132 caverunt
2487 2071 2582 2146 qui
2625 2071 2788 2127 illum
2817 2067 3118 2127 secundum
3155 2067 3255 2124 Dei
3286 2068 3628 2124 voluntatem
3657 2081 3783 2124 cru-

2173 2160 2488 2218 ciﬁxerunt.
2539 2157 2646 2214 Sed
2683 2174 2796 2215 non
2845 2157 2922 2214 ita
2959 2165 3058 2223 est,
3097 2155 3227 2227 quia
3265 2153 3522 2212 Christus
3551 2155 3666 2212 Deo
3723 2169 3784 2209 se

2174 2249 2380 2307 dicitur
2429 2246 2717 2316 obtulisse,
2765 2245 2898 2302 dum
2931 2243 3111 2302 occidi
3146 2259 3203 2300 se
3240 2259 3431 2316 passus
3459 2249 3564 2310 est,
3595 2242 3654 2300 in
3677 2241 3783 2300 Dei

2173 2338 2350 2396 Patris
2377 2337 2464 2394 sui
2493 2339 2777 2394 voluntate
2804 2335 3143 2408 perdurans;
3174 2333 3305 2407 quia
3335 2333 3430 2406 qui
3456 2331 3606 2404 juste
3636 2331 3780 2390 occi-

2173 2429 2325 2486 ditur
2351 2427 2573 2485 diabolo
2605 2443 2664 2484 se
2695 2426 2951 2495 oﬁ'erens,
2994 2426 3339 2481 voluntatem
3371 2421 3491 2493 ejus
3519 2421 3674 2490 facit,
3715 2429 3784 2478 ut

2172 2517 2351 2576 occidi
2386 2525 2680 2574 mereatur.
2721 2517 2802 2573 Ita
2839 2524 2894 2573 et
2923 2514 3178 2573 Christus
3205 2513 3341 2570 dum
3370 2511 3470 2568 Dei
3501 2510 3782 2568 voluntati

2169 2609 2428 2678 adhaeret,
2478 2606 2700 2665 diabolo
2741 2605 3050 2680 displicuit,
3089 2610 3144 2662 et
3191 2602 3316 2660 ideo
3355 2601 3518 2658 illum
3546 2599 3779 2668 occidit,

2169 2700 2300 2777 quia
2328 2700 2443 2755 Deo
2469 2714 2527 2756 se
2551 2696 2775 2764 obtulit,
2801 2695 3077 2769 justitiam
3127 2690 3500 2765 exsequendo.
3533 2691 3596 2747 In
3623 2689 3782 2746 obla-

2168 2792 2320 2848 tione
2348 2788 2496 2845 enim
2536 2783 2760 2860 justitia
2786 2784 3036 2858 signatur
3068 2789 3124 2840 et
3167 2780 3408 2847 veritas;
3436 2779 3581 2836 hanc
3621 2778 3778 2835 enim

2168 2879 2392 2953 respicit
2419 2879 2585 2946 Deus,
2620 2885 2674 2934 et
2701 2874 2810 2934 hoc
2851 2883 2933 2932 est
2952 2873 3072 2946 ejus
3097 2869 3431 2930 sacriﬁcium
3460 2876 3772 2940 acceptum.

2167 2971 2356 3042 Itaque
2402 2965 2733 3035 immeritus,
2779 2965 2873 3037 qui
2922 2960 3217 3030 occiditur,
3254 2961 3432 3033 placet
3458 2961 3606 3026 Deo;
3657 2975 3774 3016 non

2167 3058 2297 3132 quia
2324 3055 2618 3124 occiditur,
2653 3054 2749 3112 sed
2777 3053 2909 3129 quia
2933 3069 3107 3126 usque
3137 3051 3206 3109 ad
3233 3057 3467 3106 mortem
3491 3047 3768 3121 justitiam

2165 3149 2534 3208 conservavit.
2556 3147 2808 3219 Suscepit
2825 3144 2975 3203 enim
3004 3144 3149 3202 hanc
3173 3149 3403 3200 mortem
3425 3138 3681 3198 Christus
3699 3138 3774 3196 ad

453 3230 787 3299 cavendum;
827 3229 996 3286 ῐίωοι·
1018 3227 1301 3318 ίθηίωξίυθὶ
1333 3235 1644 3318 temper???
1668 3224 1830 3318 ἀθιξθῖ
1857 3234 1913 3284 ei
1940 3242 2058 3282 mO'
2089 3255 2133 3318 ο
2165 3239 2374 3306 vitam;
2420 3237 2569 3296 unde
2595 3243 2650 3294 et
2694 3234 2830 3292 odor
2855 3233 3147 3291 suavitatis
3171 3232 3480 3304 appellatur
3509 3230 3661 3286 Deo:
3697 3226 3770 3284 ad

455 3324 588 3382 dum
611 3321 895 3395 imponere
914 3316 1294 3378 accidentibus
1315 3315 1513 3374 causis.
1545 3315 1651 3373 Sed
1682 3314 1813 3389 quia
1827 3323 2058 3389 possunt

453 3413 646 3488 aliqui,
677 3427 861 3486 pressa
893 3411 952 3468 in
980 3408 1168 3466 animo
1199 3406 1283 3464 ira
1309 3413 1364 3463 et
1392 3407 1650 3475 clamore,
1674 3404 1911 3464 retinere
1941 3421 2058 3462 ma-

455 3504 631 3562 litiam
647 3501 718 3558 ad
737 3499 1160 3558 retributionem
1183 3503 1342 3555 nacta
1353 3496 1655 3563 occasione;
1675 3495 1884 3554 idcirco
1911 3500 2058 3559 245

451 3601 689 3676 subjecit
733 3600 853 3657 haec
894 3598 1099 3655 auferri
1143 3614 1271 3654 cum
1310 3596 1462 3654 omni
1496 3595 1744 3664 malitia;
1785 3594 1917 3670 quia
1944 3612 2057 3652 non

451 3694 632 3750 solum
678 3689 1060 3762 blasphemare
1103 3687 1314 3743 malitia
1361 3696 1462 3756 est,
1508 3702 1700 3743 verum
1743 3684 1908 3741 etiam
1938 3685 2058 3740 ﬁn-

453 3797 577 3854 gere
624 3794 813 3852 pacem
853 3776 911 3834 in
940 3777 1102 3846 facie,
1144 3784 1198 3832 et
1229 3776 1286 3832 in
1316 3776 1504 3833 animo
1549 3775 1806 3832 meditari
1835 3775 2060 3833 discor-

450 3869 719 3930 cordiam.

526 3959 710 4031 (Vers.
743 3957 861 4029 32.)
909 3981 927 4005 ι
954 3955 1143 4014 Estote
1181 3964 1364 4014 autem
1395 3955 1634 4015 invicem
1662 3955 1910 4030 benigni,
1956 3955 2058 4011 mi-

453 4047 775 4116 sericordes,
825 4045 1094 4104 donantes
1128 4045 1289 4104 vobis
1332 4047 1596 4116 invicem,
1645 4047 1790 4105 sicut
1831 4054 1885 4104 et
1911 4047 2058 4103 Deus

454 4137 512 4196 in
541 4135 762 4196 Christo
792 4135 1025 4194 donavit
1050 4135 1228 4192 vobis.
1261 4162 1279 4184 ι
1317 4137 1589 4210 Exemplo
1627 4135 1727 4194 Dei
1759 4135 1937 4193 Patris
1961 4135 2051 4192 be-

451 4227 650 4300 nignos
695 4233 750 4283 et
801 4223 1183 4281 misericordes
1244 4223 1482 4282 invicem
1537 4225 1658 4280 ﬁeri
1709 4225 2054 4295 exhortatur,

452 4317 596 4375 sicut
645 4321 699 4372 et
746 4312 1054 4373 Dominus:
1106 4337 1123 4360 ε
1153 4313 1363 4381 Estote,
1412 4313 1617 4387 inquit,
1654 4314 2057 4385 misericordes,

453 4415 516 4464 ut
542 4405 751 4463 similes
780 4403 903 4462 sitis
932 4403 1110 4460 Patris
1148 4402 1336 4472 vestri,
1376 4403 1472 4476 qui
1501 4403 1559 4459 in
1604 4403 1759 4463 caelis
1785 4414 1867 4463 est
1899 4407 2051 4478 (Luc.

453 4515 530 4566 vr,
563 4496 679 4566 36).
711 4520 730 4543 ι
773 4495 831 4551 Si
873 4494 1021 4549 enim
1069 4491 1338 4550 Dominus
1366 4509 1463 4566 per
1509 4491 1714 4550 Filium
1743 4511 1900 4551 suum
1931 4513 2056 4551 ser-

2165 3332 2439 3390 Romauos
2484 3334 2667 3384 tamen
2693 3326 2832 3384 dicit
2860 3324 2992 3400 quia
3017 3325 3164 3382 Deus
3215 3322 3374 3379 illum
3404 3317 3636 3378 tradidit
3663 3333 3766 3391 pro

2166 3419 2328 3478 nobis
2368 3418 2628 3476 omnibus
2671 3417 2848 3490 (Rom.
2891 3430 3016 3482 vni,
3057 3412 3174 3485 32).
3207 3412 3366 3468 Nunc
3406 3405 3767 3482 quaerendum

2165 3519 2246 3568 est
2274 3508 2550 3586 quomodo
2598 3507 2760 3564 illum
2793 3507 2937 3563 Deus
2963 3501 3216 3569 tradidit,
3261 3507 3360 3558 aut
3386 3498 3664 3586 quomodo
3716 3513 3774 3554 se

2165 3585 2304 3674 ipse,
2325 3599 2533 3657 obtulit
2559 3599 2708 3664 Deo;
2741 3611 2870 3652 nam
2918 3592 3026 3650 hoc
3054 3599 3323 3665 quantum
3350 3589 3418 3646 ab
3459 3585 3630 3645 verba
3654 3601 3772 3658 per-

2165 3691 2326 3759 tinet,
2383 3689 2603 3746 videtur
2655 3683 3017 3744 contrarium.
3067 3682 3214 3738 Deus
3269 3679 3430 3737 illum
3477 3675 3775 3735 tradidisse

2165 3780 2390 3848 dicitur,
2421 3777 2553 3834 dum
2585 3776 2746 3832 illum
2772 3772 2952 3831 occidi
2982 3769 3254 3844 permisit.
3293 3767 3438 3826 sicut
3465 3764 3605 3824 dicit
3649 3766 3773 3822 Do-

2166 3872 2351 3929 minus
2403 3869 2471 3926 ad
2520 3867 2792 3924 Pilatum:
2839 3888 2858 3911 ε
2885 3864 3007 3922 Non
3064 3859 3293 3917 haberes
3345 3857 3640 3915 adversum
3685 3871 3774 3912 me

2165 3967 2512 4036 potestatem,
2546 3957 2656 4015 nisi
2687 3955 2814 4012 data
2845 3951 2953 4011 tibi
3001 3959 3142 4008 esset
3170 3949 3404 4021 desuper
3433 3945 3615 4036 (Joan.
3648 3960 3772 4013 xxx,

2169 4035 2281 4125 11).
2306 4076 2324 4100 ι
2358 4053 2497 4108 Data
2519 4055 2600 4106 est
2628 4046 2776 4102 enim
2802 4044 2875 4113 ei,
2891 4043 2986 4101 sed
3007 4040 3238 4107 volenti,
3255 4043 3518 4112 potestas,
3537 4035 3647 4125 hoc
3665 4043 3772 4104 est,

2165 4123 2494 4217 permissum
2533 4144 2616 4195 est
2661 4134 2747 4191 illi
2796 4133 2974 4190 facere
3017 4130 3165 4205 quod
3220 4125 3418 4217 voluit,
3455 4132 3523 4217 et
3552 4123 3661 4217 hoc
3690 4130 3776 4180 est

2166 4213 2378 4289 tradere
2410 4247 2421 4285 :
2469 4228 2602 4285 dum
2633 4223 2782 4281 enim
2810 4221 3147 4287 dissimulat,
3179 4215 3388 4282 tradit;
3420 4215 3467 4276 si
3495 4213 3646 4270 enim
3675 4228 3774 4270 no-

2167 4322 2359 4380 luisset
2404 4317 2738 4392 permittere,
2799 4329 2912 4372 non
2967 4311 3162 4369 fuisset
3218 4305 3455 4367 occisus.
3510 4304 3774 4362 Permisit

2166 4429 2293 4484 ergo
2336 4407 2515 4466 occidi
2536 4421 2684 4474 eum,
2715 4403 2810 4462 sed
2837 4403 2904 4460 ab
2934 4402 3012 4459 eis
3043 4399 3138 4474 qui
3171 4414 3300 4456 eum
3342 4393 3606 4453 volebant
3657 4409 3772 4450 non

2163 4510 2368 4568 coacte,
2428 4497 2522 4555 Sed
2575 4503 2768 4570 sponte
2813 4492 3081 4551 occidere.
3143 4490 3264 4547 Non
3319 4503 3448 4561 ergo
3493 4484 3774 4542 immunes

451 4603 648 4644 verum
688 4584 946 4641 misertus
979 4591 1091 4651 est;
1124 4590 1331 4656 quanto
1384 4582 1556 4656 magis
1611 4583 1754 4640 servi
1811 4585 1916 4658 ipsi
1958 4585 2055 4641 in-
2086 4625 2136 4686 Β
2163 4609 2196 4648 a
2249 4605 2408 4663 pugna
2465 4593 2614 4655 sunt,
2672 4583 2802 4658 quia
2844 4582 2950 4640 hoc
2977 4580 3058 4637 eis
3098 4576 3426 4651 permissum
3469 4582 3572 4642 est,
3619 4572 3771 4646 quod

449 4677 627 4735 vicem
676 4675 762 4732 sui
813 4673 1015 4731 debent
1060 4673 1329 4742 misereri,
1376 4680 1429 4728 et
1475 4672 1699 4742 donare,
1740 4673 1788 4730 si
1816 4676 1954 4731 alter
1995 4675 2054 4732 in

449 4767 682 4823 alterum
711 4763 945 4838 peccet?
965 4763 1092 4820 Haec
1123 4770 1389 4836 pracepta
1435 4762 1553 4836 ejus
1581 4773 1732 4833 sunt,
1763 4764 1860 4838 qui
1888 4764 2050 4822 mise-

450 4864 602 4915 ratus
656 4863 772 4914 est:
837 4854 935 4929 qui
991 4855 1037 4912 si
1079 4855 1137 4912 in
1183 4855 1271 4913 his
1311 4865 1658 4930 contemptus
1697 4857 1882 4926 fuerit,
1932 4857 2051 4914 sine

451 4947 623 5005 dubio
668 4947 949 5005 revocabit
998 4947 1347 5016 sententiam,
1401 4964 1497 5021 per
1539 4965 1703 5022 quam
1743 4948 2048 5005 misericor.

451 5036 600 5091 diam
646 5037 881 5093 fecerat:
930 5044 983 5092 et
1013 5037 1088 5094 ita
1134 5038 1370 5106 eveniet,
1416 5039 1560 5096 sicut
1588 5038 1665 5095 ait
1693 5040 1963 5096 Dominus
1991 5039 2050 5096 in

454 5124 756 5198 Evangelio
797 5125 865 5181 de
913 5142 979 5182 eo
1027 5126 1145 5198 qui,
1191 5128 1464 5200 accipiens
1490 5146 1522 5185 a
1558 5129 1794 5186 Domino
1843 5128 2050 5187 miseri-

452 5216 721 5286 cordiam,
770 5215 830 5272 in
879 5232 1212 5273 conservum
1258 5234 1416 5277 suum
1445 5219 1654 5294 impius
1681 5221 2054 5294 deprehensus

451 5317 534 5366 est
568 5309 782 5382 (Matth.
815 5325 978 5378 xvm,
1005 5307 1216 5379 28-34).

933 5449 943 5457 .
1073 5400 1300 5458 CAPUT
1347 5402 1414 5456 V.

525 5489 704 5557 (Vers.
767 5489 844 5562 1.)
901 5514 917 5534 ι
947 5487 1137 5546 Estote
1195 5501 1322 5557 ergo
1378 5487 1682 5546 imitatores
1738 5491 1857 5558 Dei,
1909 5491 2054 5548 sicut

526 5612 738 5685 (27-28)
772 5614 894 5668 Vet.
927 5613 1062 5685 edit.
1107 5629 1235 5668 cum
1269 5629 1398 5667 mss.
1430 5615 1736 5685 nonnullis,
1769 5615 1862 5684 qui
1895 5616 2052 5685 signi-

454 5683 612 5762 ﬁcat;
665 5684 822 5762 Rern.
879 5684 1011 5740 edit.
1061 5699 1378 5762 _cump_n_iss.
1429 5684 1660 5757 aliquot,
1691 5683 1790 5757 qui
1830 5683 2057 5757 signat;

453 5753 650 5812 melius
675 5753 773 5811 alii
801 5769 954 5825 mss.,
976 5754 1071 5828 qui
1087 5754 1397 5829 sanctiﬁcat,
1433 5753 1539 5814 etc:

2165 4661 2457 4749 vol—ebant;
2509 4674 2791 4735 damnatio
2850 4671 3001 4730 enim
3059 4670 3118 4726 in
3174 4684 3239 4724 eo
3295 4663 3580 4738 competit,
3639 4661 3774 4737 quia

2159 4773 2476 4830 voluerunt.
2535 4766 2696 4836 Quod
2753 4763 2879 4820 ideo
2907 4769 3094 4818 tamen
3145 4755 3398 4832 permisit
3439 4756 3608 4822 Deus,
3637 4751 3772 4826 quia

2159 4861 2323 4920 scivit
2399 4859 2568 4915 istum
2646 4855 2939 4912 adversum
3013 4849 3299 4907 diabolum
3358 4845 3611 4902 futurum
3669 4858 3772 4916 pro

2161 4949 2352 5008 multis
2386 4949 2526 5021 ('29).
2577 4943 2817 5016 Dignum
2870 4938 3018 4998 enim
3070 4937 3180 4996 fuit
3227 4944 3292 4994 ut
3319 4934 3469 5010 quod
3505 4932 3773 4991 inimicus

2161 5040 2501 5116 impraescius
2541 5036 2856 5094 futurorum
2905 5040 3100 5090 contra
3143 5046 3220 5098 se,
3254 5025 3413 5102 quasi
3450 5041 3550 5100 pro
3579 5040 3636 5081 se
3672 5025 3770 5082 fa-

2160 5112 2282 5188 cere
2312 5126 2559 5202 putabat,
2611 5121 3020 5198 permitteretur
3047 5118 3131 5186 ei;
3178 5124 3242 5174 ut
3281 5112 3769 5190 imprascientiam

2160 5235 2316 5277 suam
2365 5216 2474 5274 sibi
2521 5215 2821 5288 imputans,
2865 5208 2999 5268 facti
3038 5207 3126 5266 sui
3164 5203 3492 5282 paenitentia
3543 5211 3767 5276 torque-

2164 5318 2334 5366 retur.
2379 5306 2539 5375 Quod
2579 5311 2762 5361 autem
2812 5299 3068 5360 Christus
3117 5297 3234 5370 ipse
3289 5311 3346 5354 se
3392 5291 3618 5362 obtulit,
3666 5298 3767 5349 aut

2163 5400 2306 5454 Deus
2337 5395 2498 5452 illum
2520 5391 2772 5458 tradidit,
2809 5404 2982 5445 unum
3015 5393 3128 5453 est;
3159 5383 3290 5458 quia
3317 5381 3611 5438 amborum
3646 5393 3764 5434 una

2161 5487 2419 5542 voluntas
2444 5490 2546 5539 est.

2236 5611 2352 5738 (39)
2399 5610 2557 5668 Rom.
2587 5605 2747 5675 edit.,
2779 5605 3061 5661 adversum
3086 5600 3358 5658 diabolum
3401 5594 3761 5672 profuturum

2236 5699 2252 5738 t
2299 5698 2364 5738 is.

2163 5698 2364 5740 ηῑαιικ.
