3970 6418
269 428 376 488 417

1237 492 1242 496 .
1344 431 1705 490 COMMENT.
1748 431 1818 489 IN
1854 431 2072 490 EPIST.
2117 435 2214 491 AD
2255 431 2497 493 EPHES.

3455 437 3563 498 418

337 555 518 627 (Vers.
543 553 624 629 3.)
657 579 675 603 ι
693 553 1006 611 Fornicatio
1026 562 1229 624 autem,
1253 561 1307 611 et
1325 557 1506 612 omnis
1524 557 1878 613 immunditia
1899 560 1948 619 Α
1977 574 2166 614 mones
2211 559 2341 614 vani
2386 568 2546 628 sunt;
2578 559 2792 619 vanitas
2820 569 3002 619 autem
3040 564 3315 622 idolorum
3344 566 3564 624 cultura

256 639 359 700 aut
403 643 654 714 avaritia,
685 658 788 702 nec
831 643 1149 702 nominetur
1185 644 1331 702 inter
1374 662 1493 717 vos,
1522 647 1664 704 sicut
1709 647 1865 705 decet

260 745 500 796 sanctos.
529 762 549 786 ι
593 738 883 797 Manifesta
932 748 1062 797 sunt
1108 756 1228 814 quae
1274 738 1430 798 dicit.
1475 740 1649 809 Quam
1676 748 1862 797 tamen

263 827 448 900 gravis
494 844 580 885 res
628 827 700 885 sit
745 829 992 900 avaritia,
1024 846 1057 886 a
1098 845 1205 903 qua
1256 829 1669 887 dissimulamus
1720 831 1860 903 (30),

260 916 487 990 quando
531 918 887 975 fornicationi
931 928 985 976 et
1015 918 1385 976 immunditiae
1414 928 1782 993 comparatur,
1808 928 1862 977 et

261 1005 347 1063 sic
371 1022 404 1062 a
431 1005 593 1063 nobis
620 1007 859 1076 videtur,
882 1007 1035 1080 quasi
1064 1007 1314 1081 quaedam
1335 1009 1500 1082 culpa
1519 1008 1727 1066 nullius
1749 1026 1860 1066 mo-

261 1093 459 1162 menti,
505 1111 628 1152 cum
678 1096 749 1152 sit
797 1112 958 1170 grave
995 1105 1300 1170 peccatum.
1345 1097 1530 1157 Sancti
1572 1114 1698 1172 ergo
1745 1111 1860 1154 esse

257 1197 372 1238 non
398 1191 646 1255 possunt,
668 1185 726 1239 in
749 1184 950 1258 quibus
979 1186 1194 1260 aliquid
1213 1186 1414 1243 borum
1438 1203 1556 1261 qua:
1579 1187 1856 1260 prohibet,

259 1271 428 1329 fuerit
458 1281 756 1346 repertum.

333 1361 512 1434 (Vers.
544 1363 626 1437 4.)
664 1389 682 1414 ι
709 1367 820 1421 Aut
848 1364 1157 1439 turpitudo,
1187 1375 1280 1424 aut
1307 1367 1741 1442 stultiloquium,
1762 1375 1858 1426 aut

257 1453 588 1523 scurrilitas,
631 1470 751 1528 quae
792 1455 860 1512 ad
904 1472 1019 1512 rem
1049 1471 1162 1513 non
1208 1457 1515 1530 pertinent;
1551 1457 1644 1516 sed
1685 1460 1858 1532 magis

256 1542 554 1613 gratiarum
594 1545 756 1602 actio.
791 1570 810 1594 ι
857 1546 1128 1614 Quoniam
1172 1547 1396 1620 quidam
1436 1549 1617 1604 solent
1645 1549 1856 1622 aliquid

252 1638 417 1705 turpe
462 1650 637 1706 agere,
670 1645 765 1693 aut
811 1635 1175 1710 stultiloquiis
1198 1635 1389 1708 jocum
1425 1652 1670 1704 movere,
1701 1638 1855 1710 quasi

251 1737 368 1777 non
397 1723 469 1780 sit
496 1734 802 1796 peccatum,
834 1725 941 1781 hoc
971 1725 1244 1797 prohibet,
1270 1730 1414 1788 246
1437 1725 1567 1798 quia
1586 1725 1684 1784 Dei
1709 1725 1856 1783 servi

250 1834 470 1894 semper
496 1822 669 1879 sobrii
699 1830 751 1879 et
776 1822 1010 1880 modesti
1031 1824 1233 1880 debent
1252 1823 1428 1880 videri
1455 1842 1468 1893 ;
1497 1839 1596 1897 per
1619 1825 1855 1882 stultilo-

1970 645 2074 716 est,
2104 663 2225 722 qua:
2268 648 2458 722 utique
2502 665 2614 707 non
2657 665 2727 707 ex
2757 651 2870 708 Deo
2897 651 3121 710 initium
3157 653 3339 725 habet,
3369 645 3469 714 sed
3493 655 3562 713 de

1971 752 2171 794 errore.
2205 739 2375 794 Docet
2402 755 2530 812 ergo
2572 755 2642 796 ne
2674 739 2874 797 horum
2917 740 3103 798 verbis
3129 758 3380 801 assensus
3409 760 3558 816 prae-

1969 826 2198 896 beatur;
2260 837 2606 901 perstrepunt
2656 829 2800 886 enim
2855 846 3090 903 semper,
3147 840 3202 888 et
3239 832 3558 890 seductione

1970 916 2207 989 quadam
2251 916 2481 976 fallaciae
2509 927 2701 977 contra
2725 919 2887 978 ﬁdem
2919 921 3373 978 consuetudinem
3404 921 3558 978 anti-

1968 1003 2196 1075 quitatis
2222 1004 2550 1074 obtendunt,
2572 1008 2838 1066 rationem
2869 1009 3240 1082 praesentium,
3271 1024 3385 1066 non
3403 1026 3555 1083 spem

1967 1092 2280 1150 futurorum
2315 1097 2661 1155 asserendam
2685 1097 3017 1170 judicantes.
3042 1099 3170 1156 Ideo
3214 1100 3370 1157 venit
3395 1115 3557 1173 super

1967 1180 2068 1237 hos
2103 1181 2354 1241 vindicta
2391 1185 2460 1242 de
2496 1187 2670 1257 cmlis,
2700 1196 2763 1244 ut
2790 1189 2966 1246 sciant
2993 1205 3187 1246 verum
3229 1205 3366 1258 esse,
3408 1188 3556 1263 quod

1965 1270 2187 1328 credere
2216 1274 2535 1332 noluerunt.
2568 1277 2618 1333 A
2647 1293 2755 1351 qua
2781 1278 3023 1336 vanitate
3051 1279 3150 1336 Dei
3177 1294 3366 1335 servos
3397 1279 3557 1352 longe

1963 1360 2126 1418 docet
2151 1362 2348 1422 debere
2371 1364 2637 1425 discretos
2654 1382 2790 1437 esse,
2814 1383 2887 1424 ne
2915 1367 3208 1442 participes
3228 1368 3365 1426 ﬁant
3383 1382 3558 1441 pcena

1966 1449 2187 1509 illorum
2199 1497 2212 1510 .

2038 1541 2218 1613 (Vere.
2275 1544 2358 1618 8.)
2420 1570 2440 1594 ι
2478 1546 2681 1603 Fuistis
2736 1546 2883 1604 enim
2937 1547 3234 1622 aliquando
3289 1547 3552 1617 tenebrae,

1965 1644 2114 1686 nunc
2165 1639 2349 1688 autem
2404 1634 2502 1690 lux
2572 1635 2631 1690 in
2686 1634 2943 1691 Domino.
2999 1660 3018 1684 ι
3084 1635 3342 1692 Tenebrae
3390 1635 3556 1708 igno-

1963 1719 2141 1774 rantia
2188 1728 2353 1788 sunt;
2401 1722 2532 1795 quia
2567 1737 2730 1779 nemo
2775 1723 2928 1781 videt
2972 1724 3030 1779 in
3077 1723 3363 1782 tenebris:
3403 1724 3557 1796 igno-

1954 1809 2144 1864 ‘rantia
2189 1823 2320 1866 vero
2367 1812 2642 1883 gentilitas
2687 1819 2788 1881 est,
2819 1813 2936 1870 sive
2983 1813 3215 1886 perﬁdia
3241 1829 3275 1868 a
3304 1829 3410 1885 qua
3457 1812 3555 1868 Dei

250 1912 385 1984 quia
421 1914 571 1969 enim
601 1922 874 1986 peccatur.
908 1914 1063 1971 Unde
1091 1914 1351 1972 Salomon
1386 1932 1398 1972 :
1444 1940 1462 1964 ι
1493 1915 1723 1987 Stultus,
1757 1918 1851 1974 in-

1967 1897 2137 1968 gratia
2181 1899 2250 1952 ad
2289 1899 2452 1955 ﬁdem
2500 1901 2663 1957 tracti
2710 1910 2877 1970 sunt;
2919 1902 3051 1960 facti
3080 1904 3199 1970 lux,
3231 1901 3289 1957 id
3317 1909 3418 1969 est,
3450 1916 3556 1956 ve—

250 1983 394 2072 quit,
415 2018 511 2074 per
526 1983 698 2060 risum
720 2004 832 2076 agit
853 2005 995 2060 mala
1017 2004 1203 2077 (Prov.
1224 2019 1283 2074 x,
1307 2003 1422 2078 23).
1443 2031 1462 2055 ι
1495 2007 1567 2062 Et
1585 1983 1855 2064 Dominus
1881 1983 1920 1987 —
1962 1983 2133 2078 fit“;
2183 1986 2312 2058 quia
2338 1986 2412 2078 ,Ψ
2451 1985 2573 2044 luce
2597 1989 3052 2078 manifestum":
3085 2005 3208 2062 qua
3248 1997 3400 2078 βαίη·
3439 1990 3556 2078 99³·

247 2087 311 2144 in
352 2089 657 2164 Evangelia
693 2091 830 2149 dicit
865 2111 877 2150 :
908 2095 1036 2166 quia
1076 2117 1095 2143 ‹
1132 2093 1308 2152 Omne
1349 2095 1578 2152 verbum
1614 2097 1852 2153 otiosum

248 2179 399 2252 quod
427 2179 597 2238 locuti
621 2182 829 2239 fuerint
854 2183 1127 2254 homines,
1149 2184 1380 2242 reddent
1405 2185 1471 2242 de
1500 2201 1563 2243 eo
1584 2187 1851 2244 rationem

251 2269 310 2324 in
341 2267 430 2325 die
453 2268 652 2341 judicii
686 2273 898 2343 (Matth.
942 2290 1044 2342 xu,
1073 2273 1187 2343 36).
1215 2298 1234 2321 ι
1272 2275 1383 2332 Nec
1419 2275 1596 2332 inulta
1625 2283 1854 2348 possunt

247 2358 514 2428 discerni,
547 2377 666 2434 quae
693 2361 901 2420 idcirco
931 2363 1214 2434 dicuntur,
1236 2373 1298 2421 ut
1323 2364 1392 2421 ad
1419 2363 1660 2437 alicujus
1687 2365 1852 2438 perti-

249 2454 419 2503 neant
465 2448 908 2521 contumeliam;
942 2451 1066 2511 ideo
1115 2453 1180 2510 ad
1232 2471 1346 2511 rem
1395 2456 1691 2512 salutarem
1739 2470 1851 2513 non

247 2535 532 2610 pertinent
561 2537 697 2596 haec.
729 2540 907 2609 Quare
947 2541 1065 2600 haec
1095 2541 1303 2615 agenda
1330 2551 1384 2600 et
1413 2543 1686 2618 loquenda
1721 2561 1852 2600 mo-

245 2632 366 2694 net,
411 2641 530 2699 quaa
576 2627 644 2684 ad
689 2630 989 2688 utilitatem
1031 2632 1324 2705 proﬁciant
1358 2641 1625 2702 nostram,
1665 2641 1720 2690 et
1750 2634 1850 2691 Dei

246 2712 490 2785 laudem,
523 2715 583 2772 in
607 2715 766 2790 cujus
785 2720 902 2793 lege
921 2721 1302 2778 meditandum
1331 2731 1414 2779 est
1447 2722 1536 2780 die
1566 2739 1629 2780 ac
1654 2730 1846 2792 nocte;

241 2804 392 2862 sicut
411 2805 678 2878 scriptum
705 2818 786 2866 est
816 2809 876 2864 in
904 2810 1118 2883 psalmo
1150 2810 1324 2883 (Psal.
1349 2827 1388 2879 ι,
1412 2809 1493 2884 2).
1516 2811 1603 2867 Ex
1621 2827 1850 2870 conver-

241 2895 458 2951 satione
500 2895 649 2952 enim
697 2904 753 2954 et
805 2898 1050 2955 moribus
1092 2899 1192 2956 Dei
1222 2900 1368 2957 servi
1399 2901 1565 2958 etiam
1609 2908 1850 2960 tacentes

244 2983 598 3057 intelligendi
627 2993 786 3054 sunt;
817 2995 881 3044 ut
909 2995 1174 3060 quantum
1205 2988 1373 3047 distat
1400 3006 1595 3048 verum
1627 3007 1659 3047 a
1686 2991 1845 3062 falso,

247 3079 463 3128 tantum
493 3072 699 3131 distent
728 3074 828 3131 Dei
858 3076 1004 3132 servi
1033 3092 1064 3132 a
1089 3076 1264 3134 servis
1293 3077 1522 3136 diaboli.

323 3161 506 3234 (Vers.
536 3163 618 3235 5.)
665 3187 684 3212 ε
711 3165 826 3221 Hoc
872 3165 1020 3222 enim
1063 3166 1279 3238 scitote,
1311 3167 1458 3243 quod
1506 3167 1687 3225 omnis
1724 3168 1848 3226 for-

250 3251 488 3352 nicator,
517 3260 612 3308 aut
639 3253 982 3326 immundus,
1013 3265 1107 3313 aut
1129 3273 1347 3328 avarus,
1381 3256 1528 3332 quod
1557 3264 1638 3316 est
1672 3257 1846 3315 idolo-
1880 3289 1924 3352 ο

247 3339 430 3409 latria,
492 3357 602 3398 non
649 3342 815 3400 habet
860 3344 1236 3404 hmreditatem
1302 3348 1362 3404 in
1421 3363 1590 3422 regno
1649 3347 1749 3404 Dei
1796 3354 1852 3404 et

246 3428 478 3488 Christi.
511 3457 530 3479 ι
569 3430 689 3500 Qua
721 3449 885 3491 causa
913 3436 1219 3492 amovenda
1261 3437 1373 3493 sint
1400 3436 1539 3505 haec,
1568 3435 1846 3504 ostendit;

247 3518 378 3594 quia
407 3522 502 3594 qui
533 3521 660 3579 talis
687 3521 872 3591 fuerit,
904 3531 1115 3596 partem
1147 3525 1205 3580 in
1234 3541 1402 3597 regno
1433 3527 1696 3582 caelorum
1736 3541 1850 3582 non

246 3609 495 3677 habebit,
517 3611 665 3684 quod
693 3621 773 3669 est
798 3613 976 3669 Patris
1004 3621 1058 3670 et
1087 3613 1239 3670 Filii.
1263 3614 1333 3670 Ut
1353 3615 1641 3670 avaritiam
1664 3621 1850 3671 tamen

248 3715 365 3756 rem
413 3701 777 3772 periculosam
828 3717 946 3758 esse
991 3701 1230 3772 doceret,
1284 3702 1658 3760 idololatriam
1707 3702 1851 3760 hanc

248 3796 553 3861 nuncupat,
573 3805 680 3862 qua
692 3790 908 3847 nullum
934 3799 1218 3863 peccatum
1235 3791 1413 3863 majus
1431 3799 1530 3849 est.
1551 3791 1851 3850 Videamus

250 3892 381 3948 ergo
412 3893 510 3934 cur
536 3879 767 3935 avaritia
795 3879 1112 3937 idololatria
1138 3881 1374 3938 dicatur.
1407 3881 1728 3938 Idololatria
1747 3881 1848 3938 Dei

246 3967 728 4025 honoriﬁcentiam
762 3978 1012 4043 usurpat,
1051 3977 1105 4026 et
1132 3969 1381 4028 vindicat
1408 3980 1691 4040 creaturae,
1721 3988 1847 4029 cum

247 4057 307 4114 in
350 4057 574 4114 nomine
625 4058 864 4128 deitatis,
897 4059 1044 4133 quod
1089 4059 1194 4116 soli
1237 4061 1514 4118 conditori
1563 4064 1847 4135 competit,

256 4147 581 4222 participem
603 4149 689 4206 illi
713 4152 907 4208 asserit
935 4151 1053 4223 ejus
1083 4151 1372 4209 facturam.
1395 4151 1646 4210 Avaritia
1665 4161 1849 4212 autem

251 4237 461 4297 idcirco
509 4240 642 4298 huic
688 4249 972 4314 exaequata
1017 4250 1118 4311 est,
1159 4241 1289 4316 quia
1342 4241 1603 4299 similiter
1631 4259 1694 4300 ea
1729 4259 1851 4317 quae

246 4327 348 4384 Dei
395 4336 543 4396 sunt,
593 4329 700 4385 sibi
741 4339 972 4402 usurpat
1001 4339 1055 4387 et
1082 4331 1334 4389 recondit
1363 4348 1591 4402 avarus;
1626 4342 1691 4390 ut
1728 4350 1849 4408 qua

245 4416 440 4474 usibus
501 4418 752 4474 omnium
818 4421 1088 4478 concessit
1158 4424 1549 4493 communiter,
1616 4425 1852 4482 avaritia

246 4506 515 4579 deneget;
554 4507 778 4580 quando
819 4508 1030 4566 idcirco
1075 4508 1192 4569 haec
1239 4523 1532 4585 congregat
1577 4512 1724 4586 apud
1769 4529 1848 4584 se,

245 4611 318 4652 ne
363 4595 459 4650 alii
507 4602 770 4665 utantur;
814 4613 934 4672 quae
978 4613 1065 4654 res
1111 4599 1265 4668 facit,
1313 4608 1376 4656 ut
1426 4617 1552 4658 caro
1602 4618 1849 4659 venum-

246 4684 467 4753 dentur,
499 4700 570 4742 ne
598 4700 861 4759 pauperes
887 4686 1083 4743 vivant
1107 4687 1195 4754 ;'si
1223 4688 1370 4745 enim
1402 4690 1630 4746 minime
1659 4707 1847 4749 recon-

247 4773 528 4843 derentur,
559 4773 900 4832 abundantia
941 4776 1192 4832 omnium
1239 4792 1421 4833 rerum
1451 4776 1653 4834 faceret
1680 4779 1849 4835 utili—

245 4871 416 4922 tatem
469 4883 480 4920 :
540 4863 779 4939 denique
829 4863 974 4939 apud
1024 4873 1236 4923 veteres
1282 4865 1413 4940 quia
1461 4867 1693 4923 avaritia
1735 4884 1846 4925 non

249 4961 386 5024 erat,
433 4971 537 5012 nec
580 4954 840 5013 charitas.
891 4956 1055 5013 Recte
1105 4972 1234 5029 ergo
1291 4952 1620 5014 idololatriae
1684 4973 1847 5014 com-

249 5052 440 5118 parata
483 5053 583 5114 est,
643 5061 751 5120 qua
805 5046 1010 5103 multos
1063 5047 1235 5105 laedit.
1291 5047 1535 5107 Creatori
1588 5047 1847 5106 similiter

249 5133 504 5203 inimica;
538 5137 663 5191 vult
690 5133 839 5192 enim
870 5137 1014 5193 Deus
1035 5151 1098 5193 ac
1113 5136 1272 5208 jubet
1291 5137 1359 5193 de
1383 5137 1452 5193 iis
1473 5153 1594 5210 quae
1614 5138 1843 5208 creavit,

248 5221 536 5280 subveniri
570 5224 922 5297 pauperibus,
956 5225 1188 5282 avaritia
1225 5226 1574 5284 contradicit.
1607 5225 1750 5285 Vide
1776 5242 1845 5283 an

249 5312 369 5368 sine
395 5311 616 5369 diabolo
644 5313 817 5386 possit
853 5328 990 5371 esse.

323 5401 506 5474 (Vera.
539 5402 592 5471 6,
619 5403 697 5475 7.)
736 5427 755 5451 ι
774 5404 946 5461 Nemo
971 5420 1072 5460 vos
1090 5404 1313 5462 seducat
1341 5405 1600 5462 inanibus
1625 5405 1840 5473 verbis;

249 5498 536 5564 propterea
578 5493 725 5549 enim
776 5495 932 5551 venit
977 5494 1060 5551 ira
1101 5493 1201 5551 Dei
1231 5494 1292 5550 in
1320 5493 1464 5552 ﬁlios
1501 5495 1843 5553 difﬁdentiae.

247 5580 432 5638 Nolite
475 5598 602 5656 ergo
643 5581 786 5642 efﬁci
836 5584 1129 5660 participes
1165 5601 1376 5643 eorum.
1407 5609 1427 5634 ι
1471 5586 1696 5643 Insanes
1721 5601 1848 5642 ser-

1877 4655 1928 4716 D

1962 2073 2130 2146 nique
2155 2075 2352 2146 pagani
2383 2075 2443 2132 in
2470 2077 2712 2134 tenebris
2739 2080 2974 2151 mystica
2998 2094 3099 2134 sua
3127 2077 3469 2134 celebrantes
3495 2076 3554 2131 in

1959 2162 2159 2233 spelieo
2215 2164 2412 2220 velatis
2475 2167 2650 2223 oculis
2701 2165 3035 2223 illuduntur.
3091 2167 3180 2221 Ex
3243 2164 3331 2221 his
3385 2163 3556 2221 Chri-

1960 2253 2125 2310 stiani
2154 2254 2285 2312 facti
2314 2255 2536 2328 cognita
2561 2255 2796 2312 veritate
2823 2255 2927 2312 ﬁlii
2952 2257 3094 2314 lucis
3118 2255 3400 2324 dicuntur,
3429 2255 3558 2330 quia

1960 2343 2106 2399 Deus
2137 2343 2235 2399 lux
2261 2352 2365 2414 est,
2399 2343 2560 2416 cujus
2588 2343 2754 2402 ﬁdem
2776 2344 2836 2400 in
2864 2345 3099 2402 veritate
3123 2343 3456 2417 suscipiunt.

2032 2431 2217 2503 (Vers.
2247 2433 2330 2504 9.)
2380 2456 2399 2482 ι
2437 2434 2508 2490 Ut
2552 2431 2657 2490 ﬁlii
2687 2433 2826 2492 lucis
2852 2433 3151 2501 ambulate,
3181 2449 3310 2490 nam
3341 2432 3556 2491 fructus

1960 2521 2101 2580 lucis
2129 2523 2189 2579 in
2219 2523 2373 2580 omni
2402 2522 2668 2593 bonitate,
2699 2533 2754 2581 et
2781 2523 3020 2596 justitia,
3047 2532 3102 2581 et
3129 2526 3361 2582 veritate
3389 2529 3492 2580 est.
3521 2548 3542 2574 ι

1958 2612 2074 2669 Hoc
2115 2611 2253 2669 dicit
2298 2621 2361 2670 ut
2407 2613 2488 2669 sic
2531 2621 2946 2683 conversentur,
2995 2621 3057 2670 ut
3102 2629 3216 2671 non
3270 2613 3553 2670 immerito

1959 2699 2062 2756 ﬁlii
2110 2701 2250 2758 lucis
2302 2700 2576 2758 dicantur.
2620 2701 2798 2774 Opera
2842 2703 2990 2758 enim
3039 2702 3180 2759 lucis
3218 2703 3396 2774 palam
3433 2701 3552 2758 sine

1957 2788 2156 2845 timore
2194 2790 2367 2855 ﬁunt;
2413 2789 2767 2847 tenebrarum
2815 2797 2999 2847 autem
3025 2806 3188 2863 opera
3216 2790 3276 2846 in
3305 2789 3546 2858 occulto,

1956 2878 2088 2950 quia
2117 2878 2311 2937 illicita
2339 2887 2507 2948 sunt;
2541 2895 2703 2937 omne
2733 2879 2882 2937 enim
2910 2886 3196 2954 peccatum
3224 2880 3407 2954 palam
3427 2878 3547 2936 ﬁeri

1955 2966 2134 3025 timet.

2029 3057 2211 3128 (Vers.
2240 3057 2354 3129 i0.)
2373 3082 2392 3107 ‹
2413 3058 2645 3117 Probata
2659 3059 2793 3134 quid
2813 3059 2905 3130 sit,
2929 3059 3064 3134 quid
3082 3058 3261 3133 placet
3274 3059 3434 3116 Deo.»
3460 3058 3549 3115 Ex

1953 3145 2366 3218 magniﬁcentia
2388 3149 2697 3206 sanctitatis
2716 3155 2772 3205 et
2786 3147 3049 3206 bonitatis
3067 3149 3329 3222 perpendi
3348 3158 3546 3223 potest,

1955 3234 2157 3308 quibus
2184 3237 2330 3292 Deus
2358 3228 2618 3311 operibus
2654 3237 2992 3306 delectetur;
3034 3238 3150 3310 ipse
3178 3238 3326 3295 enim
3355 3237 3502 3295 dixit
3531 3256 3545 3296 :

1971 3347 1990 3372 ι
2019 3325 2205 3384 Sancti
2248 3335 2442 3396 estote,
2476 3328 2620 3386 sicut
2645 3337 2698 3384 et
2723 3343 2822 3400 ego
2849 3334 3072 3384 sanctus
3098 3343 3243 3396 sum,
3274 3329 3548 3385 Dominus

1958 3415 2104 3472 Deus
2133 3423 2313 3472 vester
2343 3416 2532 3488 (Lavit.
2562 3432 2686 3484 xxx,
2707 3416 2787 3487 2).
2807 3441 2828 3466 ι
2855 3417 2925 3472 Et
2949 3416 3251 3473 Dominus:
3292 3441 3310 3466 ε
3330 3417 3540 3487 Estote,

1959 3505 2056 3572 ait,
2087 3505 2470 3562 misericordes
2484 3505 2626 3562 sicut
2642 3513 2696 3560 et
2716 3504 2874 3561 Pater
2886 3513 3066 3560 vester
3089 3504 3240 3576 (Luc.
3261 3521 3340 3574 γι,
3371 3505 3487 3578 36).
3511 3529 3530 3554 ι

1961 3594 2088 3649 Ηωο
2114 3593 2331 3664 placent
2359 3594 2471 3649 Deo
2495 3612 2509 3661 ;
2553 3593 2610 3649 in
2637 3592 2924 3650 sanctitate
2952 3594 3101 3649 enim
3131 3595 3465 3666 puriﬁcatio,
3489 3595 3546 3651 in

1961 3680 2340 3738 misericordia
2366 3697 2496 3738 vero
2521 3683 2681 3755 plena
2707 3690 2762 3738 et
2789 3683 3030 3755 perfecta
3052 3681 3270 3755 justitia
3299 3691 3402 3740 est.

2033 3772 2215 3844 (Vers.
2272 3773 2384 3846 11.)
2447 3798 2468 3823 ι
2512 3771 2583 3830 Et
2625 3774 2799 3830 nolite
2838 3774 3246 3831 communicare
3289 3774 3548 3848 operibus

1959 3861 2321 3919 infructuosis
2346 3861 2715 3920 tenebrarum.
2746 3887 2766 3911 ι
2808 3863 2992 3921 Monet
3019 3879 3089 3920 ne
3117 3864 3390 3920 malorum
3413 3865 3546 3920 acti-

1958 3951 2062 4008 bus
2106 3967 2204 4025 per
2241 3969 2567 4010 consensum
2606 3954 2950 4028 polluamur;
2999 3953 3131 4028 quia
3179 3962 3308 4011 sunt
3357 3955 3548 4010 infru-

1958 4049 2136 4105 ctuosi
2163 4065 2290 4123 erga
2316 4049 2545 4120 bonum,
2574 4057 2630 4106 et
2653 4050 2948 4124 quaestuosi
2978 4049 3047 4106 ad
3072 4049 3302 4106 malum.

2033 4139 2215 4212 (Vers.
2260 4140 2374 4214 t2.)
2431 4165 2450 4190 ι
2486 4142 2655 4215 Magis
2701 4149 2884 4198 autem
2939 4146 2994 4196 et
3048 4139 3360 4212 objurgate;
3419 4155 3545 4198 nam

1960 4242 2080 4301 quae
2108 4228 2169 4284 in
2197 4231 2416 4288 occulto
2443 4229 2510 4286 ab
2534 4231 2613 4288 eis
2643 4229 2805 4299 ﬁunt,
2834 4239 2994 4302 turpe
3021 4235 3104 4286 est
3122 4229 3286 4286 etiam
3307 4229 3534 4286 dicere»

1957 4318 2080 4376 Non
2126 4321 2306 4377 solum
2346 4320 2554 4378 alienos
2596 4320 2722 4377 vult
2768 4336 2860 4377 eos
2900 4335 3017 4376 esse
3056 4335 3089 4376 a
3121 4320 3282 4376 malis
3310 4321 3546 4388 actibus,

1958 4409 2053 4466 sed
2087 4417 2142 4465 et
2171 4426 2395 4483 arguere
2424 4411 2570 4467 mala
2596 4411 2740 4469 facta
2766 4425 2979 4480 eorum,
2998 4409 3094 4484 qui
3124 4409 3182 4465 in
3199 4411 3416 4466 occulto
3435 4417 3550 4467 tur-

1958 4500 2101 4572 piter
2142 4507 2458 4573 operantur.
2507 4500 2662 4558 Tnnc
2703 4501 2850 4557 enim
2894 4499 3197 4572 probantur
3229 4507 3468 4571 peccata,
3498 4498 3544 4553 si

1958 4594 2102 4653 247
2131 4597 2460 4663 arguantur;
2497 4597 2560 4646 ut
2587 4590 2929 4646 admirentur
2948 4589 3092 4644 ﬁlios
3114 4588 3274 4652 lucis,
3295 4603 3327 4642 a
3345 4585 3546 4658 quibus

1955 4705 2080 4746 cum
2120 4688 2268 4762 juste
2309 4696 2632 4761 arguuntur,
2678 4686 3050 4745 contradicere
3101 4699 3212 4740 non
3264 4689 3542 4755 poterunt,

1955 4778 2050 4836 sed
2092 4779 2266 4852 magis
2303 4795 2395 4836 eos
2439 4777 2855 4835 reverebuntur.
2913 4799 2931 4823 ι
2958 4773 3157 4830 Omnia
3193 4780 3374 4828 autem
3419 4789 3544 4829 cum

1954 4869 2331 4944 objurgantur,
2364 4869 2632 4925 alumine
2657 4865 3098 4923 manifestantur.
3135 4888 3154 4912 ι
3205 4863 3412 4921 Verum
3443 4872 3544 4933 est,
3618 4942 3621 4945 ι

1954 4960 2084 5034 quia
2145 4968 2280 5017 tunc
2335 4959 2598 5015 videntur
2650 4963 2890 5029 peccata,
2958 4969 3083 5011 cum
3151 4951 3544 5027 objurgantur;

1957 5051 2087 5121 quia
2133 5049 2228 5123 qui
2273 5054 2480 5122 peccat,
2525 5043 2772 5118 quandiu
2813 5059 2926 5099 non
2964 5041 3284 5115 corripitur,
3316 5041 3547 5099 minime

1954 5138 2061 5194 sibi
2116 5137 2339 5194 videtur
2386 5149 2634 5208 peccare.
2677 5155 2696 5181 ι
2741 5132 2916 5189 Omne
2967 5131 3114 5189 enim
3167 5131 3314 5207 quod
3356 5131 3552 5189 mani-

1956 5226 2206 5292 festatur,
2251 5225 2351 5282 lux
2405 5233 2504 5281 est.
2539 5247 2556 5270 ι
2618 5223 2680 5280 In
2727 5221 3023 5279 manifesto
3069 5221 3396 5294 ambiguitas
3434 5235 3546 5277 non

1954 5325 2054 5385 est,
2099 5330 2276 5388 neque
2323 5313 2573 5372 excusari
2621 5318 2818 5386 potest,
2867 5311 3015 5386 quod
3060 5313 3240 5384 palam
3279 5309 3547 5366 delictum

1953 5413 2055 5461 est.
2096 5404 2250 5460 Sicut
2271 5403 2436 5462 ‘enim
2466 5412 2759 5476 apparente
2787 5402 2922 5471 sole,
2964 5399 3111 5458 diem
3140 5415 3254 5458 esse
3279 5398 3393 5472 jam
3441 5414 3548 5455 ne-

1957 5493 2070 5566 gari
2115 5501 2322 5567 potest;
2374 5493 2450 5550 ita
2496 5500 2551 5549 et
2586 5491 2934 5550 manifestato
2969 5499 3211 5564 peccato,
3239 5487 3549 5561 objurgatio

1955 5584 2092 5641 falsa
2119 5583 2324 5642 videri.

325 5713 444 5789 (30)
471 5713 679 5792 Eadem
694 5716 867 5792 itam.
897 5718 1054 5792 edit,
1084 5719 1342 5786 avaritia,
1372 5719 1492 5777 hinc
1511 5718 2030 5777 animadvertendum
2060 5724 2152 5790 est,
2182 5716 2394 5792 quando
2422 5715 2770 5789 fornicationi
2812 5720 2859 5771 et
2887 5711 3236 5772 immunditiis
3260 5723 3548 5788 corrupera-

254 5787 362 5857 tur,
391 5787 427 5845 α
455 5803 562 5859 qua
587 5787 932 5847 nihilominus
959 5787 1379 5864 dissimulamus,
1411 5799 1460 5850 et
1487 5793 1562 5850 sic
1588 5811 1622 5850 a
1650 5793 1819 5862 nobis,
1850 5801 1954 5851 etc.
2137 5787 2145 5790 ⁷
2189 5787 2207 5792 ’
2422 5787 2431 5789 “
3369 5787 3385 5788 ί
3480 5804 3484 5809 ’
