3970 6384
259 377 362 441 421

1331 380 1694 445 COMMENT.
1744 379 1816 444 IN
1851 385 2069 445 EPIST.
2115 381 2212 446 AD
2250 382 2497 448 EPHES.

3458 386 3564 448 422

261 522 419 608 Tum:
599 523 731 565 νθτο
759 507 836 608 ita
861 507 1090 582 diligere
1119 508 1377 608 ωυῙίῇιξῗδ
1402 525 1528 566 suas
1556 511 1852 568 δάωοηθη·
1889 515 1936 573 Α
1967 546 2066 600 xx,
2091 530 2206 602 l2),
2234 539 2297 586 ut
2327 531 2625 590 honoriﬁci
2651 533 2765 589 sint
2801 540 3072 606 parentes;
3103 541 3167 590 ut
3192 533 3331 593 bene
3359 545 3560 608 essent,

258 603 370 664 tur,
402 603 465 651 ut
491 596 656 653 etiam
688 597 901 656 animas
946 614 1071 654 suas
1117 613 1216 672 pro
1256 597 1370 654 illis
1415 608 1644 672 ponant,
1688 617 1856 659 causa

255 681 578 742 dilectionis
605 686 784 742 zelum
821 687 1085 744 habentes
1123 687 1271 744 circa
1299 688 1552 745 effectum
1586 706 1772 746 earum
1802 698 1856 746 et

254 771 634 846 disciplinam,
689 783 751 832 ut
787 777 1054 851 religiosae
1098 786 1153 833 et
1194 785 1394 834 sanctae
1437 777 1568 836 sint.
1624 805 1642 828 ε
1682 780 1852 836 Suum

253 879 457 938 corpus
484 865 669 939 diligit
701 867 838 940 (33),
872 867 966 940 qui
997 884 1227 924 uxorem
1258 885 1412 924 suam
1441 869 1642 941 diligit.
1676 895 1694 918 ι
1737 870 1854 926 Na-

253 951 426 1007 turali
479 954 690 1010 ratione
742 956 941 1012 mulier
983 956 1164 1028 portio
1219 957 1466 1030 corporis
1508 957 1612 1013 viri
1658 967 1758 1026 est,
1789 975 1854 1018 ac

253 1055 355 1111 per
402 1041 506 1098 hoc
563 1042 651 1098 vir
712 1043 767 1098 in
822 1045 1054 1100 muliere
1108 1062 1166 1102 se
1221 1045 1400 1118 ipsum
1451 1046 1671 1120 diligit;
1705 1063 1853 1120 quo-

250 1130 423 1186 modo
479 1131 528 1186 si
573 1132 916 1202 fornicetur,
976 1134 1032 1190 in
1089 1150 1146 1190 se
1220 1136 1397 1208 ipsum
1457 1143 1666 1208 peccat,
1724 1137 1853 1208 quia

253 1217 370 1274 duo
399 1220 458 1276 in
497 1236 659 1278 carne
686 1238 797 1278 una
825 1232 974 1280 sunt.
1005 1224 1128 1280 Non
1155 1240 1282 1298 ergo
1311 1241 1556 1298 personae
1587 1225 1855 1281 substan-

252 1307 388 1362 tiam
421 1307 701 1378 dividunt,
724 1317 784 1366 ut
806 1327 902 1383 per
927 1328 1186 1384 personas
1210 1329 1476 1370 numerus
1498 1314 1594 1370 ﬁat
1615 1322 1844 1370 naturae:

248 1395 348 1451 sed
377 1404 508 1452 sunt
539 1398 594 1453 in
617 1399 828 1457 unitate
849 1407 1081 1457 naturae.

327 1484 508 1556 (Vera.
541 1486 658 1559 29.)
703 1512 720 1535 ι
750 1490 923 1546 Nemo
969 1489 1118 1546 enim
1149 1505 1391 1563 unquam
1441 1507 1660 1547 carnem
1693 1506 1846 1546 suam

247 1572 392 1642 odit,
411 1574 504 1632 sed
522 1575 698 1632 nutrit
719 1584 772 1633 et
789 1577 939 1634 fovet
955 1594 1097 1646 eam,
1120 1578 1264 1634 sicut
1283 1587 1338 1635 et
1376 1577 1630 1637 Christus
1646 1578 1850 1634 Eccle-

241 1662 410 1720 siam.
444 1688 463 1711 ι
505 1665 777 1738 Exemplo
807 1667 1110 1724 Salvatoris
1142 1667 1292 1724 viros
1319 1683 1522 1724 uxores
1553 1684 1677 1724 suas
1706 1666 1848 1723 dili-

244 1767 375 1824 gere
412 1751 695 1812 hortatur:
749 1755 894 1812 sicut
931 1755 1186 1813 Christus
1227 1773 1428 1830 corpus
1469 1772 1632 1812 suum
1669 1755 1850 1812 nutrit

1967 628 2022 677 et
2050 620 2413 693 provectioris
2441 621 2635 678 ﬁerent
2681 622 2867 679 etatis.
2907 622 3201 690 Quomodo
3233 632 3415 682 tamen
3457 627 3564 687 hoc

1963 711 2205 783 primum
2245 715 2388 773 249
2439 711 2762 769 mandatum
2806 711 2970 781 dixit,
3020 727 3148 768 cum
3203 721 3416 770 constet
3454 715 3562 787 pri-

1966 826 2118 865 mum
2152 810 2470 866 mandatum
2500 810 2577 866 ita
2601 810 2896 868 contineri:
2937 832 2956 856 ι
2974 809 3221 867 Nonsint
3249 809 3353 866 tibi
3373 810 3469 866 alii
3489 809 3564 869 cii

1961 906 2160 969 praeter
2184 915 2272 954 me
2306 899 2470 970 (Ibid.
2503 898 2583 970 3).
2616 923 2636 948 ι
2680 899 2908 956 Deinde:
2955 923 2972 946 ι
3000 899 3123 955 Non
3153 895 3321 955 facies
3348 897 3454 954 tibi
3476 897 3563 955 si-

1963 986 2340 1042 militudinem
2370 988 2538 1044 ullam
2566 1004 2916 1060 eorum,quae
2933 995 3066 1044 sunt
3083 987 3141 1042 in
3165 986 3305 1045 cmlo
3320 1002 3562 1055 sursum,

1961 1086 2015 1132 et
2034 1079 2092 1133 in
2110 1084 2255 1132 terra
2273 1077 2531 1135 deorsum
2544 1078 2715 1147 (Ibid.
2739 1077 2819 1148 4).
2845 1101 2864 1126 ι
2900 1075 3168 1134 Tertium:
3211 1076 3362 1132 «Non
3379 1091 3562 1134 sumes

1960 1182 2163 1223 nomen
2179 1169 2404 1225 Domini
2419 1169 2518 1225 Dei
2539 1168 2620 1224 tui
2640 1168 2698 1224 in
2717 1184 2922 1224 vanum
2939 1167 3110 1236 (Ibid.
3132 1167 3209 1238 7).
3235 1192 3254 1216 ι
3270 1166 3559 1235 Quartum:

1975 1279 1994 1301 ι
2023 1256 2379 1324 Observabis,
2401 1258 2606 1330 inquit,
2637 1257 2873 1316 Sabbata
2900 1274 3021 1314 mea
3042 1257 3206 1328 (Ibid.
3237 1257 3318 1328 8).
3336 1281 3356 1305 ›
3392 1256 3564 1324 Quin-

1957 1350 2079 1400 tum
2102 1353 2305 1403 autem:
2353 1372 2371 1395 ι
2399 1347 2620 1402 Honora
2638 1355 2846 1420 patrem
2879 1354 2934 1402 et
2957 1355 3236 1414 matremg
3265 1353 3370 1402 etc.
3391 1345 3556 1418 (Ibid.

1961 1433 2076 1505 i2).
2125 1433 2231 1492 Sed
2287 1435 2417 1508 quia
2464 1436 2644 1507 prima
2697 1443 2935 1509 quatuor
2979 1433 3238 1491 mandata
3284 1433 3351 1490 ad
3382 1434 3557 1490 Deum

1957 1524 2258 1596 pertinent,
2306 1525 2425 1583 haec
2455 1527 2514 1582 in
2544 1526 2725 1598 prima
2749 1525 2940 1581 tabula
2969 1524 3241 1581 contineri
3279 1523 3560 1580 subintel-

1958 1611 2228 1683 liguntur,
2267 1624 2467 1671 caetera
2490 1613 2562 1670 ad
2611 1612 2894 1670 hominem
2918 1622 2982 1670 ut
3011 1612 3246 1669 honoret
3282 1622 3555 1686 parentes,

1958 1716 2070 1756 non
2110 1701 2343 1770 occidat,
2376 1718 2486 1757 non
2517 1701 2842 1769 fornicatur,
2877 1717 2991 1757 non
3029 1700 3264 1769 furetur,
3306 1717 3418 1756 non
3444 1699 3559 1756 fal-

1955 1805 2078 1845 sum
2112 1791 2492 1846 testimonium
2551 1789 2715 1858 dicat,
2764 1805 2941 1862 neque
2964 1788 3268 1861 quidquam
3311 1789 3557 1860 proximi

245 1840 372 1952 95*)
405 1851 460 1900 ει
501 1842 671 1912 fovet.
705 1845 784 1900 ίιει
824 1852 879 1901 ει
1069 1846 1384 1914 munerem.
1433 1845 1528 1920 qui
1730 1845 1848 1917 eius
1884 1863 1931 1924 Β
1957 1840 2725 1952 aigigc'igigaimge.2;
2755 1840 3560 1933 agaaia‘aamdma;

244 1939 354 1987 est.

324 2019 491 2092 (Vers
521 2020 638 2093 30.)
690 2045 710 2069 ι
753 2022 1026 2090 Quoniam
1061 2023 1307 2080 membra
1349 2040 1539 2081 sumus
1603 2023 1848 2095 corporis

241 2106 389 2180 ejus,
431 2118 484 2165 et
512 2108 580 2165 de
607 2126 770 2166 carne
798 2111 991 2182 ipsius,
1025 2120 1079 2168 et
1109 2110 1176 2167 de
1219 2111 1437 2168 ossibus
1483 2111 1620 2183 ejus.
1655 2133 1674 2157 ι
1729 2111 1846 2168 Hoc

241 2198 577 2270 spiritaliter
607 2201 1026 2272 intelligendum
1059 2209 1173 2268 est;
1217 2201 1340 2257 ideo
1385 2201 1533 2257 enim
1567 2199 1715 2256 dixit
1745 2217 1846 2256 nos

240 2305 362 2345 esse
394 2288 638 2344 membra
667 2289 803 2361 ejus.
838 2291 967 2364 quia
995 2298 1160 2362 caput
1180 2299 1262 2346 est
1296 2291 1410 2362 ipse
1439 2291 1613 2347 totius
1642 2290 1846 2347 Eccle-

239 2378 372 2445 siae;
398 2385 459 2433 ut
479 2378 610 2450 quia
636 2394 729 2449 per
751 2379 935 2451 ipsum
967 2396 1081 2436 esse
1102 2379 1392 2451 coepimus,
1409 2387 1572 2450 caput
1589 2388 1842 2435 nostrum

239 2468 485 2536 dicatur,
517 2468 674 2541 quasi
720 2485 790 2524 ex
836 2485 945 2541 quo
989 2485 1152 2524 omne
1182 2483 1380 2540 corpus
1433 2466 1728 2535 subsistat;
1782 2475 1845 2524 ut

241 2558 497 2616 membra
525 2559 643 2631 ejus
671 2560 853 2616 omnis
873 2560 1139 2632 spiritalis
1177 2566 1427 2616 creatura
1454 2558 1559 2615 sit:
1585 2559 1630 2615 si
1658 2566 1843 2614 tamen

239 2646 304 2702 in
335 2648 558 2705 nomine
577 2647 693 2720 ejus
723 2665 864 2722 genu
892 2649 1092 2706 flectat.

321 2734 503 2806 (Vera.
537 2736 625 2803 31,
661 2736 776 2808 32.)
825 2762 841 2784 ι
870 2737 1099 2809 Propter
1123 2738 1228 2795 hoc
1254 2738 1530 2809 relinquet
1559 2735 1726 2791 homo
1754 2750 1844 2806 pa-

241 2833 387 2881 trem
419 2832 473 2880 et
502 2832 755 2894 matrem,
786 2834 839 2882 et
867 2826 1170 2883 adhaerebit
1219 2827 1381 2884 uxori
1424 2843 1557 2894 suae,
1602 2833 1657 2881 et
1680 2831 1843 2881 erunt

240 2913 359 2970 duo
389 2914 448 2969 in
477 2931 638 2971 carne
667 2931 778 2971 una
809 2917 964 2986 (Gen.
997 2917 1189 2988 11,24).
1220 2941 1238 2966 ι
1284 2917 1369 2973 Ad
1389 2915 1660 2972 unitatem
1689 2930 1838 2972 com-

235 3002 609 3061 mendandam
645 3005 874 3062 unitatis
905 3006 1056 3063 dedit
1099 3007 1446 3079 exemplum;
1479 3012 1543 3060 ut
1567 3004 1714 3061 sicut
1748 3003 1844 3060 vir

231 3105 292 3152 et
321 3095 524 3152 mulier
555 3112 728 3153 unum
759 3106 890 3153 sunt
919 3113 1016 3170 per
1051 3106 1329 3167 naturam,
1357 3098 1434 3154 ita
1477 3103 1531 3152 et
1582 3093 1839 3153 Christus

229 3194 290 3242 et
331 3185 592 3286 'Ecclesia
645 3201 817 3241 unum
874 3186 1256 3260 intelligantur
1321 3202 1435 3244 esse
1486 3202 1584 3260 per
1639 3183 1825 3240 ﬁdem.
1857 3224 1902 3286 Β

247 3299 268 3322 ι
299 3273 620 3347 Mysterium
661 3274 767 3332 hoc
802 3291 1060 3349 magnum
1110 3284 1213 3346 est,
1253 3293 1353 3350 ego
1391 3283 1575 3333 autem
1604 3273 1728 3332 dico
1768 3274 1826 3330 in

234 3363 461 3422 Christo
517 3375 569 3422 et
600 3367 689 3422 in’
715 3366 980 3424 Ecclesia.
1036 3391 1055 3414 ν
1124 3367 1372 3440 Mysterii
1430 3373 1832 3424 sacramentum

233 3456 444 3529 grande
473 3458 530 3514 in
559 3457 771 3514 unitate
800 3457 910 3513 viri
939 3473 1003 3513 ac
1029 3457 1249 3514 feminae
1265 3473 1381 3513 esse
1401 3455 1696 3528 signiﬁcat.
1724 3455 1834 3511 Nec

232 3547 343 3604 hoc
362 3547 568 3618 prodit,
601 3548 696 3604 sed
729 3548 892 3603 aliam
934 3562 1152 3602 causam
1190 3563 1310 3618 quae
1353 3562 1466 3600 non
1495 3543 1772 3601 discordet
1800 3561 1832 3600 a

229 3645 536 3693 memorato
558 3637 820 3710 mysterio
847 3635 1075 3709 ﬂagitat,
1108 3651 1272 3708 quam
1292 3635 1399 3692 scit
1426 3634 1495 3691 ad
1524 3635 1832 3708 profectum

232 3727 473 3783 humani
504 3725 718 3798 generis
748 3726 1042 3798 pertinere,
1083 3724 1191 3782 hoc
1217 3733 1298 3781 est
1326 3723 1588 3781 Ecclesia
1618 3731 1670 3780 et
1700 3722 1832 3779 Sal-

230 3816 476 3882 vatoris;
528 3823 589 3870 ut
636 3815 782 3872 sicut
826 3814 1034 3871 relictis
1076 3813 1417 3887 parentibus,
1469 3813 1636 3869 homo
1666 3812 1835 3868 uxori

229 3919 346 3960 suae
376 3903 636 3972 adhzeret,
691 3904 766 3959 ita
819 3911 873 3959 et
921 3903 1118 3959 relicto
1159 3902 1312 3958 omni
1340 3917 1548 3970 errore,
1587 3899 1837 3957 Ecclesia

228 3994 509 4052 adhereat
527 4005 580 4052 et
601 3994 928 4067 subjiciatur
955 3993 1122 4067 capiti
1153 4009 1275 4062 suo,
1296 3993 1442 4067 quod
1455 4000 1536 4048 est
1557 3990 1832 4050 Christus.

323 4109 343 4133 ι
371 4085 768 4142 Verumtamen
801 4093 854 4140 et
896 4101 996 4140 vos
1033 4083 1258 4156 singuli,
1284 4081 1661 4156 unusquisque
1681 4097 1836 4137 suam

230 4191 469 4232 uxorem
486 4183 547 4232 ut
561 4191 618 4230 se
629 4174 842 4247 diligat:
863 4175 1065 4231 mulier
1083 4181 1265 4230 autem
1290 4181 1351 4230 ut
1372 4173 1564 4230 timeat
1579 4171 1784 4228 virum.
1803 4193 1822 4219 ›

228 4263 511 4332 Quoniam
544 4280 655 4318 una
682 4271 880 4320 natura
909 4264 966 4320 in
994 4263 1118 4320 viro
1155 4271 1210 4319 et
1251 4262 1456 4318 femina
1483 4269 1586 4331 est,
1629 4260 1837 4318 idcirco

229 4353 326 4409 vir
355 4352 510 4425 quasi
530 4368 585 4407 se
609 4353 810 4424 ipsum,
847 4354 924 4409 ita
942 4352 1228 4408 mulierem
1259 4351 1494 4424 diligere
1521 4366 1836 4410 commone-

229 4449 365 4508 tur;
399 4439 599 4496 mulier
632 4447 838 4509 autem,
870 4439 999 4512 quia
1028 4455 1261 4513 persona
1277 4439 1511 4496 inferior
1542 4446 1624 4496 est
1647 4437 1836 4495 condi-

227 4529 407 4586 tionis
432 4545 615 4590 causa.
649 4544 762 4585 non
789 4536 1022 4599 naturae,
1054 4529 1176 4585 viro
1209 4527 1455 4600 subjecta
1483 4527 1677 4584 timere
1709 4543 1835 4585 eum

223 4617 480 4693 jubetur.

851 4743 1077 4802 CAPUT
1117 4743 1214 4802 VI.

312 4854 494 4926 (Vers.
533 4854 583 4921 1,
603 4851 683 4925 2.)
719 4876 738 4900 ‹
756 4852 908 4921 Filii,
927 4851 1188 4909 obaudite
1207 4849 1527 4924 parentibus
1546 4848 1743 4905 vestris
1772 4849 1830 4904 in

230 4945 496 5012 Domino,
531 4943 637 5002 hoc
657 4943 804 4999 enim
822 4942 1033 5016 justum
1052 4950 1133 4998 est
1158 4960 1170 4998 :
1200 4943 1420 4998 Honora
1442 4949 1650 5013 patrem
1673 4948 1829 4996 tuum

231 5041 293 5090 et
331 5040 582 5089 matrem.
614 5059 634 5081 ι
699 5033 810 5088 Lex
857 5031 1020 5088 datur
1065 5031 1220 5097 ﬁliis,
1247 5040 1308 5087 ut
1336 5031 1466 5103 quia
1510 5027 1830 5102 parentibus

232 5121 557 5178 auctoribus
586 5129 863 5190 constant,
896 5121 1156 5177 obediant
1175 5119 1292 5187 eis;
1319 5119 1531 5191 justum
1561 5117 1709 5174 enim
1748 5124 1830 5173 est

233 5219 301 5268 ut
330 5212 693 5266 reverentiam
728 5210 1029 5266 exhibeant
1057 5209 1156 5277 eis,
1191 5225 1286 5282 per
1315 5222 1452 5280 quos
1481 5213 1630 5262 sunt.

309 5299 586 5372 (Vers.3.)
629 5322 648 5348 ‹
678 5299 837 5367 Quod
866 5308 950 5356 est
981 5297 1300 5354 mandatum
1321 5296 1562 5369 primum
1592 5294 1826 5368 promis-

233 5390 436 5454 sionis,
484 5397 548 5444 ut
576 5397 631 5445 et
671 5388 811 5445 bene
856 5390 930 5444 sit
973 5386 1100 5456 tibi,
1145 5396 1199 5444 et
1226 5387 1302 5443 sis
1357 5386 1640 5456 longaevus
1665 5400 1829 5456 super

233 5488 459 5536 terram.
484 5504 502 5529 ι
536 5478 836 5536 Promissio
860 5477 980 5536 haec
994 5477 1052 5533 in
1070 5475 1268 5533 Exodo
1286 5474 1602 5533 continetur
1617 5472 1823 5546 (Exod.

309 5673 431 5746 (33)
480 5674 656 5746 Rom._
672 5673 818 5746 edit.
867 5674 1004 5743 sola,
1049 5674 1114 5731 Se
1151 5672 1326 5745 ipsum
1384 5668 1576 5746 diligit.
1620 5667 1824 5746 Eadem

232 5739 373 5806 vero
411 5739 545 5802 'ant.
595 5743 730 5805 edit.
779 5761 841 5805 ac
867 5739 1058 5820 paucis
1103 5739 1258 5815 rus—su
1304 5739 1554 5816 quonidm
1606 5741 1653 5798 si
1697 5739 1826 5812 for-

1961 1967 2224 2024 videntur
2284 1968 2513 2040 scripta,
2563 1982 2798 2040 quorum
2833 1967 3072 2038 primum
3108 1973 3216 2021 est:
3263 1988 3282 2011 ι
3337 1965 3560 2022 Honora

1959 2064 2170 2129 patrem
2198 2065 2251 2112 et
2282 2065 2534 2112 matrem.
2565 2079 2584 2104 ι
2637 2055 2750 2111 Hac
2779 2070 2945 2110 causa
2973 2069 3100 2123 ergo
3129 2052 3294 2109 dixit:
3351 2076 3370 2099 ι
3401 2053 3558 2121 Quod

1958 2153 2039 2200 est
2067 2144 2385 2201 mandatum
2416 2144 2658 2216 primum
2689 2142 2748 2198 in
2777 2141 3175 2215 promissione;
3199 2165 3218 2188 ι
3248 2149 3311 2197 ιιι
3337 2140 3560 2199 discer-

1965 2242 2119 2290 neret
2147 2233 2291 2290 inter
2320 2232 2579 2289 mandata
2605 2248 2727 2305 quae
2756 2230 2825 2287 ad
2859 2231 3058 2299 Deum,
3089 2237 3145 2286 et
3168 2229 3316 2286 inter
3333 2246 3396 2288 ea
3429 2246 3549 2304 quas

1957 2323 2027 2379 ad
2056 2323 2337 2379 hominem
2364 2322 2661 2396 pertinent.

2032 2413 2218 2485 (Vers.
2253 2411 2333 2482 4,)
2370 2436 2387 2459 ι
2414 2413 2487 2469 Ει
2516 2429 2634 2477 vos,
2666 2418 2866 2484 patres,
2898 2409 3072 2466 nolite
3108 2407 3178 2466 ad
3211 2408 3553 2467 iracundiam

1959 2519 2258 2576 provocare
2299 2502 2444 2558 ﬁlios
2488 2509 2720 2568 vestros,
2765 2497 2858 2556 sed
2899 2499 3125 2554 educata
3162 2497 3290 2554 illos
3335 2497 3396 2554 in
3457 2497 3554 2555 di-

1955 2590 2202 2663 sciplina
2233 2598 2286 2646 et
2315 2589 2659 2662 correptione
2687 2588 2934 2645 Domini.
2965 2611 2984 2635 ι
3018 2587 3088 2643 Ut
3117 2586 3208 2642 lex
3244 2587 3414 2659 possit
3443 2603 3553 2644 ser-
3586 2591 3595 2613 ’

1965 2683 2106 2751 vari,
2135 2699 2241 2755 qua
2269 2688 2493 2738 cautum
2523 2688 2626 2748 est,
2652 2687 2715 2735 ut
2745 2677 2849 2732 ﬁlii
2879 2677 3249 2733 honoriﬁcent
3277 2685 3548 2750 parentes:

1958 2771 2278 2843 parentibus
2308 2784 2525 2843 quoque
2568 2767 2676 2823 alia
2720 2768 2812 2821 lex
2857 2766 2927 2821 ab
2981 2765 3248 2837 Apostolo
3275 2764 3457 2834 datur,
3489 2774 3552 2823 ut

1953 2864 2036 2920 sic
2065 2863 2321 2919 imbuant
2359 2862 2528 2930 ﬁlios,
2575 2876 2645 2916 ne
2675 2859 2932 2915 mandata
2981 2857 3115 2930 legis
3152 2865 3548 2928 contemnant;

1957 2953 2090 3026 quia
2108 2953 2153 3008 si
2189 2952 2247 3009 in
2277 2951 2477 3008 timore
2503 2949 2727 3007 Domini
2752 2947 2959 3004 fuerint
3004 2945 3258 3016 enutriti,
3288 2953 3549 3020 poterunt

1956 3043 2249 3101 observare
2293 3059 2416 3115 qua:
2467 3047 2736 3114 praecepta
2795 3047 2945 3096 sunt.
2999 3039 3137 3094 Nam
3180 3036 3228 3094 si
3287 3037 3355 3093 ad
3409 3037 3546 3094 iram

1957 3139 2261 3208 provocant
2291 3131 2460 3199 ﬁlios,
2495 3146 2596 3187 nec
2627 3129 2730 3202 ipsi
2761 3127 2986 3184 modum
3016 3127 3152 3198 legis
3187 3125 3545 3190 custodiunt;

1935 3239 2128 3297 cogere
2159 3224 2306 3278 enim
2339 3237 2433 3276 eos
2458 3219 2739 3287 videntur,
2781 3226 2843 3273 ut
2889 3215 3350 3290 praevaricatores
3379 3215 3550 3271 inve-

1942 3316 2191 3373 niantur.
2223 3311 2286 3366 In
2315 3309 2398 3365 ira
2425 3309 2574 3365 enim
2619 3322 2789 3362 nemo
2827 3304 3075 3378 agnoscit
3113 3303 3245 3376 quid
3273 3303 3346 3359 sit
3373 3303 3544 3369 utile;

1942 3407 2152 3465 idcirco
2180 3403 2603 3475 temperantiam
2639 3409 2932 3473 parentum
2955 3398 3208 3469 exemplo
3235 3396 3436 3453 debent
3453 3396 3545 3452 ad-

1941 3497 2170 3563 discere,
2202 3502 2264 3549 ut
2294 3509 2415 3565 quae
2465 3491 2628 3547 utilia
2681 3497 2840 3557 sunt,
2891 3495 3187 3544 sectentur.
3230 3485 3544 3542 Meminisse

1939 3585 2089 3642 enim
2119 3582 2322 3639 debent
2361 3581 2569 3649 Patres,
2615 3579 2750 3652 quia
2803 3586 2858 3634 et
2903 3577 3008 3650 ipsi
3062 3576 3287 3631 fuerunt
3331 3574 3457 3644 ﬁlii,
3487 3583 3542 3631 et

1941 3674 2243 3730 noluerunt
2271 3670 2464 3742 utique
2496 3664 3143 3738 exacerbariapatribus.
3176 3664 3306 3719 Filii
3326 3679 3544 3737 quoque

1940 3776 2266 3834 cognoscere
2284 3760 2488 3816 debent
2502 3758 2651 3832 quod
2679 3756 2854 3814 futuri
2875 3761 3006 3811 sunt
3029 3762 3228 3827 patres,
3247 3759 3302 3807 et
3328 3752 3540 3809 nollent

1942 3850 2269 3909 inhonorari
2302 3850 2370 3906 ab
2410 3850 2510 3907 eis.
2547 3849 2760 3905 Idcirco
2794 3845 3016 3919 utrique
3053 3842 3353 3901 exhibeant
3383 3841 3544 3899 invi-

1943 3958 2085 4010 cem,
2107 3939 2255 4014 quod
2282 3939 2586 4012 exquirunt
2609 3938 2677 3994 ab
2706 3935 2968 3994 invicem.

2019 4031 2204 4103 (Vers.
2229 4029 2312 4102 5.)
2345 4028 2554 4096 «Servi,
2583 4026 2802 4083 obedite
2824 4025 3068 4082 dominis
3081 4023 3395 4081 carnalibus
3412 4038 3540 4079 cum

1942 4119 2144 4176 timore
2162 4126 2217 4175 et
2246 4125 2485 4174 tremore
2522 4115 2582 4171 in
2612 4115 2968 4187 simplicitate
2997 4113 3180 4170 cordis
3207 4111 3376 4169 vestri
3397 4111 3544 4168 sicut

1945 4208 2186 4268 Christo.
2212 4232 2232 4256 ι
2275 4206 2546 4274 Quoniam
2568 4204 2818 4261 omnium
2834 4202 3130 4260 sublimior
3146 4201 3328 4258 etsola
3347 4207 3541 4273 potens

1944 4308 2027 4357 est
2055 4299 2248 4372 religio
2269 4304 2476 4366 nostra,
2493 4304 2547 4354 et
2569 4312 2692 4370 quae
2708 4294 3060 4352 credentibus
3085 4293 3350 4350 ccelorum
3374 4306 3542 4362 regna

1944 4388 2274 4462 pollicetur:
2308 4403 2377 4444 ne
2405 4385 2510 4442 hac
2538 4385 2708 4458 igitur
2737 4400 2900 4442 causa
2930 4381 3190 4454 superbia
3226 4385 3542 4436 nasceretur

1945 4475 2288 4545 hominibus,
2305 4490 2496 4532 omnes
2515 4473 2702 4530 debita
2721 4471 3106 4530 conditionum
3122 4469 3210 4524 vel
3230 4468 3536 4524 ofﬁciorum

1858 4593 1910 4656 D
1945 4567 2297 4641 praesentium
2321 4565 2588 4638 jubentur
2620 4564 2943 4628 exsolvere;
2988 4567 3050 4615 ut
3088 4567 3142 4614 et
3183 4557 3356 4656 magis
3385 4555 3537 4611 inci-

1942 4665 2060 4716 tent
2087 4655 2423 4730 perﬁdorum
2464 4655 2682 4710 animos
2735 4652 2804 4707 ad
2864 4648 3140 4706 culturam
3194 4643 3314 4712 Dei,
3371 4659 3534 4716 quam

1941 4749 2137 4806 vident
2163 4755 2218 4805 et
2239 4746 2446 4819 justam
2462 4754 2516 4802 et
2535 4742 2826 4800 humilem.
2851 4737 3117 4797 Videntes
3141 4734 3290 4790 enim
3319 4731 3534 4788 domini

1942 4837 2262 4894 meliorasse
2289 4852 2496 4904 servos,
2526 4843 2580 4891 et
2604 4833 2665 4888 in
2676 4828 2969 4887 reddendis
3005 4823 3282 4897 obsequiis
3298 4821 3536 4878 ﬁdeliter

1941 4927 2256 5002 profecisse,
2285 4926 2433 5000 quod
2499 4929 2783 4978 merentur
2809 4934 2939 4974 cum
2979 4914 3134 4970 omni
3165 4912 3414 4968 libertate
3441 4926 3535 4966 ex-
3637 4906 3640 4910 ’

1939 4999 2185 5074 solvunt.
2217 4999 2374 5072 Servi
2405 5027 2623 5086 quoque
2649 5009 2782 5064 dum
2796 5013 3032 5063 cernunt
3053 4999 3533 5059 mansuetudinem

1939 5106 2318 5173 dominorum,
2343 5103 2497 5159 omni
2528 5097 2794 5156 aviditate
2815 5093 3215 5167 concupiscunt
3233 5090 3422 5159 ﬁdem,
3443 5105 3533 5145 cu-

1932 5196 2026 5270 jus
2080 5204 2192 5251 tam
2232 5190 2465 5266 placidis
2510 5188 2834 5246 retinaculis
2872 5185 3250 5260 gubernantur
3294 5181 3535 5270 humana

1938 5267 2137 5343 ofﬁcia.
2169 5284 2306 5340 Nam
2334 5289 2388 5338 et
2416 5281 2512 5354 qui
2562 5279 2620 5335 in
2675 5277 3000 5335 conditione
3028 5282 3133 5344 est,
3189 5271 3238 5329 si
3275 5267 3534 5328 habuerit

1937 5378 2229 5444 famulum,
2260 5390 2371 5430 non
2401 5374 2521 5430 vult
2549 5371 2830 5429 contemni
2870 5368 2940 5425 ab
2990 5383 3091 5435 eo;
3151 5364 3385 5435 ideoque
3432 5375 3532 5416 nec

1939 5465 2053 5539 ipse
2077 5461 2240 5521 debet
2266 5468 2616 5521 contemnere
2636 5458 2926 5517 dominum
2945 5469 3106 5515 suum
3127 5470 3138 5509 :
3172 5459 3226 5509 et
3251 5449 3394 5510 sicut
3413 5448 3532 5503 vult

1936 5669 2418 5810 mcggbonnulli
2449 5745 2606 5802 mss.
2630 5743 2762 5803 οραε
2791 5741 2945 5786 ταωνι
2972 5722 3162 5795 "“W'
3193 5732 3300 5786 θω·
