3970 6382
505 359 610 421 423

1547 365 1641 420 ΑΙ)
1681 363 1915 421 OPERA
1954 362 2008 419 S.
2040 360 2369 420 AMBROSII
2409 359 2786 421 APPENDIX.

3705 365 3811 422 424

507 507 662 563 agere
690 505 873 548 secum
905 491 1192 547 dmninum
1219 509 1403 559 suum,
1435 491 1515 546 ita
1545 499 1597 546 et
1629 491 1744 563 ipse
1769 507 1926 562 agere
1939 490 2099 546 debet
2132 495 2184 555 Α
2213 487 2562 545 tenebrarum
2593 487 2651 543 in
2678 503 2997 560 perversum
3043 487 3392 559 intelligendi
3431 497 3562 544 sunt
3603 491 3810 562 guber-

506 597 634 640 cum
663 597 844 648 servo,
875 587 932 637 et
951 579 1032 638 sic
1060 579 1266 651 poterit
1295 581 1506 652 placere
1531 582 1662 636 Deo.

579 696 762 769 (Vers.
794 697 847 763 6,
885 697 937 762 7,
968 696 1048 766 8.)
1080 719 1098 742 ‹
1119 697 1240 752 Non
1269 694 1337 752 ad
1355 697 1578 752 oculum
1602 696 1922 766 servientes,
1944 699 2101 771 quasi

506 787 827 843 hominibus
855 787 1164 858 placentes;
1197 786 1291 841 sed
1321 795 1382 842 ut
1401 787 1545 842 servi
1578 786 1805 853 Christi,
1835 788 2103 844 facientes

503 877 847 934 voluntatem
870 877 964 932 Dei
984 893 1049 932 ex
1066 877 1272 945 animo,
1299 894 1424 933 cum
1443 877 1782 948 benignitate
1801 878 2102 935 servientes

493 968 649 1024 sicut
669 968 926 1036 Domino,
958 976 1013 1024 et
1041 985 1152 1024 non
1184 975 1246 1024 ut
1286 968 1640 1036 hominibus;
1691 969 1924 1024 scientes
1955 969 2100 1041 quod

504 1061 883 1135 unusquisque
913 1059 1492 1134 quodcunque-fecerit
1520 1060 1726 1116 bonum
1759 1104 1774 1128 ,
1820 1059 1928 1116 hoc
1959 1076 2102 1116 con-

495 1152 768 1224 sequetur
795 1166 826 1206 a
853 1151 1113 1219 Domino,
1141 1151 1258 1207 sive
1273 1165 1486 1218 servus,
1508 1149 1624 1205 sive
1643 1150 1800 1205 liber.
1822 1175 1841 1196 ι
1872 1149 2102 1220 Propter

506 1241 760 1296 timorem
792 1239 892 1296 Dei
917 1239 1067 1312 justa
1087 1248 1140 1296 et
1155 1239 1341 1295 ﬁdelia
1362 1240 1484 1295 vult
1505 1237 1825 1295 hominibus
1846 1238 2098 1294 exhiberi

503 1331 751 1398 servitia;
787 1331 900 1386 Deo
929 1329 1076 1386 enim
1107 1331 1297 1398 servit,
1317 1328 1473 1402 cujus
1487 1328 1612 1401 jura
1634 1328 1689 1384 in
1707 1326 1986 1402 obsequiis
2005 1328 2098 1384 do-

509 1419 643 1475 mini
673 1419 908 1476 carnalis
921 1419 1186 1488 custodit,
1205 1435 1368 1492 quem
1396 1419 1502 1474 sibi
1525 1436 1622 1491 pro
1633 1419 1797 1491 justis
1814 1417 2028 1473 actibus
2043 1417 2098 1472 in

504 1508 594 1565 die
620 1507 820 1580 judicii
845 1509 1026 1565 vicem
1056 1508 1304 1576 reddere,
1334 1517 1390 1564 et
1417 1509 1630 1565 cateris
1657 1507 1915 1564 omnibus
1945 1506 2100 1562 audit

505 1600 712 1656 testari.
737 1598 869 1668 Qua
909 1615 995 1656 res
1041 1605 1218 1672 potest
1266 1599 1530 1671 proﬁcere
1573 1599 1735 1654 etiam
1769 1597 1835 1653 ad
1865 1599 2098 1654 salutem

505 1688 890 1756 dominorum;
927 1687 1183 1744 videntes
1212 1689 1388 1758 enim,
1441 1686 1590 1762 quod
1619 1687 1846 1744 diﬁicile
1881 1697 1964 1744 est
1990 1704 2098 1744 ser-

503 1793 602 1833 vos
631 1793 726 1850 per
753 1777 853 1833 Dei
888 1777 1117 1850 gratiam
1145 1776 1321 1832 factos
1350 1776 1540 1834 ﬁdeles
1569 1776 1872 1846 ministros,
1905 1784 2098 1850 potue-

502 1875 634 1924 runt
661 1867 761 1924 Dei
789 1866 1020 1940 gloriam
1045 1867 1379 1924 collaudare.

579 1983 761 2056 (Vers.
793 1983 874 2054 9.)
910 2008 928 2030 ε
960 1983 1031 2040 Et
1054 2000 1173 2052 vos,
1201 1982 1436 2052 domini,
1463 1982 1650 2039 eadem
1678 1982 1840 2040 facite
1861 1981 1928 2038 ad
1952 1981 2100 2050 illos,

504 2071 845 2128 remittentes
870 2070 1079 2127 minas:
1115 2070 1352 2127 scientes
1393 2071 1540 2144 quod
1574 2079 1628 2127 et
1673 2080 1854 2128 vester
1897 2079 1951 2127 et
1982 2072 2102 2127 illo-

504 2176 625 2217 rum
667 2159 936 2216 Dominus
964 2168 1045 2216 est
1074 2159 1132 2215 in
1162 2160 1336 2229 ccelis,
1367 2167 1422 2215 et
1471 2175 1826 2232 personarum
1859 2177 1969 2216 non
2022 2167 2104 2216 est

504 2248 747 2322 acceptio
776 2249 921 2322 apud
948 2265 1095 2306 eum.
1117 2274 1135 2297 ι
1168 2249 1289 2305 Non
1311 2249 1624 2321 ignorantes
1643 2249 1837 2324 utique
1861 2249 2103 2306 carnales

505 2340 720 2398 domini
751 2341 926 2399 Deum
956 2340 1205 2396 omnium
1248 2339 1538 2397 dominum
1585 2357 1700 2400 esse
1729 2358 2099 2411 communem,

505 2430 638 2487 talia
668 2429 893 2504 exigant
922 2429 1172 2498 servitia,
1204 2430 1389 2504 qualia
1433 2447 1464 2487 a
1507 2446 1565 2487 se
1595 2431 1742 2503 exigi
1780 2447 1892 2487 non
1924 2431 2105 2488 ferant

505 2535 666 2593 agre.
699 2519 762 2577 In
797 2536 905 2593 qua
924 2519 1074 2576 enim
1102 2519 1225 2593 quis
1256 2535 1512 2576 mensura
1555 2511 1979 2589 mensuraverit,
2021 2535 2102 2576 re-

506 2609 765 2666 metietur
792 2609 876 2665 illi
911 2610 1122 2683 (Matth.
1155 2627 1257 2679 vn,
1294 2609 1371 2680 l);
1419 2609 1693 2667 Dominus
1739 2609 1886 2667 enim
1916 2609 2100 2682 justus

497 2696 673 2772 judex
702 2715 892 2758 causas
920 2698 1205 2768 discernit,
1246 2715 1357 2756 non
1378 2715 1654 2772 personas.

579 2816 766 2890 (Vers.
806 2815 921 2888 10.)
968 2839 988 2865 ι
1024 2816 1102 2872 De
1120 2823 1339 2885 catero,
1370 2815 1587 2885 fratres,
1621 2815 2010 2872 confortamini
2040 2816 2099 2874 iu

515 2905 779 2976 Domino,
805 2915 860 2962 et
888 2907 950 2962 in
986 2907 1231 2979 potentia
1256 2905 1483 2962 virtutis
1511 2905 1648 2977 ejus.
1681 2932 1700 2955 ι
1757 2905 1887 2964 Post
1913 2905 2100 2962 omnia

515 2997 728 3052 monita
756 2995 872 3067 (35)
913 3002 968 3051 et
1016 2995 1386 3062 hortamenta,
1425 3002 1479 3049 et
1507 2994 1812 3068 disciplina
1847 2995 2098 3052 ordinem

511 3082 780 3140 traditum
808 3082 1081 3154 religiose,
1104 3090 1158 3137 et
1185 3081 1599 3154 dispositionem
1630 3083 1882 3156 mysterii
1911 3084 2100 3140 mani-

510 3171 729 3240 festam,
758 3171 1012 3228 robustos
1058 3171 1185 3228 illos
1233 3172 1355 3228 vult
1386 3188 1501 3228 esse
1539 3172 1597 3228 in
1625 3171 1733 3229 ﬁde
1760 3172 1962 3230 ﬁducia
1989 3190 2100 3246 po-

507 3260 725 3318 testatis
751 3261 878 3328 Dei;
907 3267 969 3316 ut
1013 3260 1250 3317 scientes
1275 3259 1494 3318 ﬁrmam
1525 3277 1640 3318 esse
1667 3278 1818 3335 spem
1856 3241 2102 3335 promis-
2132 3241 2175 3301 (ἶ

505 3351 696 3420 sionis,
737 3352 979 3424 prompti
1028 3351 1141 3407 sint
1189 3351 1336 3409 circa
1395 3351 1658 3425 obsequia
1685 3355 1808 3422 Dei,
1833 3353 2102 3426 erigentes

504 3441 875 3513 gubernacula
902 3450 1096 3516 contra
1133 3439 1335 3499 ﬂuctus
1367 3441 1966 3516 excitosimprudentia
1998 3441 2100 3498 ini-

505 3531 656 3588 mici.
689 3530 1087 3604 Tempestatem
1143 3532 1293 3588 enim
1354 3534 1452 3589 Dei
1525 3534 1702 3591 servis
1759 3539 2095 3602 commovet,

505 3621 600 3678 sed
639 3622 751 3693 ipse
780 3622 1130 3695 naufragium
1160 3623 1312 3681 facit.

586 3741 730 3800 250
763 3737 946 3809 (Vere.
981 3739 1068 3807 11,
1102 3738 1216 3810 ﬂ.)
1263 3762 1281 3786 ι
1312 3738 1616 3795 Induimini
1641 3756 1742 3797 vos
1792 3757 1947 3797 arma
1973 3741 2097 3810 Dei,

505 3841 567 3891 ut
595 3834 816 3907 possitis
869 3843 1011 3891 stare
1066 3836 1327 3893 adversus
1386 3840 1656 3895 nationes.
1714 3863 1734 3888 ι
1781 3841 1949 3894 Arma
1999 3840 2096 3895 Dei

505 3923 640 3980 ﬁdes
685 3932 767 3980 est
813 3924 1046 3991 stabilis,
1080 3942 1176 3998 per
1229 3943 1396 4001 quam
1451 3929 1624 3984 solam
1674 3945 1887 4002 semper
1918 3929 2101 3985 victus

504 4019 586 4068 est
613 4013 858 4071 Satanas.
901 4039 920 4063 ι
971 4014 1243 4082 Quoniam
1277 4033 1388 4072 non
1419 4025 1500 4074 est
1531 4017 1690 4074 vobis
1720 4018 1866 4075 lucta
1893 4017 2097 4076 adver-

505 4118 598 4158 sus
633 4117 854 4159 carnem
880 4113 934 4160 et
979 4105 1327 4178 sanguinem,
1375 4109 1470 4164 sed
1518 4107 1781 4164 adversus
1810 4107 2098 4180 principa—

505 4197 595 4248 tus
624 4200 679 4248 et
706 4199 1002 4264 potestates
1031 4192 1200 4264 hujus
1228 4195 1420 4250 mundi
1471 4195 1610 4266 (36),
1643 4196 1906 4252 adversus
1935 4205 2099 4253 tene-

504 4278 726 4336 brarum
757 4280 952 4336 harum
991 4289 1252 4350 rectores,
1310 4283 1571 4340 adversus
1602 4285 1872 4356 spiritalia
1908 4285 2098 4358 nequi-

503 4369 616 4438 tia,
647 4383 767 4442 qua
815 4377 945 4426 sunt
988 4370 1046 4425 in
1097 4371 1434 4428 calestibus.
1468 4397 1487 4420 ι
1558 4373 1752 4430 Certus
1804 4376 2098 4448 Apostolus

504 4459 634 4532 quia
661 4458 852 4528 exitia,
886 4475 1006 4532 qua
1037 4476 1068 4516 a
1115 4459 1341 4532 perﬁdis
1377 4462 1477 4518 Dei
1509 4461 1732 4519 famulis
1765 4464 2094 4537 irrogantur,

503 4555 726 4605 auctore
753 4548 998 4616 diabolo,
1030 4550 1441 4621 ministrantur,
1473 4552 1631 4624 cujus
1659 4555 1895 4611 altitudo
1925 4572 2096 4627 gran-

2211 594 2364 646 nare,
2398 578 2554 650 quasi
2587 576 2996 635 incredulitatis
3027 577 3294 651 magistri.

2286 668 2468 738 (Vers.
2504 667 2713 739 l3-l7.)
2759 691 2777 713 ι
2825 666 2952 724 Ideo
2981 667 3214 740 accipite
3248 668 3674 727 universitatem
3712 687 3812 727 ar—

2210 773 2448 824 morum,
2491 765 2553 813 ut
2615 757 2838 829 possitis
2887 759 3139 814 resistere
3186 758 3244 813 in
3300 759 3390 816 die
3431 761 3595 829 malo,
3652 769 3707 816 et
3753 760 3810 816 in

2211 847 2470 902 omnibus
2528 847 2755 918 perfecti
2805 855 2967 916 stare,
3020 849 3290 904 succincti
3337 850 3555 906 lumbos
3600 857 3812 907 vestros

2211 940 2268 995 in
2299 940 2584 1010 charitate,
2625 949 2679 997 et
2708 941 2890 998 induti
2934 941 3162 997 loricam
3184 940 3439 1012 justitia,
3492 951 3547 1000 et
3575 943 3809 999 calceati

2210 1029 2373 1102 pedes
2419 1031 2476 1086 in
2509 1032 2905 1102 praparatione
2936 1032 3224 1102 Evangelii
3285 1033 3451 1104 pacis.
3494 1033 3669 1106 Super
3719 1032 3806 1088 his

2207 1121 2468 1178 omnibus
2498 1132 2840 1180 assumentes
2887 1131 3105 1179 scutum
3139 1122 3289 1192 ﬁdei,
3327 1125 3384 1179 in
3415 1141 3524 1198 quo
3555 1127 3813 1198 poteritis

2209 1211 2397 1266 omnia
2427 1211 2540 1267 tela
2579 1213 2806 1283 maligni
2848 1212 3022 1284 ignita
3061 1212 3443 1284 exstinguere:
3499 1222 3553 1270 et
3602 1215 3809 1286 galeam

2210 1300 2402 1355 salutis
2431 1300 2682 1372 accipite,
2714 1309 2768 1357 et
2809 1301 3056 1373 gladium
3096 1302 3344 1374 spiritus,
3383 1303 3531 1375 quod
3561 1312 3642 1359 est
3673 1319 3810 1359 ver-

2208 1390 2340 1446 bum
2364 1391 2484 1447 Dei.
2519 1417 2536 1438 ι
2581 1391 2852 1459 Quoniam
2893 1399 3087 1448 contra
3133 1393 3508 1450 atrocissimos
3538 1393 3725 1450 hostes
3761 1403 3810 1450 et

2210 1481 2364 1537 omni
2391 1481 2847 1553 tergiversatione
2877 1483 3109 1537 callidos
3136 1481 3343 1538 bellum
3359 1484 3618 1556 gerimus,
3642 1484 3808 1541 idcir-

2209 1585 2274 1627 co
2303 1571 2458 1626 omni
2497 1571 2710 1626 cautela
2742 1577 2795 1625 et
2823 1570 3202 1626 sollicitudine
3246 1571 3478 1643 vigilare
3507 1573 3809 1638 debemus;

2208 1669 2270 1717 ut
2297 1677 2636 1734 quacunque
2666 1661 3022 1731 tentaverint,
3057 1662 3304 1717 munitos
3353 1678 3454 1718 nos
3509 1673 3563 1720 et
3599 1680 3811 1737 prapa-

2208 1759 2356 1806 ratos
2396 1751 2703 1807 inveniant.
2738 1750 2967 1808 Necesse
3001 1759 3080 1806 est
3111 1750 3258 1806 enim
3294 1759 3354 1807 ut
3387 1760 3440 1808 et
3468 1753 3612 1809 Deus
3641 1753 3810 1827 adju-

2135 1870 2181 1930 B
2213 1847 2324 1908 vet,
2362 1855 2500 1913 quos
2529 1839 2734 1896 viderit
2780 1838 2838 1894 in
2895 1839 3149 1912 precibus
3178 1840 3429 1912 vigilare,
3462 1848 3516 1897 et
3544 1841 3610 1897 de
3640 1843 3812 1898 armis

2211 1928 2330 2000 ejus
2384 1937 2701 2001 exspectare
2756 1928 3068 1986 victoriam.
3133 1929 3194 1984 In
3250 1928 3569 2000 hujusmodi
3625 1940 3806 1987 autem

2211 2017 2358 2074 bello
2390 2018 2572 2076 sobria
2603 2027 2786 2075 mente
2841 2035 2977 2092 opus
3019 2026 3120 2089 est,
3165 2026 3220 2075 et
3269 2034 3405 2090 pura
3444 2019 3807 2088 conscientia,

2212 2108 2342 2181 quia
2384 2125 2496 2164 non
2543 2117 2735 2166 contra
2789 2109 3031 2166 carnalia
3073 2109 3354 2182 nequitia,
3413 2107 3505 2164 sed
3545 2109 3806 2165 adversus

2211 2200 2520 2272 spiritualia
2554 2201 2869 2257 dimicatur.
2899 2199 3104 2258 Contra
3128 2200 3431 2271 terrigenos
3459 2198 3607 2254 enim
3620 2198 3804 2256 hostes

2211 2307 2411 2364 corpus
2439 2290 2629 2366 sagina
2658 2291 2965 2359 roboratur,
3015 2298 3068 2346 et
3122 2289 3334 2363 poculis
3363 2305 3518 2346 mens
3560 2289 3801 2346 incendi-

2210 2391 2322 2451 tur,
2354 2392 2416 2438 ut
2462 2382 2806 2456 repugnandi
2855 2388 3036 2438 sumat
3065 2381 3388 2448 audaciam;
3427 2379 3682 2437 adversus
3707 2395 3800 2436 au-

2209 2485 2323 2532 tem
2377 2476 2648 2550 spiritalia
2707 2476 2968 2549 nequitia
3026 2475 3349 2549 spiritaliter
3388 2473 3794 2549 repugnandum

2210 2573 2313 2632 est,
2348 2573 2402 2620 et
2457 2564 2771 2622 sobrietatis
2825 2572 2880 2622 et
2934 2564 3280 2621 abstinentiae
3335 2579 3487 2620 arma
3537 2562 3800 2620 sumenda

2211 2664 2360 2726 sunt,
2392 2664 2455 2713 ut
2498 2655 2671 2713 infusi
2732 2665 2921 2714 sancto
2967 2655 3178 2730 Spiritu
3219 2655 3536 2712 immundos
3578 2660 3632 2711 et
3659 2669 3800 2711 erra-

2205 2746 2350 2806 ticos
2379 2750 2606 2822 spiritus
2633 2749 3014 2809 devincamus.
3065 2750 3155 2808 Sic
3194 2751 3378 2825 itaque
3421 2750 3800 2824 succingemus

2209 2837 2431 2896 lumbos
2461 2847 2682 2896 nostros
2721 2839 2779 2896 in
2836 2840 3092 2910 veritate,
3133 2841 3180 2897 si
3231 2841 3406 2914 parati
3461 2857 3649 2898 sumus
3681 2837 3797 2911 (37)

2208 2929 2382 2984 errori
2411 2929 2682 2987 resistere.
2719 2929 2914 2987 Omnis
2950 2930 3096 2986 enim
3127 2930 3222 3003 qui
3253 2930 3464 3004 operari
3501 2930 3644 2999 vult,
3677 2928 3800 2986 sub-

2207 3017 2379 3090 cingit
2433 3035 2522 3087 se;
2586 3026 2648 3076 ut
2696 3017 2878 3076 ablato
2975 3019 3411 3093 impedimento,
3483 3019 3802 3095 diligentius

2207 3117 2480 3182 operetur.

2219 3210 2222 3214 '
2283 3200 2463 3270 (Vers.
2501 3199 2586 3268 18,
2622 3199 2708 3269 19,
2747 3200 2862 3271 20.)
2937 3227 2956 3251 ‹
2998 3203 3100 3258 Per
3147 3220 3365 3261 omnem
3411 3206 3718 3263 orationem
3749 3214 3800 3264 et

2211 3305 2427 3361 precem
2459 3297 2676 3346 orantes
2706 3288 2766 3345 in
2805 3291 2958 3346 omni
3012 3299 3279 3365 tempore,
3312 3295 3372 3350 in
3405 3296 3624 3368 spiritu,
3657 3303 3713 3352 et
3743 3297 3798 3352 in

2211 3378 2390 3452 ipsum
2442 3380 2733 3452 vigilantes
2764 3380 2822 3435 in
2853 3381 3003 3437 omni
3037 3385 3445 3455 perseverantia
3472 3393 3526 3442 et
3552 3386 3798 3444 obsecra.

2212 3471 2360 3527 tione
2389 3486 2488 3543 pro
2517 3470 2775 3528 omnibus
2828 3471 3054 3541 sanctis,
3103 3481 3156 3530 et
3207 3490 3306 3546 pro
3359 3491 3484 3544 me;
3527 3483 3588 3530 ut
3643 3475 3806 3532 detur

2210 3559 2347 3615 mihi
2399 3577 2579 3618 sermo
2631 3559 2690 3617 in
2738 3563 3019 3634 apertione
3067 3563 3178 3618 oris
3208 3563 3315 3620 mei
3343 3563 3459 3637 (38)
3491 3573 3680 3621 exerte
3710 3581 3801 3621 no-

2209 3655 2326 3704 tum
2357 3649 2535 3708 facere
2558 3650 2886 3723 mysterium
2914 3652 3223 3725 Evangelii,
3253 3669 3352 3724 pro
3386 3670 3494 3726 quo
3534 3654 3804 3726 legatione
3906 3697 3907 3702 η

2208 3737 2410 3810 fungor
2439 3739 2495 3794 in
2523 3748 2714 3794 catena
2733 3757 2748 3808 ;
2784 3747 2846 3794 ut
2895 3739 2952 3795 in
2985 3741 3106 3813 ipso
3153 3750 3341 3798 exerta
3373 3742 3627 3800 libertate
3657 3754 3803 3814 utar,

2208 3834 2373 3900 prout
2414 3835 2629 3899 oportet
2659 3843 2746 3883 me
2800 3828 2972 3901 loqui.
3009 3855 3028 3878 ν
3077 3831 3133 3886 Si
3191 3840 3338 3889 recte
3393 3849 3802 3903 conversamur,

2207 3917 2444 3990 Spiritus
2503 3925 2724 3974 sanctus
2765 3924 2954 3973 manet
2992 3919 3050 3974 in
3083 3919 3267 3990 nobis,
3298 3929 3352 3977 et
3385 3923 3532 3995 quod
3561 3925 3804 3996 postula-

2208 4022 2353 4075 mus,
2390 4022 2683 4078 possumus
2739 4006 3051 4080 impetrare.
3098 4007 3213 4065 Hoc
3243 4017 3324 4065 est
3353 4028 3480 4082 ergo
3509 4012 3565 4066 in
3605 4012 3803 4085 spiritu

2209 4095 2362 4150 omni
2392 4103 2641 4167 tempore
2669 4111 2845 4164 orare,
2875 4096 3081 4153 munda
3131 4097 3469 4154 conscientia
3496 4106 3549 4154 et
3579 4100 3690 4156 ﬁde
3724 4102 3798 4157 in.
3899 4113 3901 4160 ὲ

2212 4191 2357 4258 tegra
2385 4201 2601 4258 precem
2659 4184 2729 4242 ad
2777 4187 2952 4243 Deum
3010 4185 3265 4260 dirigere.
3325 4188 3387 4244 In
3435 4203 3598 4245 carne
3655 4191 3797 4247 enim

2207 4284 2345 4343 orat,
2381 4275 2476 4348 qui
2507 4275 2719 4348 polluta
2769 4284 2951 4332 mente
2998 4284 3274 4349 precatur,
3307 4278 3506 4334 iterum
3539 4289 3802 4352 peccatu—

2205 4379 2320 4433 rus,
2358 4380 2472 4420 non
2501 4364 2568 4421 de
2615 4371 2816 4423 eventu
2847 4373 2943 4422 aut
2970 4365 3343 4439 subreptione,
3387 4367 3481 4424 sed
3514 4367 3582 4425 de
3610 4384 3800 4442 propo-

2207 4454 2336 4510 sito.
2371 4453 2478 4510 Sed
2510 4461 2688 4527 potest
2740 4471 2852 4512 non
2902 4456 3118 4528 peccari
3177 4454 3246 4512 ad
3305 4465 3557 4528 mortem,
3612 4460 3659 4515 si
3688 4477 3798 4532 per-

2209 4553 2521 4601 severanter
2576 4553 2781 4613 oretur,
2838 4552 2900 4602 ut
2954 4545 3173 4603 animus
3230 4547 3422 4605 sedula
3473 4556 3659 4604 mente
3721 4550 3797 4604 in-

503 4639 591 4695 dis
631 4647 688 4696 et
707 4610 1033 4696 hominibus
1064 4610 1567 4713 impossibilis'est';
1615 4653 1804 4701 monet
1834 4610 2103 4702 adversus
2129 4610 2178 4669 Β
2209 4639 2395 4690 tentus
2423 4633 2495 4690 δίε
2524 4650 2737 4708 semper
2764 4610 2850 4690 lin
2896 4636 2997 4691 Dei
3048 4636 3242 4708 ιθεθωι
3301 4653 3365 4693 ea
3410 4637 3684 4694 medium
3713 4637 3798 4694 die

505 4726 622 4785 hac
651 4744 802 4784 arma
827 4729 928 4784 Dei
961 4729 1247 4799 sumenda,
1302 4731 1462 4804 cujus
1507 4733 1680 4790 solius
1705 4734 1911 4791 virtute
1939 4753 2093 4807 supe-

505 4826 698 4874 rantur
715 4828 768 4874 et
795 4819 1161 4876 destruuntur
1186 4821 1375 4877 omnia
1402 4822 1844 4881 machinamenta
1864 4825 2090 4883 diaboli.

507 4908 625 4978 Ipse
647 4915 729 4961 est
777 4907 924 4963 enim
975 4909 1136 4981 cujus
1177 4910 1446 4968 satellites
1487 4919 1638 4983 sunt,
1675 4930 1812 4987 quos
1847 4915 2094 4972 tenebra-

506 5013 630 5054 rum
661 4995 856 5053 harum
902 4999 1042 5056 dicit
1071 5010 1328 5071 rectores,
1363 5002 1590 5074 spiritus
1623 5005 1965 5078 nequissimi,
1998 5007 2094 5079 qui

506 5087 713 5160 degunt
762 5089 822 5144 in
859 5091 1196 5162 calestibus,
1253 5095 1312 5150 in
1369 5095 1715 5153 ﬁrmamento
1757 5097 1972 5155 mundi.
2025 5098 2093 5155 Hi

493 5187 636 5238 sunt
665 5181 866 5236 erroris
899 5181 1086 5249 duces,
1135 5186 1488 5243 tenebrarum
1537 5197 1792 5258 rectores,
1840 5189 1945 5246 hoc
1990 5198 2091 5260 est,

509 5269 832 5344 ignorantia
885 5277 940 5327 et
985 5271 1230 5343 perﬁdia
1278 5279 1576 5348 prapositi.
1634 5281 1891 5338 Rectores
1944 5281 2091 5337 enim

584 5454 702 5526 (35)
731 5453 860 5512 Vet.
896 5451 1030 5526 edit.
1067 5469 1132 5509 ac
1159 5450 1381 5526 quidam
1414 5471 1569 5526 mss.,
1609 5459 1736 5516 Post
1779 5463 1956 5518 omnia
1992 5481 2092 5519 me-

584 5469 860 5582 (δδίὶνθῑ.
896 5469 1030 5510 eunt.
1067 5469 1132 5509 ac
1159 5469 1381 5580 quidam
1414 5471 1569 5526 mss.,
1609 5469 1736 5516 Post
1779 5469 1956 5518 omnia
1992 5481 2092 5519 me-

505 5525 658 5590 rita;
735 5542 846 5582 om.
873 5525 1008 5582 edit.
1043 5533 1098 5581 et
1143 5542 1172 5581 a
1201 5525 1411 5607 ii.mss.
1456 5570 1469 5584 .
1629 5573 1642 5587 .
1680 5535 1918 5607 monita;
1950 5536 2095 5591 infra

507 5612 750 5676 veroex
779 5614 908 5676 mss.
951 5613 1072 5653 nou-
1110 5600 1298 5676 paucis
1335 5600 1697 5676 reposuimus,
1735 5605 2095 5676 imprudentia

509 5667 733 5748 inimici,
761 5669 876 5748 ubi.
918 5667 1129 5748 omnes
1165 5668 1298 5727 edit.
1347 5667 1412 5727 et
1450 5687 1578 5728 mss.
1627 5667 1840 5748 aliquot
1867 5676 2093 5748 habent,

506 5738 832 5811 impudentia
855 5738 1078 5798 inimici.
1423 5770 1428 5774 ·

2209 4734 2479 4800 nocteque
2536 4743 2657 4800 qua
2711 4734 2858 4784 amat
2901 4729 3065 4785 Deus.
3124 4728 3279 4786 Tunc
3339 4737 3394 4785 et
3446 4743 3544 4799 pro
3597 4725 3798 4785 sanctis

2208 4826 2441 4888 possunt
2469 4833 2650 4885 orare;
2694 4834 2805 4874 non
2837 4825 2918 4874 est
2971 4818 3117 4874 enim
3153 4817 3442 4891 indignum
3481 4826 3544 4874 ut
3571 4835 3672 4891 pro
3712 4818 3788 4873 in-

2208 4910 2389 4966 vicem
2419 4909 2659 4967 sollicita
2705 4909 2818 4966 sint
2866 4907 3140 4966 membra:
3177 4925 3278 4967 nec
3319 4911 3674 4969 temerarium
3703 4925 3792 4983 po-

2209 5004 2340 5061 terit
2361 5002 2559 5072 videri,
2592 5002 2637 5060 si
2665 5019 2764 5076 pro
2797 5003 3058 5074 magistro
3100 5002 3360 5078 discipuli
3419 5005 3602 5066 idonei
3634 5008 3794 5064 inter-

2209 5095 2435 5166 pellent,
2455 5093 2782 5166 adjuvantes
2795 5111 2947 5162 eum,
2971 5105 3033 5153 ut
3053 5098 3371 5170 postpositis
3391 5098 3795 5172 impedimentis

2212 5184 2468 5242 libertate
2513 5193 2700 5243 utatur
2755 5185 2824 5242 ad
2881 5186 3314 5258 pradicandum,
3352 5189 3497 5246 sicut
3533 5189 3789 5245 traditum

2207 5283 2290 5332 est
2315 5275 2384 5333 ab
2412 5284 2665 5346 auctore,
2704 5291 2774 5332 ne
2812 5291 3032 5348 pressus
3083 5275 3143 5334 vi
3195 5275 3644 5349 tribulationum,
3682 5278 3789 5350 ipsa

2308 5464 2399 5535 36)
2432 5463 2590 5520 Rom.
2625 5461 2758 5535 edit.
2792 5460 2927 5529 sola,
2959 5462 3212 5519 adversus
3235 5463 3498 5519 versutias
3525 5450 3740 5519 diaboli.

2307 5532 2398 5606 37)
2431 5537 2557 5590 Mss.
2590 5534 2820 5606 aliquot,
2873 5535 2958 5589 Sic
2991 5536 3166 5604 itaque
3204 5535 3584 5607 s'uccingamus.
3623 5579 3633 5591 .
3672 5578 3684 5590 .
3720 5532 3789 5586 sic

2201 5609 2388 5681 parati
2415 5607 2598 5681 simus.
2635 5613 2738 5681 et?-

2281 5679 2397 5752 (38)
2429 5679 2586 5736 Rom.
2619 5676 2752 5734 edit.
2776 5677 2910 5746 sola,
2943 5678 3054 5732 oris
3079 5678 3180 5734 mei
3205 5695 3322 5734 cum
3362 5677 3618 5748 libertate,
3648 5685 3748 5733 etc.
