3970 6358
143 384 250 455 423

1186 389 1548 456 COMMENT.
1590 391 1673 456 IN.
1698 388 1914 456 EPIST.
1955 399 2052 455 AD
2090 391 2382 456 PHILIPP.

3325 399 3430 461 426

142 521 446 580 formidine
486 540 720 580 acumen
765 524 1030 581 doctrina
1076 523 1366 592 obtundat,
1416 523 1614 580 amissa
1641 541 1699 582 se
1720 557 1737 568 -
1765 527 1815 585 A
1844 523 2089 596 Ephesii.
2120 524 2199 580 De
2225 524 2510 596 Apostolo,
2544 525 2674 597 quia
2718 524 2908 580 divina
2945 535 3100 582 erant
3144 544 3264 600 quae
3293 545 3429 602 age-

141 613 391 673 veritate.
440 616 660 689 Duplici
703 617 873 690 igitur
935 633 1128 690 genere
1195 635 1295 691 pro
1353 635 1409 676 se
1463 621 1728 678 orandum

140 701 428 774 hortatur;
471 715 533 763 ut
577 714 632 762 et
671 723 866 764 sensus
907 707 1026 781 ejus
1067 708 1362 781 impleatur
1409 708 1608 781 spiritu
1665 711 1734 767 ad

137 795 510 868 eloquendum
550 798 708 870 plene
736 799 1085 871 mysterium,
1117 807 1170 854 et
1199 799 1430 856 facultas
1462 800 1545 856 illi
1573 801 1733 857 detur

134 885 383 942 audaciae
414 886 472 943 in
501 887 813 956 asserenda,
843 903 1004 961 quam
1035 887 1224 962 utique
1254 905 1469 961 precem
1498 889 1734 947 libenter

135 973 298 1030 audit
326 977 509 1043 Deus;
563 975 715 1032 videt
752 977 900 1033 enim
930 977 1255 1050 legationem
1304 996 1457 1036 suam
1489 979 1545 1036 in
1580 981 1728 1054 Apo-

134 1064 285 1120 stolo
311 1079 413 1119 suo
443 1063 675 1137 despici,
705 1065 851 1122 unde
886 1067 1076 1140 utique
1117 1067 1432 1140 indignatus
1477 1068 1534 1125 in
1569 1086 1732 1128 causa

133 1167 236 1207 sua
278 1167 388 1208 non
436 1153 656 1226 negabit
701 1155 977 1213 effectum.
1031 1155 1088 1212 Si
1119 1157 1266 1212 enim
1297 1159 1638 1215 consuetudo
1677 1166 1731 1215 et

134 1239 226 1296 lex
267 1248 351 1297 est
397 1241 587 1315 legatis
628 1242 919 1300 hominum
969 1261 1080 1301 non
1124 1245 1326 1303 inferre
1369 1247 1572 1304 exitia:
1623 1264 1730 1321 qua

132 1330 560 1402 praesumptione
589 1341 643 1389 et
670 1333 899 1390 audacia
919 1333 1111 1407 legatis
1134 1335 1232 1392 Dei
1262 1352 1373 1392 non
1394 1338 1572 1393 solum
1601 1339 1730 1392 exi-

130 1417 230 1487 tia,
276 1418 374 1475 sed
418 1428 473 1476 et
521 1438 668 1478 mors
720 1423 1028 1495 irrogaturl
1082 1424 1260 1492 Quare
1283 1435 1337 1482 et
1364 1426 1536 1484 dicit:
1585 1428 1728 1483 uPro

129 1523 244 1580 quo
291 1509 559 1581 legatione
600 1512 799 1586 fungor
838 1514 897 1570 in
944 1520 1159 1572 catena.
1198 1541 1216 1563 -
1259 1515 1380 1571 Non
1417 1515 1566 1572 enim
1597 1533 1730 1590 per—

128 1597 456 1655 mittebatur
495 1600 664 1657 libere
711 1602 884 1676 loqui,
929 1603 1024 1660 sed
1072 1604 1132 1659 in
1176 1603 1519 1675 subjectione
1546 1614 1600 1662 et
1638 1621 1728 1662 ne-

125 1686 380 1746 cessitate
422 1691 591 1747 verba
633 1693 734 1748 Dei
783 1693 1042 1763 referens,
1076 1685 1342 1764 vinculis;
1369 1697 1544 1769 plagis
1585 1697 1728 1754 sub—

118 1774 440 1848 jiciebatur,
492 1790 546 1837 et
598 1781 907 1839 mortibus:
957 1791 1013 1840 et
1064 1783 1338 1855 lapidatus
1377 1793 1458 1841 est
1503 1785 1650 1842 enim
1675 1793 1729 1842 et

122 1861 197 1920 ad
224 1865 427 1924 bestias
457 1871 722 1942 pugnavit
749 1870 952 1944 Ephesi
984 1873 1042 1944 (Ι
1071 1873 1196 1930 Cor.
1231 1889 1324 1943 xv,
1357 1875 1472 1947 32).

200 1954 384 2026 (Vers.
407 1957 497 2025 2i,
530 1953 648 2029 22.)
703 1982 721 2006 ι
751 1959 821 2016 Ut
847 1967 1031 2017 autem
1061 1961 1248 2019 sciatis
1277 1971 1332 2020 et
1376 1979 1476 2019 vos
1508 1979 1570 2019 ea
1600 1980 1721 2038 quae

120 2042 275 2099 circa
305 2059 393 2100 me
429 2054 595 2114 sunt;
629 2047 763 2120 quid
799 2064 953 2121 agam
983 2050 1142 2122 plene
1170 2059 1364 2107 notum
1411 2051 1575 2109 faciet
1612 2069 1721 2108 vo-

119 2130 212 2187 bis
257 2132 536 2205 Tychicus
581 2135 816 2194 dilectus
857 2137 1043 2206 frater,
1085 2148 1141 2196 et
1169 2138 1350 2195 ﬁdelis
1379 2140 1632 2197 minister
1659 2141 1718 2199 in

120 2221 395 2278 Domino:
429 2240 591 2298 quem
622 2225 748 2281 misi
776 2225 845 2282 ad
873 2243 972 2283 vos
1018 2227 1078 2283 in
1127 2226 1233 2285 hoc
1274 2227 1477 2302 ipsum,
1517 2239 1578 2287 ut
1614 2247 1718 2287 co-

119 2330 348 2396 gnoscat
393 2319 531 2377 251
583 2339 703 2397 quae
766 2325 912 2383 circa
957 2342 1055 2382 vos
1097 2335 1246 2396 sunt,
1295 2336 1349 2384 et
1400 2330 1717 2386 consoletur

118 2409 287 2468 corda
315 2421 514 2470 vestra.
548 2439 566 2462 ι
607 2415 710 2471 Per
742 2415 1047 2488 Tychicum
1068 2417 1296 2490 Ephesii
1329 2419 1550 2477 discunt
1580 2421 1716 2495 quid

117 2507 247 2573 agat
308 2503 624 2574 Apostolus,
673 2513 727 2561 et
773 2504 920 2562 idem
967 2508 1252 2580 cognoscit
1309 2508 1444 2583 quid
1490 2519 1714 2583 agerent

1751 1887 1798 1948 B

1841 614 1953 684 bat,
1993 613 2224 670 dubium
2259 631 2368 670 non
2398 621 2550 682 erat;
2601 613 2695 670 sed
2741 613 2846 669 hoc
2885 615 3168 672 sciendum
3207 627 3321 674 erat
3360 621 3428 676 de

1840 720 1926 770 eo,
1960 703 2093 778 quid
2141 712 2322 776 ageret
2358 703 2503 761 inter
2539 703 2798 776 perﬁdos,
2842 711 2896 759 et
2940 703 3169 761 insidias
3215 723 3424 764 eorum.

1840 795 1920 851 De
1964 793 2218 866 Ephesiis
2260 810 2392 850 vero
2439 792 2545 849 hoc
2588 791 3048 865 cognoscendum,
3090 793 3135 848 si
3188 794 3428 866 proﬁce-

1841 890 1984 951 rent,
2028 898 2219 939 necue.
2273 883 2341 938 Ut
2367 899 2496 954 ergo
2531 880 2840 950 obedirent,
2891 889 2945 937 et
2983 881 3217 938 libenter
3261 882 3430 938 audi-

1841 981 1962 1028 rent
1989 973 2159 1028 verba
2199 971 2452 1044 Tychici,
2497 971 2647 1028 hunc
2688 971 3056 1040 commendat,
3102 979 3158 1028 et
3202 972 3426 1028 fratrem

1840 1062 2007 1119 istum
2067 1059 2490 1118 dilectissimum
2567 1078 2792 1131 vocans,
2858 1068 2913 1117 et
2963 1061 3280 1119 ministrum
3327 1063 3428 1120 Dei

1839 1151 2120 1208 idoneum.

1924 1267 1942 1290 σ
1971 1242 2084 1298 Pax
2113 1242 2396 1311 fratribus,
2428 1251 2481 1300 et
2509 1241 2748 1300 charitas
2777 1259 2902 1299 cum
2941 1242 3049 1299 ﬁde
3077 1259 3108 1300 a
3136 1243 3250 1300 Deo
3269 1243 3430 1300 Patre

1837 1340 2048 1401 nostro,
2101 1340 2156 1388 et
2206 1331 2445 1389 Domino
2501 1332 2629 1389 Iesu
2681 1331 2919 1390 Christo.
2974 1358 2993 1381 ι
3055 1331 3248 1389 Pacem
3306 1349 3429 1405 qua;

1837 1430 1919 1478 est
1968 1420 2139 1492 janua
2187 1421 2524 1491 dilectionis,
2563 1429 2717 1495 optat
2779 1438 2894 1478 esse
2948 1438 3074 1480 cum
3142 1421 3424 1491 fratribus,

1837 1520 1891 1568 et
1941 1511 2266 1569 cbaritatem
2317 1529 2443 1570 cum
2492 1511 2638 1579 ﬁde;
2690 1520 2751 1568 ut
2794 1511 3024 1584 ingressi
3070 1528 3165 1584 per
3212 1528 3424 1585 pacem,

1837 1599 2050 1672 possint
2085 1616 2304 1656 manere
2338 1601 2396 1656 in
2439 1600 2726 1667 charitate,
2757 1617 2878 1672 quae
2907 1609 2990 1657 est
3030 1617 3101 1656 ex
3130 1601 3259 1658 ﬁde.
3301 1603 3430 1660 Haec

1837 1703 1919 1753 est
1965 1696 2114 1752 enim
2152 1696 2252 1753 Dei
2302 1696 2480 1753 Patris
2525 1704 2579 1754 et
2625 1696 2755 1753 Filii
2811 1695 2931 1768 ejus
2979 1697 3204 1754 Domini
3251 1698 3426 1754 nostri

1834 1783 1962 1841 Jesu
1999 1784 2227 1842 Christi.
3176 1805 3178 1808 '

1917 1909 1936 1934 ι
1978 1885 2166 1941 Gratia
2210 1901 2335 1941 cum
2383 1884 2642 1942 omnibus
2687 1885 2781 1959 qui
2833 1885 3075 1959 diligunt
3127 1887 3424 1944 Dominum

1829 1982 2080 2032 nostrum
2110 1974 2293 2031 Iesum
2320 1974 2605 2032 Christum
2636 1977 2695 2032 in
2723 1977 3155 2048 incorruptione.
3188 1979 3412 2033 Amen.-

1827 2065 2094 2122 Przescius
2164 2067 2464 2138 Apostolus
2555 2069 2757 2125 multos
2831 2069 3049 2126 futuros
3127 2068 3426 2141 desperatae

1828 2154 1956 2211 ﬁdei
2029 2172 2249 2214 sensum
2306 2157 2568 2215 habentes
2635 2158 2701 2214 de
2755 2159 2994 2216 Domino
3046 2167 3235 2216 nostro
3296 2161 3425 2218 Jesu

1826 2242 2068 2315 Christo,
2126 2263 2253 2304 cum
2310 2246 2380 2303 iis
2435 2256 2694 2304 aeternam
2748 2249 2976 2321 gratiam
3049 2248 3185 2306 dicit
3257 2266 3427 2307 man-

1821 2347 2006 2388 suram
2037 2333 2132 2406 qui
2158 2334 2397 2407 diligunt
2425 2335 2729 2405 Christum,
2768 2345 2911 2394 recte
2939 2335 3006 2394 de
3037 2337 3156 2406 illo,
3187 2347 3242 2396 et
3296 2357 3420 2397 cum

1821 2421 1922 2478 Dei
1971 2422 2145 2479 Patris
2207 2425 2492 2482 voluntate
2539 2427 2869 2496 sentientes;
2921 2426 3015 2501 qui
3065 2428 3212 2484 enim
3253 2429 3426 2502 dege—

1821 2527 2013 2568 nerem
2043 2513 2194 2570 hunc
2223 2513 2439 2585 dicunt,
2471 2515 2596 2573 data
2625 2516 2740 2572 illis
2779 2517 2952 2588 gratia
2980 2518 3278 2576 auferetur.

120 2654 3408 2686 ————.__._..___________________________

278 2807 411 2895 1N
483 2789 1252 2900 EPISTOLAM
1323 2809 1428 2897 B.
1507 2811 1901 2898 PAULI
1969 2813 2131 2902 AD
2205 2817 3254 2910 PHILIPPENSES.

722 3133 998 3192 PROLOG
1011 3133 1110 3191 US.

188 3237 636 3314 Philippensibus
679 3240 910 3298 verbum
959 3239 1086 3297 fidei
1115 3240 1416 3313 Apostolus
1443 3241 1710 3311 tradidit;

117 3332 341 3391 somnio
367 3332 515 3388 enim
549 3331 791 3388 monitus
820 3340 920 3400 est,
954 3331 1097 3388 sicut
1123 3331 1441 3388 continetur
1471 3331 1528 3387 in
1559 3331 1714 3389 Actis

114 3425 490 3496 apostolorum
527 3423 673 3494 (Act.
705 3438 825 3490 xvr,
855 3421 938 3491 9),
988 3429 1051 3476 ut
1098 3421 1379 3478 accederet
1405 3419 1474 3476 ad
1517 3435 1629 3486 eos,
1661 3429 1714 3475 et

115 3512 354 3585 aperiret
400 3527 558 3568 aures
605 3527 795 3567 eorum
852 3509 921 3565 ad
967 3509 1347 3581 recipiendum
1404 3525 1711 3566 sermonem

115 3601 363 3659 Domini.
394 3601 584 3658 Multis
612 3615 740 3672 ergo
763 3599 960 3655 diebus
987 3607 1358 3656 commoratus
1404 3597 1547 3670 apud
1599 3615 1710 3669 eos,

115 3690 388 3747 instruxit
410 3689 628 3747 eosdem
660 3689 718 3744 in
758 3687 1013 3744 doctrina
1044 3687 1288 3744 Domini.
1332 3688 1405 3743 Et
1433 3689 1563 3761 quia
1591 3698 1714 3761 post

113 3795 331 3836 cessum
394 3777 514 3850 ejus
564 3793 677 3834 non
731 3785 862 3833 sunt
916 3775 1166 3834 translati
1210 3775 1278 3832 ad
1349 3775 1522 3845 aliud,
1569 3778 1713 3834 sicut

114 3867 360 3925 Galatae:
408 3865 504 3924 sed
550 3875 972 3942 permanserunt
1000 3867 1059 3922 in
1087 3865 1216 3934 ﬁde,
1248 3883 1359 3922 non
1385 3867 1712 3939 recipientes

113 3957 634 4031 pseudoapostolos;
667 3974 764 4030 per
791 3957 1078 4029 epistolam
1108 3956 1386 4014 collaudat
1430 3973 1543 4026 eos,
1585 3975 1710 4031 gau-

114 4044 254 4103 dens
297 4045 355 4101 in
397 4046 676 4120 proposito
726 4045 909 4103 cordis
964 4061 1175 4102 eorum.
1222 4047 1284 4102 In
1323 4046 1521 4103 horum
1553 4046 1711 4104 laude

110 4135 353 4192 aliorum
417 4135 749 4210 vituperatio
811 4136 1162 4194 continetur:
1238 4135 1515 4196 Corinthii
1561 4139 1710 4195 enim

112 4225 299 4281 multo
326 4233 574 4297 tempore
603 4223 890 4282 audientes
919 4225 1268 4299 Apostolum,
1312 4226 1598 4284 recedente
1623 4244 1709 4298 eo,

111 4335 144 4373 a
193 4315 428 4373 diversis
474 4315 946 4390 pseudoapostolis
1010 4317 1229 4375 fuerant
1281 4319 1494 4377 eversi:
1563 4319 1710 4377 unde

113 4406 208 4462 isti
234 4404 361 4476 jure
385 4405 699 4463 laudantur.

652 4537 882 4597 CAPUT
905 4537 1199 4596 PRIMUM.

189 4645 374 4718 (Vers.
405 4646 484 4718 1.)
529 4670 548 4696 ι
576 4646 778 4704 Paulus
805 4655 860 4704 et
887 4646 1211 4704 Timotheus
1237 4646 1383 4704 servi
1405 4647 1532 4704 Jesu
1551 4646 1708 4706 Chri-

112 4736 208 4793 sti.
239 4760 259 4786 ι
323 4738 652 4810 Apostolum
697 4755 754 4795 se
800 4745 962 4808 tacet,
1007 4739 1137 4812 quia
1181 4738 1250 4795 iis
1293 4737 1487 4796 scribit
1515 4739 1611 4812 qui
1640 4737 1708 4796 de

112 4825 216 4881 illo
245 4834 392 4883 recta
422 4828 722 4896 sentirent;
758 4829 882 4886 ideo
922 4828 1244 4902 dignitatem
1288 4845 1442 4885 suam
1480 4829 1709 4901 suppri-

113 4919 242 4988 mit,
287 4927 404 4975 erat
449 4920 598 4977 enim
649 4920 736 4976 his
790 4920 1118 4978 manifesta:
1163 4920 1538 4978 conditionem
1577 4937 1707 4978 vero

113 5007 354 5076 fatetur;
404 5009 534 5083 quia
580 5010 676 5084 qui
722 5009 1004 5070 Christum
1053 5010 1348 5068 conﬁtetur
1394 5010 1705 5081 dominum,

113 5099 206 5156 his
244 5101 418 5172 magis
459 5100 598 5157 liber
643 5111 746 5170 est,
794 5109 849 5160 et
887 5101 1051 5158 habet
1077 5103 1331 5158 salutem.
1375 5128 1394 5152 ι
1437 5102 1707 5160 Omnibus

112 5189 320 5246 sanctis
348 5190 406 5246 in
449 5189 669 5248 Christo
698 5193 845 5250 Jesu.
879 5217 898 5243 ι
942 5193 1155 5250 Sanctis
1183 5193 1375 5249 scribit
1404 5210 1555 5250 more
1583 5211 1703 5263 suo,

113 5278 209 5334 sed
247 5277 341 5351 qui
371 5277 429 5334 in
448 5279 669 5337 Christo
687 5281 814 5337 .lesu
833 5281 1005 5337 sancti
1026 5288 1174 5348 sunt,
1199 5280 1255 5336 id
1284 5289 1385 5348 est,
1409 5283 1500 5354 qui
1528 5283 1701 5338 Deum

111 5375 167 5422 et
223 5365 506 5425 hominem
566 5368 848 5427 Christum
898 5369 1176 5439 fatentur;
1238 5369 1508 5426 Photinus
1554 5370 1702 5426 enim

113 5455 397 5512 Christum
445 5457 619 5514 Deum
665 5467 844 5532 negat,
893 5465 948 5515 et
993 5458 1326 5515 Manichaeus
1378 5457 1698 5518 hominem:

115 5542 349 5616 ideoque
393 5544 669 5604 immundi
720 5556 868 5605 sunt.
913 5547 1036 5604 Non
1081 5563 1211 5620 ergo
1261 5547 1328 5604 iis
1357 5547 1574 5614 scribit,
1605 5546 1701 5621 qui

115 5631 415 5689 mendaciis
462 5636 699 5708 propriis
743 5637 1092 5712 supprimunt
1146 5637 1454 5694 veritatem.
1527 5663 1546 5686 ι
1595 5637 1701 5706 Qui

114 5730 243 5780 sunt
291 5718 584 5797 Philippis.
617 5750 636 5774 ι
676 5725 885 5794 Quibus
918 5728 1144 5799 scribat,
1173 5727 1465 5802 signiﬁcat.
1513 5752 1531 5778 ‹
1560 5726 1699 5787 Cum

358 5823 602 5885 Panos.
641 5825 797 5886 XVII

1743 3119 1786 3181 C
1817 3116 2089 3191 episcopis
2143 3127 2197 3176 et
2229 3119 2582 3192 diaconibus;
2617 3149 2636 3175 ι
2693 3124 2798 3182 hoc
2825 3133 2927 3196 est,
2977 3143 3103 3185 cum
3154 3129 3325 3186 Paulo
3357 3138 3412 3187 et

1822 3206 2134 3279 Timotheo,
2162 3211 2257 3283 qui
2289 3213 2480 3286 utique
2514 3215 2754 3288 episcopi
2803 3226 2994 3286 erant;
3027 3220 3193 3275 simul
3225 3222 3410 3293 signi—

1821 3296 2010 3358 ﬁcavit
2033 3309 2087 3356 et
2114 3298 2397 3367 diaconos,
2428 3304 2521 3375 qui
2559 3304 2947 3362 ministrabant
2976 3308 3046 3363 ei.
3080 3307 3164 3363 Ad
3195 3309 3406 3379 plebem

1821 3389 1969 3444 enim
2015 3389 2244 3458 scribit;
2278 3408 2404 3447 nam
2435 3392 2480 3448 si
2511 3393 2780 3465 episcopis
2808 3395 3093 3463 scriberet,
3126 3403 3179 3450 et
3209 3397 3414 3454 diaco-

1821 3477 2006 3545 nibus,
2043 3477 2112 3533 ad
2158 3493 2417 3550 personas
2457 3497 2647 3536 eorum
2678 3482 2959 3550 scriberet,
3009 3493 3063 3540 et
3107 3484 3210 3541 loci
3243 3485 3416 3556 ipsius

1821 3565 2076 3638 episcopo
2113 3566 2464 3624 scribendum
2513 3578 2648 3639 erat,
2693 3587 2801 3626 non
2832 3571 3066 3642 duobus,
3100 3573 3184 3628 vel
3213 3573 3410 3641 tribus,

1819 3651 1962 3709 sicut
1990 3661 2044 3710 et
2071 3655 2140 3710 ad
2172 3656 2358 3713 Titum
2391 3666 2445 3713 et
2475 3659 2848 3718 Timotheum.

1893 3743 2076 3816 (Vers.
2108 3743 2190 3816 2.)
2236 3770 2254 3793 ι
2288 3744 2475 3802 Gratia
2521 3747 2679 3805 vobis
2733 3758 2787 3805 et
2841 3766 2947 3822 pax
3002 3767 3034 3806 a
3085 3753 3198 3808 Deo
3256 3752 3413 3808 Patre

1820 3840 2032 3902 nostro,
2078 3842 2132 3890 et
2171 3835 2408 3891 Domino
2435 3836 2562 3893 Iesu
2609 3836 2852 3895 Christo.
2893 3864 2911 3886 ι
2951 3840 3300 3897 Manifestum
3330 3850 3412 3898 est

1818 3923 1991 3978 Deum
2023 3932 2231 3996 patrem
2261 3941 2397 3994 esse,
2429 3926 2709 3983 Christum
2741 3944 2871 3983 vero
2897 3928 3081 3985 Iesum
3111 3930 3409 3986 Dominum

1819 4019 2088 4068 nostrum.
2136 4012 2418 4086 Numquid
2447 4031 2558 4071 non
2586 4015 2808 4073 videtur
2850 4018 2972 4090 plus
3010 4017 3268 4075 dominus
3295 4035 3411 4075 esse

1818 4115 1981 4172 quam
2031 4102 2228 4173 pater?
2273 4103 2378 4159 Sed
2425 4104 2570 4160 inter
2610 4104 2861 4162 homines
2890 4107 2948 4162 in
2989 4107 3230 4164 mundo:
3265 4109 3410 4181 apud

1818 4193 1993 4249 Deum
2034 4209 2166 4250 vero
2211 4194 2450 4264 Patrem,
2489 4205 2544 4253 et
2589 4197 2735 4270 apud
2784 4198 3070 4256 Christum
3117 4199 3407 4256 dominum

1817 4281 2114 4339 concordia
2145 4291 2245 4340 est.
2292 4285 2394 4343 Hic
2432 4285 2602 4355 enim,
2654 4286 2760 4344 hoc
2789 4296 2888 4356 est,
2935 4289 2995 4344 in
3024 4289 3254 4358 mundo,
3283 4289 3407 4345 ideo

1818 4379 1941 4453 plus
1969 4389 2052 4437 est
2095 4381 2355 4440 dominus
2406 4401 2568 4460 quam
2616 4395 2808 4459 pater;
2841 4389 2970 4461 quia
3015 4395 3108 4444 aut
3145 4396 3198 4444 et
3231 4389 3405 4460 ipsius

1739 4480 1790 4540 ι)
1818 4468 1988 4540 patris
2017 4469 2277 4529 dominus
2317 4483 2420 4540 est,
2467 4484 2562 4532 aut
2591 4481 2744 4548 pater
2769 4475 2948 4532 ﬁlium
2975 4493 3087 4532 non
3127 4493 3237 4532 suae
3260 4493 3407 4533 con-

1816 4557 2044 4616 ditionis
2095 4573 2335 4634 generat,
2383 4564 2480 4621 sed
2521 4565 2748 4622 alienae:
2791 4566 2937 4622 Deus
2983 4573 3165 4621 autem
3195 4566 3274 4622 sic
3303 4582 3406 4636 ge—

1816 4649 1959 4716 nuit,
1991 4658 2054 4706 ut
2099 4649 2158 4706 in
2188 4660 2454 4724 potestate
2481 4653 2598 4726 ejus
2626 4654 2740 4710 sint
2766 4669 2902 4726 quos
2932 4653 3144 4725 genuit;
3198 4661 3259 4708 ut
3288 4655 3401 4708 nati

1815 4735 2062 4810 ingenui,
2114 4741 2259 4797 servi
2305 4750 2489 4798 tamen
2546 4741 2665 4813 ejus
2705 4743 2849 4799 sint:
2899 4759 3022 4799 cum
3073 4742 3173 4798 hos
3231 4743 3403 4797 tradit

1815 4827 2037 4900 proprio
2090 4829 2254 4898 Filio,
2300 4829 2433 4887 facit
2488 4831 2614 4886 illos
2670 4830 2834 4887 etiam
2891 4847 3076 4887 servos
3132 4830 3260 4887 Filii
3293 4833 3398 4899 sui,

1815 4923 1877 4972 ut
1921 4916 1994 4973 sit
2032 4916 2290 4974 dominus
2341 4935 2551 4986 eorum,
2603 4921 2745 4974 sicut
2800 4919 2970 4976 dicit:
3030 4921 3208 4989 Pater,
3267 4937 3404 4994 quos

1813 5004 2015 5061 dedisti
2044 5006 2203 5075 mihi,
2237 5007 2317 5061 tui
2347 5016 2501 5062 erant
2531 5006 2711 5078 (Joan.
2746 5025 2884 5076 xvn,
2913 5010 2995 5080 9),
3027 5017 3080 5066 et
3113 5009 3249 5064 mihi
3310 5027 3404 5066 eos

1813 5095 2014 5152 dedisti
2038 5114 2052 5163 ;
2087 5105 2148 5152 ut
2177 5097 2234 5150 in
2260 5097 2416 5152 Patre
2440 5104 2494 5152 et
2519 5097 2660 5152 Filio
2689 5099 2834 5154 servi
2867 5099 2980 5156 sint
3011 5101 3109 5156 Dei
3139 5101 3326 5158 unius.

1889 5189 2064 5261 (Vers.
2115 5188 2167 5257 3,
2215 5187 2269 5257 4,
2298 5189 2380 5260 5.)
2437 5215 2453 5237 ι
2482 5190 2597 5262 Ego
2627 5191 2849 5264 quidem
2867 5195 3068 5265 gratias
3091 5211 3191 5268 ago
3217 5197 3400 5252 Domi-

1813 5294 1884 5333 no
1914 5293 2076 5348 super
2123 5277 2276 5333 omni
2325 5279 2587 5335 memoria
2628 5282 2818 5350 vestri,
2869 5300 3082 5356 semper
3135 5284 3192 5339 in
3246 5285 3398 5339 omni

1811 5366 2060 5423 oratione
2096 5385 2214 5424 mea
2263 5385 2358 5441 pro
2403 5368 2661 5428 omnibus
2697 5371 2854 5428 vobis
2879 5389 3005 5428 cum
3038 5373 3236 5446 gaudio
3266 5391 3400 5430 ora-

1810 5457 2016 5512 tionem
2061 5456 2289 5526 faciens,
2340 5475 2504 5531 super
2554 5461 3052 5518 communicatione
3112 5470 3294 5519 vestra
3340 5464 3399 5518 in

1809 5545 2131 5618 Evangelia.
2163 5572 2183 5598 υ
2225 5547 2473 5604 Primum
2503 5549 2727 5623 quidem
2763 5550 3000 5606 Domino
3031 5549 3233 5622 gratias
3261 5553 3398 5624 agit,

1808 5634 1965 5708 cujus
2021 5645 2163 5693 nutu
2209 5653 2466 5711 prospera
2511 5638 2700 5695 omnia
2747 5637 2950 5696 cedunt
3008 5639 3285 5697 ﬁdelibus.
3337 5641 3398 5696 In

1809 5727 1963 5786 omni
2015 5729 2262 5787 oratione
2315 5747 2414 5788 sua
2474 5746 2684 5787 memor
2756 5746 2946 5787 eorum
3018 5749 3145 5790 cum
3202 5732 3398 5787 exsul»

3005 5833 3072 5890 ﬂ
