3970 6352
524 349 631 410 427

1541 347 1637 404 AD
1676 310 1910 406 OPERA
1953 349 2007 405 s.
2052 349 2383 406 AMBROSII
2425 344 2800 407 APPENDIX.

3721 339 3834 407 428

524 475 754 541 tatione,
796 472 944 546 quod
993 474 1287 546 participes
1332 475 1461 532 facti
1493 476 1605 532 sint
1628 474 1939 548 Evangelii,
1971 475 2115 534 sicut
2144 479 2194 537 A
2228 475 2425 532 timore
2472 475 2700 532 verbum
2742 476 2844 532 Dei
2891 476 3062 549 loqui.
3109 475 3221 532 Alii
3252 473 3482 548 quidem
3517 483 3572 533 et
3602 484 3837 549 propter

519 565 714 622 Petrus
756 562 1253 636 apostolus,.inter
1299 573 1494 622 cratera
1541 565 1728 622 dicens
1763 583 1774 620 :
1821 591 1852 633 ι,
1871 566 1941 622 Ut
1978 566 2118 635 sitis,

523 654 730 729 inquit,
758 663 1036 712 consortes
1066 653 1272 710 divinae
1300 662 1513 712 naturae
1563 657 1652 728 (II
1695 658 1838 713 Petr.
1892 674 1931 725 1,
1976 657 2056 729 4).
2089 683 2108 707 ι

608 767 628 792 ι
665 747 715 802 Α
760 745 938 817 prima
989 744 1078 801 die
1136 761 1304 818 usque
1351 762 1519 803 nunc.
1570 770 1588 793 ι
1655 745 1917 801 Praevidit
1970 748 2119 803 enim

521 835 820 908 Apostolus
857 834 1207 890 devotionem
1229 834 1482 902 illorum,
1512 844 1564 892 et
1592 835 1756 890 ﬁdem
1793 845 1964 891 ratam
2000 835 2116 908 (39)

522 940 594 981 ex
645 924 783 996 ipsis
829 922 1146 996 principiis,
1190 932 1245 980 et
1301 925 1520 996 gavisus
1562 933 1644 982 est
1688 925 1747 981 in
1775 927 1875 995 eis,
1907 943 2120 1000 semper

521 1013 702 1073 sciens
730 1031 823 1070 eos
848 1015 1040 1070 multis
1067 1015 1322 1086 exemplo
1351 1031 1466 1070 esse
1496 1015 1729 1072 futuros.

605 1108 751 1168 252
803 1112 985 1185 (Vers.
1020 1113 1073 1181 6,
1134 1111 1213 1185 7.)
1257 1137 1275 1160 ι
1308 1113 1602 1170 Conﬁdens
1646 1114 1704 1169 in
1753 1113 1858 1170 hoc
1910 1116 2114 1187 ipsum,

521 1202 671 1279 quod
713 1201 809 1274 qui
841 1200 1125 1258 inchoavit
1151 1199 1210 1256 in
1254 1201 1415 1259 vobis
1444 1219 1582 1274 opus
1609 1201 1838 1269 bonum,
1870 1204 2115 1276 perﬁciet

519 1308 693 1366 usque
739 1291 799 1348 in
848 1291 992 1347 diem
1040 1289 1248 1347 Christi
1276 1292 1424 1361 Jesu,
1456 1292 1599 1349 sicut
1630 1300 1711 1349 est
1728 1291 1941 1363 justum
1974 1293 2112 1349 mihi

519 1383 640 1441 haec
669 1383 871 1440 sentire
904 1398 1003 1454 pro
1033 1381 1292 1439 omnibus
1332 1381 1524 1451 vobis;
1578 1399 1642 1438 eo
1688 1384 1836 1455 quod
1882 1383 2111 1440 habeam

519 1493 622 1535 vos
649 1476 706 1530 in
735 1474 898 1532 corde
935 1482 987 1530 et
1017 1472 1073 1528 in
1104 1474 1344 1531 vinculis
1369 1475 1526 1544 meis,
1547 1475 1674 1532 etin
1703 1475 1768 1531 de
1793 1478 2039 1534 fensione
2061 1487 2114 1536 et

520 1565 940 1626 conﬁrmatione
995 1565 1325 1638 Evangelii;
1397 1567 1657 1638 quoniam
1724 1584 1915 1624 omnes
1971 1568 2110 1624 mihi

519 1657 817 1732 participes
855 1655 1055 1730 .gaudii
1105 1655 1255 1712 estis.
1288 1680 1307 1703 ι
1353 1655 1587 1714 Securus
1638 1657 1707 1712 de
1755 1659 2000 1716 bonitate
2057 1667 2112 1715 et

514 1745 732 1821 justitia
760 1747 880 1815 Dei,
913 1753 966 1802 et
999 1744 1066 1800 de
1097 1745 1294 1802 horum
1323 1745 1431 1801 fide
1462 1763 1573 1801 non
1603 1746 1908 1819 ambigens,
1941 1748 2108 1805 conﬁ-

2231 566 2498 622 invidiam
2530 577 2584 624 et
2625 567 3064 623 contentionem:
3101 565 3324 639 quidam
3356 583 3487 626 vero
3516 574 3571 622 et
3601 575 3834 638 propter

2229 655 2426 711 bonam
2446 656 2784 712 voluntatem
2809 656 3091 714 Christum
3113 655 3433 728 praedicant.
3456 656 3569 712 Alii
3601 655 3833 730 quidem

2229 763 2297 803 ex
2316 747 2602 817 charitate,
2633 748 2866 805 scientes
2888 748 3032 822 quod
3049 747 3107 803 in
3135 747 3508 804 defensionem
3538 747 3835 820 Evangelii

2227 837 2440 908 positus
2476 855 2633 893 sum:
2669 839 2842 911 aliqui
2883 854 3012 894 vero
3057 854 3125 894 ex
3155 837 3507 893 contentione
3540 836 3834 894 Christum

2225 927 2582 997 annuntiant,
2605 944 2714 983 non
2745 927 3072 1000 simpliciter
3100 927 3481 984 existimantes
3513 927 3661 1000 quod
3682 943 3834 1000 pres-

2225 1033 2408 1073 suram
2437 1017 2704 1075 suscitent
2733 1019 2974 1075 vinculis
3012 1018 3168 1074 meis.
3203 1043 3220 1066 ι
3267 1018 3392 1074 Haec
3441 1018 3838 1090 explanatione

2225 1123 2335 1162 non
2375 1107 2666 1180 indigent;
2717 1116 2920 1178 tamen,
2969 1115 3190 1181 propter
3227 1107 3663 1165 sollicitudinem
3718 1125 3838 1164 no-

2223 1205 2414 1264 stram,
2448 1212 2517 1251 ne
2557 1213 2663 1270 qua
2693 1199 2750 1252 in
2783 1198 3013 1254 dubium
3046 1198 3294 1267 veniant,
3325 1214 3419 1270 per
3457 1197 3710 1254 ordinem
3772 1212 3839 1252 ea

2221 1285 2464 1358 apertius
2495 1304 2908 1360 prosequamur.
2941 1288 3218 1356 Quoniam
3261 1287 3515 1360 superius
3535 1287 3838 1360 participes

2221 1374 2321 1431 hos
2352 1376 2535 1448 gaudii
2567 1378 2652 1434 sui
2702 1378 3110 1450 pronuntiavit,
3172 1378 3296 1434 ideo
3346 1377 3481 1451 quid
3537 1377 3840 1450 profecerit

2219 1465 2535 1538 praedicatio
2564 1467 2682 1540 ejus
2712 1469 2978 1540 insinuat,
3013 1472 3176 1543 quasi
3203 1468 3412 1536 charis;
3441 1469 3519 1524 ita
3545 1478 3608 1527 ut
3635 1467 3840 1524 omni-

2218 1553 2322 1612 bus
2342 1554 2686 1614 innotuerint
2715 1560 2995 1630 passiones
3020 1559 3146 1631 ejus
3167 1575 3266 1633 pro
3289 1559 3529 1618 Christo.
3561 1559 3665 1615 Per
3685 1558 3838 1614 hanc

2220 1643 2591 1703 humilitatem
2619 1649 2918 1721 gloriosum
2947 1666 3004 1707 se
3028 1650 3268 1720 indicat,
3301 1659 3369 1707 ut
3396 1650 3632 1707 habeant
3661 1665 3842 1706 occa-

2219 1735 2432 1792 sionem
2460 1736 2735 1809 gaudendi
2776 1747 3046 1796 amatores
3086 1740 3241 1813 ejus;
3279 1742 3409 1814 quia
3427 1739 3581 1813 cujus
3606 1739 3843 1797 vincula

519 1835 604 1893 dit
633 1834 780 1909 quod
811 1836 910 1892 Dei
952 1835 1178 1892 auxiliis
1213 1835 1411 1907 adjuti,
1462 1837 1862 1907 perseveraturi
1900 1838 2011 1894 sint
2059 1838 2115 1895 in
2142 1848 2190 1910 Β
2223 1827 2280 1882 in
2325 1827 2549 1886 Christo
2590 1832 3035 1902 manifestantur,
3078 1832 3322 1906 dignitas
3349 1832 3468 1904 ejus
3514 1831 3842 1889 crebrescit.

519 1924 628 1981 ﬁde
682 1941 856 1997 usque
913 1924 983 1980 ad
1031 1924 1178 1980 diem
1226 1924 1474 1993 Domini,
1506 1925 1562 1980 in
1593 1942 1701 1999 quo
1731 1926 2117 1983 remunerandi

521 2022 653 2072 sunt
690 2015 1039 2087 persistentes
1087 2015 1144 2069 in
1183 2013 1310 2070 ﬁde.
1365 2015 1473 2072 Nec
1513 2015 1664 2071 aliud
1713 2016 1904 2073 debuit
1937 2017 2004 2074 de
2033 2017 2119 2072 his

521 2103 748 2172 sentire,
782 2119 918 2176 quos
961 2118 1174 2175 semper
1222 2103 1556 2162 inflexibiles
1601 2105 1658 2160 in
1687 2104 1981 2161 devotione
2017 2105 2118 2160 Dei

522 2199 782 2266 expertus
808 2199 909 2260 est,
942 2199 1053 2248 tam
1083 2191 1352 2248 directum
1379 2199 1434 2248 et
1464 2193 1862 2265 infatigabilem
1893 2209 2115 2249 cursum

521 2301 713 2342 eorum
734 2283 948 2351 videns,
984 2290 1045 2339 ut
1072 2283 1334 2356 cogitaret
1361 2283 1556 2357 dignos
1601 2282 1702 2338 hos
1730 2283 1834 2339 sibi
1881 2282 2117 2355 partici-

521 2389 618 2449 pes
651 2373 835 2449 gaudii
863 2389 998 2431 esse.
1030 2373 1204 2430 Unius
1236 2374 1383 2430 enim
1414 2374 1542 2430 ﬁdei
1574 2372 1826 2428 homines
1864 2388 2114 2444 congau-

475 2507 482 2512 -
522 2463 652 2522 dere
693 2472 908 2538 oportet
954 2463 1022 2520 de
1069 2480 1164 2538 spe
1203 2463 1400 2520 futurae
1432 2461 1865 2519 immortalitatis
1903 2470 1956 2518 et
1990 2463 2116 2534 glo-

521 2569 640 2614 riae.

598 2643 780 2718 (Vers.
813 2643 896 2718 8.)
943 2669 961 2692 ι
991 2643 1167 2700 Testis
1196 2641 1342 2698 enim
1375 2640 1514 2696 mihi
1555 2647 1637 2696 est
1664 2639 1828 2709 Deus,
1862 2641 2116 2714 quemad.

521 2733 750 2792 modum
797 2733 1102 2792 desiderem
1141 2748 1330 2789 omnes
1390 2748 1488 2788 vos
1538 2730 1596 2784 in
1650 2730 1957 2788 visceribus
1991 2733 2119 2788 Jesu

521 2822 753 2884 Christi.
803 2849 822 2874 ι
877 2825 1050 2880 Deum
1101 2829 1351 2889 testatur,
1385 2828 1446 2876 ut
1477 2819 1732 2876 affectum
1772 2821 2120 2877 commendet

518 2912 657 2986 justi
695 2912 852 2985 (40);
905 2912 1000 2984 qui
1049 2910 1195 2966 enim
1248 2909 1484 2966 multum
1525 2908 1590 2964 de
1623 2909 1809 2983 aliquo
1839 2910 2028 2981 sentit,
2057 2919 2120 2968 ut

521 3001 790 3061 credibile
823 2998 930 3055 hoc
957 2998 1141 3065 faciat,
1174 2998 1531 3054 testiﬁcatur:
1581 3015 1677 3070 per
1717 3000 1864 3073 quod
1893 3009 1947 3057 et
1983 3017 2120 3073 pro-

523 3098 686 3147 vocat
733 3086 1066 3142 desiderium
1125 3084 1351 3140 illorum
1408 3101 1535 3157 erga
1581 3103 1672 3156 se,
1717 3094 1780 3143 ut
1827 3088 2120 3145 desiderati

525 3175 856 3234 desiderent.
889 3174 1176 3232 Desiderat
1204 3191 1332 3247 ergo
1365 3191 1555 3232 omnes
1604 3175 1706 3232 hos
1733 3193 1845 3232 non
1879 3176 2121 3236 humana

524 3266 850 3341 cupiditate,
882 3263 976 3321 sed
994 3265 1052 3322 in
1081 3281 1266 3322 amore
1296 3265 1525 3336 Christi,
1557 3283 1668 3322 non
1689 3267 1869 3324 carnis
1897 3268 2115 3338 affectu,

524 3359 620 3417 sed
649 3357 914 3430 spiritus;
953 3365 1015 3414 ut
1043 3357 1336 3431 participes
1384 3357 1485 3414 hos
1518 3357 1713 3414 habeat
1759 3366 1814 3416 et
1859 3359 1918 3416 in
1956 3377 2118 3416 sensu

525 3447 778 3523 mysterii
806 3447 1136 3519 divinitatis,
1167 3456 1221 3507 et
1247 3449 1643 3507 incarnationis
1671 3449 1896 3507 Domini
1943 3450 2119 3506 nostri

523 3537 652 3595 Jesu
685 3536 913 3595 Christi.

601 3626 784 3700 (Vers.
815 3629 870 3696 9,
903 3627 989 3697 10,
1024 3627 1138 3700 11.)
1177 3651 1196 3676 ι
1225 3628 1297 3684 Et
1316 3627 1424 3686 hoc
1451 3645 1550 3686 oro
1573 3637 1636 3686 ut
1663 3628 1902 3686 charitas
1939 3635 2122 3685 vestra

527 3718 702 3790 magis
761 3716 1042 3790 magisque
1097 3717 1340 3774 abundet
1391 3717 1451 3774 in
1506 3719 1789 3791 agnitione
1855 3727 1910 3775 et
1968 3719 2119 3775 omni

526 3825 710 3878 sensu,
739 3816 803 3864 ut
832 3808 1073 3882 probetis
1101 3825 1221 3883 quae
1261 3818 1390 3866 sunt
1418 3810 1611 3867 utilia:
1645 3821 1707 3868 ut
1754 3811 1874 3867 sitis
1921 3810 2121 3868 sinceri

527 3905 584 3956 et
611 3897 869 3955 inoﬁ'ensi
919 3899 976 3954 in
1006 3897 1154 3954 diem
1185 3898 1413 3968 Christi,
1448 3899 1640 3972 repleti
1677 3899 1862 3956 fructu
1886 3899 2120 3972 justitize

528 4002 626 4060 per
673 3987 860 4044 Jesum
909 3988 1194 4047 Christum
1239 3989 1297 4044 in
1328 3989 1556 4061 gloriam
1604 3998 1658 4045 et
1689 3989 1907 4046 laudem
1936 3989 2057 4047 Dei.
2088 4015 2106 4038 ι

528 4077 646 4134 Deo
674 4077 947 4149 adjutore,
995 4077 1248 4135 ordinem
1295 4077 1602 4151 disciplinae
1655 4079 1971 4136 christiana!
1999 4081 2123 4136 vult

530 4181 624 4222 eos
652 4165 900 4223 imbuere
924 4185 937 4235 ;
967 4175 1028 4222 ut
1057 4167 1186 4239 quia
1221 4166 1422 4222 ﬁrmati
1455 4167 1516 4223 in
1557 4167 1664 4223 ﬁde
1692 4176 1843 4236 sunt,
1872 4185 1983 4225 non
2012 4169 2124 4226 sint

530 4257 707 4314 nescii
755 4257 1084 4316 sacramenti
1131 4257 1472 4316 credulitatis
1520 4276 1663 4316 suae:
1697 4267 1752 4316 et
1779 4261 2012 4318 scientes
2040 4262 2121 4318 di-

531 4367 780 4410 scernere
799 4351 962 4408 utilia
987 4367 1018 4407 a
1045 4351 1357 4418 contrariis,
1381 4351 1612 4423 justitiaa
1641 4351 1898 4424 operibus
1926 4361 2125 4410 ornent

532 4440 842 4498 doctrinam
871 4441 1117 4509 Domini,
1147 4440 1387 4498 fructum
1420 4442 1680 4498 facientes
1725 4442 2123 4500 immortalita-

530 4532 606 4589 tis
634 4531 702 4588 ad
727 4531 1107 4589 abuntantiam
1139 4531 1389 4588 omnium
1419 4532 1713 4601 bonorum,
1755 4540 1818 4589 ut
1854 4533 2124 4606 gloriosus

531 4621 592 4678 in
620 4620 709 4678 his
737 4629 958 4695 apparet
988 4622 1245 4695 magister
1274 4622 1543 4695 gentium.

606 4712 788 4785 (Vers.
841 4712 1064 4786 12-17.)
1127 4736 1146 4760 ‹
1177 4713 1326 4770 Scire
1380 4721 1560 4768 autem
1604 4727 1703 4768 vos
1732 4711 1878 4781 volo,
1907 4713 2123 4782 fratres,

533 4800 680 4873 quod
707 4818 828 4875 quae
859 4803 927 4858 ad
956 4819 1043 4859 me
1065 4802 1360 4876 pertinent,
1384 4802 1452 4858 ad
1478 4800 1782 4872 profectum
1807 4802 1922 4875 (41)
1947 4804 2124 4858 Evan-

537 4893 666 4964 gelii
724 4905 1023 4964 venerunt;
1073 4898 1152 4954 ita
1205 4904 1268 4953 ut
1321 4895 1546 4952 vincula
1594 4911 1715 4952 mea
1743 4896 2032 4952 manifesta
2069 4896 2126 4952 in

537 4979 760 5038 Christo
787 4983 930 5040 facta
960 4984 1072 5041 sint
1109 4985 1164 5040 in
1201 4983 1354 5042 omni
1397 4984 1672 5058 praetorio,
1725 4994 1778 5041 et
1819 4984 1877 5040 in
1916 4984 2128 5042 caeteris

537 5072 833 5141 omnibus;
855 5082 1025 5148 utque
1052 5077 1236 5148 plures
1263 5094 1334 5134 ex
1353 5077 1616 5135 fratribus
1647 5078 1704 5133 in
1736 5076 1973 5134 Domino
2001 5095 2126 5137 con-

536 5161 771 5220 ﬁdentes
801 5162 1043 5222 vinculis
1071 5165 1229 5236 meis,
1261 5169 1530 5240 coeperint
1567 5168 1739 5240 magis
1781 5167 1981 5225 audere
2010 5169 2129 5225 sine

613 5363 730 5440 (39)
777 5362 1044 5423 Nonnulli
1097 5381 1268 5436 mss.,
1329 5371 1376 5422 et
1428 5367 1582 5440 ﬁdem
1635 5375 1848 5426 rectam.
1902 5368 2130 5425 Minime

541 5437 1080 5586 millftllDictionem
1100 5509 1238 5586 justi
1265 5527 1396 5568 mss.
1423 5511 1635 5586 aliquot
1665 5530 1776 5570 non
1807 5517 2130 5586 agnoscunt,

542 5580 700 5655 cujus
716 5580 863 5655 _loco
909 5580 1167 5639 nonnulli
1211 5591 1443 5655 ponunt,
1483 5580 1795 5653 citjusmodi.
1828 5580 1975 5640 Infra
2002 5599 2133 5640 vero

543 5647 677 5728 edit.
716 5650 874 5707 Rom.
906 5647 1333 5728 reposuerat-,ut
1374 5647 1880 5728 desiderent,
1912 5655 2008 5711 ubi
2038 5671 2134 5711 re-

545 5717 730 5791 liquae,
762 5737 825 5778 ac
853 5717 984 5781 mss:
1011 5767 1027 5793 ,
1068 5732 1131 5782 ut
1155 5717 1439 5785 desiderati
1462 5717 1774 5784 desiderent.

2243 1941 2261 1964 ι
2305 1918 2368 1972 In
2397 1920 2549 1975 omni
2572 1923 2848 1992 praetorio,
2881 1931 2935 1979 et
2964 1922 3022 1978 in
3053 1921 3267 1978 caeteris
3296 1920 3574 1990 omnibus,
3593 1946 3610 1969 ι
3647 1919 3709 1976 id
3729 1929 3839 1987 est,

2229 2005 2287 2060 in
2316 2009 2468 2065 omni
2498 2010 2802 2079 Judaismo,
2834 2020 2888 2067 et
2926 2028 3024 2084 per
3058 2013 3350 2067 universas
3377 2011 3654 2068 Ecclesias
3695 2028 3846 2085 gen-

2227 2095 2366 2151 tium
2393 2115 2406 2165 ;
2448 2107 2645 2171 praeest
2677 2101 2824 2156 enim
2855 2100 3195 2167 Judaismus,
3229 2098 3357 2171 quia
3386 2097 3492 2170 ipsi
3523 2098 3667 2156 facta
3697 2117 3843 2174 pro-

2227 2184 2418 2241 missio
2466 2195 2566 2256 est,
2619 2189 2767 2244 sicut
2797 2188 3032 2245 dicitur:
3075 2213 3093 2235 ι
3123 2187 3264 2255 Quia
3309 2187 3457 2244 salus
3507 2205 3576 2245 ex
3627 2188 3844 2248 Iudaeis

2225 2279 2309 2328 est
2339 2274 2521 2347 (Joan.
2554 2293 2632 2345 1v,
2663 2277 2779 2348 22).
2826 2303 2844 2326 ι
2916 2276 3155 2350 Ideoque
3206 2277 3389 2349 plures
3441 2292 3513 2333 ex
3568 2277 3844 2336 fratribus

2227 2364 2541 2435 exemplum
2598 2383 2758 2422 suum
2803 2375 3036 2437 secutos,
3082 2383 3244 2422 ausos
3278 2365 3416 2422 dicit
3465 2365 3634 2424 fuisse
3677 2368 3840 2441 loqui

2225 2453 2456 2510 verbum
2485 2455 2585 2510 Dei
2611 2472 2734 2512 cum
2761 2455 2996 2514 ﬁducia:
3030 2456 3337 2514 constantia
3365 2456 3514 2512 enim
3541 2455 3658 2528 ejus
3687 2460 3843 2514 mul-

2227 2556 2312 2604 tos
2341 2551 2629 2621 animavit,
2661 2560 2722 2608 ut
2759 2569 2872 2608 non
2913 2553 3258 2626 praeterirent
3288 2549 3432 2608 253
3478 2554 3843 2625 evangeliza-

2227 2654 2285 2695 re
2327 2639 2466 2710 (42),
2505 2649 2784 2714 comperto
2832 2644 3094 2715 exemplo
3146 2641 3418 2714 Apostoli,
3479 2643 3625 2716 quod
3680 2644 3842 2700 Deus

2227 2729 2400 2799 adest,
2441 2739 2503 2786 ut
2541 2740 2765 2788 tueatur
2807 2732 3101 2805 diligentes
3135 2749 3220 2800 se;
3271 2731 3367 2788 sed
3411 2739 3463 2788 et
3490 2732 3626 2788 alios
3655 2733 3839 2790 falsos

2227 2817 2442 2890 fratres,
2475 2838 2587 2877 non
2617 2821 2841 2891 ﬁducia,
2864 2838 3041 2895 neque
3070 2822 3374 2878 dilectione
3409 2821 3528 2890 Dei,
3558 2821 3652 2878 sed
3678 2838 3837 2878 con-

2227 2909 2476 2966 tentione
2501 2911 2605 2967 zeli
2641 2911 2919 2979 incitatos,
2954 2911 3053 2966 Dei
3079 2912 3310 2968 verbum
3340 2910 3477 2968 dicit
3506 2908 3833 2983 praedicare,

2229 2999 2383 3069 quasi
2418 2999 2656 3056 invidos.
2690 3001 2879 3056 Plures
2908 3017 3035 3072 ergo
3066 3017 3096 3055 e
3138 3000 3403 3057 fratribus
3441 3000 3653 3057 sincera
3689 3001 3836 3073 qui-

2229 3084 2376 3157 dem,
2407 3089 2503 3144 sed
2531 3090 2750 3146 diversa
2769 3091 3056 3147 voluntate
3087 3090 3370 3148 Christum
3400 3089 3830 3158 annuntiabant;

2229 3177 2324 3233 alii
2375 3178 2524 3235 enim
2562 3180 2708 3238 bona
2762 3182 3047 3238 voluntate
3086 3180 3192 3238 hoc
3224 3181 3455 3254 agebant
3497 3179 3564 3236 ad
3595 3180 3832 3252 gloriam

2228 3267 2328 3324 Dei
2385 3269 2590 3338 solius;
2646 3270 2742 3326 alii
2789 3288 2921 3328 vero
2972 3271 3239 3329 charitate
3294 3271 3510 3328 incitati
3567 3270 3834 3342 apostoli,

2229 3359 2366 3416 certi
2393 3359 2461 3416 de
2490 3361 2728 3418 tuitione
2772 3361 2892 3419 Dei.
2925 3361 3015 3419 Sic
3054 3362 3255 3418 iterum
3285 3378 3314 3418 e
3344 3369 3536 3420 contra
3581 3359 3689 3416 alia
3715 3358 3836 3416 duo

2232 3465 2427 3522 genera
2456 3451 2631 3522 ponit,
2665 3467 2784 3524 quae
2812 3468 2923 3508 non
2954 3452 3167 3509 sincero
3196 3450 3383 3508 animo
3413 3449 3794 3523 praedicabant
3818 3469 3832 3518 ;

2231 3538 2455 3611 quidam
2485 3541 2632 3597 enim
2660 3542 2974 3599 invidentes
3011 3541 3297 3615 Apostolo,
3329 3541 3687 3598 contentione
3721 3538 3838 3598 hoc

2231 3627 2495 3698 agebant:
2547 3628 2643 3684 alii
2691 3646 2821 3686 vero
2876 3629 3080 3687 astutia
3116 3629 3491 3686 simulationis
3543 3627 3834 3686 Christum

2231 3715 2635 3773 annuntiabant
2660 3736 2673 3785 ;
2715 3726 2776 3774 ut
2806 3727 3029 3790 possent
3059 3719 3358 3776 seditiones
3387 3717 3628 3774 excitare
3671 3719 3838 3791 Apo-

2233 3807 2398 3876 stolo,
2431 3805 2585 3880 quasi
2615 3806 2824 3864 auctori
2857 3805 3023 3878 hujus
3051 3817 3232 3876 sectae,
3267 3808 3363 3882 qui
3395 3809 3600 3865 multos
3628 3823 3838 3880 aggre-

2233 3908 2454 3972 gaverat
2481 3915 2594 3954 suae
2624 3899 3043 3972 conspirationi.
3078 3899 3252 3971 Major
3273 3899 3424 3955 enim
3454 3898 3671 3955 invidia
3700 3915 3837 3958 cre—

2233 3988 2416 4046 scebat
2444 3988 2732 4061 Apostolo,
2762 3988 2981 4061 quando
3009 4005 3079 4045 ex
3109 3989 3277 4045 latere
3306 3987 3424 4059 ejus
3453 3988 3621 4044 multi
3661 3988 3838 4046 vide-

2232 4077 2435 4135 bantur
2463 4078 2678 4134 docere.

2309 4168 2490 4239 (Vers.
2527 4167 2747 4238 18-21.)
2796 4191 2814 4214 ε
2844 4166 2989 4235 Quid
3016 4166 3210 4224 enim?
3238 4168 3382 4224 Dum
3409 4173 3595 4224 tamen
3630 4169 3838 4243 quovis

2236 4256 2420 4324 modo,
2457 4255 2572 4312 sive
2591 4257 2900 4327 occasione,
2931 4256 3047 4312 sive
3072 4256 3303 4314 veritate
3329 4256 3582 4315 Christus
3612 4274 3836 4315 annun-

2237 4347 2430 4404 tietur:
2479 4355 2534 4403 et
2585 4349 2642 4405 in
2689 4348 2796 4406 hoc
2843 4349 3070 4421 gaudeo,
3120 4351 3213 4408 sed
3261 4351 3426 4408 etiam
3475 4359 3529 4408 et
3557 4352 3834 4424 gaudebo.

2234 4437 2358 4494 Scio
2388 4437 2537 4494 enim
2569 4438 2714 4512 quod
2758 4439 2863 4496 hoc
2885 4439 3024 4495 mihi
3055 4440 3311 4512 procedet
3341 4442 3408 4499 ad
3438 4443 3670 4498 salutem
3711 4443 3834 4516 (43)

2235 4546 2331 4603 per
2359 4539 2595 4587 vestram
2627 4549 2864 4605 precem,
2894 4541 2948 4589 et
2986 4532 3555 4590 subministrationem
3600 4533 3836 4606 spiritus

2235 4623 2362 4679 Jesu
2390 4621 2597 4680 Christi
2643 4622 2946 4680 secundum
2991 4623 3512 4696 contemplationem
3570 4632 3625 4680 et
3676 4641 3834 4697 Spem

2234 4729 2438 4779 meam;
2473 4712 2602 4785 quia
2633 4711 2691 4768 in
2721 4714 2878 4769 nullo
2907 4714 3235 4781 confundar,
3267 4712 3360 4769 sed
3383 4711 3439 4766 in
3461 4710 3613 4767 omni
3643 4721 3836 4768 exerta

2234 4803 2454 4873 fiducia,
2487 4803 2632 4860 sicut
2671 4820 2903 4876 semper,
2936 4810 2990 4859 et
3017 4820 3167 4861 nunc
3195 4801 3639 4875 magniﬁcabitur
3670 4803 3834 4860 Chri-

2236 4899 2354 4948 stus
2378 4892 2437 4948 in
2466 4909 2694 4966 corpore
2722 4909 2862 4961 meo,
2896 4892 3012 4948 sive
3044 4908 3140 4964 per
3165 4893 3361 4957 vitam,
3391 4892 3508 4948 sivc
3538 4907 3634 4964 per
3670 4908 3834 4949 mor-—

2236 4988 2386 5050 tem;
2421 4981 2559 5037 mihi
2607 4981 2752 5039 enim
2801 4982 2990 5040 vivere
3031 4981 3286 5040 Christus
3327 4991 3429 5050 est,
3477 4988 3530 5036 et
3562 4981 3705 5037 mori
3737 4982 3837 5039 lu-

2236 5090 2414 5130 crum.
2454 5098 2472 5122 »
2515 5072 2761 5130 Primum
2794 5073 3052 5146 gaudium
3085 5072 3202 5146 ejus
3234 5082 3314 5130 est
3344 5073 3402 5129 in
3435 5071 3701 5128 fratribus
3736 5075 3835 5148 qui

2237 5163 2380 5220 bona
2409 5165 2688 5222 voluntate
2716 5163 3001 5224 Christum
3031 5165 3398 5223 annuntiaut:
3436 5161 3637 5220 deinde
3663 5163 3833 5222 etiam

2314 5364 2430 5441 (41)
2462 5367 2621 5441 Rom.
2653 5364 2809 5437 edit.,
2841 5366 2982 5437 quod
3009 5380 3125 5438 qua
3153 5362 3283 5418 mihi
3311 5360 3634 5427 acciderunt,
3663 5363 3840 5436 magis

2240 5439 2664 5568 ad'lirofectum,
2691 5447 2796 5497 etc.
3625 5504 3636 5514 .

2315 5514 2335 5568 (
2375 5513 2431 5568 2)
2468 5514 2671 5568 Omnes
2710 5512 2844 5568 edit.
2875 5527 2939 5568 ac
2977 5510 3136 5568 nauci
3179 5525 3334 5568 mss,
3362 5511 3554 5563 utnon
3595 5510 3635 5560 ti

2315 5510 2671 5595 (h2)__0mnes
2710 5512 2844 5570 edit.
2875 5527 2939 5570 ac
2977 5510 3136 5584 pauci
3179 5525 3334 5577 mss,
3362 5511 3554 5563 utnon
3595 5510 3842 5563 timerent

2243 5588 2623 5655 euangelizare.

2317 5657 2445 5740 (43)
2468 5659 2624 5740 Rom.
2657 5655 2816 5740 edit.,
2840 5654 3082 5728 proﬁciet
3107 5654 3180 5712 ad
3206 5654 3494 5712 salutem...
3505 5691 3522 5723 ,
3553 5649 3842 5707 secundum

2242 5735 2676 5800 exspectationem
2704 5735 2755 5783 et
2780 5745 2922 5800 spem
2953 5744 3142 5787 meam.
