3970 6418
132 402 238 466 429

1187 407 1560 466 COMMENT.
1601 407 1674 465 IN
1710 401 1926 464 EPIST.
1967 407 2064 463 AD
2101 405 2392 462 PHILIPP.

3331 396 3436 461 430

128 531 190 588 in
218 550 280 589 eo
307 549 365 590 se
391 532 528 591 dicit
558 533 810 606 gaudere,
857 532 1007 605 quod
1035 532 1253 589 fallacia
1297 532 1586 589 hominum
1617 532 1730 590 ad-
1757 535 1806 594 A
1834 531 2138 598 credentes,
2173 539 2233 587 ut
2261 530 2369 586 hoc
2403 527 2551 601 quod
2584 529 2759 583 multo
2790 527 2987 584 melius
3007 529 3112 584 sibi
3140 545 3254 585 esse
3274 530 3432 606 dicit,

131 639 321 678 versus
377 640 502 680 eum
563 623 928 696 compositum
981 631 1117 691 erat,
1166 631 1227 679 ut
1256 624 1325 679 ad
1364 623 1633 679 invidiam
1680 629 1736 678 et

131 727 442 784 pressuram
465 711 584 784 ejus
613 711 866 770 Christus
891 712 1300 785 praedicaretur.
1332 713 1449 768 Hoc
1477 711 1624 768 enim
1653 712 1732 768 di-

132 800 211 857 cit
238 800 345 858 sibi
375 801 444 858 ad
495 801 666 858 vitam
696 801 978 875 proﬁcere,
1018 802 1167 875 quod
1192 801 1275 856 illi
1307 809 1632 873 paraverant
1666 801 1735 857 ad

135 898 407 958 mortem;
443 889 587 947 hanc
615 890 760 947 enim
792 891 963 946 vitam
995 907 1149 948 suam
1185 890 1322 946 dicit
1341 906 1478 958 esse,
1510 890 1556 946 si
1579 890 1734 948 Chri-

133 989 254 1038 stus
274 980 532 1037 omnibus
561 980 907 1053 praedicetur,
931 990 984 1038 et
1005 997 1061 1038 se
1092 981 1257 1038 etiam
1289 980 1429 1036 mori
1461 989 1734 1053 paratum,

134 1077 198 1125 ut
238 1069 344 1127 hoc
373 1071 546 1141 possit
575 1071 811 1142 impleri,
861 1073 1040 1129 sciens
1087 1088 1338 1144 magnam
1368 1071 1476 1128 sibi
1503 1088 1601 1144 pro
1633 1071 1737 1128 hoc

137 1166 272 1215 voto
304 1167 357 1215 et
386 1160 628 1217 efﬁcacia
656 1161 776 1216 dari
806 1177 962 1233 posse
992 1162 1298 1219 mercedem
1341 1161 1457 1234 (44)
1496 1180 1507 1217 :
1555 1162 1739 1234 impe-

138 1247 248 1302 rita
281 1247 428 1303 enim
452 1248 666 1305 malitia
694 1250 985 1306 adversum
1021 1269 1077 1308 se
1122 1267 1335 1323 semper
1365 1251 1734 1320 machinatur,

140 1336 275 1392 dum
306 1337 498 1394 nescit.
545 1338 633 1394 Ad
661 1339 975 1396 calcandam
1021 1356 1150 1413 ergo
1181 1340 1379 1397 horum
1408 1341 1738 1396 malevolen-

141 1426 300 1496 tiam,
323 1427 417 1500 qui
447 1427 582 1484 recti
612 1427 828 1486 fallacia
856 1429 1089 1486 insidias
1118 1431 1246 1487 vitae
1273 1427 1392 1500 ejus
1420 1429 1740 1497 tendebant,

141 1515 244 1573 Dei
275 1516 545 1590 praesidiis
571 1535 628 1574 se
657 1517 863 1575 muniri
893 1527 1146 1589 testatur,
1179 1519 1247 1576 iis
1281 1536 1417 1592 quos
1438 1518 1628 1592 utique
1659 1535 1741 1575 so-

142 1605 261 1662 cios
290 1605 474 1678 gaudii
512 1607 599 1664 sui
639 1607 792 1676 dicit,
824 1608 1216 1681 adjuvantibus
1253 1609 1499 1664 oratione
1524 1616 1745 1682 propter

141 1709 496 1751 communem
527 1696 886 1766 alacritatem,
918 1705 970 1754 et
1001 1696 1176 1754 sancti
1207 1696 1444 1769 Spiritus
1477 1695 1744 1753 submini-

142 1783 492 1854 strationem,
540 1787 635 1859 qui
665 1793 855 1842 contra
904 1787 1246 1842 voluntatem
1292 1785 1518 1841 illorum
1547 1792 1601 1841 et
1630 1784 1746 1840 vias

1843 637 1953 677 non
1992 621 2193 693 eligat:
2238 618 2333 676 sed
2389 617 2495 674 hoc
2543 616 2700 684 velit,
2752 615 2899 688 quod
2935 617 3191 688 expediat
3220 619 3434 689 multis,

1843 717 2023 766 certus
2050 709 2215 765 etiam
2253 707 2492 764 Domino
2523 705 2627 762 hoc
2653 706 2886 778 placere,
2921 704 3066 777 quod
3104 722 3202 778 pro
3241 710 3438 764 multo-

1844 815 1965 854 rum
2012 800 2186 854 salute
2238 796 2506 869 proﬁciat.
2557 794 2694 862 Quis
2733 810 2844 850 non
2874 794 3024 849 tertii
3054 795 3178 851 caeli
3209 796 3442 867 cupidus

1844 893 2124 958 sperneret
2173 901 2393 941 omnem
2451 889 2598 946 254
2651 899 2837 939 curam
2893 884 3270 954 praesentem?
3319 885 3445 958 quis

1844 1000 1957 1040 non
1999 982 2236 1055 paradisi
2280 983 2579 1055 superioris
2624 981 2900 1038 desiderio
2927 982 3114 1037 omnia
3147 979 3265 1038 haec
3295 989 3439 1054 post-

1845 1071 2136 1145 poneret?
2187 1071 2311 1146 quis
2367 1088 2477 1127 non
2531 1071 2824 1128 verborum
2866 1087 3190 1128 arcanorum
3236 1087 3448 1128 memor

1848 1161 2092 1220 humana
2121 1163 2341 1237 eloquia
2369 1164 2638 1221 devitaret
2660 1166 2687 1220 ?
2711 1164 2834 1238 quis
2863 1180 2975 1220 non
3008 1171 3128 1236 post
3156 1171 3306 1220 tanta
3335 1164 3449 1220 exi-

1847 1251 1925 1308 tia
1944 1253 2168 1325 eligeret
2194 1255 2440 1327 requiem
2462 1254 2489 1310 ?
2519 1253 2624 1310 Sed
2653 1253 2784 1326 quia
2814 1253 3141 1310 charitatem
3191 1253 3450 1310 omnibus

1849 1343 2182 1415 anteposuit,
2223 1343 2329 1402 hoc
2368 1351 2586 1401 secutus
2620 1350 2701 1400 est
2737 1343 2884 1417 quod
2932 1342 3219 1416 proﬁceret
3267 1342 3452 1399 fratri-

1849 1431 1973 1487 bus.
3207 1472 3211 1478 .

1925 1519 2108 1591 (Vers.
2141 1521 2232 1588 27,
2262 1521 2378 1594 28.)
2426 1548 2444 1571 ι
2465 1523 2699 1579 Tantum
2729 1522 2895 1596 digne
2920 1523 3223 1594 Evangelia
3244 1520 3457 1581 Christi

1852 1611 2278 1666 conversamini.
2312 1637 2331 1660 ι
2377 1613 2608 1685 Dignam
2665 1613 3138 1670 conversationem
3194 1613 3318 1669 vult
3364 1629 3460 1670 eos

1853 1699 2120 1757 exhibere
2144 1701 2450 1772 disciplinae
2478 1702 2799 1770 Dominicae;
2831 1709 3023 1759 utnon
3045 1702 3306 1775 poeniteat
3331 1719 3458 1759 eum

1856 1791 2098 1848 voluisse
2139 1807 2420 1849 remanere
2468 1793 2524 1849 in
2555 1810 2737 1851 carne.
2777 1817 2796 1843 ‹
2831 1795 2902 1851 Ut
2947 1795 3065 1850 sive
3102 1811 3230 1852 cum
3257 1811 3460 1851 venero

143 1874 388 1944 aperiret
415 1875 760 1946 pradicanti,
779 1874 917 1931 dans
936 1874 1166 1947 gratiam
1195 1883 1250 1932 et
1279 1874 1536 1931 ﬁduciam
1566 1873 1748 1930 verbis
1791 1895 1837 1956 Β
1868 1889 1920 1937 et
1965 1881 2157 1939 videro
2199 1898 2317 1950 vos,
2365 1881 2483 1938 sive
2527 1882 2723 1940 absens
2751 1882 2968 1940 audiam
2999 1885 3066 1941 de
3103 1883 3264 1941 vobis
3311 1884 3460 1957 quod

144 1960 292 2034 ejus,
319 1971 382 2019 ut
409 1971 558 2021 ortas
595 1964 895 2020 seditiones
921 1973 1312 2036 compesceret.
1355 1965 1416 2020 In
1448 1964 1603 2020 nullo
1631 1979 1758 2034 ergo

143 2067 210 2107 se
240 2051 380 2108 dicit
407 2052 675 2110 confundi
726 2052 785 2109 in
814 2051 1069 2109 doctrina
1113 2052 1321 2111 Christi
1353 2071 1365 2109 :
1399 2052 1531 2125 quia
1559 2059 1613 2108 et
1641 2067 1762 2123 spes

145 2155 356 2212 magna
409 2141 794 2214 promissionis
851 2150 953 2210 est,
981 2148 1035 2198 et
1063 2143 1193 2214 quia
1221 2141 1365 2197 nihil
1397 2142 1454 2196 in
1485 2157 1550 2198 ea
1578 2149 1758 2211 turpe,

147 2228 540 2295 inhonestum,
595 2237 690 2285 aut
741 2229 913 2285 fallax
960 2237 1065 2298 est,
1113 2229 1260 2286 sicut
1303 2230 1447 2302 apud
1502 2244 1761 2302 paganos,

146 2317 253 2374 sed
304 2325 490 2390 aperta
534 2316 881 2388 simplicitas.
928 2317 1070 2373 Hinc
1130 2325 1212 2374 est
1259 2318 1407 2374 enim
1454 2317 1600 2373 unde
1635 2331 1762 2372 cum

150 2406 314 2462 omni
342 2406 652 2463 constantia
678 2422 790 2463 non
819 2406 965 2463 cedit
993 2405 1258 2475 adversis,
1291 2414 1353 2462 ut
1384 2406 1766 2480 magniﬁcetur

151 2494 416 2552 Christus
442 2496 501 2551 in
531 2511 759 2568 corpore
788 2493 928 2566 ejus,
961 2495 1078 2552 sive
1107 2496 1410 2564 occidatur,
1454 2497 1572 2551 sive
1595 2511 1766 2551 caesus

152 2588 378 2645 evadat.
406 2589 492 2644 Ex
535 2605 601 2645 eo
641 2587 790 2644 enim
821 2603 942 2660 quae
973 2595 1028 2644 et
1069 2596 1274 2662 quanta
1298 2605 1419 2660 spes
1448 2587 1506 2644 in
1546 2588 1767 2646 Christo

153 2687 264 2748 est,
297 2677 676 2736 consideratur
704 2697 717 2747 ;
752 2677 972 2752 quando
1000 2694 1113 2733 non
1141 2679 1322 2734 solum
1357 2678 1492 2735 caedi
1517 2685 1572 2733 et
1599 2676 1768 2749 afﬂigi

153 2788 264 2845 pro
294 2787 379 2841 eo,
406 2771 502 2828 sed
532 2781 585 2828 et
628 2771 770 2827 mori
811 2779 1032 2842 paratus
1063 2780 1162 2828 est.
1196 2771 1380 2828 Vitam
1414 2770 1561 2826 enim
1589 2785 1768 2837 suam,

159 2863 286 2920 sive
311 2861 370 2918 in
391 2861 670 2934 prasenti,
701 2861 820 2916 sive
849 2861 907 2916 in
929 2860 1140 2929 futuro,
1171 2859 1455 2918 Christum
1477 2874 1591 2916 esse
1610 2858 1769 2927 dicit,

155 2952 311 3009 sicut
336 2956 392 3006 et
419 2948 1010 3021 evangelista‘Joannes
1030 2955 1283 3017 testatur,
1311 2947 1535 3004 dicens:
1577 2971 1594 2994 ι
1614 2945 1773 3014 Quod

156 3041 374 3097 factum
426 3045 528 3107 est,
577 3037 635 3093 in
668 3039 788 3110 ipso
833 3037 950 3093 vita
981 3045 1117 3106 erat,
1158 3045 1212 3094 et
1240 3037 1357 3093 vita
1388 3044 1504 3093 erat
1545 3037 1645 3092 lux
1676 3036 1773 3092 ho-

160 3129 386 3184 minum
420 3127 601 3200 (Joan.
631 3142 669 3195 ι,
703 3127 754 3196 3,
786 3125 866 3200 4).
890 3150 908 3174 ι
950 3126 1056 3180 Pro
1102 3126 1202 3183 hac
1232 3126 1347 3183 vita
1393 3127 1626 3183 mortale
1656 3141 1773 3183 cor-

1869 1970 2022 2026 stetis
2071 1971 2128 2026 in
2177 1986 2290 2026 uno
2346 1971 2566 2042 spiritu,
2601 1973 2910 2042 unanimes,
2948 1973 3154 2046 pariter
3179 1989 3307 2030 cum
3355 1973 3464 2030 ﬁde

1869 2059 2157 2132 Evangelii
2183 2067 2470 2128 certantes,
2503 2067 2557 2116 et
2585 2078 2700 2117 non
2730 2070 3082 2134 pavescentes
3110 2062 3168 2116 in
3189 2077 3464 2135 quoquam

1871 2148 1938 2204 ab
1963 2148 2314 2216 adversariis,
2338 2166 2457 2222 qua
2483 2158 2566 2208 est
2583 2151 2697 2207 illis
2725 2153 3019 2208 ostentatio
3041 2151 3300 2208 interitus
3323 2151 3464 2223 (45),

1872 2235 2030 2291 vobis
2075 2243 2259 2291 autem
2295 2237 2506 2294 salutis.
2540 2263 2558 2288 ›
2601 2238 2899 2295 Unanimes
2945 2240 3068 2296 vult
3113 2256 3205 2296 eos
3250 2256 3363 2298 esse
3410 2240 3468 2296 in

1872 2323 1982 2380 ﬁde
2021 2332 2075 2380 et
2103 2325 2397 2384 devotione
2445 2335 2638 2384 contra
2665 2327 3028 2398 adversarios,
3071 2335 3133 2385 ut
3163 2328 3349 2386 eadem
3379 2345 3472 2386 au-

1873 2414 1988 2471 diat
2019 2413 2087 2470 de
2135 2415 2251 2470 illis
2288 2415 2502 2486 absens,
2537 2431 2656 2489 quae
2711 2415 2856 2472 vidit
2895 2425 2950 2473 et
2983 2434 3221 2490 praesens
3252 2436 3266 2486 ;
3311 2426 3372 2474 ut
3413 2417 3471 2474 in

1874 2505 2030 2561 nullo
2079 2513 2338 2577 paventes
2381 2507 2559 2564 minas
2609 2516 2703 2564 aut
2746 2517 2979 2565 terrores
3007 2508 3468 2576 adversariorum,

1875 2594 2189 2651 custodiant
2218 2594 2404 2663 ﬁdem,
2438 2595 2672 2652 scientes
2702 2597 2832 2668 quia
2871 2596 2950 2652 eis
2996 2596 3089 2668 qui
3121 2614 3220 2668 pro
3251 2597 3472 2655 Christo

1875 2683 2232 2753 tribulantur,
2295 2685 2363 2740 ad
2418 2685 2646 2740 salutem
2699 2684 2960 2758 proﬁcit:
3022 2687 3137 2742 illis
3190 2703 3320 2741 vero
3376 2687 3473 2758 qui

1881 2771 2169 2841 tribulant,
2209 2773 2276 2828 ad
2303 2772 2695 2843 perditionem.

1956 2860 2137 2932 (Vers.
2173 2860 2262 2928 29,
2291 2860 2407 2933 30.)
2456 2885 2472 2908 ι
2496 2861 2567 2916 Et
2595 2860 2701 2918 hoc
2721 2877 2752 2918 a
2771 2862 2885 2918 Deo
2913 2860 3177 2918 donatum
3209 2871 3290 2919 est
3313 2862 3477 2919 vobis

1881 2967 1980 3025 pro
2025 2951 2267 3018 Christo,
2324 2967 2436 3008 non
2486 2953 2665 3008 solum
2709 2959 2771 3008 ut
2807 2953 2868 3008 in
2915 2967 3040 3009 eum
3082 2952 3337 3021 credatis,
3380 2953 3474 3008 sed

1881 3041 2047 3097 etiam
2077 3049 2140 3097 ut
2172 3058 2268 3114 pro
2298 3041 2396 3097 illo
2431 3043 2744 3114 patiamini,
2775 3042 2920 3098 idem
2951 3049 3228 3098 certamen
3257 3041 3478 3097 haben-

1883 3137 1982 3200 tes,
2011 3133 2170 3203 quale
2196 3139 2250 3188 et
2279 3130 2498 3188 vidistis
2527 3131 2586 3188 in
2618 3147 2724 3200 me,
2741 3138 2796 3188 et
2826 3148 2975 3190 nunc
3002 3131 3205 3189 auditis
3233 3130 3301 3187 de
3330 3147 3462 3188 me.»

163 3232 279 3290 pus
313 3215 502 3284 tradit,
547 3222 608 3272 ut
646 3215 704 3272 id
749 3214 979 3310 recipiat
1013 3213 1085 3310 in
1116 3222 1411 3272 aeternum:
1445 3231 1508 3273 ac
1543 3231 1639 3289 per
1667 3213 1774 3273 hoc
1801 3245 1851 3310 Ο
1883 3219 2205 3296 Quanquam
2246 3221 2347 3278 Dei
2395 3221 2623 3294 gratiam
2670 3223 2901 3279 extollat
2952 3221 3011 3277 in
3067 3221 3344 3288 omnibus,
3407 3221 3476 3278 ad

158 3307 387 3363 lucrum
417 3312 698 3379 computat
722 3305 863 3362 mori
893 3322 992 3379 pro
1027 3305 1268 3364 Christo.

242 3405 426 3477 (Vers.
477 3403 686 3477 22-26.)
750 3429 770 3452 ε
817 3405 874 3461 Si
923 3419 1052 3476 ergo
1098 3404 1287 3460 vivere
1341 3403 1401 3460 in
1449 3418 1634 3472 carne,
1680 3401 1776 3462 hic

162 3496 311 3555 mihi
368 3496 581 3554 fructus
635 3501 718 3551 est
770 3494 987 3567 operis:
1047 3501 1101 3548 et
1149 3491 1284 3564 quid
1333 3492 1528 3564 eligam
1557 3493 1769 3564 ignoro.

161 3586 431 3644 Coarctor
486 3590 666 3640 autem
714 3582 774 3638 in
804 3581 892 3637 his
921 3580 1158 3648 duobus,
1205 3579 1540 3636 desiderium
1568 3580 1774 3637 habens

161 3673 422 3742 dissolvi,
453 3680 508 3730 et
557 3688 684 3728 cum
715 3669 936 3729 Christo
966 3685 1103 3738 esse,
1134 3669 1311 3726 multo
1346 3669 1493 3725 enim
1527 3669 1724 3725 melius
1757 3687 1768 3726 :

163 3777 453 3821 remanere
482 3767 665 3816 autem
696 3759 754 3814 in
784 3773 947 3815 carne
977 3759 1136 3816 valde
1163 3756 1528 3815 necessarium
1554 3764 1776 3830 propter

161 3868 294 3910 vos.
327 3873 345 3898 ›
386 3851 458 3906 Et
499 3848 604 3906 hoc
632 3857 842 3906 certum
884 3846 1112 3917 habens,
1145 3846 1259 3905 scio
1288 3848 1417 3920 quia
1454 3846 1686 3902 manebo
1719 3854 1775 3903 et

164 3937 509 4016 permanebo
541 3936 800 3994 omnibus
830 3936 988 3994 vobis
1023 3937 1084 3993 in
1121 3944 1365 3993 vestrum
1395 3935 1699 4009 profectum
1721 3943 1776 3992 et

164 4028 436 4106 gaudium
480 4026 648 4096 ﬁdei;
696 4036 759 4085 ut
805 4027 977 4101 gloria
1012 4035 1195 4084 vestra
1221 4026 1464 4084 abundet
1493 4042 1588 4099 per
1618 4025 1772 4085 Chri-

163 4131 323 4181 stum
352 4122 538 4179 Iesum
565 4120 625 4177 in
663 4135 772 4186 me,
803 4136 900 4192 per
936 4136 1120 4177 meum
1148 4119 1445 4177 adventum
1471 4119 1670 4177 iterum
1704 4117 1773 4175 ad

166 4231 294 4271 vos.
347 4212 697 4271 Manifestum
743 4222 826 4271 est
874 4211 1020 4286 quod
1067 4212 1223 4280 dicit,
1277 4213 1408 4285 quia
1447 4212 1493 4269 si
1521 4213 1580 4268 in
1609 4227 1774 4268 carne

166 4302 387 4376 positus
437 4316 550 4356 non
600 4298 839 4356 otiosum
882 4306 984 4367 est,
1030 4299 1178 4372 quod
1203 4298 1382 4367 vivit;
1416 4298 1581 4356 habet
1621 4300 1771 4355 enim

166 4393 418 4448 fructum
450 4389 630 4462 operis
659 4387 765 4444 sui.
809 4413 827 4436 ε
849 4387 994 4455 Quid
1025 4388 1243 4461 eligam,
1273 4388 1475 4462 inquit,
1507 4390 1720 4462 ignoro.
1740 4413 1759 4437 ι

163 4475 399 4534 Duabus
428 4474 576 4531 enim
624 4490 693 4530 ex
739 4477 920 4532 causis
949 4483 1212 4547 urgetur;
1246 4474 1410 4530 habet
1455 4474 1604 4531 enim
1633 4473 1772 4531 desi-

1885 3310 2102 3367 laudem
2134 3318 2315 3366 tamen
2333 3310 2559 3367 illorum
2585 3310 2821 3383 proﬁcit,
2846 3310 2994 3384 quod
3014 3311 3152 3368 dicit
3181 3311 3310 3383 quia
3334 3312 3478 3366 Deus

1885 3399 2000 3456 illis
2026 3400 2298 3457 concessit
2327 3401 2438 3472 pati
2470 3417 2569 3473 pro
2596 3401 2851 3468 Christo;
2888 3416 3001 3455 non
3044 3401 3193 3455 enim
3224 3400 3478 3456 concedit

1884 3490 1972 3546 vel
1999 3489 2166 3546 donat
2195 3489 2302 3547 nisi
2331 3490 2668 3547 amatoribus
2698 3489 2925 3546 Christi.
2959 3489 3085 3545 Ideo
3113 3487 3251 3546 dicit
3276 3505 3288 3543 :
3331 3513 3349 3537 ε
3374 3489 3480 3544 Pro

1884 3576 2105 3636 Christo
2142 3580 2406 3637 donatum
2449 3586 2530 3635 est
2571 3578 2807 3646 vobisp
2851 3585 2974 3634 uta
3001 3578 3157 3634 Patre
3205 3579 3320 3634 Deo
3369 3577 3480 3633 do—

1884 3677 2074 3725 natum
2105 3670 2176 3726 sit
2203 3669 2562 3742 diligentibus
2585 3667 2889 3737 Christum,
2907 3677 2969 3724 ut
2996 3667 3065 3724 ad
3093 3675 3477 3741 argumentum

1883 3758 2209 3816 meritorum
2260 3775 2484 3815 suorum
2531 3760 2815 3831 patiantur
2862 3773 2962 3830 pro
3005 3757 3248 3826 Christo,
3300 3766 3353 3812 et
3387 3773 3481 3812 se-

1884 3855 2110 3921 quentes
2135 3849 2384 3920 exempla
2409 3847 2662 3904 Doctoris
2691 3847 2799 3914 sui,
2827 3846 2979 3904 omni
3004 3845 3342 3905 conﬁdentia
3369 3862 3481 3903 cer-

1882 3945 2002 3995 tent
2027 3937 2098 3994 ad
2129 3936 2550 4010 triumphandos
2579 3935 2854 3993 inﬁdeles.

2511 4080 2739 4138 CAPUT
2790 4080 2859 4135 ΙΙ.

1958 4189 2140 4262 (Vers.
2178 4188 2312 4261 1-4.)
2359 4211 2378 4236 ι
2406 4187 2462 4244 Si
2494 4204 2603 4260 qua
2621 4203 2748 4259 ergo
2775 4185 3092 4242 exhortatio
3132 4185 3192 4242 in
3235 4184 3481 4254 Christo,

1883 4278 1930 4336 si
1959 4280 2106 4353 quod
2134 4279 2392 4338 solatium
2421 4278 2730 4347 cbaritatis,
2765 4277 2811 4334 si
2859 4292 2966 4350 qua
2994 4276 3342 4350 participatio
3373 4277 3482 4349 spi-

1883 4369 2044 4439 ritus,
2074 4369 2121 4426 si
2151 4385 2259 4444 qua
2286 4376 2415 4425 sunt
2449 4369 2662 4426 viscera
2703 4375 2756 4424 et
2803 4366 3202 4433 miserationes,
3255 4365 3483 4436 implete

1885 4460 2143 4534 gaudium
2172 4477 2377 4530 meum,
2408 4468 2470 4516 ut
2499 4460 2646 4517 idem
2673 4459 2968 4532 sapientes,
3001 4456 3248 4514 eamdem
3302 4456 3481 4514 chari-

164 4566 394 4624 derium
418 4563 699 4632 excedere,
732 4571 785 4620 et
815 4581 942 4620 cum
969 4563 1189 4621 Christo
1218 4579 1331 4620 esse
1367 4565 1543 4620 multo
1572 4563 1769 4620 melius
1800 4604 1852 4665 Β
1882 4559 2049 4607 tatem
2085 4550 2368 4620 habentes,
2401 4549 2708 4655 Πξὶειηίωθει
2743 4564 2915 4603 unum
2966 4547 3280 4665 sentientes:
3337 4538 3481 4651 nihil

165 4657 492 4722 mstimans;
541 4662 604 4710 ut
625 4654 740 4727 jam
769 4671 1007 4728 praesens
1035 4653 1108 4712 sit
1136 4653 1278 4727 apud
1325 4655 1522 4722 Deum,
1552 4662 1614 4711 ut
1642 4670 1769 4710 exo-

165 4744 344 4820 ptatis
389 4752 444 4800 et
488 4744 774 4816 promissis
811 4743 1064 4812 fruatur;
1112 4743 1172 4799 in
1218 4759 1378 4800 carne
1427 4758 1558 4798 vero
1597 4751 1659 4799 ut
1709 4742 1782 4799 sit

166 4835 379 4902 adhuc,
435 4834 805 4891 necessarium
865 4832 1003 4890 dicit
1069 4840 1292 4906 propter
1357 4831 1778 4889 instructionem

166 4920 548 4982 credentium.
607 4921 681 4976 Et
732 4937 858 4978 cum
889 4920 1119 4977 dissolvi
1168 4928 1222 4978 et
1245 4937 1374 4978 cum
1414 4919 1634 4977 Christo
1665 4936 1780 4976 esse

170 5013 359 5070 multo
408 5012 607 5069 melius
663 5011 858 5080 ducat;
903 5019 1112 5068 certum
1167 5018 1350 5068 tamen
1396 5010 1502 5068 hoc
1547 5010 1687 5067 scire
1723 5025 1780 5067 se

170 5108 537 5177 protestatur,
594 5101 724 5175 quia
768 5101 1012 5157 manebit
1060 5100 1120 5157 in
1168 5117 1328 5158 carne
1357 5101 1425 5158 ad
1473 5100 1780 5172 profectum

174 5192 436 5250 ﬁdelium
466 5211 479 5250 :
508 5199 570 5249 ut
599 5190 772 5264 gloria
798 5206 989 5246 eorum
1019 5189 1262 5246 abundet
1289 5191 1348 5244 in
1377 5191 1634 5260 Domino,
1661 5206 1783 5262 pro-

171 5282 376 5340 ﬁciens
432 5281 501 5339 ad
545 5281 764 5338 laudem
800 5279 1073 5354 Apostoli,
1128 5295 1254 5337 cum
1302 5280 1503 5336 iterum
1538 5280 1782 5337 viderint

171 5388 330 5429 eum.
363 5371 717 5431 Crementum
756 5372 904 5429 enim
935 5370 1144 5428 faciunt
1171 5370 1436 5440 scientiae,
1483 5379 1539 5428 et
1566 5371 1783 5442 plenius

173 5461 488 5520 fundantur
517 5461 575 5519 in
622 5460 750 5520 ﬁde.
786 5461 1063 5531 Quantum
1091 5459 1345 5519 affectum
1399 5458 1594 5518 habuit
1637 5459 1784 5518 circa

255 5696 374 5770 (44)
409 5696 615 5753 Eadem
678 5695 812 5754 edit.
858 5697 1042 5767 Rom.,
1085 5702 1133 5752 et
1182 5697 1430 5770 efﬁcacem
1477 5695 1600 5752 dari
1635 5710 1785 5766 posse

168 5770 484 5827 mercedem.

1887 4646 1982 4702 ﬁat
2011 4646 2312 4704 secundum
2361 4644 2748 4714 irritationem,
2791 4658 2970 4715 neque
3008 4641 3312 4698 secundum
3368 4640 3481 4696 ina-

1890 4752 2012 4792 nem
2045 4737 2295 4809 gloriam,
2325 4735 2420 4792 sed
2466 4736 2524 4792 in
2566 4733 2881 4790 humilitate
2909 4733 3111 4788 mentis
3139 4731 3280 4786 alius
3309 4730 3480 4788 alium

1888 4824 2265 4882 existimantes
2313 4825 2649 4896 superiorem
2701 4821 2846 4877 sibi:
2889 4836 3000 4876 non
3050 4837 3170 4894 quas
3219 4836 3318 4876 sua
3353 4828 3484 4877 sunt

1888 4913 2266 4988 unusquisque
2294 4913 2748 4984 contemplantes,
2767 4909 2861 4965 sed
2876 4925 2994 4982 quae
3025 4909 3260 4965 aliorum
3293 4918 3466 4966 sunt;

1888 5004 2005 5061 Hoc
2032 5004 2187 5074 dicit,
2222 5003 2338 5076 qui,
2369 5003 2418 5058 si
2445 5008 2528 5058 est
2555 5015 2685 5056 vera
2721 4997 3036 5054 exhortatio
3067 4999 3182 5072 spei
3215 5000 3275 5054 in
3324 4998 3481 5056 Chri-

1887 5102 1974 5149 sto
2011 5093 2154 5166 apud
2193 5110 2310 5160 vos,
2361 5107 2468 5164 qua
2511 5106 2610 5146 vos
2640 5089 2878 5144 invicem
2909 5089 3280 5156 consolamur,
3313 5089 3370 5144 in
3400 5106 3480 5145 so-

1890 5182 2083 5238 latium
2112 5181 2397 5239 cbaritatis
2425 5177 2755 5247 communis,
2791 5177 2837 5234 si
2868 5178 3216 5250 participatio
3245 5179 3482 5251 Spiritus

1890 5271 2086 5341 sancti,
2127 5288 2221 5344 per
2271 5285 2434 5342 quam
2477 5267 2767 5341 jungimur
2814 5267 2872 5323 in
2903 5284 3016 5324 uno
3051 5284 3282 5340 corpore
3311 5284 3479 5335 novo,

1889 5361 1936 5418 si
1965 5377 2072 5434 qua
2091 5371 2220 5418 sunt
2244 5361 2475 5427 viscera,
2499 5359 2556 5416 id
2581 5367 2686 5428 est,
2715 5358 2762 5415 si
2798 5357 2859 5414 in
2905 5359 3094 5414 animo
3121 5366 3302 5415 vestro
3333 5373 3476 5422 sum,

1889 5451 2034 5512 sicut
2071 5461 2125 5510 et
2167 5468 2266 5510 vos
2312 5450 2371 5509 in
2420 5467 2560 5521 meo,
2605 5450 2654 5508 si
2691 5448 3093 5518 miserationes,
3136 5447 3241 5505 hoc
3289 5453 3391 5515 est,
3433 5445 3480 5502 si

1967 5690 2083 5766 (45)
2117 5691 2247 5748 Edit
2277 5691 2460 5758 Rom,
2493 5704 2609 5760 qua:
2633 5695 2705 5743 est
2733 5687 2844 5743 illis
2877 5683 3077 5743 occasio
3107 5683 3375 5742 interitus.
