3970 6376
414 2721 418 2724 ,
500 2665 701 2721 sentite
752 2663 811 2719 in
840 2661 1015 2728 vobis,
1050 2659 1197 2731 quod
1223 2667 1278 2716 et
1303 2660 1362 2716 in
1405 2660 1624 2718 Christo
1654 2661 1800 2729 Jesu,
1834 2685 1851 2708 ι

523 357 624 442 isi

1541 369 1636 432 AD
1674 367 1908 434 OPERA
1945 377 2000 433 s.
2038 367 2368 436 AMBROSII
2405 356 2784 434 APPENDIX.

3732 359 3844 435 t3:

523 506 750 564 aﬁ'ectus
811 506 1030 580 pietatis
1079 505 1137 563 in
1190 523 1374 564 amore
1427 516 1527 576 est,
1586 508 1811 581 implete
1866 509 2123 582 gaudium
2153 509 2204 568 A
2235 505 2400 563 etiam
2431 507 2760 563 inclinemus
2805 521 2925 573 nos,
2956 503 3196 561 auctoris
3231 504 3404 561 nostri
3431 508 3609 564 secuti
3647 525 3838 565 exem-

397 610 420 628 '
522 611 730 652 meum.
765 597 894 654 Haec
918 613 1039 670 quae
1069 604 1376 666 enumerat,
1413 605 1544 653 tunc
1569 615 1699 653 vera
1729 599 2008 670 probanda
2036 601 2123 656 si-

523 685 768 761 gniﬁcat,
814 687 859 742 si
914 687 1018 742 ista
1057 703 1177 758 quas
1221 686 1409 742 subter
1453 686 1698 756 mandat,
1748 687 1954 744 fuerint
2000 706 2123 746 ser-

524 783 687 842 vata;
723 784 785 831 ut
833 776 1122 832 unanimes
1151 775 1281 841 sint,
1324 785 1377 831 et
1405 776 1604 848 spiritu
1634 775 1893 846 humiles,
1925 795 2036 834 non
2065 796 2122 836 se

523 864 764 922 invicem
813 872 1190 938 provocantes,
1231 865 1324 920 sed
1374 866 1432 920 in
1475 866 1741 923 charitate
1788 867 2116 940 gaudentes;

523 963 589 1013 ut
644 954 902 1027 gaudium
952 954 1200 1026 Apostoli
1256 955 1480 1025 plenum
1520 957 1592 1012 sit
1621 956 1676 1010 in
1722 956 1819 1012 eis.
1861 957 1950 1012 Sic
1993 975 2120 1031 ergo

523 1060 616 1101 eos
654 1043 1002 1114 constringit,
1040 1049 1100 1097 ut
1128 1042 1174 1096 si
1205 1041 1323 1100 haec
1363 1060 1474 1099 non
1518 1044 1900 1114 custodierint,
1931 1064 2032 1103 nec
2059 1047 2117 1102 in

521 1135 735 1192 caeteris
776 1133 991 1206 probati
1040 1133 1372 1202 videantur;
1415 1142 1477 1190 ut
1506 1135 1634 1207 quia
1679 1134 1736 1190 in
1767 1136 1892 1192 aliis
1920 1138 2118 1192 nolunt

519 1241 578 1282 se
627 1224 966 1296 improbatos
999 1223 1198 1293 videri,
1230 1224 1336 1281 ista
1363 1241 1579 1298 quoque
1611 1232 1848 1294 servent,
1881 1234 1942 1282 ut
1984 1242 2119 1297 per-

519 1314 649 1371 fecti
696 1314 826 1372 sint.
857 1315 986 1371 Sine
1031 1315 1204 1371 dubio
1232 1315 1380 1371 enim
1419 1323 1575 1372 erant
1599 1316 1744 1371 inter
1773 1332 1864 1372 eos
1893 1316 2116 1373 dissen-

517 1406 718 1464 tientes
764 1416 819 1464 et
866 1407 1124 1479 inquieti,
1167 1416 1220 1463 et
1253 1407 1347 1480 qui
1395 1406 1550 1463 inani
1597 1408 1783 1480 gloriae
1807 1409 2110 1479 studerent,

517 1495 848 1555 contendere
877 1505 930 1552 et
949 1497 1171 1554 vincere
1193 1497 1438 1554 volentes
1457 1515 1582 1556 cum
1609 1499 1780 1556 animi
1806 1500 2110 1570 atrocitate,
2132 1548 2136 1552 .

516 1585 615 1643 ubi
661 1585 946 1659 praemium
1003 1601 1117 1643 non
1145 1593 1263 1642 est:
1315 1588 1411 1644 sed
1444 1589 1584 1661 parit
1623 1589 1766 1659 lites,
1797 1598 1851 1646 et
1905 1591 2114 1662 rumpit

515 1672 861 1732 charitatem.
880 1673 1010 1741 Quae
1029 1673 1177 1730 enim
1208 1683 1386 1748 potest
1412 1693 1525 1733 esse
1557 1678 1750 1750 plebis,
1781 1679 1838 1734 in
1861 1695 1966 1752 qua
1985 1695 2114 1737 vasa

513 1781 678 1821 aurea
735 1772 788 1820 et
842 1771 1095 1837 argentea
1146 1771 1359 1820 tantum
1417 1766 1549 1835 sint,
1605 1784 1716 1823 non
1764 1775 1817 1824 et
1849 1767 2026 1841 lignea
2059 1777 2112 1825 et

512 1853 756 1912 ﬁctilia?
789 1855 893 1912 Sed
931 1862 1162 1928 possunt
1188 1856 1456 1946 exercitio
1493 1857 1626 1913 boni
1672 1857 1963 1916 immutata
1991 1858 2110 1915 ﬁeri
2139 1885 2186 1946 Β

510 1959 676 2001 aurea
704 1952 758 2002 et
786 1952 1071 2018 argentea;
1104 1945 1235 2019 quia
1263 1962 1376 2003 non
1417 1954 1625 2004 naturae
1656 1948 1853 2003 vitium
1884 1957 1984 2018 est,
2017 1947 2112 2006 sed

511 2034 837 2091 voluntatis.

582 2126 765 2199 (Vers.
788 2127 843 2197 5,
870 2128 950 2200 6.)
995 2152 1012 2174 ι
1042 2127 1159 2186 Hoc
1190 2129 1338 2184 enim
1369 2127 1568 2184 sentite
1597 2127 1656 2182 in
1686 2124 1864 2194 vobis,
1888 2124 2035 2198 quod
2054 2134 2109 2182 et

509 2216 569 2273 in
611 2215 830 2274 Christo
870 2218 1019 2287 Jesu,
1051 2217 1146 2290 qui
1188 2233 1314 2273 cum
1357 2217 1415 2271 in
1465 2216 1640 2271 forma
1670 2215 1769 2270 Dei
1802 2221 1963 2283 esset,
1994 2230 2106 2270 non

504 2305 755 2378 rapinam
795 2305 1093 2363 arbitratus
1143 2312 1223 2360 est
1271 2321 1386 2360 esse
1415 2319 1472 2359 se
1499 2319 1682 2376 parem
1713 2304 1846 2360 Deo.
1881 2328 1900 2352 ι
1934 2303 2107 2361 Chri-

503 2402 621 2452 stus
650 2411 864 2468 semper
905 2396 962 2450 in
1013 2394 1189 2450 forma
1216 2392 1316 2448 Dei
1365 2400 1500 2460 erat,
1532 2393 1663 2464 quia
1691 2393 1869 2466 imago
1899 2402 1979 2449 est
2008 2393 2106 2448 in-

501 2484 742 2542 visibilis
779 2485 899 2542 Dei.
945 2483 1050 2540 Sed
1093 2482 1392 2553 Apostolus
1417 2481 1485 2537 de
1513 2483 1613 2537 Dei
1656 2482 1825 2550 Filio,
1856 2499 1982 2539 cum
2014 2483 2102 2538 in-

499 2583 756 2633 carnatus
790 2574 956 2630 homo
1009 2572 1185 2627 factus
1241 2579 1341 2640 est,
1397 2579 1593 2628 tractat
1632 2571 1859 2628 dicens:
1929 2596 1947 2618 ι
1988 2572 2105 2630 Hoc

1892 2660 1949 2716 id
1999 2667 2101 2731 est,

501 2756 618 2812 Deo
645 2761 699 2811 et
728 2750 970 2807 homine.
1023 2774 1041 2796 ‹
1067 2748 1170 2816 Qui
1200 2766 1327 2806 cum
1359 2751 1416 2806 in
1445 2750 1623 2807 forma
1651 2751 1751 2806 Dei
1781 2758 1940 2819 esset,
1967 2776 1984 2798 ι
2020 2751 2103 2806 in-

500 2850 584 2900 ter
613 2840 863 2898 homines
904 2837 1097 2910 utique
1126 2849 1503 2909 conversatus,
1535 2839 1719 2896 verbis
1765 2847 1820 2895 et
1844 2840 2101 2912 operibus

500 2929 792 3006 apparebat
843 2942 958 2983 esse
996 2928 1160 2984 Deus.
1193 2929 1392 2985 Forma
1433 2929 1583 2986 enim
1613 2928 1714 2985 Dei
1744 2928 1887 2984 nihil
1917 2929 2102 2986 diﬁ‘ert

498 3039 531 3079 a
574 3022 719 3085 Deo;
770 3015 895 3072 ideo
938 3016 1087 3073 enim
1138 3018 1316 3074 forma
1355 3028 1410 3076 et
1457 3018 1637 3090 imago
1667 3018 1768 3075 Dei
1795 3019 2100 3090 appellatus

497 3115 598 3174 est,
629 3112 691 3161 ut
719 3104 1118 3178 intelligeretur
1149 3122 1263 3162 non
1294 3106 1409 3178 ipse
1442 3106 1600 3163 Pater
1629 3123 1744 3163 esse
1773 3108 1952 3163 Deus:
2005 3106 2098 3164 sed

496 3195 604 3254 hoc
657 3211 794 3262 esse,
842 3194 990 3269 quod
1017 3198 1164 3252 Deus
1207 3204 1307 3253 est.
1340 3196 1442 3253 Hic
1470 3213 1597 3270 ergo
1639 3223 1657 3246 ι
1691 3213 1803 3254 non
1849 3198 2095 3271 rapinam

497 3284 794 3342 arbitratus
833 3293 914 3342 est
962 3301 1077 3343 esse
1121 3302 1178 3343 se
1226 3302 1411 3358 parem
1460 3288 1614 3354 Deo;
1649 3313 1668 3336 ι
1713 3286 1892 3343 sciens
1947 3288 2096 3344 enim

497 3376 557 3432 in
600 3375 777 3432 forma
805 3376 902 3431 Dei
929 3391 986 3432 se
1024 3393 1161 3445 esse,
1209 3391 1321 3431 non
1370 3375 1584 3432 furatus
1613 3383 1712 3444 est,
1762 3385 1825 3434 ut
1852 3375 2094 3434 diceret:

510 3490 529 3514 ε
558 3468 674 3539 Ego
701 3473 756 3523 et
780 3467 937 3523 Pater
958 3483 1132 3524 unum
1161 3483 1353 3523 sumus
1383 3467 1564 3538 (Joan.
1588 3483 1644 3535 χ,
1674 3466 1790 3538 30).
1815 3492 1831 3514 ι
1871 3467 1942 3524 Et
1965 3467 2099 3523 alibi

497 3556 556 3612 in
600 3557 827 3613 Joannis
876 3557 1216 3628 Evangelio:
1269 3579 1288 3604 ι
1335 3557 1644 3629 Propterea,
1688 3556 1890 3630 inquit,
1925 3574 2100 3630 perse-

497 3645 806 3716 quebantur
847 3643 1022 3701 Judaei
1073 3645 1280 3712 Jesum,
1309 3644 1439 3718 quia
1485 3662 1594 3702 non
1627 3646 1806 3702 solum
1856 3647 2103 3704 solvebat

499 3733 822 3801 Sabbatum,
879 3733 974 3790 sed
1022 3741 1077 3789 et
1129 3733 1346 3788 Patrem
1398 3733 1508 3790 sibi
1558 3733 1842 3805 proprium
1885 3735 2102 3794 dicebat

496 3823 698 3891 Deum,
727 3822 982 3892 wqualem
1010 3837 1062 3876 se
1089 3820 1290 3891 faciens
1316 3821 1424 3876 Deo
1460 3821 1642 3892 (Joan.
1675 3841 1732 3890 v,
1761 3822 1874 3894 18).
1908 3849 1926 3873 ι
1972 3825 2100 3882 Iure

499 3927 628 3984 ergo
667 3909 979 3984 exaequavit
1015 3925 1073 3966 se
1117 3910 1264 3978 Deo;
1297 3909 1392 3965 ille
1421 3909 1571 3967 enim
1623 3911 1919 3968 arbitratur
1947 3914 2103 3986 rapi-

500 4019 629 4060 nam
687 4002 883 4071 facere,
933 3999 1028 4074 qui
1085 4016 1143 4058 se
1198 4017 1384 4074 parem
1424 4001 1557 4059 facit
1609 4003 1660 4058 ei
1718 4019 1827 4076 quo
1874 4003 2104 4062 inferior

502 4098 604 4149 est.

576 4205 596 4229 ι
624 4177 730 4236 Sed
757 4179 1110 4250 semetipsum
1141 4178 1474 4248 exinanivit,
1506 4177 1738 4235 formam
1768 4179 1914 4236 servi
1948 4181 2104 4238 acci-

503 4269 681 4344 piens,
712 4270 770 4326 in
813 4268 1238 4326 similitudinem
1271 4267 1558 4325 hominum
1591 4269 1786 4338 factus,
1821 4277 1874 4326 et
1911 4270 2106 4328 habitu

506 4367 753 4432 repertus
811 4365 874 4414 ut
929 4357 1118 4414 homo.
1152 4363 1295 4421 256
1347 4357 1674 4414 Humiliavit
1729 4359 2102 4432 semetipsum,

508 4457 686 4515 factus
739 4454 1002 4513 obediens
1047 4471 1219 4529 usque
1264 4455 1334 4513 ad
1374 4463 1629 4526 mortem,
1659 4465 1892 4514 mortem
1922 4466 2106 4515 autem

506 4546 707 4604 crucis.
736 4569 754 4595 ι
796 4543 1049 4603 Christus
1104 4544 1273 4618 igitur
1331 4545 1622 4602 sciens’in
1679 4546 1854 4602 forma
1906 4546 2005 4602 Dei
2051 4562 2107 4602 se

509 4647 646 4699 esse,
679 4630 943 4703 aequalem
987 4646 1045 4687 se
1101 4630 1341 4688 ostendit
1368 4633 1514 4688 Deo:
1545 4631 1640 4688 sed
1668 4639 1730 4688 ut
1772 4632 2106 4690 humilitatis

509 4721 682 4794 legem
740 4720 980 4788 doceret,
1029 4719 1232 4777 Iudaeis
1269 4737 1325 4778 se
1363 4720 1954 4794 comprehendentibus
1993 4737 2105 4778 non

511 4812 692 4866 solum
751 4826 863 4866 non
924 4810 1285 4883 repugnavit:
1351 4835 1370 4858 ι
1411 4810 1516 4867 Sed
1572 4810 1922 4882 semetipsum
1977 4810 2107 4866 exi-

514 4898 767 4966 nanivit;
800 4923 820 4946 ι
861 4898 968 4956 hoc
1012 4907 1112 4968 est,
1165 4907 1486 4973 potestatem
1525 4917 1678 4957 suam
1705 4901 1772 4956 ab
1820 4916 1981 4972 opere
2011 4917 2106 4956 re-

515 4986 720 5053 traxit;
780 4997 844 5045 ut
889 4989 1216 5047 humiliatus
1244 4993 1420 5048 otiosa
1454 4991 1658 5047 virtute
1686 4990 1953 5046 inﬁrmari
1989 4991 2104 5063 (46)

516 5076 816 5133 videretur.
863 5101 882 5124 ι
911 5079 1165 5135 Formam
1194 5083 1337 5138 servi
1363 5082 1659 5155 accipiens,
1677 5107 1695 5128 ι
1729 5080 1861 5138 dum
1891 5090 2109 5139 tenetur

517 5174 572 5224 et
618 5166 841 5238 ligatur,
877 5173 931 5221 et
967 5166 1288 5224 verberibus
1333 5171 1534 5242 agitur,
1583 5187 1754 5244 usque
1783 5170 1848 5226 ad
1888 5186 2106 5228 crucem

517 5256 694 5314 factus
713 5255 974 5312 obediens
1013 5256 1178 5324 Patri,
1219 5258 1310 5314 cui
1360 5275 1415 5315 se
1445 5263 1708 5334 aequalem
1740 5260 1964 5329 sciebat,
1996 5276 2108 5316 non

517 5347 623 5405 sibi
681 5345 928 5404 defendit
967 5345 1357 5418 aequalitatem,
1405 5349 1500 5405 sed
1548 5350 1783 5422 subjecit
1828 5367 1902 5406 se.
1959 5350 2110 5407 Hanc

518 5441 836 5512 patientiam
868 5446 922 5496 et
943 5435 1314 5495 humilitatem
1343 5437 1550 5493 imitari
1581 5456 1681 5496 nos
1711 5439 1888 5509 docet,
1913 5448 1975 5495 ut
1998 5456 2108 5495 non

518 5529 696 5586 solum
735 5526 1105 5604 coaequalibus
1142 5542 1256 5586 non
1295 5542 1397 5586 nos
1424 5534 1823 5602 anteponamus
1848 5548 1863 5588 :
1893 5545 2110 5588 verum-

591 5711 703 5818 (tﬁ)
735 5745 1002 5806 Nonnulli
1030 5764 1187 5821 mss.,
1216 5746 1385 5808 otiosa
1407 5745 1603 5806 virtute
1625 5746 1940 5819 informari.

2127 3247 2171 3309 C

2232 596 2406 668 plum.
2462 597 2712 651 Formam
2757 603 2941 650 tamen
2995 594 3091 650 Dei
3129 611 3238 650 non
3284 596 3558 668 accepisse
3599 596 3836 666 dicitur,

2231 687 2326 742 sed
2367 703 2482 744 esse
2521 687 2578 742 in
2622 687 2800 742 forma
2844 685 2972 742 Dei:
3004 685 3149 741 servi
3193 692 3375 742 autem
3405 686 3638 744 formam
3669 704 3842 745 acce-

2231 777 2394 850 pisse,
2432 779 2562 835 dum
2595 779 2750 851 quasi
2781 785 3028 850 peccator
3065 776 3413 835 humiliatur.
3463 779 3618 835 Servi
3647 787 3838 836 autem

2229 884 2298 923 ex
2329 879 2548 940 peccato
2577 868 2740 934 ﬁunt,
2784 869 2926 925 sicut
2956 869 3127 926 Cham
3157 868 3307 924 ﬁlius
3334 871 3467 938 Noe,
3495 870 3588 943 qui
3621 871 3841 943 primus

2229 959 2430 1015 merito
2459 975 2660 1015 nomen
2693 958 2836 1014 servi
2859 957 3241 1030 accepit(Gen.
3275 975 3355 1027 rx,
3377 958 3494 1031 25).
3525 960 3646 1016 Non
3681 961 3838 1016 enim

2229 1046 2388 1114 mihi,
2450 1048 2593 1104 sicut
2649 1047 2999 1120 quihusdam,
3049 1046 3272 1104 videtur
3309 1047 3389 1104 sic
3419 1049 3652 1105 formam
3681 1049 3837 1105 servi

2226 1136 2520 1206 accepisse,
2573 1137 2704 1192 dum
2756 1137 2922 1193 homo
2969 1145 3131 1194 natus
3179 1144 3281 1194 est.
3334 1137 3476 1194 Vide
3514 1137 3661 1195 enim
3693 1136 3836 1212 quid

2225 1223 2400 1281 dicat:
2443 1251 2462 1272 ‹
2493 1226 2608 1282 Hoc
2652 1226 2852 1282 sentite
2900 1225 2957 1280 in
2991 1225 3172 1292 vobis,
3207 1223 3356 1298 quod
3405 1233 3461 1282 et
3505 1226 3562 1280 in
3605 1225 3836 1283 Christo

2222 1312 2368 1382 Jesu,
2402 1339 2420 1363 ι
2466 1314 2523 1370 id
2551 1322 2653 1381 est,
2706 1316 2820 1370 Deo
2849 1321 2904 1370 et
2932 1314 3182 1371 homine.
3217 1316 3362 1372 Ante
3393 1314 3835 1372 incarnationem

2222 1402 2370 1458 enim
2419 1412 2514 1459 aut
2542 1403 2794 1460 Christus
2834 1411 3014 1476 potest
3042 1404 3172 1473 dici,
3219 1413 3314 1462 aut
3364 1405 3563 1473 Jesus;
3601 1405 3736 1477 quia
3759 1404 3834 1460 si-

2222 1491 2338 1546 mul
2368 1491 2528 1548 ambo
2557 1493 2783 1550 nomina
2811 1501 2864 1549 et
2900 1493 3146 1550 hominis
3177 1493 3376 1564 ﬁlium,
3409 1501 3463 1551 et
3491 1494 3588 1551 Dei
3621 1493 3834 1550 Filium

2221 1579 2552 1652 signiﬁcant.
2585 1584 2720 1640 Nam
2777 1590 2904 1639 ante
2943 1583 3292 1639 nativitatem
3340 1582 3475 1656 quid
3514 1583 3652 1640 dicit
3683 1583 3836 1640 inter

2220 1671 2465 1727 caetera?
2492 1671 2650 1728 Petra
2680 1679 2861 1728 autem
2893 1681 3013 1728 erat
3046 1671 3300 1728 Christus
3329 1673 3388 1741 (Ι
3414 1673 3538 1729 Cor.
3571 1689 3627 1742 x,
3660 1673 3746 1747 4),
3779 1683 3835 1730 et

2220 1775 2331 1814 non
2386 1766 2662 1818 tentemus
2694 1760 2997 1829 Christum,
3029 1761 3173 1818 sicut
3218 1761 3440 1834 quidam
3471 1778 3662 1818 eorum
3694 1769 3835 1818 ten—

2219 1855 2478 1906 taverunt
2527 1852 2692 1924 (Ibid.
2725 1851 2804 1922 9).
2837 1850 2941 1908 Ubi
2983 1867 3111 1924 ergo
3139 1859 3235 1906 aut
3265 1852 3460 1919 Deum,
3508 1859 3604 1906 aut
3631 1851 3832 1907 homi—

2223 1953 2347 1994 nem
2388 1940 2509 1995 vult
2539 1939 2845 2013 signiﬁcare
2871 1939 3173 2013 Scriptura,
3210 1956 3383 1996 unum
3411 1956 3441 1994 e
3469 1939 3687 1997 duobus
3713 1957 3830 2014 po-

2220 2028 2305 2084 nit
2325 2045 2336 2084 :
2359 2037 2454 2085 aut
2481 2029 2684 2096 Jesum,
2707 2037 2802 2084 aut
2841 2028 3144 2085 Christum.
3176 2028 3275 2085 Dei
3317 2028 3465 2085 enim
3494 2028 3672 2085 Filius
3694 2047 3826 2086 cum

2218 2116 2384 2174 homo
2414 2126 2574 2174 natus
2603 2118 2694 2186 sit,
2733 2119 2790 2174 in
2822 2118 3000 2175 forma
3033 2118 3132 2174 Dei
3162 2127 3306 2187 erat;
3339 2118 3469 2192 quia
3496 2135 3621 2175 cum
3655 2118 3827 2178 homo

2217 2207 2518 2278 videretur,
2571 2225 2735 2281 opera
2785 2208 2885 2265 Dei
2937 2208 3209 2276 faciebat;
3245 2216 3308 2264 ut
3356 2208 3414 2263 in
3457 2210 3626 2282 gestis
3654 2210 3824 2266 rebus

2215 2307 2500 2371 appareret
2545 2301 2690 2356 Deus
2740 2315 2876 2367 esse,
2906 2299 3000 2371 qui
3045 2306 3260 2355 tantum
3295 2297 3463 2355 homo
3510 2315 3624 2355 esse
3651 2307 3826 2371 puta-

2215 2386 2396 2446 batur.
2420 2389 2597 2461 Opera
2627 2390 2776 2444 enim
2798 2387 3032 2444 formam
3059 2387 3398 2460 signiﬁcant,
3421 2395 3481 2443 ut
3503 2387 3630 2461 quia
3655 2406 3826 2460 opera

2214 2476 2353 2551 ejus,
2391 2495 2504 2534 non
2563 2477 2752 2551 utique
2796 2477 3043 2534 hominis
3090 2494 3256 2550 opera
3303 2487 3452 2547 sunt,
3487 2477 3580 2535 hic
3617 2479 3711 2553 qui
3759 2480 3822 2536 in

2214 2582 2375 2640 opere
2413 2567 2502 2624 vel
2533 2568 2711 2624 forma
2746 2567 2847 2624 Dei
2877 2575 3012 2636 erat,
3046 2567 3193 2623 Deus
3223 2566 3639 2639 intelligeretur.
3671 2568 3822 2624 For—

2214 2673 2302 2712 ma
2345 2657 2494 2713 enim
2542 2656 2641 2713 Dei
2689 2656 2821 2730 quid
2875 2665 2976 2726 est,
3019 2657 3128 2712 nisi
3163 2657 3479 2728 exemplum
3525 2673 3633 2729 quo
3672 2657 3822 2713 Deus

2213 2753 2457 2818 apparet,
2475 2745 2606 2802 dum
2631 2753 2879 2802 mortuos
2899 2745 3126 2812 excitat,
3144 2745 3326 2802 surdis
3341 2745 3522 2802 reddit
3542 2745 3820 2814 auditum,

2213 2835 2457 2907 leprosos
2514 2835 2763 2904 mundat,
2796 2844 2852 2891 et
2876 2835 3034 2891 alia?
3060 2834 3350 2903 Quomodo
3385 2843 3565 2891 autem
3597 2834 3818 2892 homini

2211 2923 2412 2980 similis
2441 2925 2618 2981 factus
2645 2924 2872 2994 dicitur,
2903 2924 2949 2980 si
2993 2923 3160 2980 homo
3190 2931 3406 2980 tantum
3435 2933 3582 2982 erat:
3611 2932 3666 2980 et
3710 2941 3820 2999 qua

2209 3015 2425 3071 ratione
2474 3013 2671 3071 habitu
2716 3022 2962 3088 repertus
3012 3023 3076 3070 ut
3112 3013 3280 3071 homo
3311 3022 3412 3084 est,
3447 3015 3492 3070 si
3539 3031 3650 3071 non
3678 3023 3819 3072 esset

2211 3111 2267 3160 et
2295 3106 2476 3172 Deus;
2507 3105 2613 3160 nisi
2643 3105 2773 3178 quia
2802 3122 2927 3162 cum
2985 3113 3277 3178 antequam
3305 3121 3362 3162 se
3390 3104 3648 3161 inclinari
3697 3121 3818 3178 per-

2212 3193 2476 3261 mitteret,
2526 3209 2740 3266 semper
2786 3193 2845 3248 in
2886 3193 2985 3250 Dei
3031 3194 3241 3250 virtute
3289 3193 3442 3250 visus
3485 3193 3578 3262 sit,
3629 3201 3822 3267 postea

2191 3276 2528 3338 'inﬁrmatus
2554 3282 2612 3338 in
2645 3281 2839 3338 habitu
2870 3281 3115 3338 hominis
3143 3291 3393 3356 repertus
3422 3291 3504 3340 est
3530 3283 3559 3338 ?
3583 3283 3719 3340 Nam
3759 3284 3821 3340 in

2213 3380 2400 3428 monte
2428 3372 2640 3445 utique,
2675 3371 2828 3444 quasi
2855 3373 3001 3428 Deus
3029 3372 3287 3446 apparuit
3314 3373 3527 3444 (Matth.
3551 3389 3692 3441 xvn,
3715 3373 3775 3445 2)
3805 3391 3818 3429 :

2211 3471 2266 3519 et
2289 3463 2348 3519 in
2389 3463 2529 3519 mari
2557 3461 2791 3535 pedibus
2827 3463 3119 3520 ambulans
3157 3465 3371 3536 (Matth.
3402 3481 3519 3530 xxv,
3554 3464 3672 3536 26),
3705 3480 3822 3520 non

2213 3553 2390 3608 solum
2440 3552 2628 3621 homo,
2661 3552 2755 3608 sed
2783 3561 2838 3609 et
2887 3555 3034 3610 Deus
3059 3553 3212 3610 visus
3253 3562 3307 3610 et
3353 3553 3668 3610 intellectus
3713 3561 3818 3610 est.

2212 3641 2461 3714 Denique
2492 3641 2588 3716 qui
2608 3650 2765 3698 erant
2795 3642 2854 3697 in
2884 3643 3034 3712 navi,
3050 3643 3184 3716 quid
3211 3641 3452 3699 dicunt?
3473 3642 3614 3700 Vere
3641 3642 3823 3698 Filius

2211 3731 2310 3786 Dei
2352 3740 2435 3789 est
2487 3733 2579 3789 hic
2613 3733 2776 3805 (Ibid.
2809 3732 2926 3804 33).
2975 3734 3084 3788 Ista
3141 3750 3268 3807 ergo
3311 3733 3519 3790 virtute
3548 3742 3818 3804 cessante,

2212 3823 2366 3878 velut
2409 3823 2576 3880 homo
2623 3825 2779 3880 visus
2808 3831 2890 3879 est
2917 3841 2931 3890 ;
2964 3823 3087 3880 ideo
3132 3824 3280 3880 enim
3311 3825 3449 3882 dicit
3475 3827 3630 3899 quasi
3660 3835 3726 3882 ut
3756 3826 3821 3883 il-

2215 3911 2310 3968 lud
2347 3912 2641 3986 signiﬁcet,
2674 3912 2801 3986 quia
2851 3920 2906 3968 et
2942 3914 3086 3968 Deus
3116 3921 3215 3970 est.
3281 3913 3626 3971 Inﬁrmitatis
3665 3915 3820 3972 enim

2215 4021 2380 4062 causa
2404 4008 2579 4063 Deum
2609 4007 2747 4064 dicit
2775 4006 3011 4061 similem
3053 4005 3259 4062 factum
3287 4006 3629 4065 hominibus.
3659 4008 3820 4076 Quod

2214 4095 2273 4151 in
2323 4095 2585 4168 subjectis
2632 4097 2828 4168 aperit,
2880 4095 3107 4151 dicens:
3156 4120 3174 4144 ι
3201 4095 3534 4152 Humiliavit
3563 4099 3820 4171 semetip-

2214 4199 2336 4241 sum
2390 4184 2567 4241 factus
2619 4184 2880 4240 obediens
2929 4199 3102 4257 usque
3151 4183 3221 4239 ad
3274 4191 3528 4255 mortem,
3579 4196 3819 4244 mortem

2216 4279 2399 4328 autem
2437 4273 2637 4330 crucis.
2672 4297 2691 4321 ι
2735 4273 2878 4328 Hinc
2918 4280 3000 4329 est
3045 4272 3192 4329 unde
3245 4272 3439 4329 habitu
3467 4284 3716 4348 repertus
3758 4285 3822 4334 ut

2216 4361 2383 4418 homo
2429 4368 2546 4430 est;
2577 4363 2818 4419 retinens
2846 4362 2995 4418 enim
3041 4362 3305 4419 virtutem
3337 4379 3512 4433 suam,
3557 4381 3626 4421 ne
3656 4381 3822 4438 appa-

2217 4459 2359 4509 reret
2388 4452 2447 4510 in
2471 4469 2554 4521 eo,
2585 4461 2647 4511 ut
2672 4452 2838 4510 homo
2877 4453 3029 4510 visus
3057 4461 3137 4510 est
3166 4460 3221 4510 et
3263 4453 3519 4524 occisius,
3545 4455 3641 4527 qui
3673 4456 3819 4512 mori

2217 4543 2410 4600 nescit.

2135 4611 2184 4671 Ῑ)
2289 4633 2469 4702 (Vers.
2505 4633 2594 4700 10,
2625 4633 2710 4703 ll,
2746 4633 2860 4708 i2.)
2902 4658 2921 4681 ι
2949 4635 3178 4708 Propter
3203 4633 3352 4709 quod
3371 4641 3424 4691 et
3452 4636 3598 4692 Deus
3627 4651 3816 4708 super-

2213 4721 2476 4778 exaltavit
2505 4738 2654 4791 eum,
2685 4729 2739 4778 et
2767 4722 2997 4779 donavit
3040 4723 3090 4779 ei
3121 4739 3320 4780 nomen
3351 4721 3499 4794 quod
3528 4728 3608 4778 est
3651 4740 3820 4796 super

2215 4826 2378 4866 omne
2389 4827 2609 4878 nomen;
2633 4817 2695 4866 ut
2713 4811 2769 4865 in
2798 4811 3022 4868 nomine
3041 4811 3168 4868 Jesu
3193 4827 3356 4867 omne
3379 4826 3519 4882 genu
3542 4811 3813 4882 ﬂectatur,

2214 4901 2542 4970 caelestium,
2590 4900 2953 4970 terrestrium,
3004 4910 3058 4959 et
3109 4902 3488 4960 infernorum:
3551 4909 3604 4957 et
3634 4902 3818 4958 omnis

2217 4989 2405 5063 lingua
2448 4988 2775 5046 conﬁteatur
2819 4990 2948 5063 quia
2977 4990 3250 5047 Dominus
3275 4991 3430 5048 Iesus
3467 4990 3718 5048 Christus
3754 4991 3818 5048 in

2216 5079 2389 5150 gloria
2415 5085 2496 5135 est
2524 5078 2622 5134 Dei
2654 5079 2848 5136 Patris.
2881 5105 2897 5128 ι
2942 5079 3086 5149 Quid
3132 5087 3186 5138 et
3231 5087 3497 5153 quantum
3529 5079 3819 5138 humilitas

2217 5179 2508 5238 mereatur,
2557 5170 2816 5239 ostendit,
2868 5179 2929 5227 ut
2988 5171 3162 5244 magis
3212 5170 3356 5228 hanc
3415 5179 3814 5244 appeteremus,

2217 5260 2421 5316 calcata
2454 5258 2739 5331 jactantia.
2781 5260 2935 5316 Unde
2965 5260 3102 5317 dicit
3154 5259 3416 5317 Salomon
3447 5279 3458 5317 :
3507 5285 3526 5310 ε
3553 5260 3818 5332 Superbis

2217 5352 2362 5407 Deus
2379 5351 2603 5420 resistit,
2623 5351 2930 5408 humilibus
2950 5358 3133 5408 autem
3155 5349 3248 5407 dat
3268 5350 3495 5423 gratiam
3517 5352 3705 5417 (Prov.
3729 5367 3812 5420 nr,

2219 5440 2334 5513 34).
2376 5464 2394 5488 ι
2441 5440 2618 5508 Quare
2661 5448 2714 5496 et
2763 5441 3062 5497 Dominus:
3107 5464 3127 5490 ‹
3164 5439 3270 5507 Qui
3297 5457 3372 5508 se,
3416 5441 3618 5513 inquit,
3652 5438 3817 5496 exala-

2219 5529 2440 5600 taverit,
2464 5529 2888 5600 humiliabitur;
2927 5538 2981 5588 et
3008 5531 3105 5605 qui
3139 5547 3194 5588 se
3223 5529 3624 5596 humiliaverit,
3653 5529 3820 5587 exal-
