3970 6382
179 445 296 502 433

1241 447 1602 506 COMMENT.
1645 449 1716 507 IN
1750 449 1966 507 EPIST.
2010 453 2107 509 AD
2146 451 2447 510 PHILIPP.

3301 468 3304 471 '
3388 455 3495 516 43$

180 567 402 626 labitur
430 568 584 641 (Luc.
617 585 735 639 xxv,
779 570 891 642 11).
925 595 943 618 ι
986 571 1113 627 Haec
1142 578 1224 627 est
1252 587 1378 644 ergo
1408 573 1714 643 humilitas,
1744 575 1790 632 si
1819 585 1868 644 Α
1896 585 1949 634 et
1977 576 2259 650 accipietis
2289 578 2469 648 (Joan.
2501 592 2620 646 xvr,
2652 577 2769 649 24).
2802 602 2821 628 ι
2867 579 2982 636 Hoc
3009 595 3135 654 ergo
3166 591 3326 640 natus
3353 600 3501 642 acce-

179 656 296 715 sibi
329 656 452 730 quis
483 675 585 716 nec
614 659 758 732 quod
788 659 975 716 deberi
1005 662 1182 730 novit,
1226 661 1504 720 defendat.
1548 665 1795 739 Denique

178 746 502 805 Pharisaeus
539 749 654 818 ille,
697 766 820 806 vera
856 751 923 808 de
960 767 1018 808 se
1046 751 1256 821 dicens,
1302 754 1568 810 exaltasse
1597 771 1654 810 se
1682 755 1796 813 dic-

180 841 282 892 tus
313 845 434 905 est;
482 854 546 895 ac
575 855 668 911 per
697 839 801 897 hoc
829 839 1156 897 humiliatus
1195 849 1275 898 est
1327 843 1478 914 (Luc.
1510 860 1674 912 xviii,
1707 845 1794 901 11-

183 924 284 997 14)
324 945 336 982 :
387 927 640 985 Christus
668 937 850 986 autem
882 931 1004 1003 plus
1048 930 1199 1000 fecit,
1247 932 1342 1006 qui
1370 949 1496 988 cum
1528 934 1671 990 Deus
1699 935 1791 1003 sit,

176 1029 320 1070 caro
351 1016 532 1073 factus
561 1017 882 1076 hominibus
901 1036 956 1076 se
985 1019 1296 1076 inclinavit.
1327 1022 1485 1078 Nunc
1511 1021 1796 1080 videamus

178 1105 474 1178 quomodo
533 1106 796 1164 donatum
853 1117 934 1166 est
987 1108 1208 1166 Christo
1253 1127 1476 1178 nomen,
1525 1111 1672 1184 quod
1713 1119 1794 1169 est

177 1209 355 1265 super
398 1211 562 1251 omne
610 1213 832 1267 nomen,
868 1199 1023 1271 quasi
1073 1200 1282 1272 eguerit
1330 1201 1506 1256 Filius
1535 1202 1653 1270 Dei,
1700 1210 1794 1259 aut

182 1282 550 1355 imperfectus
585 1286 753 1343 fuerit
778 1307 790 1355 ;
834 1289 931 1361 qui
962 1289 1110 1345 enim
1142 1297 1280 1362 eget,
1310 1291 1661 1363 imperfectus
1689 1301 1788 1348 est.

178 1373 242 1428 Si
270 1374 418 1429 enim
457 1373 516 1429 in
543 1375 719 1431 forma
741 1378 837 1432 Dei
872 1386 1006 1446 erat,
1040 1386 1154 1434 erat
1186 1395 1282 1450 par
1310 1386 1364 1434 et
1393 1379 1620 1452 aequalis
1643 1382 1788 1441 Deo;

178 1461 466 1535 quomodo
495 1462 757 1520 donatum
792 1474 874 1522 est
908 1467 1042 1523 illi?
1085 1468 1305 1524 Etenim
1335 1467 1599 1524 donatum
1628 1467 1786 1540 dicit,

181 1551 284 1625 qui
317 1569 373 1610 se
401 1553 742 1623 humiliavit,
788 1562 843 1611 et
870 1555 1024 1628 quasi
1070 1555 1236 1612 homo
1278 1559 1548 1629 apparuit,
1591 1561 1792 1615 exina—

183 1641 351 1697 niens
380 1658 459 1710 se,
493 1643 670 1700 factus
700 1643 962 1701 obediens
990 1661 1162 1718 usque
1188 1646 1256 1701 ad
1289 1655 1543 1704 mortem.
1578 1650 1634 1704 Si
1665 1666 1792 1721 ergo

177 1730 459 1802 perfectus
514 1738 676 1787 natus
729 1742 830 1802 est,
900 1734 1176 1806 quomodo
1232 1735 1427 1807 eguit?
1483 1737 1789 1795 Perfectum

174 1819 282 1875 Dei
316 1819 521 1876 Filium
548 1827 740 1875 natum
771 1820 839 1876 de
877 1823 990 1878 Deo
1017 1822 1178 1878 Patre
1202 1825 1297 1895 qui
1327 1831 1507 1896 negat,
1551 1824 1791 1880 Arianus

175 1913 304 1973 est;
361 1922 487 1962 nam
530 1915 656 1962 ante
702 1908 1031 1979 passionem,
1077 1911 1341 1983 aequalem
1389 1929 1447 1969 se
1497 1915 1610 1970 Deo
1639 1914 1784 1970 Patri
1818 1944 1865 2006 Β

175 1993 449 2063 ostendit,
489 1994 634 2051 sicut
677 2003 730 2051 et
779 2013 942 2069 supra
988 2003 1309 2057 memoravi.
1371 2003 1526 2060 Unde
1571 2012 1786 2062 constat

174 2081 338 2139 hunc
366 2089 557 2138 natum
589 2099 704 2140 esse
729 2085 1069 2156 perfectum;
1102 2087 1160 2142 in
1194 2089 1481 2148 nativitate
1509 2092 1657 2148 enim
1688 2109 1786 2150 sua

175 2171 372 2228 omnia
405 2180 735 2229 consecutus
762 2174 1001 2230 videtur.
1036 2177 1097 2231 In
1129 2178 1476 2249 plenitudine
1508 2182 1655 2238 enim
1688 2184 1785 2239 di-

179 2258 440 2314 vinitatis
469 2266 550 2314 est
578 2267 738 2315 natus
767 2260 834 2316 ad
863 2262 1051 2318 omnia
1082 2263 1290 2336 agenda
1321 2283 1440 2338 quae
1474 2269 1669 2341 gessit;
1721 2278 1786 2327 ut

176 2347 340 2422 prius
393 2352 536 2410 256
577 2347 786 2405 donum
844 2352 1162 2424 accepisset,
1221 2371 1382 2428 quam
1433 2365 1666 2429 gereret,
1715 2359 1782 2416 ad

176 2462 303 2519 quae
333 2446 541 2519 agenda
564 2453 730 2502 natus
759 2454 860 2504 est.
906 2448 1141 2506 Videtur
1186 2466 1314 2524 ergo
1344 2452 1552 2510 donum
1584 2455 1778 2525 Patris,

180 2541 291 2600 hoc
337 2551 441 2612 est,
485 2559 598 2600 esse
641 2543 869 2613 Filium,
918 2551 974 2600 et
1012 2561 1213 2602 nomen
1256 2545 1372 2619 ejus
1416 2565 1579 2622 super
1619 2566 1781 2606 omne

176 2644 383 2686 nomen
413 2629 506 2699 sit,
560 2629 666 2688 hoc
695 2638 798 2699 est,
838 2647 958 2688 esse
983 2634 1196 2701 Deum;
1238 2649 1439 2690 nomen
1479 2637 1627 2691 enim
1657 2635 1777 2704 Dei,

175 2719 277 2776 sed
334 2737 431 2794 per
464 2729 738 2792 naturam,
795 2739 907 2778 non
960 2739 1056 2796 per
1110 2725 1280 2780 solam
1337 2726 1778 2798 appellationem,

175 2826 344 2882 super
387 2827 549 2868 omne
596 2827 799 2868 nomen
851 2819 953 2868 est.
1000 2813 1144 2868 Hinc
1171 2820 1274 2878 est,
1334 2837 1352 2860 ι
1380 2821 1442 2868 ut
1470 2813 1528 2868 in
1556 2814 1780 2870 nomine

175 2898 307 2954 Jesu
336 2915 499 2955 omne
547 2915 690 2972 genu
721 2899 990 2968 ﬂectatur,
1037 2900 1364 2970 ccelestium,
1415 2901 1776 2972 terrestrium,

175 2993 231 3042 et
261 2986 631 3057 infernorum,
665 3013 684 3037 ι
740 2989 884 3046 sicut
909 2989 979 3046 ad
1008 2991 1284 3046 Romanos
1310 2989 1604 3063 signiﬁcat,
1637 2993 1781 3048 inter

175 3083 374 3132 caetera
401 3075 592 3133 dicens
625 3094 637 3132 :
703 3101 720 3123 -
753 3079 825 3133 Et
859 3093 931 3133 ex
967 3079 1168 3152 quibus
1197 3078 1450 3136 Christus
1477 3080 1778 3137 secundum

176 3181 421 3235 carnem,
452 3167 547 3239 qui
573 3171 655 3222 est
678 3182 840 3239 super
868 3167 1056 3222 omnia
1084 3169 1228 3224 Deus
1248 3168 1568 3225 benedictus
1596 3170 1656 3225 in
1685 3187 1777 3226 sae.

178 3257 304 3313 cula
339 3257 513 3327 (Rom.
551 3273 630 3326 ix,
660 3257 741 3328 5).
775 3280 792 3303 ι
847 3256 978 3325 Qua;
1010 3258 1122 3313 sint
1151 3265 1331 3313 autem
1361 3257 1478 3316 haec
1507 3259 1692 3316 omnia
1719 3259 1777 3314 in

176 3347 410 3420 epistola
440 3347 543 3404 ista
587 3347 763 3420 aperit
790 3348 1004 3416 dicens,
1050 3349 1295 3405 coelestia
1323 3357 1379 3404 et
1417 3350 1696 3406 terrestria
1726 3357 1781 3405 et

180 3435 439 3507 inferna:
488 3436 598 3492 alia
643 3437 792 3492 enim
834 3437 989 3491 nulla
1028 3443 1176 3491 sunt.
1229 3436 1570 3502 Quibusdam
1598 3446 1780 3492 tamen

181 3523 404 3580 videtur
431 3523 648 3580 homini
670 3524 933 3580 donatum
957 3540 1072 3581 esse
1093 3541 1315 3592 nomen,
1337 3525 1484 3596 quod
1512 3533 1594 3581 est
1621 3542 1783 3598 super

176 3628 341 3668 omne
372 3628 595 3682 nomen,
629 3612 778 3685 quod
806 3613 962 3667 nullo
986 3628 1201 3684 genere,
1232 3613 1387 3668 nulla
1417 3613 1628 3669 ratione
1651 3629 1780 3670 con-

180 3701 354 3757 venit.
411 3700 468 3756 Si
519 3700 669 3756 enim
723 3699 975 3758 Christus
1023 3701 1123 3757 Dei
1173 3701 1348 3758 Filius
1394 3701 1539 3758 idem
1586 3701 1700 3775 ipse
1729 3710 1782 3758 et

177 3790 348 3848 homo
383 3796 488 3856 est,
518 3804 630 3844 non
658 3796 873 3861 poterat
916 3791 1062 3846 Deus
1090 3790 1258 3846 homo
1286 3790 1482 3859 factus,
1530 3792 1623 3848 sed
1656 3809 1781 3848 ma-

182 3893 322 3934 nens
349 3879 514 3945 Deus,
540 3877 628 3934 his
653 3894 806 3951 egere
831 3896 950 3952 quae
978 3879 1214 3936 habebat
1242 3898 1254 3936 :
1281 3888 1376 3936 aut
1401 3881 1448 3936 si
1478 3880 1778 3938 secundum

175 3965 324 4040 quod
366 3965 534 4022 homo
579 3974 718 4036 erat,
765 3966 854 4024 his
900 3967 1112 4041 egebat,
1162 3985 1282 4042 quae
1325 3970 1424 4026 Dei
1468 3977 1617 4038 sunt,
1665 3970 1780 4043 ipse

174 4054 283 4112 sibi
321 4053 419 4110 Dei
461 4054 638 4110 Filius
669 4057 814 4112 Deus
843 4056 1101 4126 dedisset,
1149 4073 1268 4130 quae
1296 4057 1521 4115 deerant
1546 4057 1592 4114 ei
1618 4057 1781 4130 juxta

177 4144 324 4219 quod
354 4143 520 4200 homo
552 4151 686 4201 erat.
719 4144 878 4213 Quod
911 4145 1134 4219 quidem
1167 4148 1234 4202 ab
1279 4146 1597 4219 insipientia
1628 4146 1780 4204 dici-

176 4247 289 4297 tur.
331 4240 403 4294 Et
431 4255 599 4313 quare
642 4241 803 4296 Pater
835 4240 1043 4297 dicitur
1083 4239 1316 4310 dedisse,
1363 4258 1492 4298 cum
1540 4240 1654 4313 ipse
1682 4234 1778 4314 qui

177 4329 345 4386 homo
374 4329 554 4386 factus
583 4337 719 4398 erat,
750 4330 892 4386 nihil
922 4329 1217 4387 dehaberet
1235 4331 1263 4386 ?
1292 4338 1387 4387 aut
1418 4347 1530 4386 non
1561 4339 1776 4403 poterat

178 4418 307 4478 Filii
338 4416 605 4474 divinitas
639 4419 756 4491 (47)
802 4419 1020 4491 corpori
1047 4436 1148 4476 suo
1181 4430 1236 4476 et
1263 4421 1460 4477 animai
1488 4429 1767 4494 praestare,

179 4525 299 4582 quae
329 4507 595 4564 deerant?
644 4508 750 4564 Sed
780 4508 919 4564 forte
947 4511 1076 4581 quia
1103 4525 1135 4564 a
1163 4511 1274 4565 Deo
1302 4511 1458 4566 Patre
1487 4519 1616 4567 sunt
1646 4529 1776 4568 om-

179 4598 292 4666 nia,
339 4597 462 4653 ideo
503 4598 618 4670 ipse
647 4597 853 4654 dicitur
898 4597 1131 4654 dedisse.
1173 4598 1229 4654 Si
1259 4615 1386 4671 ergo
1415 4616 1446 4655 a
1474 4601 1630 4658 Patre
1660 4619 1774 4657 om-

1904 667 2003 740 pit,
2035 675 2096 724 ut
2146 674 2267 739 post
2312 683 2528 723 crucem
2584 667 3046 736 manifestaretur,
3102 670 3236 742 quid
3275 688 3307 727 a
3341 674 3500 730 Patre

1905 755 2035 812 dum
2067 764 2435 828 generaretur,
2457 757 2745 829 acceperit.
2773 759 2983 814 Nomen
3014 759 3161 814 enim
3194 768 3326 816 tunc
3353 778 3500 818 acce-

1903 843 1985 917 pit
2021 845 2137 915 (48)
2169 862 2200 899 a
2228 846 2404 913 Patre,
2449 862 2576 902 cum
2606 862 2637 901 a
2679 854 2927 902 creatura
2972 847 3138 920 coepit
3182 849 3350 918 sciri;
3397 866 3499 906 co-

1904 934 2183 1006 gnoscitur
2212 936 2357 990 enim
2390 936 2522 1008 quid
2569 945 2790 1010 propter
2819 937 2937 994 haec
2966 953 3087 1010 quas
3123 939 3305 1008 gessit,
3350 949 3497 997 ante-

1903 1039 2066 1096 quam
2096 1032 2324 1096 gereret,
2346 1026 2634 1098 acceperit.
2661 1027 2906 1100 Denique
2922 1035 3046 1083 ante
3066 1045 3285 1085 crucem
3314 1029 3494 1088 dixit:

1917 1134 1935 1158 ι
1966 1112 2166 1169 Omnia
2195 1114 2332 1169 mihi
2361 1115 2564 1170 tradita
2605 1123 2735 1171 sunt
2763 1133 2794 1170 a
2823 1117 2981 1172 Patre
3010 1133 3131 1172 meo
3164 1118 3376 1188 (Matth.
3413 1135 3494 1190 xx,

1901 1199 2017 1274 27).
2067 1226 2086 1250 ›
2140 1201 2427 1269 Quomodo
2451 1219 2578 1276 ergo
2609 1205 2714 1262 hoc
2741 1204 2810 1261 ad
2838 1222 3036 1278 corpus
3073 1214 3251 1278 potest
3280 1207 3492 1277 referri,

1901 1297 1964 1344 ut
2009 1291 2109 1347 Dei
2156 1309 2356 1348 nomen
2405 1293 2622 1366 corpori
2669 1295 2741 1350 sit
2786 1295 3073 1364 donatum,
3122 1312 3246 1352 cum
3280 1304 3496 1354 constet

1903 1378 2183 1436 Christum
2214 1381 2494 1438 hominem
2524 1398 2639 1439 esse
2664 1393 2719 1440 et
2747 1385 2942 1452 Deum,
2976 1384 3104 1457 quia
3134 1401 3234 1441 nec
3261 1386 3490 1457 dignum

1902 1478 2001 1537 est,
2035 1478 2096 1525 ut
2122 1473 2267 1527 Deus
2310 1472 2635 1530 immutetur
2665 1474 2722 1528 in
2751 1490 2995 1543 carnem,
3025 1490 3202 1547 neque
3231 1489 3356 1532 caro
3385 1475 3493 1532 hoc

1901 1557 2071 1628 possit
2109 1559 2249 1615 eﬂici
2282 1560 2428 1632 quod
2457 1569 2538 1616 est
2565 1563 2739 1628 Deus;
2797 1562 2890 1618 sed
2921 1562 3060 1618 forte
3105 1569 3167 1619 ut
3195 1562 3491 1636 adaptione

1899 1646 2045 1701 Deus
2081 1657 2240 1716 esset,
2273 1657 2325 1703 et
2355 1649 2447 1705 hic
2475 1651 2626 1706 color
2653 1659 2764 1717 est;
2797 1651 3026 1725 incipiet
3053 1651 3199 1707 enim
3239 1668 3309 1708 ex
3337 1657 3492 1726 parte

1899 1735 2043 1790 Deus
2081 1751 2244 1792 verus
2282 1753 2396 1794 esse
2450 1737 2722 1807 Christus,
2774 1747 2828 1794 et
2870 1755 2939 1795 ex
2977 1747 3129 1812 parte
3173 1740 3488 1813 adoptivus,

1899 1834 1994 1881 aut
2028 1825 2137 1882 duo
2185 1827 2285 1882 dii.
2341 1827 2446 1885 Sed
2499 1827 2649 1883 aliud
2707 1827 2990 1901 Scriptura
3043 1828 3360 1902 signiﬁcat:
3403 1827 3488 1884 illi

1900 1916 2046 1971 enim
2081 1917 2345 1973 donatum
2375 1917 2669 1988 signiﬁcat,
2691 1918 2785 1990 qui
2814 1933 2870 1973 se
2897 1917 3229 1983 exinanivit,
3260 1915 3354 1989 qui
3379 1915 3487 1972 for-

1897 2022 2043 2061 mam
2073 2007 2218 2062 servi
2264 2007 2492 2079 accepit,
2541 2007 2637 2080 qui
2674 2007 2732 2062 in
2778 2007 3201 2062 similitudinem
3245 2005 3490 2062 hominis

1893 2095 2070 2151 factus
2097 2103 2180 2152 est
2227 2095 2411 2164 homo,
2467 2098 2562 2169 qui
2593 2097 2740 2152 Patri
2777 2095 3043 2153 obedivit.
3090 2095 3147 2152 Si
3179 2095 3346 2151 homo
3374 2096 3490 2152 Deo

1892 2185 2042 2241 Patri
2073 2185 2340 2254 obedivit,
2392 2185 2526 2258 quid
2558 2201 2815 2257 magnum
2847 2193 2948 2253 est,
2980 2183 3128 2258 quod
3155 2183 3303 2240 dixit
3345 2185 3488 2257 Apo-

1893 2275 2115 2331 stolus?
2162 2274 2264 2331 Sed
2318 2273 2424 2332 hoc
2459 2290 2718 2347 magnum
2763 2281 2866 2340 est,
2915 2272 3048 2346 quia
3092 2289 3218 2330 cum
3261 2272 3490 2346 aequalis

1891 2371 2053 2430 esset,
2087 2362 2354 2420 obedivit.
2386 2365 2459 2418 Et
2487 2362 2624 2436 quid
2652 2362 2830 2419 laudis
2853 2370 2954 2430 est,
2986 2362 3032 2418 si
3062 2362 3120 2419 in
3152 2362 3489 2420 similitudi-
3545 2420 3570 2444 .

1891 2469 2016 2510 nem
2036 2452 2279 2508 hominis
2294 2453 2473 2509 factus
2491 2461 2568 2510 est
2585 2452 2770 2519 homo;
2794 2461 2856 2508 ut
2879 2451 3094 2508 homini
3106 2451 3306 2508 similis
3321 2450 3490 2508 homo

1890 2543 2070 2598 factus
2097 2542 2314 2598 dicatur
2334 2543 2361 2597 ?
2390 2541 2495 2597 Sed
2530 2558 2639 2597 non
2669 2548 2844 2613 potest
2874 2540 2993 2596 ﬁeri
3016 2559 3030 2607 ;
3065 2557 3226 2596 nemo
3255 2539 3403 2596 enim
3428 2539 3489 2596 in

1891 2629 2315 2686 similitudinem
2347 2631 2410 2685 ﬁt
2441 2629 2697 2701 alicujus,
2746 2630 2854 2685 nisi
2884 2629 3025 2685 alius
3054 2628 3146 2696 sit,
3195 2637 3487 2701 antequam

1889 2717 1983 2774 ﬁat
2013 2719 2070 2773 in
2108 2719 2532 2774 similitudinem
2574 2719 2732 2790 cujus
2761 2719 2912 2783 vult;
2964 2732 3060 2788 per
3088 2731 3307 2773 causam
3339 2714 3488 2772 enim

1889 2807 2090 2865 similis
2117 2808 2294 2863 factus
2323 2815 2424 2874 est,
2461 2823 2570 2862 non
2595 2822 2692 2880 per
2722 2805 3105 2862 substantiam.
3136 2805 3209 2860 Et
3234 2805 3358 2879 quis
3388 2811 3497 2862 est:

1890 2896 1984 2969 qui
2026 2913 2082 2953 se
2114 2896 2476 2952 exinanivit?
2530 2897 2726 2952 Homo.
2776 2896 2920 2968 Ergo
2968 2894 3202 2952 habebat
3233 2893 3372 2967 (49).
3423 2895 3497 2951 Et

1890 2985 2167 3057 quomodo
2208 2985 2462 3057 accepit?
2518 2985 2623 3042 Sed
2662 2983 2796 3056 quid
2843 2990 3054 3056 poterat
3101 2999 3158 3039 se
3205 2983 3493 3039 exinanire

1893 3080 2057 3131 homo
2087 3091 2172 3131 res
2202 3075 2424 3131 inﬁrma
2443 3075 2472 3130 ?
2499 3075 2569 3130 Et
2598 3073 2657 3129 in
2684 3073 2862 3129 forma
2894 3073 2992 3129 Dei
3023 3071 3296 3145 numquid
3325 3071 3494 3128 homo

1889 3166 2047 3222 erat?
2103 3164 2208 3222 Sed
2263 3165 2406 3220 forte
2458 3164 2625 3220 homo
2664 3163 2725 3218 in
2777 3163 2955 3219 forma
3008 3162 3108 3218 Dei
3155 3162 3331 3218 Filius
3377 3167 3494 3218 erat

1893 3255 2032 3327 (50).
2081 3257 2216 3328 Age,
2263 3255 2444 3311 Filius
2486 3254 2582 3310 Dei
2626 3253 2684 3309 in
2726 3252 2884 3324 cujus
2920 3254 3094 3308 forma
3135 3251 3296 3307 erat?
3344 3251 3416 3306 Et
3443 3251 3491 3307 si

1886 3343 1999 3416 jam
2032 3343 2198 3400 homo
2232 3343 2287 3398 in
2331 3343 2510 3398 forma
2541 3341 2662 3410 Dei,
2712 3340 2818 3396 hoc
2857 3348 2960 3408 est,
3005 3339 3178 3395 Filius
3216 3339 3315 3394 Dei
3349 3346 3489 3408 erat,

1885 3431 1998 3503 jam
2029 3439 2156 3486 ante
2199 3431 2507 3503 passionem
2559 3429 2834 3501 perfectus
2861 3437 2994 3483 erat.
3039 3428 3161 3483 Non
3209 3442 3336 3498 ergo
3367 3435 3490 3498 post

1891 3519 2196 3593 passionem
2238 3519 2450 3593 aliquid
2493 3518 2722 3588 accepit.
2764 3515 2869 3573 Sed
2899 3515 3206 3583 videamus,
3259 3515 3392 3588 quid
3421 3513 3491 3572 de

1891 3625 1954 3664 eo
2004 3608 2270 3681 scriptum
2327 3609 2445 3664 sit:
2525 3631 2544 3654 ι
2572 3607 2799 3680 Propter
2857 3605 3004 3678 quod
3059 3603 3490 3678 superexaltavit

1889 3714 2016 3754 eum
2063 3700 2228 3766 Deus,
2277 3705 2331 3753 et
2375 3697 2604 3754 donavit
2652 3697 2700 3752 ei
2751 3712 2974 3763 nomen,
3022 3695 3169 3767 quod
3205 3702 3288 3750 est
3323 3710 3489 3767 super

1889 3803 2052 3844 omne
2082 3803 2320 3854 nomen;
2355 3794 2416 3841 ut
2458 3786 2516 3841 in
2565 3785 2788 3842 nomine
2829 3786 2956 3842 Jesu
2986 3801 3148 3840 omne
3178 3800 3319 3857 genu
3349 3784 3487 3842 ﬂec-

1890 3885 2057 3946 tatur,
2097 3877 2422 3946 cmlestium,
2469 3875 2834 3945 terrestrium,
2887 3883 2941 3931 et
2985 3875 3328 3931 infernarum
3369 3893 3379 3930 :
3432 3882 3488 3930 et

1889 3967 2070 4023 omnis
2098 3966 2286 4038 lingua
2314 3963 2661 4034 conﬁteatur,
2690 3965 2820 4038 quia
2842 3964 3112 4022 Dominus
3141 3965 3296 4020 Iesus
3327 3962 3485 4020 Chri-

1887 4068 2009 4117 stus
2046 4060 2102 4114 in
2132 4057 2303 4131 gloria
2331 4067 2413 4114 est
2441 4058 2541 4114 Dei
2571 4057 2768 4113 Patris.
2801 4083 2819 4106 ι
2886 4056 3308 4114 Consideremus
3337 4073 3488 4114 nunc

1887 4149 2054 4217 dicta,
2081 4155 2136 4204 et
2173 4147 2252 4205 sic
2289 4146 2639 4204 advertamus
2668 4147 2784 4202 vim
2833 4147 3148 4203 locutionis.
3200 4146 3358 4203 Certe
3389 4161 3484 4201 no-

1895 4256 2042 4308 men,
2075 4239 2221 4312 quod
2252 4254 2414 4311 super
2443 4253 2606 4294 omne
2635 4253 2837 4292 nomen
2864 4242 2966 4305 est,
3016 4235 3116 4292 Dei
3148 4252 3350 4292 nomen
3378 4242 3480 4292 est.

1886 4330 1992 4386 Sed
2016 4330 2062 4386 si
2093 4346 2187 4403 per
2215 4336 2466 4384 naturam
2500 4345 2609 4383 non
2640 4334 2856 4383 constat
2889 4326 2994 4382 hoc
3036 4341 3236 4381 nomen
3265 4341 3377 4381 non
3403 4332 3486 4381 est

1885 4436 2048 4493 super
2091 4435 2252 4475 omne
2299 4434 2539 4484 nomen;
2579 4417 2975 4490 appellativum
3009 4414 3156 4470 enim
3187 4430 3390 4470 nomen
3424 4415 3483 4471 in

1886 4509 2003 4564 solo
2043 4508 2313 4564 vocabqu
2363 4515 2466 4574 est,
2524 4522 2634 4561 non
2672 4506 2730 4561 in
2779 4504 3069 4560 nobilitate
3124 4511 3371 4570 naturae;
3427 4511 3483 4559 et

1885 4597 2146 4670 adoptivo
2191 4599 2304 4652 Deo
2352 4612 2464 4652 non
2502 4594 2675 4651 ﬂectit
2718 4601 2966 4650 creatura
2993 4607 3157 4664 genu,
3203 4591 3297 4647 sed
3327 4606 3481 4657 vero,

180 4687 290 4754 nia,
322 4702 489 4760 quare
518 4669 629 4742 non
660 4686 877 4744 dicatur
904 4694 1103 4744 cuncta
1144 4687 1286 4743 Filio
1311 4669 1410 4743 suo
1441 4705 1536 4760 per
1562 4705 1776 4762 genera-
1805 4669 1853 4728 D
1887 4669 2413 4744 noniconcreaturae.
2436 4686 2509 4740 Et
2528 4681 2802 4756 quomodo
2832 4681 2949 4737 ﬁeri
2978 4687 3172 4752 potest,
3222 4685 3284 4733 ut
3315 4678 3481 4735 homo

182 4775 383 4831 tionem
416 4774 670 4831 dedisse?
712 4777 785 4830 Et
813 4775 1065 4848 quamvis
1094 4776 1356 4848 aequalem
1387 4776 1492 4832 sibi
1524 4777 1774 4850 genuerit

183 4864 409 4932 Filium,
431 4864 570 4921 ordo
589 4871 771 4920 tamen
799 4863 972 4936 exigit
1000 4871 1062 4920 ut
1091 4863 1150 4919 in
1179 4864 1402 4921 nomine
1417 4865 1594 4922 Patris
1614 4883 1773 4939 agan-

183 4961 272 5010 tur
299 4953 504 5009 omnia.
537 4954 654 5010 Hoc
682 4954 840 5009 Pater
869 4953 1140 5010 concessit
1190 4953 1333 5009 Filio
1377 4963 1500 5026 post
1528 4971 1772 5022 crucem,

182 5048 244 5098 ut
269 5040 455 5098 omnia
485 5041 543 5097 in
580 5041 804 5098 nomine
830 5041 956 5097 Fllii
1000 5043 1300 5098 salventur.
1352 5043 1599 5116 Denique
1639 5043 1775 5102 dicit

183 5129 448 5188 Dominus
481 5129 548 5188 de
577 5129 865 5204 discipulis
910 5129 979 5186 ad
1024 5131 1237 5187 Patrem
1273 5149 1284 5186 :
1350 5154 1369 5178 ι
1409 5133 1585 5200 Pater,
1639 5149 1775 5206 quos

183 5218 376 5277 daiisti
407 5218 569 5288 mihi,
626 5218 928 5288 custodivi,
983 5219 1067 5275 tui
1124 5219 1270 5276 enim
1320 5229 1492 5290 erant,
1549 5231 1601 5279 et
1633 5222 1773 5278 mihi

183 5324 273 5366 eos
299 5308 498 5366 dedisti
531 5309 711 5382 (Joan.
745 5326 886 5377 xvri,
917 5308 1030 5380 12).
1067 5332 1086 5356 ν
1130 5310 1202 5365 Et
1229 5308 1297 5365 ad
1324 5308 1628 5382 discipulos
1656 5311 1770 5367 ait:

194 5421 213 5446 ι
242 5397 420 5472 Usque
444 5397 611 5455 modo
638 5397 783 5455 nihil
813 5397 1026 5472 petistis
1051 5398 1109 5454 in
1144 5397 1368 5455 nomine
1397 5414 1548 5467 m..0;
1581 5399 1776 5472 petite,

254 5643 372 5788 £47;
403 5645 532 5702 Mss.
562 5644 760 5725 Laud.,
787 5650 1222 5727 aut'nonpoterat
1250 5646 1424 5704 Filius
1453 5645 1774 5729 divinitatis.

279 5715 348 5788 48
404 5715 532 5774 Vet.
563 5715 724 5787 edit.,
769 5733 832 5776 ac
861 5733 991 5775 mss.
1039 5719 1270 5788 aliquot,
1314 5719 1436 5778 Non
1479 5734 1618 5775 enim
1661 5723 1774 5774 tunc

404 5715 532 5774 Vet.
563 5715 724 5787 edit.,
769 5733 832 5776 ac
861 5715 1270 5792 mss—aliquot,
1314 5719 1436 5778 Non
1479 5717 1618 5775 enim
1661 5723 1782 5774 tunc

1885 4776 1958 4834 sit
1993 4776 2050 4832 in
2085 4775 2258 4848 gloria
2303 4773 2402 4830 Dei
2451 4773 2628 4828 Patris
2652 4772 2680 4827 ?
2722 4770 2956 4827 Etiamsi
2998 4768 3289 4841 adoptivus
3334 4771 3479 4826 Deus

1881 4865 1952 4922 sit
1981 4865 2168 4932 homo,
2199 4864 2258 4920 in
2288 4862 2462 4935 gloria
2489 4861 2588 4917 Dei
2618 4858 2794 4916 Patris
2821 4874 2931 4914 non
2965 4864 3140 4930 potest
3165 4872 3318 4925 esse;
3351 4873 3478 4914 nam

1881 4954 1932 5011 ei
1978 4953 2084 5012 hoc
2127 4951 2412 5025 competit,
2465 4949 2560 5022 qui
2598 4957 2760 5003 natus
2803 4953 2885 5003 est
2931 4946 2999 5002 de
3031 4947 3164 5002 Deo.
3201 4948 3264 5002 In
3303 4946 3480 5019 gloria

1883 5044 2029 5101 enim
2060 5043 2158 5100 Dei
2206 5041 2384 5098 Patris
2425 5055 2561 5106 esse,
2592 5037 2738 5094 nihil
2780 5037 3000 5094 diﬂ’erre
3028 5053 3061 5093 a
3104 5039 3217 5094 Deo
3247 5045 3366 5099 est;
3416 5044 3479 5093 ut

1883 5149 1994 5190 una
2023 5131 2196 5205 gloria
2236 5130 2309 5187 sit
2339 5127 2514 5184 Patris
2561 5134 2615 5183 et
2655 5127 2786 5183 Filii
2835 5143 2931 5200 per
2971 5142 3320 5184 communem
3350 5125 3474 5182 sub-

1883 5220 2141 5278 stantiam
2175 5227 2228 5275 et
2258 5218 2520 5273 virtutem
2546 5235 2560 5284 ;
2595 5223 2677 5272 est
2703 5214 2855 5272 enim
2884 5215 3000 5272 haec
3031 5215 3215 5270 unitas
3243 5221 3472 5270 natura.

1883 5309 2048 5378 Quid,
2097 5324 2250 5381 rogo,
2279 5305 2616 5364 contrarium
2647 5313 2750 5375 est,
2786 5305 2833 5361 si
2864 5306 3041 5362 Filius
3068 5303 3274 5360 donum
3304 5317 3336 5356 a
3363 5302 3477 5357 Pa—

1884 5406 1967 5454 tre
2019 5397 2290 5471 accepisse
2344 5395 2598 5464 dicatur;
2656 5411 2782 5453 cum
2833 5393 3020 5451 omnia
3075 5398 3217 5454 257
3273 5389 3402 5446 Filii
3445 5405 3478 5445 ι

1985 5647 2078 5722 49)
2108 5611 2281 5704 haud.
2313 5646 2462 5722 cod.,
2491 5647 2677 5722 Homo.
2708 5645 2854 5722 Ergo
2879 5642 3079 5722 qgebat.
3104 5711 3192 5722 nn
3227 5712 3267 5722 _
3308 5711 3318 5722 '

1985 5649 2078 5720 49)
2108 5649 2281 5704 Laud.
2313 5649 2462 5716 cod.,
2491 5649 2677 5703 Homo.
2708 5649 2854 5715 Ergo
2879 5649 3079 5713 agebat.
3183 5712 3192 5722 ⁸
3308 5711 3318 5722 '

1961 5649 2080 5794 ξδο)
2109 5719 2375 5778 Nonnulli
2418 5735 2571 5787 mss.,
2618 5718 2768 5772 homo
2795 5715 2854 5770 in
2884 5713 3065 5784 forma
3091 5711 3192 5786 ﬁlii
3218 5712 3319 5769 De:
3345 5716 3480 5768 erat.
