3970 6362
514 406 620 464 433

1541 414 1638 470 ΑΒ
1678 410 1912 471 OPERA
1954 412 2009 468 S.
2050 411 2386 472 AMBROSII
2423 416 2804 475 APPENDIX.

3719 426 3836 485 L36

514 535 672 591 Patre
702 535 835 606 sint,
867 553 899 594 a
926 554 1037 613 quo
1079 547 1135 596 et
1183 545 1384 598 cuncta
1424 554 1539 595 esse
1584 537 1886 596 creduntur
1906 538 1934 596 ?
1983 537 2118 596 Sub-
2147 541 2198 600 A
2227 557 2327 600 vos
2357 543 2789 604 sollicitudinem
2819 556 3001 623 gerat;
3026 563 3154 605 nam
3179 563 3371 606 omnes
3399 565 3520 623 qua;
3548 566 3649 608 sua
3674 560 3833 621 sunt,

513 625 775 683 stantiam
813 635 995 684 autem
1027 629 1126 688 Dei
1160 630 1368 688 idcirco
1413 637 1664 688 naturam
1694 629 1952 700 dicimus,
1991 629 2120 703 quia

516 723 677 772 natus
708 716 775 773 de
805 718 902 774 illa
931 719 1185 778 Christus
1207 729 1308 777 est.

595 815 776 885 (Vers.
813 818 899 885 i2,
936 819 1048 891 13.)
1093 842 1112 867 ι
1151 821 1358 893 Itaque,
1409 818 1756 876 dilectissimi
1785 819 1944 887 mihi,
1977 819 2120 876 sicut

517 920 734 977 semper
751 904 1034 976 obedistis,
1052 925 1162 964 non
1188 909 1247 965 in
1275 908 1565 982 praesentia
1585 909 1691 963 mei
1717 908 2116 978 tantummodo,

521 994 616 1050 sed
649 996 827 1053 multo
865 997 1038 1070 magis
1084 1015 1234 1055 nunc
1279 998 1338 1054 in
1381 997 1648 1066 absentia,
1687 1014 1812 1054 cum
1842 998 2039 1055 timore
2067 1006 2120 1054 et

522 1091 758 1143 tremore
787 1096 1026 1146 vestram
1060 1089 1304 1162 ipsorum
1335 1089 1638 1162 operamini
1670 1089 1927 1156 salutem;
1974 1092 2118 1147 Deus

519 1181 602 1230 est
630 1177 802 1245 enim,
853 1179 947 1250 qui
979 1187 1236 1252 cperatur
1269 1179 1329 1234 in
1354 1178 1533 1246 vobis,
1571 1185 1625 1234 et
1653 1178 1796 1233 velle
1823 1187 1876 1234 et
1905 1179 2117 1252 operari

517 1281 614 1336 pro
641 1264 787 1322 bona
815 1269 1118 1325 voluntate.
1145 1294 1163 1319 ι
1195 1271 1367 1325 Deum
1401 1267 1575 1324 bonos
1604 1275 1832 1324 conatus
1859 1267 2119 1339 adjuvare

517 1362 782 1425 testatur;
819 1375 1038 1415 omnem
1077 1361 1225 1417 enim
1260 1359 1492 1432 gratiam
1525 1375 1739 1431 semper
1767 1367 2009 1432 reportat
2051 1360 2119 1416 ad

514 1446 732 1513 Deum;
783 1455 846 1503 ut
893 1457 1143 1506 nostrum
1191 1449 1263 1505 sit
1310 1450 1472 1517 velle,
1521 1447 1780 1522 perﬁcere
1825 1465 1958 1504 vero
1995 1449 2116 1514 Dei,

515 1534 653 1591 Nam
683 1536 806 1608 quis
835 1537 1081 1595 vinceret
1132 1538 1412 1611 Principes
1441 1555 1504 1595 ac
1534 1539 1852 1607 Potestates,
1881 1547 2122 1597 rectores

517 1625 867 1682 tenebrarum
899 1627 1116 1696 harum,
1135 1627 1404 1701 spiritalia
1419 1628 1680 1701 nequitiae
1699 1628 1755 1684 in
1781 1629 2117 1702 coelestibus,

518 1711 627 1768 nisi
657 1715 806 1770 solus
834 1717 998 1784 Deus,
1036 1733 1173 1789 quos
1201 1733 1363 1774 causa
1392 1717 1620 1773 invidiae
1667 1717 1924 1775 inimicos
1961 1717 2119 1774 babe-

517 1817 640 1858 mus
658 1803 686 1857 ‘1
709 1801 1075 1876 Indignantur
1094 1806 1242 1862 enim
1266 1822 1366 1863 nos
1386 1807 1497 1863 dici
1528 1807 1672 1864 ﬁlios
1693 1807 1812 1864 Dei.
1845 1808 1965 1864 Non
1994 1824 2120 1880 ergo

2228 643 2503 706 quaerunt,
2545 652 2657 693 non
2699 655 2820 711 qua:
2857 641 2985 696 Jesu
3026 637 3254 696 Christi.
3304 639 3692 698 Probationem
3737 658 3835 699 au-

2209 731 2338 780 -tem
2383 724 2502 797 ejus
2556 727 2750 796 nostis,
2789 729 2937 802 quod
2981 736 3044 784 ut
3087 729 3236 786 ﬁlius
3263 745 3393 787 cum
3421 739 3573 803 patre
3607 747 3834 788 mecum

2227 815 2458 871 servivit
2487 817 2546 872 in
2589 818 2911 891 Evangelio.
2944 819 3103 876 Hunc
3135 836 3263 893 ergo
3309 836 3467 893 spero
3497 837 3585 878 me
3615 823 3840 879 missu-

2229 921 2350 960 rum
2385 906 2697 976 confestim,
2730 916 2793 964 ut
2826 908 3017 966 videro
3045 926 3166 982 quas
3185 909 3333 966 circa
3361 927 3450 967 me
3486 920 3636 968 sunt.
3672 912 3839 970 Con—

2227 991 2341 1048 ﬁdo
2378 1001 2559 1050 autem
2608 996 2667 1051 in
2709 996 2972 1066 Domino,
3012 997 3166 1070 quod
3204 1005 3258 1054 et
3302 997 3417 1071 ipse
3455 999 3566 1057 cito
3612 1001 3682 1057 ad
3731 1017 3839 1058 vos

2229 1083 2468 1141 veniam.
2503 1103 2530 1135 »
2565 1084 2835 1142 Absoluta
2881 1093 3013 1144 sunt
3056 1087 3192 1157 haec,
3237 1103 3339 1146 nec
3377 1089 3840 1162 interpretatione

2228 1183 2424 1246 egent;
2457 1185 2579 1248 post
2633 1175 2925 1249 epistolam
2975 1178 3124 1236 enim
3165 1180 3327 1237 istam
3375 1181 3732 1239 Timotheum
3777 1198 3840 1239 se

2229 1265 2525 1321 missurum
2555 1266 2847 1339 signiﬁcat,
2879 1284 2975 1341 per
3013 1285 3173 1341 quem
3222 1270 3291 1326 ad
3339 1269 3503 1328 ﬁdem
3542 1279 3838 1344 agnoscat,

2229 1371 2349 1427 quas
2379 1355 2525 1412 circa
2555 1354 2656 1411 hos
2686 1366 2936 1430 agantur.
2969 1358 3103 1415 Erat
3132 1360 3280 1416 enim
3321 1361 3588 1432 Apostolo
3616 1360 3839 1416 unani-

2229 1443 2371 1511 mis;
2403 1459 2570 1515 quare
2600 1451 2654 1500 et
2685 1445 2832 1502 circa
2874 1462 2965 1502 eos
2992 1447 3290 1504 sollicitior
3309 1449 3578 1521 signatur,
3611 1464 3723 1504 non
3755 1448 3838 1504 si-

2228 1540 2321 1588 cut
2350 1533 2596 1611 quidam,
2627 1534 2723 1607 qui
2754 1534 2884 1590 dum
2917 1536 3240 1608 semetipsos
3263 1539 3651 1596 commendare
3678 1538 3836 1594 vole-

2227 1622 2384 1693 bant,
2407 1623 2745 1697 negligentes
2761 1631 2921 1681 erant
2940 1625 3008 1682 de
3023 1624 3321 1698 disciplina
3340 1635 3394 1684 et
3408 1628 3840 1685 conversatione

2229 1711 2484 1770 fratrum.
2514 1713 2636 1770 Non
2666 1713 2814 1771 enim
2857 1714 3058 1772 devoto
3087 1715 3274 1772 animo
3303 1716 3702 1789 praedicabant,
3737 1717 3838 1774 sed

2227 1813 2451 1878 propter
2488 1805 2710 1879 propria
2750 1805 2922 1862 lucra.
2954 1805 3026 1862 Et
3054 1805 3184 1879 quia
3219 1805 3543 1863 Timotheus
3585 1807 3678 1862 vir
3717 1815 3839 1864 erat

516 1908 723 1948 novum
747 1899 848 1961 est,
874 1894 1022 1965 quod
1044 1893 1322 1952 hortatur:
1357 1896 1454 1952 sed
1472 1904 1534 1952 ut
1555 1913 1706 1954 more
1726 1897 1891 1954 solito
1912 1896 2118 1954 subditi
2148 1904 2194 1965 Β
2229 1894 2499 1966 egregius,
2547 1894 2684 1952 dicit
2728 1895 2858 1968 quia
2903 1893 3194 1967 probatum
3244 1895 3394 1952 hunc
3439 1894 3697 1965 habebat,
3733 1896 3835 1970 qui

518 1981 634 2039 sint
669 1981 992 2054 Evangelio,
1042 2001 1229 2041 curam
1271 1985 1506 2058 propriae
1552 1985 1984 2044 conversationis
2028 1985 2120 2042 ba-

519 2070 744 2139 hentes;
779 2071 923 2128 bona
951 2072 1098 2130 enim
1131 2075 1478 2132 conversatio
1509 2076 1739 2132 salutem
1770 2081 2045 2146 operatur.

595 2170 775 2242 (Vers.
813 2170 1022 2243 11-14.)
1060 2196 1077 2220 ε
1110 2173 1310 2230 Omnia
1333 2174 1496 2231 facite
1525 2174 1643 2229 sine
1668 2172 2119 2228 murmurationi-

521 2258 622 2315 bus
650 2266 704 2315 et
752 2258 1213 2332 haesitationibus,
1263 2271 1327 2319 ut
1367 2263 1490 2318 sitis
1533 2260 2038 2333 irreprehensibiles
2065 2274 2117 2323 et

515 2350 818 2423 simplices,
848 2353 993 2408 sicut
1023 2353 1126 2409 ﬁlii
1155 2354 1277 2423 Dei,
1324 2352 1664 2409 immaculati
1695 2352 1752 2407 in
1785 2352 1968 2409 medio
2009 2371 2119 2411 na-

521 2439 690 2496 tionis
740 2459 920 2514 pravre
968 2450 1022 2499 et
1050 2461 1316 2517 perversae
1349 2461 1360 2497 :
1412 2442 1555 2497 inter
1585 2457 1723 2514 quos
1751 2441 1946 2499 lucetis
1975 2445 2118 2502 sicut

521 2529 814 2586 luminaria
862 2532 920 2588 in
957 2533 1183 2601 mundo,
1230 2529 1459 2586 verbum
1507 2529 1636 2586 vitae
1667 2532 2012 2591 continentes
2048 2534 2116 2592 ad

524 2619 752 2690 gloriam
783 2621 923 2678 mihi
972 2621 1032 2676 in
1067 2622 1158 2676 die
1185 2618 1422 2686 Christi;
1473 2619 1603 2691 quia
1649 2637 1760 2676 non
1791 2621 1847 2677 in
1878 2639 2114 2681 vacuum

519 2708 762 2778 cucurri,
794 2726 896 2768 nec
937 2709 994 2765 in
1038 2708 1258 2764 irritum
1289 2704 1556 2765 laboravi.
1592 2709 1698 2766 Sed
1726 2710 1827 2768 etsi
1858 2712 2116 2769 immolor

503 2815 686 2871 (super
713 2799 1043 2857 sacrificium
1069 2805 1122 2853 et
1147 2795 1517 2854 ministerium
1545 2799 1672 2857 ﬁdei
1722 2811 1937 2866 vestrae.
1971 2820 2114 2876 gau—

523 2889 626 2947 deo
655 2899 709 2947 et
744 2891 986 2963 gratulor
1031 2887 1290 2944 omnibus
1319 2889 1497 2947 vobis.
1545 2891 1627 2948 Ob
1657 2892 1896 2966 idipsum
1929 2902 2112 2951 autem

523 2988 578 3036 et
609 2997 707 3036 vos
736 2979 962 3053 gaudete
1004 2983 1058 3031 et
1106 2979 1565 3049 congratulamini
1614 2981 1777 3038 mihi.
1809 3008 1826 3031 ι
1883 2984 1954 3040 Ut
1983 2985 2111 3040 ﬁdei

522 3077 576 3126 et
608 3085 832 3147 operum
863 3082 1086 3122 suorum
1116 3065 1330 3124 fructus
1361 3068 1569 3140 possint
1600 3069 1820 3140 habere,
1871 3089 2112 3130 commo-

520 3167 614 3215 net
634 3166 694 3212 ut
723 3155 930 3220 omnia,
953 3171 1073 3226 quae
1096 3156 1162 3212 ad
1182 3155 1530 3230 disciplinam
1566 3160 1843 3231 pertinent
1862 3162 2111 3220 christia-

521 3263 672 3314 nam,
714 3244 830 3299 sine
861 3243 1300 3300 haesitationibus
1331 3245 1535 3302 faciant
1565 3255 1618 3304 et
1646 3253 2113 3310 murmurationi-
2141 3265 2191 3329 Ο

521 3335 661 3402 bus;
704 3333 831 3405 quia
855 3331 900 3387 si
932 3334 1272 3406 negligenter
1303 3343 1355 3392 et
1383 3335 1641 3394 indevote
1670 3340 1880 3413 aliquid
1908 3343 2111 3415 agitur,

521 3425 591 3482 ad
621 3423 871 3479 effectum
904 3438 1015 3478 non
1063 3424 1332 3496 pervenit,
1383 3427 1514 3499 quia
1542 3427 1598 3484 in
1631 3430 2110 3502 reprehensionem

522 3513 712 3571 cadit:
765 3513 857 3568 sed
900 3521 962 3570 ut
1003 3515 1154 3570 omni
1201 3516 1553 3588 simplicitate
1599 3529 1912 3592 operentur,
1960 3525 2113 3596 quasi

521 3601 624 3657 ﬁlii
654 3600 751 3656 Dei
795 3601 1157 3672 immaculati,
1203 3613 1265 3660 ut
1314 3623 1581 3663 memores
1620 3610 1975 3680 professionis
2003 3630 2113 3669 sua:

519 3688 915 3762 respondeant;
948 3699 1010 3747 ut
1039 3692 1184 3748 inter
1211 3693 1521 3752 difﬁdentes
1561 3704 1674 3752 tam
1718 3700 1851 3755 clari
1881 3717 2115 3774 appare-

519 3787 615 3834 ant
657 3777 791 3847 vita,
847 3781 1280 3851 conversatione,
1329 3784 1596 3856 moribus,
1652 3790 2113 3860 quemadmodum

519 3867 602 3924 sol
641 3874 696 3922 et
742 3869 873 3924 luna
917 3869 1062 3925 inter
1099 3872 1286 3929 stellas
1319 3874 1607 3946 splendore
1653 3876 1916 3934 sublimes
1962 3888 2110 3938 sunt.

521 3957 674 4014 Sicut
703 3959 850 4014 enim
883 3961 1071 4030 stellae,
1105 3972 1398 4035 apparente
1428 3967 1563 4034 sole,
1595 3965 1993 4038 obscurantur;
2038 3972 2116 4029 ita

520 4044 714 4117 injusti
748 4056 802 4104 et
830 4047 986 4104 inﬁdi
1033 4053 1393 4121 praesentibus
1423 4055 1680 4113 ﬁdelibus
1709 4065 1762 4112 et
1789 4056 1969 4130 justis,
2001 4069 2112 4117 tur-

520 4152 612 4208 pes
641 4143 695 4192 et
723 4137 1012 4193 deformati
1045 4139 1330 4209 videntur;
1384 4151 1444 4197 ut
1474 4145 1646 4215 gloria
1675 4147 1747 4202 sit
1775 4148 2023 4220 Apostoli
2055 4151 2113 4207 in

520 4223 764 4281 adventu
787 4226 918 4281 Filii
949 4228 1067 4296 Dei,
1099 4228 1261 4300 cujus
1290 4232 1557 4302 plantatio
1585 4235 1721 4290 tales
1751 4235 1925 4292 edidit
1954 4238 2113 4296 fruc-

519 4319 628 4371 tus.
674 4314 853 4370 Labor
891 4316 1041 4371 enim
1085 4325 1138 4372 et
1178 4318 1419 4376 eﬁicacia
1458 4321 1576 4392 ejus
1612 4330 1746 4380 tunc
1792 4326 2114 4398 probabitur

519 4419 632 4460 non
663 4420 777 4460 esse
825 4404 1028 4460 inanis.
1075 4429 1092 4453 ι
1124 4407 1313 4480 Itaque
1347 4411 1448 4465 etsi
1489 4411 1766 4483 immolor,
1814 4415 1910 4482 ait,
1952 4433 2114 4490 super

519 4493 849 4551 sacriﬁcium
880 4503 934 4551 et
962 4494 1332 4552 ministerium
1376 4498 1503 4555 ﬁdei
1553 4510 1765 4572 vestrae,
1820 4505 2046 4577 gaudeo.
2079 4530 2096 4553 ι

517 4583 574 4639 Si
603 4585 750 4640 enim
782 4601 1070 4658 oppressus
1111 4587 1279 4643 fuerit
1308 4605 1339 4668 a
1382 4589 1623 4662 perﬁdis,
1670 4609 1770 4649 cur
1796 4611 1887 4651 eos
1916 4611 2114 4668 aggre-

517 4673 726 4746 gaverit
753 4691 864 4730 suae
891 4664 1318 4750 conspirationi,
1342 4681 1726 4752 gratulandum
1757 4683 1860 4738 sibi
1891 4664 2113 4756 signiﬁ-

516 4773 645 4832 cat;
705 4766 809 4823 scit
862 4767 1008 4822 enim
1066 4768 1319 4826 effectum
1379 4769 1581 4827 habere
1641 4781 1873 4830 mortem
1929 4793 2104 4833 suam.

517 4853 712 4926 Magna
740 4856 887 4910 enim
915 4858 1177 4915 maestitia
1203 4867 1306 4929 est,
1345 4859 1388 4916 si
1421 4861 1628 4933 patitur
1668 4863 1792 4934 quis
1820 4881 1918 4935 pro
1946 4864 2024 4920 eis
2049 4866 2108 4922 in

515 4939 716 5012 quibus
735 4942 877 4998 nihil
910 4945 1147 5016 proﬁcit.
1168 4945 1531 5013 Quamobrem
1555 4947 1786 5020 gaudere
1806 4967 1862 5006 se
1891 4950 1948 5007 in
1973 4950 2104 5022 illis,

514 5035 569 5083 et
599 5045 692 5085 eos
720 5036 1090 5103 congratulari
1119 5036 1225 5091 sibi
1256 5036 1451 5094 debere
1481 5046 1731 5108 testatur,
1777 5049 1840 5096 ut
1866 5043 2107 5098 invicem

515 5116 808 5264 pgnicipes
826 5121 938 5176 sint
967 5123 1153 5195 gaudii
1176 5128 1486 5186 communis
1506 5137 1561 5185 et
1588 5129 1743 5202 plebs
1770 5137 1825 5186 et
1850 5132 2108 5204 magister

515 5224 529 5262 ι
573 5223 765 5264 oneus.

513 5223 765 5265 IOOHBIIS.

583 5307 764 5380 (Vers.
801 5308 1008 5383 i924.)
1057 5333 1075 5359 α
1113 5311 1280 5384 Spero
1332 5323 1514 5372 autem
1573 5317 1631 5373 in
1685 5318 1922 5376 Domino
1977 5319 2107 5377 Jesu

510 5395 860 5454 Timotheum
911 5399 968 5455 in
1015 5399 1171 5457 brevi
1202 5419 1288 5460 me
1318 5405 1535 5460 mittere
1566 5406 1635 5464 ad
1663 5424 1781 5476 vos,
1813 5415 1877 5465 ut
1907 5417 1961 5465 et
2008 5424 2106 5484 ego

509 5483 652 5544 bono
680 5488 868 5546 animo
897 5490 1022 5561 sim,
1052 5491 1258 5548 certior
1285 5494 1353 5550 de
1384 5494 1541 5551 vobis
1585 5497 1778 5555 factus.
1817 5483 2104 5556 Neminem

509 5575 655 5632 enim
685 5575 858 5634 habeo
905 5588 1018 5637 tam
1060 5582 1400 5653 unanimem,
1451 5591 1504 5640 et
1533 5586 1628 5660 qui
1658 5586 1931 5647 sinceram
1957 5590 2106 5649 circa

2229 1991 2346 2040 erat
2372 2001 2498 2042 cum
2530 1999 2594 2040 eo
2640 1991 2701 2040 ut
2719 1983 2868 2040 ﬁlius
2896 1982 3274 2053 charissimus,
3301 1984 3616 2042 deserviens
3645 1987 3832 2042 Evan-

2229 2073 2373 2146 gelio
2410 2072 2636 2132 Christi.
2669 2071 2798 2129 Ideo
2826 2071 2976 2131 hunc
3011 2073 3192 2130 ﬁlium
3240 2072 3398 2143 dicit,
3430 2075 3562 2148 quia
3605 2074 3675 2132 ab
3704 2077 3833 2149 ipso

2229 2162 2408 2220 fuerat
2443 2162 2729 2219 ordinatus
2771 2181 2783 2219 :
2827 2162 2976 2220 hunc
3021 2179 3077 2220 se
3120 2163 3471 2236 praemittere,
3503 2179 3561 2221 se
3605 2180 3831 2239 quoque

2228 2252 2286 2309 in
2316 2252 2472 2309 brevi
2505 2253 2712 2308 iturum
2752 2253 2820 2311 ad
2849 2269 2942 2310 eos
2973 2253 3114 2326 (51).

2299 2341 2480 2414 (Vers.
2507 2342 2593 2411 25,
2627 2343 2715 2411 26,
2737 2343 2855 2415 27.)
2903 2366 2920 2390 ι
2958 2341 3334 2400 Necessarium
3365 2358 3498 2399 vero
3525 2343 3832 2404 arbitratus

2225 2446 2347 2487 sum
2371 2431 2810 2504 Epaphroditum
2831 2432 3055 2489 fratrem
3076 2441 3130 2490 et
3158 2432 3592 2490 commilitonem
3613 2451 3826 2506 meum,

2225 2528 2468 2577 vestrum
2516 2530 2699 2577 autem
2747 2521 3056 2594 apostolum
3077 2565 3094 2590 ,
3152 2529 3206 2579 et
3259 2521 3578 2580 ministrum
3641 2527 3829 2598 operis

2225 2611 2353 2680 mei,
2401 2613 2619 2668 mittere
2673 2612 2741 2669 ad
2788 2630 2918 2679 vos;
2973 2613 3418 2687 quandoquidem
3476 2614 3829 2673 desiderabat

2225 2719 2322 2758 vos
2363 2718 2575 2771 omnes,
2615 2710 2668 2759 et
2706 2703 3059 2775 impatienter
3111 2704 3386 2763 sollicitus
3413 2714 3550 2775 erat,
3581 2722 3645 2762 eo
3673 2707 3826 2780 quod

2222 2790 2520 2848 audieratis
2549 2792 2708 2848 illum
2756 2793 3098 2849 inﬁrmatum
3153 2793 3344 2851 fuisse.
3393 2794 3614 2851 Etenim
3671 2794 3827 2850 inﬁr-

2223 2891 2402 2939 matus
2446 2890 2530 2940 est
2576 2898 2746 2956 prope
2792 2893 3026 2942 mortem
3064 2902 3076 2941 :
3110 2883 3205 2942 sed
3255 2886 3402 2941 Deus
3443 2885 3704 2942 misertus
3741 2893 3826 2942 est

2223 2973 2396 3041 illius,
2437 2990 2550 3029 non
2592 2974 2770 3030 solum
2815 2984 2998 3031 autem
3028 2974 3168 3047 ejus,
3203 2974 3298 3032 sed
3327 2983 3384 3032 et
3421 2975 3564 3044 mei;
3597 2991 3666 3032 ne
3711 2975 3824 3034 tri-

2223 3064 2428 3119 stitiam
2483 3081 2646 3137 super
2702 3066 2988 3122 tristitiam
3045 3067 3327 3124 haberem.
3382 3092 3400 3116 ι
3466 3067 3669 3125 Omnia
3707 3067 3824 3126 haec

2222 3152 2512 3210 manifesta
2558 3162 2714 3222 sunt;
2766 3155 3207 3228 Epaphroditum
3256 3157 3404 3213 enim
3462 3156 3739 3230 signiﬁcat
3766 3173 3826 3214 se

2224 3241 2519 3298 missurum
2570 3260 2695 3301 cum
2729 3243 2833 3301 ista
2871 3245 3103 3317 epistola
3129 3246 3197 3303 ad
3235 3263 3345 3304 eos.
3379 3246 3622 3304 Invicem
3669 3248 3824 3305 enim

2223 3330 2497 3388 desiderio
2527 3333 2612 3390 sui
2663 3334 2846 3391 mmsti
2892 3343 3047 3391 erant
3095 3335 3436 3395 inﬁrmitatis
3477 3336 3598 3410 ejus
3634 3354 3820 3407 causa,

2222 3432 2276 3480 et
2334 3424 2570 3495 populus
2633 3431 2686 3479 et
2746 3424 3189 3497 Epaphroditus;
3248 3433 3312 3483 ut
3361 3426 3483 3484 viso
3530 3432 3673 3491 258
3733 3444 3824 3499 eo,

2223 3530 2614 3579 recrearentur'
2654 3521 2722 3578 de
2778 3531 3095 3601 recuperata
3151 3525 3326 3581 salute
3380 3524 3498 3598 ejus
3527 3569 3543 3595 ,
3609 3533 3663 3582 et
3724 3523 3824 3582 ille

2222 3618 2430 3667 careret
2485 3611 2882 3680 sollicitudine,
2938 3630 3102 3686 quam
3150 3614 3378 3671 videndi
3432 3630 3523 3672 eos
3579 3615 3819 3689 gerebat.

2223 3703 2354 3757 Erat
2410 3701 2558 3756 enim
2605 3717 2794 3755 eorum
2849 3703 3130 3772 apostolus
3175 3703 3244 3758 ab
3300 3703 3566 3777 Apostolo
3616 3705 3819 3774 factus,

2222 3792 2353 3847 dum
2401 3790 2560 3845 illum
2604 3790 2672 3846 ad
2723 3790 3163 3848 exhortationem
3211 3809 3401 3849 eorum
3451 3793 3704 3851 mittebat
3750 3794 3821 3851 ad

2223 3897 2313 3936 eos
2348 3899 2359 3936 :
2386 3886 2438 3935 et
2469 3879 2598 3951 quia
2629 3879 2715 3935 vir
2756 3886 2871 3935 erat
2897 3878 3096 3949 bonus,
3127 3881 3545 3940 desiderabatur
3572 3900 3604 3939 a
3637 3883 3817 3956 plebe.

2221 3972 2365 4040 Quid
2415 3987 2542 4043 ergo
2589 3977 2672 4027 est
2716 3981 2778 4028 ut
2824 3981 3086 4044 praesente
3128 3974 3413 4044 Apostolo,
3445 3975 3539 4048 qui
3571 3982 3822 4032 mortuos

2223 4063 2542 4131 suscitabat,
2573 4062 2664 4120 hic
2695 4062 3105 4138 Epaphroditus
3133 4063 3505 4121 inﬁrmaretur
3545 4082 3722 4140 usque
3749 4065 3820 4124 ad

2221 4161 2452 4209 mortem
2476 4154 2504 4210 ?
2531 4152 2810 4226 Numquid
2841 4169 2951 4209 non
2975 4153 3155 4208 oravit
3179 4169 3277 4225 pro
3301 4153 3400 4210 illo
3419 4155 3739 4227 Apostolus,
3764 4165 3818 4213 et

2222 4259 2332 4298 non
2362 4241 2698 4313 impetravit,
2717 4249 2780 4298 ut
2792 4242 2956 4299 citius
2977 4252 3260 4299 sanaretur
3276 4244 3304 4300 ?
3319 4243 3423 4300 Sed
3443 4245 3600 4317 signa
3621 4245 3815 4303 inﬁde-

2223 4333 2361 4388 lium
2389 4348 2548 4389 causa
2590 4331 2732 4388 ﬁunt
2766 4351 2776 4389 :
2812 4349 2940 4388 nam
2989 4332 3121 4389 huic
3151 4349 3263 4389 non
3301 4332 3370 4390 ad
3417 4334 3815 4392 detrimentum

2221 4421 2452 4493 contigit
2495 4421 2782 4493 aegritudo,
2815 4421 2910 4477 sed
2943 4421 3012 4477 ad
3045 4429 3424 4495 augmentum.
3456 4423 3816 4482 Probationes

2221 4508 2367 4566 enim
2416 4509 2646 4566 diversa
2699 4519 2827 4566 sunt
2873 4512 3247 4580 credentium;
3307 4513 3450 4569 alius
3503 4514 3653 4569 enim
3716 4529 3818 4585 per

2221 4601 2622 4674 aegritudinem,
2663 4602 2806 4658 alius
2851 4602 3145 4659 amissione
3192 4602 3506 4673 charorum,
3539 4604 3682 4660 alius
3718 4620 3817 4676 per

2222 4691 2484 4747 damnum
2516 4691 2781 4763 pecuniae,
2813 4691 2954 4748 alius
2983 4708 3079 4764 per
3116 4691 3499 4750 tribulationes
3528 4691 3810 4766 probatur,

2217 4781 2262 4838 si
2319 4781 2376 4837 in
2436 4783 2757 4839 necessitate
2804 4782 3016 4839 stabilis
3063 4783 3400 4854 inveniatur,
3459 4784 3731 4841 auxilium
3783 4803 3815 4842 a

2217 4873 2435 4929 diversa
2484 4881 2634 4946 parte
2667 4889 2779 4929 non
2825 4889 3094 4946 quaerens,
3127 4882 3189 4929 ut
3243 4882 3596 4947 augmentum
3647 4873 3814 4932 faciat

2217 4963 2561 5019 meritorum.
2616 4962 2739 5019 Non
2803 4977 2930 5035 ergo
3002 4969 3315 5036 contempta
3368 4973 3450 5020 est
3513 4964 3813 5036 postulatio

2215 5052 2488 5124 Apostoli,
2520 5052 2614 5109 sed
2644 5051 2843 5109 melius
2881 5052 3162 5126 provisum
3199 5053 3270 5122 ei,
3297 5071 3396 5127 pro
3434 5071 3542 5127 quo
3570 5054 3808 5126 petebat.

2215 5142 2359 5211 Quid
2388 5149 2569 5199 autem
2620 5142 2761 5200 illud
2800 5149 2900 5212 est,
2929 5151 2990 5199 ut
3028 5159 3153 5199 cum
3192 5142 3260 5200 de
3306 5159 3531 5200 excessu
3577 5143 3810 5200 fratrum

2214 5231 2271 5287 in
2302 5231 2409 5286 alia
2463 5231 2694 5304 epistola
2740 5249 2849 5288 non
2889 5232 3206 5290 contristari
3243 5231 3441 5289 debere
3468 5233 3757 5289 admoneat
3795 5253 3807 5290 :

2214 5321 2273 5379 in
2303 5321 2406 5379 hac
2432 5331 2613 5380 autem
2651 5322 3088 5380 contristandum
3114 5339 3189 5391 se,
3216 5323 3264 5380 si
3291 5323 3493 5381 exisset
3528 5323 3809 5396 Epaphro-

2213 5412 2362 5471 ditus
2391 5429 2422 5468 a
2449 5429 2696 5485 corpore,
2729 5411 3034 5484 signiﬁcat?
3064 5411 3370 5468 Tristitiam
3401 5429 3458 5468 se
3483 5411 3551 5482 si,
3581 5411 3806 5481 exisset,

2212 5501 2531 5559 habiturum
2563 5501 2779 5557 dixerat
2809 5518 2971 5574 super
3005 5499 3311 5568 tristitiam,
3359 5518 3524 5575 quam
3573 5501 3811 5558 habebat

2211 5589 2280 5649 de
2303 5590 2625 5649 inﬁrmitate
2653 5590 2797 5664 ejus;
2832 5599 2948 5648 erat
2977 5590 3126 5648 enim
3150 5591 3492 5650 necessarius
3519 5591 3805 5650 Ecclesiis.

578 5775 698 5849 (51)
732 5775 892 5834 Rom.
928 5776 1084 5848 edit.,
1113 5781 1249 5838 hunc
1272 5787 1451 5854 sperat
1466 5781 1806 5856 praemittere;
1847 5791 1892 5842 et
1927 5804 1980 5844 se
2006 5802 2208 5861 quoque
2232 5786 2291 5844 in
2327 5789 2473 5846 brevi
2506 5794 2784 5846 venturum
2822 5790 2894 5848 ad
2919 5805 3022 5847 eos.
