3970 6354
162 408 278 467 437

1223 408 1584 468 COMMENT.
1626 411 1696 467 IN
1732 409 1949 469 EPIST.
1989 413 2085 468 AD
2125 409 2424 468 PHILIPP.

3368 413 3475 472 438

161 535 310 591 Nam
341 535 410 592 ad
451 535 966 595 Thessalonicenses
998 553 1010 592 :
1058 560 1076 584 ι
1113 535 1330 606 Videte,
1363 538 1459 605 ait,
1501 553 1569 593 ne
1616 553 1758 594 con—
1790 541 1842 602 Α
1871 535 2170 592 Dominum
2199 542 2486 590 creaturae.
2518 533 2634 592 Hoc
2679 545 2762 591 est
2800 535 3001 606 spiritu
3046 537 3146 593 Dei
3175 538 3402 606 servire,
3417 546 3476 596 et

163 626 473 684 tristemini
505 629 571 686 de
599 629 1024 698 dormientibus,
1054 629 1196 686 sicut
1232 635 1284 684 et
1315 628 1497 684 caeteri
1528 628 1624 701 qui
1661 644 1772 685 non

162 714 385 773 habent
438 735 589 790 spem
644 720 702 790 (I
773 720 950 775 Thess.
1000 735 1078 786 xv,
1131 717 1244 790 12).
1293 743 1310 767 ι
1354 717 1420 774 Se
1467 727 1648 773 autem
1694 718 1773 775 sic

165 806 394 863 tristem
457 807 709 864 futurum
771 807 986 864 dixerat
1012 807 1079 864 de
1122 823 1346 864 excessu
1381 807 1770 880 Epaphroditi,

162 897 307 969 quia
341 897 599 954 solatium
629 898 744 970 ejus
774 905 826 953 et
854 896 1127 953 auxilium
1171 897 1514 972 requirebat;
1545 914 1656 954 non
1695 907 1769 954 ta-

164 1003 304 1043 men
342 995 404 1043 ut
433 989 588 1062 quasi
619 987 898 1062 perditum
922 989 1150 1060 lugeret.

255 1078 442 1154 (Vers.
477 1080 592 1151 28.)
640 1105 656 1128 ι
683 1079 964 1136 Sollicitus
991 1077 1175 1152 itaque
1207 1078 1332 1134 misi
1375 1095 1522 1147 eum,
1555 1088 1616 1136 ut
1645 1093 1772 1135 cum

166 1175 340 1234 illum
382 1170 654 1239 videritis,
689 1169 889 1226 iterum
940 1169 1238 1242 gaudeatis,
1289 1177 1344 1226 et
1399 1187 1496 1243 ego
1545 1171 1770 1226 meliore

163 1265 360 1321 animo
399 1263 524 1319 sim.
557 1286 575 1309 ι
627 1260 992 1316 Aﬁ'ectionem
1032 1268 1282 1316 mutuam
1325 1259 1583 1317 habuisse
1617 1263 1772 1333 Epa-

168 1353 496 1427 phroditum
520 1359 571 1408 et
588 1351 801 1423 plebem
820 1350 1260 1423 Philippensium
1291 1351 1585 1423 signiﬁcat,
1609 1368 1771 1424 quem

167 1445 428 1500 videntes
458 1442 656 1499 iterum
691 1442 747 1497 in
788 1441 1036 1498 laetitiam
1069 1458 1125 1496 se
1160 1440 1484 1509 excitarent,
1516 1449 1570 1497 et
1611 1445 1772 1513 Apo-

165 1533 302 1590 stoli
331 1531 551 1588 animus
581 1533 888 1599 laetaretur;
923 1531 1051 1604 quia
1086 1531 1303 1587 meliori
1333 1529 1519 1586 animo
1557 1531 1640 1598 ﬁt,
1675 1532 1767 1604 qui

164 1622 240 1680 ad
269 1622 466 1680 charos
487 1639 615 1679 suos
654 1622 828 1678 mittit
858 1620 1196 1678 revisendos.

245 1713 430 1784 (Vers.
459 1712 550 1780 29,
583 1710 698 1783 30.)
743 1734 761 1757 ι
791 1710 1048 1782 Excipite
1076 1726 1204 1783 ergo
1244 1708 1402 1764 illum
1447 1708 1504 1764 in
1531 1711 1770 1766 Domino

163 1818 299 1859 cum
340 1801 491 1857 omni
522 1799 739 1874 gaudio,
771 1808 824 1855 et
853 1797 1176 1872 hujusmodi
1198 1798 1256 1852 in
1295 1797 1502 1853 honore
1540 1797 1765 1868 habete;

1881 623 2102 697 gloriari
2154 623 2212 679 in
2269 623 2505 679 Domino
2545 623 2673 680 Jesu
2715 621 2958 692 Christo,
3008 624 3102 696 qui
3144 625 3316 697 legem
3346 627 3470 699 spi-

1879 711 2019 768 ritus
2045 712 2216 780 dedit,
2248 719 2310 768 ut
2340 712 2520 768 carnis
2549 712 2722 784 gloria
2751 710 3150 779 exinaniretur;
3175 714 3472 786 Apostolus

1879 811 2063 858 tamen
2105 802 2270 858 etiam
2321 802 2463 860 hanc
2504 801 2764 858 ﬁduciam
2813 800 3068 870 habebat,
3094 809 3175 870 ut,
3205 801 3253 858 si
3283 803 3472 873 vellet,

1882 891 2206 963 gloriaretur
2268 891 2334 947 de
2389 892 2567 948 carnis
2623 891 3041 950 circumcisione
3087 910 3098 947 :
3148 891 3242 948 sed
3295 892 3475 950 sciens

1881 997 2106 1038 vacuam
2138 997 2253 1038 esse
2285 982 2426 1040 hanc
2455 983 2706 1056 gloriam,
2739 983 3052 1056 repudiavit
3082 999 3223 1040 eam.

1954 1069 2134 1142 (Vers.
2167 1071 2220 1139 5,
2259 1071 2310 1139 6,
2355 1073 2431 1142 7.)
2494 1094 2511 1118 ι
2556 1071 2612 1127 Si
2655 1071 2779 1146 quis
2828 1071 3047 1128 videtur
3091 1071 3367 1130 conﬁdere
3413 1073 3474 1131 in

1879 1175 2061 1228 carne,
2095 1175 2192 1232 ego
2244 1159 2436 1233 magis,
2471 1159 2830 1218 circumcisus
2858 1167 3051 1218 octava
3089 1161 3178 1217 die
3209 1163 3350 1235 (52),
3404 1179 3476 1220 ex

1881 1265 2073 1321 genere
2123 1251 2332 1318 Israel,
2392 1250 2459 1306 de
2505 1251 2656 1306 tribu
2710 1250 3037 1324 Benjamin,
3087 1251 3345 1308 Hebraeus
3401 1249 3516 1309 ex'

1881 1339 2155 1408 Hebraeis,
2208 1339 2508 1397 secundum
2561 1343 2732 1413 legem
2790 1340 3109 1412 pharisaeus,
3172 1340 3474 1398 secundum

1881 1428 2284 1485 aemulationem
2317 1446 2643 1503 persequens
2677 1430 2978 1487 Ecclesiam
3009 1432 3129 1500 Dei,
3169 1430 3474 1489 secundum

1874 1514 2147 1586 justitiam
2183 1534 2303 1591 quae
2341 1536 2410 1574 ex
2441 1521 2556 1591 lege
2576 1528 2677 1587 est,
2704 1528 3058 1576 conversatus
3083 1521 3201 1576 sine
3231 1521 3471 1594 querela.

1879 1605 1984 1660 Sed
2014 1622 2134 1678 quae
2171 1607 2313 1664 mihi
2357 1609 2508 1665 lucra
2560 1610 2798 1678 fuerant,
2833 1615 2975 1674 259
3019 1611 3136 1668 haec
3177 1610 3476 1669 arbitratus

1879 1724 2001 1762 sum
2039 1715 2260 1780 propter
2307 1707 2590 1765 Christum
2620 1708 2838 1763 damna.
2873 1733 2892 1756 ι
2933 1708 3210 1775 Quantum
3239 1707 3308 1763 ad
3338 1707 3476 1781 legis

1878 1797 2150 1854 culturam
2179 1797 2435 1869 pertinet,
2466 1806 2518 1852 et
2566 1797 2632 1852 ad
2662 1795 2778 1868 ejus
2802 1795 3075 1868 justitiam
3123 1797 3470 1864 servandam,

165 1892 305 1966 quia
337 1900 559 1965 propter
587 1907 724 1962 opus
767 1889 975 1947 Christi
1014 1905 1188 1962 usque
1211 1889 1279 1945 ad
1315 1897 1545 1945 mortem
1577 1907 1769 1948 acces-
1798 1906 1844 1966 Β
1878 1895 1930 1942 et
1961 1888 2028 1942 ad
2057 1885 2301 1943 studium
2333 1886 2554 1943 haeresis
2573 1886 2995 1956 Pharisaeorum,
3025 1895 3080 1942 et
3102 1886 3265 1958 juxta
3291 1886 3473 1942 zelum

165 1980 268 2048 sit,
295 1981 354 2036 in
383 1978 672 2036 interitum
693 1977 914 2035 tradens
928 1978 1167 2034 animam
1189 1995 1376 2046 suam;
1406 1987 1467 2035 ut
1495 1981 1771 2052 suppleret

168 2067 231 2125 id
263 2067 412 2141 quod
437 2067 596 2124 vobis
624 2067 808 2124 deerat
837 2067 982 2126 circa
1011 2084 1196 2124 meum
1226 2067 1486 2124 oﬁicium.
1520 2095 1538 2117 ›
1577 2071 1770 2137 Quan—

166 2173 340 2230 quam
413 2155 705 2212 individua
767 2165 910 2212 esset
981 2157 1219 2213 charitas
1282 2157 1645 2230 Epaphroditi
1718 2167 1772 2216 et

169 2246 388 2320 plebis;
431 2253 614 2302 tamen
671 2245 835 2301 etiam
893 2245 960 2302 ab
1015 2247 1276 2318 Apostolo
1332 2247 1767 2318 commendatur,

168 2347 235 2395 ut
260 2338 498 2410 amplius
522 2336 829 2394 cbariorem
860 2336 1019 2392 illum
1043 2336 1205 2394 faciat
1239 2355 1249 2392 :
1281 2336 1520 2394 maxime
1550 2350 1770 2412 propter

169 2430 296 2498 hos,
353 2429 447 2502 qui
494 2428 635 2484 forte
688 2435 801 2483 tam
854 2427 1007 2484 chari
1054 2444 1166 2484 non
1219 2437 1399 2485 essent
1453 2429 1597 2488 circa
1652 2431 1770 2503 ejus

169 2519 469 2587 affectum;
512 2517 570 2574 in
613 2517 766 2575 omni
796 2517 945 2575 enim
976 2518 1134 2592 plebe
1164 2519 1456 2576 diversitas
1494 2529 1594 2578 est.
1629 2523 1771 2580 Hinc

169 2617 257 2666 est
274 2607 422 2664 unde
451 2616 504 2664 et
533 2607 786 2680 praelium
824 2605 942 2680 ejus
965 2619 1250 2677 memorat,
1281 2610 1428 2682 quod
1458 2627 1568 2667 non
1599 2611 1772 2668 dubi-

171 2698 317 2756 tavit
356 2706 578 2771 propter
623 2713 760 2770 opus
801 2696 1089 2770 Evangelii
1134 2699 1346 2756 emori:
1384 2699 1490 2756 hoc
1515 2708 1615 2768 est,
1658 2718 1770 2758 non

170 2787 472 2845 deterritus
519 2793 601 2843 est
656 2785 824 2842 minis
879 2795 933 2842 et
978 2787 1246 2858 pressuris
1298 2787 1626 2858 inﬁdelium,
1675 2790 1770 2846 sed

171 2875 417 2950 perstitit
445 2875 502 2930 in
533 2873 919 2931 exhortatione
949 2873 1219 2942 ﬁdelium,
1251 2885 1313 2932 ut
1342 2877 1592 2947 impleret
1623 2878 1770 2950 quod

171 2965 363 3021 deerat
407 2964 554 3036 plebi
610 2964 669 3019 in
735 2963 1027 3020 traditione
1078 2963 1242 3036 juxta
1303 2963 1766 3037 dispensationem

173 3053 447 3128 Apostoli.
489 3053 596 3121 Qui
651 3071 779 3126 ergo
820 3071 850 3109 a
894 3060 1068 3110 morte
1097 3069 1207 3109 non
1256 3054 1486 3111 retrahit
1528 3055 1767 3114 animam

173 3161 331 3202 suam
376 3143 432 3198 in
484 3142 792 3211 interitum,
839 3143 983 3200 hanc
1029 3143 1200 3200 tradit
1227 3142 1392 3216 juxta
1424 3145 1595 3201 vitam
1634 3163 1768 3219 prae-

174 3243 407 3302 sentem,
439 3234 580 3290 sicut
609 3240 662 3290 et
692 3233 962 3313 Dominus
991 3233 1158 3292 dicit:
1205 3258 1223 3282 ι
1252 3235 1356 3302 Qui
1385 3237 1532 3292 enim
1567 3237 1770 3294 volue-

171 3324 246 3381 rit
274 3323 512 3380 animam
534 3340 686 3380 suam
709 3324 914 3379 salvam
955 3323 1153 3393 facere,
1186 3325 1374 3396 perdet
1402 3342 1521 3381 eam
1553 3326 1765 3399 (Matth.

171 3430 289 3481 xvr,
321 3413 436 3486 25).
475 3440 492 3462 ι
534 3415 778 3471 Perditio
815 3415 932 3470 haec
972 3414 1229 3470 interitus
1253 3423 1371 3482 est;
1403 3415 1532 3487 quia
1576 3432 1767 3472 secun-

172 3506 304 3563 dum
335 3507 608 3564 mundum
635 3507 731 3582 qui
759 3508 1000 3562 animam
1034 3523 1185 3562 suam
1209 3506 1376 3562 tradit
1398 3524 1497 3580 pro
1524 3508 1764 3578 Christo,

170 3597 378 3655 amittit
423 3614 575 3665 eam;
610 3598 668 3654 in
709 3597 956 3653 futurum
1008 3603 1192 3652 tamen
1248 3597 1596 3654 conservabit
1626 3615 1765 3656 eam.

788 3693 1014 3750 CAPUT
1055 3695 1148 3750 ΙΙΙ.

249 3784 430 3854 (Vers.
469 3783 558 3854 1.)
605 3805 624 3830 ι
657 3784 734 3839 De
768 3783 1002 3856 reliquo,
1047 3783 1241 3839 fratres
1280 3785 1408 3854 mei,
1453 3785 1679 3856 gaudete
1710 3785 1768 3842 in

172 3872 432 3930 Domino.
477 3871 684 3928 Eadem
730 3871 964 3929 scribere
1007 3873 1166 3929 vobis
1213 3873 1355 3930 mihi
1403 3874 1624 3947 quidem
1655 3893 1769 3932 non

173 3969 256 4017 est
285 3962 522 4033 pigrum,
572 3962 730 4018 vobis
774 3971 955 4018 autem
1002 3964 1388 4020 necessarium.
1439 3989 1457 4011 ι
1518 3964 1771 4021 Ostendit

174 4049 604 4106 sollicitudinem
651 4069 825 4121 suam,
868 4069 1028 4124 quam
1082 4053 1218 4124 gerit
1261 4053 1406 4108 circa
1463 4055 1768 4125 profectum

177 4138 434 4207 illorum;
469 4140 598 4216 quia
645 4139 878 4214 impiger
924 4151 1004 4197 est
1047 4141 1113 4197 ad
1157 4141 1510 4198 scribendum
1543 4141 1620 4198 eis
1648 4159 1768 4216 quae

177 4229 478 4285 necessaria
508 4238 638 4286 sunt
663 4230 894 4286 utilitati
926 4229 1168 4286 illorum.

261 4321 439 4392 (Vers.
461 4320 540 4394 2.)
578 4345 595 4368 ι
618 4319 813 4379 Videte
835 4335 1016 4389 canes,
1049 4319 1232 4375 videte
1263 4321 1437 4377 malos
1468 4322 1766 4393 operarios,

175 4414 360 4471 videte
390 4411 782 4468 concisionem.
817 4435 834 4457 ι
877 4410 988 4464 Hos
1016 4408 1265 4480 designat
1307 4409 1424 4480 qui,
1457 4407 1768 4466 invidentes

178 4503 450 4578 gentibus,
474 4500 742 4574 pravitate
770 4498 1173 4570 colloquiorum
1204 4514 1427 4553 suorum
1460 4507 1769 4556 everterant

177 4593 418 4660 Galatas,
466 4589 754 4647 suadentes
805 4587 884 4644 eis
927 4596 988 4643 ut
1029 4586 1572 4650 circnmciderentur.
1619 4589 1767 4656 Quos

179 4683 328 4740 omni
373 4697 566 4755 genere
618 4678 874 4734 vitandos
920 4685 974 4733 et
1019 4675 1353 4748 spernendos
1400 4676 1576 4746 docet,
1613 4680 1765 4752 quasi

179 4790 338 4833 canes
358 4772 451 4845 qui
469 4770 710 4845 primum
732 4767 1024 4835 oblatrant,
1042 4765 1244 4822 dehinc
1264 4782 1451 4823 morsu
1471 4782 1615 4823 saevo
1631 4769 1771 4824 male

180 4869 474 4938 operantur
513 4862 573 4917 in
604 4873 846 4917 carnem.

256 4954 434 5023 (Vers.
464 4952 517 5020 3,
545 4950 626 5023 4.)
665 4973 683 4996 ι
711 4949 821 5006 Nos
859 4946 1006 5004 enim
1037 4963 1226 5003 sumus
1267 4946 1633 5016 circumcisio,
1676 4947 1771 5021 qui

181 5043 377 5117 spiritu
431 5043 546 5098 Deo
596 5024 868 5096 servimus
918 5055 929 5093 :
985 5045 1038 5092 et
1084 5035 1386 5109 gloriamur
1433 5036 1492 5092 in
1551 5037 1772 5094 Christo

183 5131 329 5195 Jesu,
348 5136 402 5185 et
431 5143 542 5184 non
565 5127 622 5182 in
645 5142 805 5183 carne
835 5123 1095 5181 ﬁduciam
1129 5123 1421 5191 habemus;
1459 5141 1767 5199 quanquam

184 5235 281 5292 ego
335 5217 563 5275 habeam
615 5215 872 5273 ﬁduciam
916 5223 970 5270 et
1018 5215 1074 5268 in
1128 5229 1307 5270 carne.
1344 5239 1361 5262 ι
1419 5215 1769 5271 Manifestum

183 5319 266 5367 est
307 5309 436 5384 quia
463 5307 743 5366 credentes
782 5307 885 5379 ipsi
931 5305 1337 5362 circumcidunt
1374 5322 1470 5362 cor
1498 5323 1680 5374 suum,
1711 5315 1773 5363 ut

184 5409 460 5476 amputata
510 5402 712 5459 erroris
758 5398 992 5466 nebula,
1047 5396 1315 5469 aspiciant
1367 5405 1422 5452 et
1476 5407 1774 5469 agnoscant

259 5566 374 5647 (52)
429 5566 588 5647 Βοω.
639 5562 796 5646 edit.,
857 5561 916 5647 Si
951 5560 1069 5647 quis
1108 5560 1252 5642 ali-us
1304 5559 1628 5618 videtur.....
1686 5577 1772 5632 ego

185 5633 372 5716 magis,
400 5635 792 5716 (Lirc‘umcisione
819 5633 986 5690 octavi
1013 5633 1168 5716 diei.”
1319 5705 1372 5716 Μ
1430 5704 1442 5716 .
1498 5704 1509 5716 ι
1567 5703 1578 5715 ο
1742 5702 1753 5715 '

260 5705 376 5783 (⁷53)
408 5706 595 5766 Codex
632 5705 826 5775 Laud.,
876 5705 1263 5778 comparatione
1311 5705 1528 5774 Christi,
1557 5705 1615 5760 in
1643 5705 1774 5760 veri-

189 5789 290 5841 tate
315 5785 439 5838 sunt
467 5779 682 5835 damna.

1881 1975 2195 2032 traditionis
2239 1983 2478 2048 paternae
2520 1975 2577 2030 in
2607 1975 2980 2047 persequendo
3021 1975 3348 2042 Ecclesiam,
3379 1971 3476 2032 hic

1881 2080 2065 2136 parem
2094 2080 2205 2120 non
2244 2063 2472 2131 habuit;
2506 2063 2564 2118 in
2595 2063 2807 2120 caeteris
2835 2063 2984 2119 enim
3013 2069 3170 2118 erant
3191 2067 3473 2119 consortes

1881 2151 2019 2224 ejus,
2052 2154 2147 2225 qui
2193 2152 2452 2209 similiter
2503 2161 2682 2209 essent
2727 2160 2922 2208 natura
2969 2151 3163 2207 Judaei.
3213 2150 3318 2208 Sed
3349 2167 3473 2225 quae

1882 2240 2034 2296 lucra
2063 2240 2393 2297 videbantur
2415 2239 2578 2313 juxta
2624 2241 2929 2298 humanum
2958 2257 3202 2308 sensum,
3242 2255 3475 2313 compa-

1880 2329 2091 2385 ratione
2148 2330 2354 2387 Christi
2409 2331 2635 2387 inventa
2689 2339 2819 2387 sunt
2864 2330 3064 2386 damna
3114 2329 3254 2402 (53).
3296 2329 3474 2398 Quare

1881 2416 2100 2486 damna,
2160 2418 2267 2474 nisi
2314 2420 2443 2492 quia
2500 2420 2613 2492 jam
2670 2427 2885 2492 tempus
2932 2436 3044 2476 non
3083 2428 3217 2488 erat,
3249 2428 3310 2477 ut
3356 2420 3473 2477 Lex

1881 2510 2234 2565 servaretur?
2263 2510 2450 2565 inania
2477 2510 2624 2564 enim
2645 2517 2799 2564 erant
2828 2509 2945 2565 haec
2978 2508 3182 2577 omnia,
3205 2515 3260 2564 et
3287 2509 3474 2581 impe-

1881 2595 2146 2666 dimenta,
2179 2615 2247 2654 ne
2298 2599 2646 2656 accederetur
2689 2599 2758 2655 ad
2805 2599 3066 2671 gratiam;
3113 2607 3166 2655 et
3195 2598 3326 2671 quia
3352 2598 3473 2654 haec

1881 2691 2010 2738 sunt
2046 2686 2305 2754 carnalia,
2356 2695 2543 2742 nostra
2598 2701 2728 2741 vero
2784 2686 3070 2758 spiritalia.
3121 2685 3248 2742 Ideo
3286 2693 3468 2741 autem

1881 2772 1948 2829 de
1978 2773 2126 2829 tribu
2145 2791 2202 2831 se
2221 2774 2358 2830 dicit
2383 2773 2693 2845 Benjamin,
2711 2782 2773 2829 ut
2794 2789 2965 2846 genus
2992 2790 3153 2830 suum
3181 2773 3474 2830 extolleret

1880 2879 2043 2936 super
2063 2861 2406 2936 hos,qui(54)
2425 2862 2492 2918 de
2514 2862 2839 2935 patriarchis
2859 2862 3291 2919 concubinarum
3305 2863 3474 2920 Iacob

1880 2953 2010 3010 ﬁliis
2039 2953 2250 3010 ducunt
2296 2954 2586 3027 originem,
2616 2961 2712 3010 aut
2749 2961 2969 3026 propter
3009 2953 3153 3021 illos,
3194 2954 3288 3027 qui
3319 2961 3476 3010 erant

1880 3043 2164 3116 proselyti.
2201 3043 2355 3100 Unde
2383 3043 2561 3101 dicit:
2608 3066 2627 3090 ι
2674 3044 2790 3116 Ego
2831 3043 3020 3114 magis,
3052 3042 3476 3099 circumcisione

1879 3133 2059 3190 octavi
2097 3133 2228 3204 diei,
2272 3150 2341 3189 ex
2387 3149 2579 3206 genere
2620 3133 2819 3201 Israel;
2854 3158 2872 3181 ι
2921 3139 2984 3188 ut
3010 3132 3323 3189 ostenderet
3350 3131 3475 3205 pri-

1881 3240 2031 3279 mum
2062 3240 2119 3279 se
2147 3240 2262 3280 esse
2297 3223 2442 3279 inter
2470 3221 2686 3279 Judaaos
2719 3241 2729 3278 :
2763 3222 2857 3278 sed
2898 3222 3004 3278 hoc
3040 3236 3096 3277 se
3123 3228 3475 3277 contemnere

1881 3321 2101 3384 propter
2128 3328 2278 3384 spem
2311 3311 2632 3383 promissam
2673 3329 2706 3367 a
2751 3309 2991 3368 Christo.
3037 3310 3250 3365 Hebraei
3291 3318 3474 3367 tamen

1881 3409 2100 3473 propter
2145 3400 2424 3456 Abraham
2471 3399 2606 3456 dicti
2657 3406 2816 3466 sunt;
2877 3399 3166 3454 immutata
3213 3407 3294 3455 est
3322 3398 3471 3454 enim

1882 3489 2064 3544 littera
2111 3495 2331 3560 propter
2383 3503 2599 3552 sonum,
2630 3493 2692 3541 ut
2748 3501 2860 3542 non
2909 3492 3235 3541 vocarentur
3263 3486 3470 3555 Abraei,

1881 3578 1975 3633 sed
1998 3577 2208 3632 Hebraei
2237 3594 2248 3632 :
2281 3583 2344 3632 ut
2371 3575 2515 3648 apud
2535 3582 2743 3631 veteres
2765 3591 2888 3631 cum
2907 3575 3181 3631 diceretur
3209 3574 3471 3644 medidie,

1880 3675 1934 3722 et
1973 3674 2114 3722 esset
2143 3665 2460 3733 absurdum,
2494 3666 2784 3721 immutata
2811 3671 2890 3720 est
2923 3665 3126 3732 littera,
3160 3671 3222 3720 ut
3250 3663 3472 3720 dicere-

1883 3767 1973 3816 tur
2002 3756 2346 3828 meridie.,Si
2375 3757 2523 3812 enim
2545 3757 2698 3828 origo
2721 3772 2791 3811 ex
2821 3754 3102 3811 Abraham
3133 3762 3232 3823 est,
3262 3771 3332 3810 ex
3353 3756 3472 3827 ipso

1881 3850 2025 3906 trahi
2069 3849 2230 3906 debet
2266 3857 2320 3905 et
2353 3863 2576 3913 nomen,
2639 3863 2749 3902 non
2803 3863 2872 3902 ex
2924 3846 3119 3915 Heber,
3160 3847 3255 3920 qui
3317 3856 3474 3905 sexta

1882 3939 2228 4012 generatione
2283 3945 2364 3994 est
2411 3954 2576 4009 super
2619 3936 2897 3992 Abraham
2935 3937 3090 4009 (Gen.
3139 3952 3222 4004 x1,
3270 3936 3380 4008 14).
3413 3937 3472 3994 Si

1881 4030 2030 4086 enim
2060 4031 2118 4084 in
2147 4030 2424 4084 Abraham
2456 4027 2741 4084 reformari
2761 4027 2926 4100 coepit
2955 4043 3124 4098 genus
3156 4025 3470 4094 hominum,

1881 4128 1935 4176 et
1972 4121 2088 4192 ipse
2131 4127 2210 4173 est
2250 4125 2400 4190 pater
2434 4117 2583 4186 ﬁdei,
2625 4133 2693 4172 ex
2721 4117 2840 4190 ipso
2880 4124 2934 4172 et
2962 4133 3164 4172 nomen
3202 4123 3255 4172 et
3285 4116 3474 4189 lingua

1882 4209 2124 4264 Hebraea.
2157 4209 2342 4263 Prima
2361 4208 2507 4263 enim
2539 4207 2746 4280 lingua,
2778 4223 2899 4280 quae
2929 4213 3045 4262 erat
3073 4207 3191 4261 sine
3223 4205 3469 4273 nomine,

1879 4315 2003 4356 cum
2037 4298 2170 4356 huic
2197 4297 2466 4366 redditur,
2487 4313 2556 4352 ex
2585 4313 2648 4352 eo
2677 4312 2880 4352 nomen
2900 4295 3117 4368 accipit.
3150 4296 3287 4352 Nam
3317 4294 3473 4350 nulla

1880 4404 2041 4444 causa
2084 4395 2181 4457 est,
2231 4397 2292 4443 ut
2340 4404 2409 4443 ex
2453 4387 2630 4443 Heber
2682 4386 2865 4442 trahat
2904 4401 3142 4451 nomen;
3192 4384 3472 4440 Abraham

1878 4478 2025 4533 enim
2062 4477 2349 4534 Chaldaeus
2380 4477 2506 4546 fuit,
2540 4493 2651 4533 non
2689 4483 2873 4532 tamen
2911 4475 3124 4531 Hebraei
3155 4473 3468 4532 Chaldaaam

1878 4568 2120 4640 linguam
2148 4567 2352 4624 habent
2383 4568 2523 4639 (55).

1799 4637 1848 4696 D
1951 4637 2132 4738 (Vers.
2183 4637 2443 4738 8-11.):
2480 4637 2696 4723 iVerum
2741 4663 2964 4738 quidem
3013 4661 3197 4717 omnia
3235 4661 3472 4719 arbitror

1881 4758 2083 4815 damna
2133 4773 2248 4813 esse
2303 4765 2524 4830 propter
2576 4753 2929 4811 eminentiam
2981 4751 3224 4808 scientiae
3263 4751 3470 4809 Christi

1878 4849 2007 4906 Jesu
2060 4847 2281 4905 Domini
2341 4847 2472 4915 mei,
2536 4852 2756 4916 propter
2810 4858 2971 4916 quem
3029 4843 3215 4898 omnia
3271 4843 3472 4900 damna

1879 4941 2036 5009 duxi,
2059 4948 2112 4996 et
2141 4939 2376 4995 arbitror
2405 4946 2677 5003 stercora;
2711 4943 2773 4991 ut
2801 4934 3083 4992 Christum
3103 4936 3469 5006 lucrifaciam,

1879 5041 1933 5088 et
1970 5039 2032 5086 ut
2078 5030 2329 5084 inveniar
2373 5028 2430 5082 in
2461 5027 2558 5080 illo
2587 5041 2698 5080 non
2731 5024 2940 5080 habens
2969 5042 3141 5081 meam
3167 5024 3468 5098 justitiam,

1881 5139 1999 5196 quae
2021 5138 2089 5177 ex
2119 5123 2235 5193 lege
2263 5128 2343 5176 est
2368 5138 2378 5175 :
2404 5118 2497 5174 sed
2526 5133 2644 5173 eam
2676 5133 2796 5191 quae
2823 5123 2904 5172 est
2932 5134 3028 5189 per
3047 5117 3211 5172 ﬁdem
3238 5117 3466 5186 Christi,

1881 5229 2000 5285 qua
2047 5228 2116 5266 ex
2142 5213 2255 5266 Deo
2288 5218 2391 5277 est,
2417 5206 2692 5280 justitiam
2737 5223 2900 5279 super
2941 5207 3104 5263 ﬁdem
3137 5208 3204 5264 ad
3242 5224 3466 5280 cognos-

1880 5301 2113 5358 cendum
2161 5316 2307 5367 eum,
2348 5307 2402 5355 et
2451 5297 2715 5353 virtutem
2773 5299 3188 5354 resurrectionis
3235 5297 3374 5369 ejus,
3414 5305 3470 5354 et

1879 5389 2435 5454 communicationem
2477 5387 2792 5460 passionum
2831 5385 2968 5459 ejus,
2999 5387 3348 5444 conformans
3381 5403 3470 5444 me

1955 5553 2070 5626 (54)
2103 5555 2260 5611 Rom.
2311 5551 2466 5621 edit.,
2499 5551 2786 5617 extolleret,
2828 5549 2932 5604 sive
2963 5554 3183 5620 propter
3211 5547 3324 5618 hos,
3353 5548 3466 5620 qui,

1883 5635 2073 5768 etc(.55)
2126 5697 2254 5753 Mss.
2309 5694 2537 5768 aliquot,
2592 5709 2698 5750 non
2751 5699 2922 5749 tamen
2967 5691 3203 5749 Chaldaei
3233 5692 3468 5765 linguam

1955 5701 2073 5825 (’55)
2126 5701 2254 5753 Mss.
2309 5701 2537 5768 aliquot,
2592 5709 2698 5750 non
2751 5701 2790 5748 to

1883 5773 1949 5828 ha
1985 5775 2069 5827 ent
2095 5769 2388 5825 Hebrwam.
2786 5795 2790 5797 >
