3970 6376
197 425 306 485 Mi

198 557 454 617 dentium
495 559 856 626 obsistebant,
885 557 953 614 de
979 555 1120 614 cibis
1151 555 1378 614 edendis
1405 562 1459 612 et
1486 572 1597 612 non
1619 555 1794 614 eden-
1821 559 1873 620 A

197 647 290 705 dis
327 650 664 722 quastiones
710 657 1016 717 moventes,
1065 647 1219 720 quasi
1265 648 1412 704 salus
1454 647 1512 703 in
1550 663 1671 704 esca
1707 647 1798 718 sit,

196 746 300 795 aut
345 749 542 797 venter
585 743 750 808 Deus,
795 755 957 812 quem
999 737 1160 810 juxta
1202 740 1373 812 legem
1412 737 1636 794 mundis
1664 740 1802 796 escis

195 827 468 887 delectari
498 831 786 905 putabant,
827 828 1122 902 gloriantes
1153 828 1210 884 in
1254 827 1524 901 pudendis
1553 828 1800 885 circum-

196 916 369 986 cisis;
421 919 525 976 hoc
570 927 673 988 est,
720 927 938 976 terrena
983 933 1214 990 sapere:
1257 917 1353 990 qui
1405 925 1587 974 autem
1627 916 1802 990 spiri-

199 1005 341 1062 talia
384 1008 546 1080 sapit,
597 1008 653 1064 in
686 1008 812 1077 ﬁde,
844 1009 902 1064 in
943 1024 1057 1080 spe,
1103 1007 1160 1062 in
1195 1006 1462 1063 charitate
1513 1007 1797 1078 gloriatur.

197 1092 291 1149 Ad
324 1097 504 1152 locum
525 1105 707 1155 autem
738 1097 888 1154 hunc
908 1113 1018 1154 non
1041 1093 1297 1170 pertinet,
1332 1096 1448 1168 (60)
1472 1105 1534 1152 ut
1561 1103 1802 1169 quaestus

197 1199 367 1240 causa
384 1194 479 1242 aut
506 1188 645 1260 gula
674 1187 913 1245 dixerit:
953 1213 971 1235 ι
999 1187 1245 1256 Quorum
1273 1189 1418 1244 Deus
1439 1194 1631 1242 venter
1658 1193 1787 1243 est»

285 1275 468 1351 (Vers.
501 1277 589 1348 20,
621 1278 736 1350 2i.)
799 1302 818 1325 ι
869 1277 1068 1334 Nostra
1112 1285 1295 1335 autem
1351 1276 1696 1334 conversatio
1740 1277 1799 1334 in

197 1368 357 1427 caelis
384 1375 501 1434 est;
531 1367 680 1423 unde
709 1373 763 1422 et
790 1367 1127 1424 Salvatorem
1173 1374 1553 1440 exspectamus
1598 1365 1800 1422 Domi-

198 1473 337 1514 num
386 1465 638 1513 nostrum
669 1457 853 1513 Iesum
901 1455 1204 1525 Christum,
1245 1455 1340 1529 qui
1387 1455 1799 1528 transﬁgurabit

197 1562 402 1620 corpus
438 1545 772 1604 humilitatis
811 1553 1011 1604 nostra
1053 1547 1335 1604 conforme
1363 1547 1580 1620 corpori
1613 1545 1800 1620 gloria

197 1655 336 1707 sua,
376 1638 677 1696 secundum
707 1638 1083 1711 operationem
1111 1654 1287 1706 suam,
1309 1655 1416 1711 qua
1445 1637 1615 1710 possit
1633 1637 1798 1693 etiam

198 1726 472 1800 subjicere
500 1727 606 1784 sibi
636 1727 842 1784 omnia.
875 1751 894 1774 ι
939 1725 1220 1800 Spiritalia
1263 1734 1520 1783 curantes
1560 1725 1618 1782 in
1646 1724 1801 1782 calis

197 1833 360 1890 agere
386 1817 669 1885 dicuntur,
692 1833 815 1872 cum
849 1815 954 1888 ipsi
991 1815 1172 1872 adhuc
1202 1815 1313 1871 sint
1346 1815 1405 1871 in
1428 1815 1621 1884 terris;
1653 1831 1801 1888 quo-

1252 420 1621 483 COMMENT.
1670 422 1743 481 IN
1778 422 1996 482 EPIST.
2037 424 2134 481 AD
2172 424 2464 483 PHILIPP.

3400 427 3503 494 442

1984 557 2165 629 (Vers.
2205 558 2259 624 5,
2296 558 2349 626 6,
2383 559 2462 630 7.)
2504 581 2522 606 ε
2565 558 2831 616 Modestis
2874 568 3057 617 vestra
3103 571 3232 618 nota
3272 563 3351 620 sit
3389 581 3503 620 om-

1908 645 2074 702 nibus
2130 646 2471 718 hominibus,
2531 649 2802 706 Dominus
2849 665 3016 722 prope
3065 656 3165 706 est.
3223 653 3285 708 In
3346 654 3504 711 nullo

1909 738 2134 796 solliciti
2190 739 2354 797 sitis:
2386 740 2480 797 sed
2530 757 2627 814 per
2681 739 2869 796 omnia
2920 740 3168 797 oratione
3215 748 3270 797 et
3323 759 3500 814 prece,

1908 844 2032 885 cum
2066 829 2363 901 gratiarum
2409 829 2626 886 actione
2656 829 3054 904 postulationes
3099 837 3295 886 vestrae
3332 830 3504 887 inno-

1909 925 2118 973 tescant
2150 918 2266 990 (63)
2308 919 2452 992 apud
2482 921 2676 975 Deum.
2710 921 2780 974 Et
2809 936 2916 992 pax
2966 918 3086 989 Dei,
3118 936 3239 993 qua
3268 936 3504 992 exsupe-

1909 1013 1993 1061 rat
2037 1022 2256 1062 omnem
2300 1015 2540 1064 mentem
2587 1007 2728 1080 (64),
2777 1007 3054 1065 custodiat
3097 1008 3267 1066 corda
3299 1015 3506 1074 vestra,

1908 1101 1962 1150 et
1986 1111 2176 1151 sensus
2213 1104 2425 1153 vestros
2467 1096 2526 1152 in
2573 1097 2796 1155 Christo
2824 1097 2970 1154 Jesu.
3004 1121 3023 1146 ι
3062 1097 3220 1155 Nunc
3253 1098 3507 1171 exemplo

1907 1198 2096 1239 eorum
2124 1183 2262 1241 alios
2285 1187 2407 1241 vult
2433 1187 2656 1254 lucrari;
2681 1203 2806 1242 cum
2841 1186 2989 1243 enim
3018 1185 3287 1244 modestia
3315 1203 3506 1244 eorum

1909 1272 2254 1330 manifestata
2296 1274 2482 1343 fuerit,
2514 1275 2572 1331 id
2598 1284 2701 1344 est,
2739 1276 3090 1333 rationabilis
3133 1276 3506 1346 conversatio,

1907 1360 2170 1418 lucebunt
2211 1380 2376 1436 opera
2423 1381 2634 1434 eorum,
2667 1372 2722 1421 et
2775 1382 2887 1422 non
2935 1365 3186 1432 deerunt,
3218 1365 3312 1438 qui
3367 1363 3508 1420 imi-

1909 1457 2096 1507 tentur
2121 1451 2329 1509 bonum
2367 1453 2630 1522 illorum;
2678 1462 2742 1511 ut
2790 1471 2902 1511 non
2949 1456 3126 1512 solum
3158 1454 3507 1526 propriorum

1909 1547 2216 1612 gestorum,
2272 1542 2366 1599 sed
2415 1551 2469 1599 et
2515 1543 2755 1599 aliorum
2811 1552 3164 1616 augmentum
3222 1543 3340 1616 (65)
3383 1558 3510 1598 con-

1907 1639 2234 1702 sequantur;
2269 1639 2332 1687 ut
2383 1631 2528 1688 sicut
2569 1633 2784 1689 dictum
2833 1640 2936 1701 est,
2968 1631 3182 1688 labores
3223 1631 3507 1688 fructuum

1907 1735 2132 1775 suorum
2186 1719 2350 1777 edant
2403 1721 2576 1793 (Psal.
2638 1738 2850 1790 cxxvn,
2916 1721 2994 1793 2).
3063 1721 3296 1789 Quando
3358 1721 3508 1776 enim

1907 1805 2122 1864 fructus
2181 1825 2406 1882 operum
2469 1826 2696 1867 suorum
2755 1811 2894 1867 alios
2955 1809 3194 1883 acquirit
3249 1810 3318 1867 ad
3371 1827 3510 1882 opus

197 1904 370 1960 modo
398 1904 530 1960 mali
563 1903 850 1976 Principes
879 1911 934 1960 et
963 1904 1284 1973 Potestates,
1313 1920 1438 1961 cum
1478 1904 1591 1960 sint
1617 1903 1799 1961 adhuc
1837 1920 1884 1982 Β
1906 1897 2136 1968 bonum,
2171 1899 2382 1959 labores
2406 1917 2596 1957 eorum
2622 1901 2717 1975 qui
2739 1900 2996 1974 acquisiti
3020 1908 3170 1969 sunt,
3211 1900 3512 1973 proﬁcient

198 1993 311 2066 ipsi
339 1992 400 2048 in
441 1992 809 2061 ﬁrmamento,
857 1991 1274 2049 conversatione
1319 2000 1501 2048 tamen
1541 1992 1598 2048 in
1636 1993 1798 2050 terris

196 2089 353 2139 sunt.
382 2081 823 2141 Christianorum
872 2096 1000 2155 ergo
1047 2089 1202 2162 actus
1247 2081 1307 2138 in
1341 2082 1497 2139 caelis
1523 2090 1672 2151 sunt,
1703 2081 1802 2139 ubi

197 2177 257 2227 et
301 2187 424 2243 spes
461 2169 658 2227 salutis
687 2187 876 2227 eorum
909 2179 1010 2239 est,
1052 2170 1147 2245 qui
1189 2179 1270 2228 est
1318 2171 1589 2240 Christus,
1639 2188 1801 2245 quem

197 2260 386 2317 omnis
429 2259 573 2316 ﬁdus
619 2267 901 2332 exspectat
927 2260 995 2316 ad
1033 2248 1570 2333 transﬁgurationem
1599 2277 1805 2340 corpo-

200 2350 282 2406 ris
311 2351 530 2418 carnis;
581 2357 643 2406 ut
693 2350 842 2424 quod
888 2366 957 2406 ex
1009 2350 1180 2406 humo
1224 2360 1324 2419 est,
1377 2351 1494 2424 (61)
1545 2351 1802 2408 indutum

199 2439 441 2511 spiritali
471 2448 640 2508 veste,
674 2439 957 2497 conforme
999 2438 1199 2496 eﬁiciat
1232 2440 1474 2498 adventu
1505 2439 1805 2512 majestatis

200 2544 316 2584 sua
345 2528 560 2602 corpori
609 2527 796 2600 gloria
834 2544 968 2596 sua,
1007 2526 1170 2600 juxta
1210 2529 1584 2602 operationem
1625 2547 1800 2599 suam,

201 2618 263 2675 id
291 2626 373 2675 est
401 2619 700 2676 secundum
749 2619 1013 2674 virtutem
1052 2636 1228 2689 suam,
1271 2643 1290 2667 ι
1321 2637 1428 2693 qua
1457 2622 1627 2694 possit
1664 2623 1804 2678 sub-

195 2707 370 2779 jicere
395 2707 502 2764 sibi
532 2708 736 2775 omnia;
759 2731 778 2756 -
813 2707 920 2765 hoc
947 2716 1048 2776 est,
1067 2708 1197 2782 quia
1223 2726 1320 2782 per
1350 2711 1802 2769 resurrectionem

201 2806 550 2855 mortuorum
599 2805 653 2855 et
697 2799 1140 2854 immutationem
1193 2798 1249 2853 in
1304 2798 1478 2871 gloria
1521 2799 1806 2872 apparebit

202 2885 387 2943 virtus
432 2887 656 2944 Domini
705 2892 844 2949 261
880 2887 1246 2956 manifestata,
1278 2886 1648 2959 comprimens
1675 2904 1805 2944 om-

200 2999 303 3040 nes
331 2983 612 3057 Principes
635 2993 689 3041 et
708 2985 1026 3053 Potestates,
1045 2992 1107 3039 ut
1125 2983 1506 3041 manifestetur
1525 2984 1640 3059 ipse
1659 2986 1805 3042 Deus

201 3081 261 3131 et
289 3073 561 3131 Dominus
580 3091 696 3132 esse
725 3073 996 3131 omnium.

824 3162 1052 3222 CAPUT
1089 3161 1186 3220 IV.

284 3252 467 3351 (Vera.
637 3278 656 3302 ε
686 3253 894 3351 Itaque,
928 3254 1123 3310 fratres
1159 3253 1265 3310 mei
1296 3251 1606 3351 charissimi
1637 3262 1691 3311 et
1713 3253 1805 3312 de-
1836 3289 1880 3351 Ο

206 3341 614 3412 sideratissimi,
662 3342 923 3416 gaudium
966 3359 1148 3400 meum
1190 3351 1246 3399 et
1291 3359 1512 3412 corona,
1555 3343 1635 3401 sic
1669 3351 1807 3400 state

208 3430 268 3488 in
295 3431 554 3501 Domino,
602 3431 972 3489 dilectissimi.
1005 3457 1024 3480 ι
1076 3431 1400 3488 Commonet
1429 3440 1493 3488 ut
1533 3431 1591 3488 in
1619 3432 1807 3488 eadem

209 3519 320 3578 ﬁde
371 3529 759 3595 perseverent;
813 3521 1072 3594 gaudium
1122 3520 1270 3576 enim
1319 3520 1437 3592 ejus
1462 3519 1530 3576 ad
1573 3537 1812 3593 prasens

208 3609 522 3666 constantia
559 3609 784 3665 illorum
832 3616 933 3676 est,
979 3615 1034 3663 et
1063 3606 1121 3663 in
1147 3607 1395 3664 futurum
1426 3624 1648 3667 corona.
1675 3608 1810 3665 Dis-

211 3696 415 3771 cipulis
437 3699 584 3755 enim
615 3698 672 3754 in
695 3713 866 3771 agone
889 3696 1218 3767 victoribus,
1246 3696 1448 3771 dignus
1476 3697 1581 3754 erit
1608 3713 1811 3755 corona

211 3787 492 3859 magister.

289 3875 474 3947 (Vers.
493 3875 560 3945 '2,
592 3875 675 3949 3.)
721 3898 741 3927 ι
767 3874 1040 3934 Evodiam
1066 3891 1218 3948 rogo,
1242 3882 1298 3932 et
1335 3874 1658 3950 Syntyehen
1703 3876 1812 3932 ob-

210 3979 368 4020 secro
413 3963 559 4022 idem
605 3981 792 4040 sapere
845 3963 904 4021 in
942 3965 1200 4022 Domino.
1244 3965 1318 4021 Et
1364 3973 1416 4022 te
1453 3983 1582 4039 rogo
1621 3965 1808 4036 etiam,

214 4069 468 4126 germane
515 4070 759 4128 compar,
815 4053 1015 4126 adjuva
1073 4053 1200 4112 illas
1247 4071 1368 4128 qua
1405 4055 1813 4112 laboraverunt

215 4158 428 4198 mecum
457 4142 516 4199 in
545 4143 847 4217 Evangelio
871 4160 997 4200 cum
1027 4143 1329 4212 Clemente,
1360 4150 1414 4201 et
1453 4145 1685 4214 cateris,
1716 4144 1811 4219 qui

214 4239 347 4288 sunt
378 4231 515 4288 mihi
545 4233 839 4306 participes
869 4250 1117 4307 operum,
1163 4249 1396 4307 quorum
1433 4234 1660 4291 nomina
1687 4244 1816 4293 sunt

214 4320 277 4376 in
307 4320 451 4378 libro
497 4321 646 4378 vita.
682 4345 701 4368 ι
763 4322 1032 4378 Evodiam
1083 4331 1138 4380 et
1191 4323 1513 4397 Syntychen
1554 4325 1621 4382 ad
1673 4342 1815 4398 pru-

214 4409 460 4467 dentiam
490 4409 938 4482 ampliﬁcandam
973 4411 1090 4484 (62)
1121 4411 1393 4482 hortatur,
1424 4413 1817 4486 adjuvantibus

215 4515 357 4572 quos
384 4506 670 4568 memorat,
709 4508 772 4555 ut
798 4500 942 4556 sicut
982 4501 1038 4556 in
1076 4501 1334 4574 Operibus
1359 4503 1645 4578 Evangelii
1681 4523 1817 4579 pro-

216 4589 484 4658 fecerant,
517 4589 845 4662 proﬁcerent
871 4597 926 4645 et
958 4590 1015 4646 in
1045 4590 1274 4648 scientia
1303 4600 1356 4648 et
1389 4593 1657 4666 sapientia
1692 4596 1813 4666 Dei,

218 4694 357 4751 quos
402 4694 595 4735 omnes
638 4677 837 4734 merito
871 4677 999 4736 ﬁdei
1031 4678 1088 4734 in
1122 4678 1266 4735 libro
1294 4679 1423 4736 vita
1462 4681 1651 4739 haberi
1682 4701 1819 4758 pro-

217 4767 463 4824 nuntiat.

297 4855 478 4926 (Vers.
510 4855 592 4927 4.)
641 4878 661 4904 ι
703 4855 948 4914 Gaudete
978 4856 1036 4914 in
1064 4857 1306 4916 Domino
1335 4875 1567 4934 semper,
1616 4859 1815 4920 iterum

221 4942 370 5012 dico,
411 4945 658 5018 gaudete.
713 4969 732 4996 ι
791 4947 975 5004 Latus
1011 4951 1308 5022 Apostolus
1351 4949 1410 5007 in
1462 4951 1719 5025 operibus
1764 4962 1818 5010 et

223 5032 333 5091 ﬁde
362 5049 575 5103 eorum,
604 5032 673 5091 ad
715 5037 1106 5094 cumulandam
1155 5039 1494 5097 alacritatem
1537 5058 1690 5098 suam
1722 5059 1817 5099 ex-

223 5130 378 5198 optat
429 5122 556 5180 illos
601 5123 661 5181 in
707 5123 814 5181 hoc
850 5125 1037 5182 studio
1089 5126 1456 5200 proﬁcientes,
1487 5127 1545 5184 in
1582 5131 1820 5188 Domino

222 5229 439 5288 semper
479 5214 741 5288 gaudere;
792 5213 899 5272 hoc
939 5222 1021 5272 est
1071 5215 1220 5272 enim
1248 5217 1394 5289 quod
1426 5218 1610 5288 iterat,
1657 5228 1719 5276 ut
1763 5236 1821 5277 se

226 5318 356 5360 vera
390 5301 681 5362 aﬁ‘ectione
709 5302 942 5378 gaudere
971 5304 1028 5361 in
1057 5303 1173 5361 illis
1200 5305 1470 5363 ostendat.

1909 1987 2008 2057 eis,
2034 2004 2268 2062 quorum
2300 1991 2554 2062 exemplo
2584 1991 2730 2047 bona
2759 2007 2924 2063 opera
2954 1989 3163 2045 imitari
3197 1997 3506 2063 caperunt.

1923 2100 1942 2125 ι
1973 2077 2264 2147 Dominus,
2301 2077 2398 2147 ait,
2427 2096 2594 2152 prope
2626 2087 2727 2136 est.
2758 2081 2822 2136 In
2850 2079 3006 2135 nullo
3023 2078 3260 2138 solliciti
3289 2078 3412 2135 sitis
3437 2098 3450 2147 ;
3478 2104 3498 2127 ι

1909 2167 2017 2225 hoc
2067 2175 2170 2237 est,
2225 2175 2556 2241 praparatos
2608 2186 2724 2226 esse
2786 2169 3004 2238 debere,
3063 2175 3117 2225 et
3166 2167 3398 2240 vigilare
3452 2169 3511 2224 in

1912 2256 2158 2313 oratione
2219 2265 2274 2313 et
2327 2274 2505 2330 prece,
2556 2259 2670 2314 Deo
2728 2258 2928 2331 gratias
2975 2266 3216 2330 agentes,
3273 2257 3514 2330 seposita

1911 2345 2107 2403 mundi
2146 2331 2546 2412 sollicitudine,
2594 2346 2736 2404 illud
2785 2363 3019 2420 sperare,
3060 2354 3116 2403 et
3167 2354 3294 2403 ante
3323 2347 3514 2403 oculos

1911 2437 2130 2507 habere,
2162 2437 2308 2510 quod
2360 2438 2632 2494 Dominus
2674 2437 3011 2510 repromisit,
3052 2436 3200 2493 unde
3228 2444 3282 2493 et
3312 2435 3513 2509 gratias

1911 2526 1961 2582 ei
2006 2525 2239 2597 agendas
2287 2524 2486 2592 docet;
2524 2526 2765 2582 Domino
2809 2526 2959 2582 enim
3016 2525 3363 2592 imminente,
3405 2525 3511 2581 solo

1913 2613 2146 2670 licitudo
2189 2613 2377 2671 saeculi
2423 2622 2616 2671 cessat.
2650 2615 2720 2670 Ut
2747 2614 2884 2687 quid
2919 2614 3068 2670 enim
3119 2612 3346 2670 solliciti
3399 2612 3515 2667 sint

1912 2699 1979 2756 de
2009 2717 2067 2755 re
2122 2700 2234 2756 cito
2278 2702 2564 2773 peritura?
2617 2701 2700 2757 Ac
2749 2718 2845 2773 per
2897 2701 3026 2768 hoc,
3068 2725 3086 2747 ι
3115 2700 3514 2772 postulationes

1913 2797 2106 2844 vestra
2160 2798 2324 2857 notae,
2385 2788 2613 2862 inquit,
2672 2789 2808 2844 ﬁant
2869 2788 3016 2860 apud
3079 2790 3276 2845 Deum.
3309 2813 3326 2836 ι
3379 2789 3511 2855 Qua

1911 2877 2112 2933 notitia
2183 2876 2506 2934 assiduitate
2575 2877 2661 2948 ﬁt,
2733 2885 2788 2934 et
2861 2875 3153 2950 vigilantia
3219 2877 3508 2936 orationis.

1913 2965 2068 3023 Tunc
2104 2965 2325 3024 demum
2373 2965 2780 3024 munitionibus
2829 2967 2980 3040 pacis
3026 2984 3157 3035 sua,
3205 2984 3368 3041 «qua
3397 2985 3511 3024 om-

1915 3071 2041 3111 nem
2079 3065 2371 3130 exsuperat
2399 3065 2662 3126 mentem,
2709 3057 2986 3113 custodiat
3038 3057 3206 3114 corda
3232 3064 3415 3113 vestra
3453 3056 3512 3112 in

1913 3145 2134 3206 Christo
2163 3147 2309 3204 Jesu.
2339 3171 2359 3195 ι
2403 3148 2519 3204 Hoc
2559 3147 2683 3205 ideo
2731 3147 2898 3217 dixit,
2931 3147 3059 3222 quia
3102 3165 3229 3205 cum
3257 3149 3372 3205 Deo
3417 3147 3512 3220 qui

1919 3233 2084 3290 habet
2103 3251 2311 3308 pacem,
2347 3252 2459 3293 non
2487 3237 2648 3293 timet
2666 3253 2885 3292 omnem
2918 3244 3156 3293 mentem
3189 3236 3508 3303 adversam;

1920 3333 2073 3384 tutus
2123 3327 2272 3384 enim
2302 3334 2384 3384 est
2435 3342 2565 3398 pace
2598 3326 2697 3382 Dei
2752 3325 2934 3381 omnis
2968 3324 3203 3398 diligens
3239 3327 3413 3382 Deum
3454 3323 3513 3380 in

1920 3417 2141 3476 Christo
2195 3417 2342 3472 Jesu.
2387 3416 2525 3484 Quis
2574 3413 2722 3470 enim
2771 3429 2883 3469 non
2931 3420 3141 3470 metuat
3170 3429 3318 3482 eum,
3349 3429 3512 3486 quem

1921 3507 2026 3564 scit
2057 3506 2156 3563 Dei
2182 3523 2297 3562 esse
2316 3505 2557 3562 amicum
2575 3503 2604 3560 ?

1993 3605 2177 3676 (Vers.
2200 3603 2256 3673 8,
2281 3605 2363 3677 9.)
2412 3627 2431 3650 ι
2462 3602 2619 3670 Quod
2649 3602 2923 3676 reliquum
2959 3610 3062 3672 est,
3106 3601 3322 3671 fratres,
3353 3619 3513 3675 qua-

1920 3708 2138 3766 cunque
2189 3699 2320 3748 sunt
2372 3707 2501 3748 vera
2523 3734 2539 3760 ,
2593 3707 2934 3764 quacunque
2987 3690 3297 3763 magniﬁca,
3355 3707 3516 3764 qua-

1921 3801 2156 3858 cumque
2209 3784 2362 3857 justa
2384 3828 2400 3854 ,
2461 3801 2819 3858 quacumque
2877 3791 3064 3840 sancta
3090 3827 3105 3853 ,
3158 3799 3518 3858 quacumque

1921 3875 2199 3944 amabilia,
2254 3891 2612 3950 quacumque
2677 3873 2996 3944 laudabilia,
3055 3873 3101 3931 si
3157 3891 3267 3949 qua
3315 3875 3516 3944 virtus,

1922 3964 1968 4020 si
1993 3980 2100 4038 qua
2131 3965 2250 4021 laus
2299 3964 2612 4038 disciplina
2645 3982 2656 4021 :
2694 3963 2812 4020 hac
2840 3964 3095 4036 cogitate.
3125 3964 3258 4032 Qua
3285 3971 3340 4021 et
3374 3963 3518 4020 didi-

1922 4052 2078 4111 cistis
2112 4061 2167 4110 et
2203 4054 2509 4128 accepistis,
2557 4061 2612 4110 et
2660 4053 2912 4122 audistis,
2962 4061 3016 4110 et
3058 4052 3280 4111 vidistis
3311 4053 3368 4109 in
3399 4069 3514 4121 me;

1924 4142 2041 4202 hac
2069 4145 2233 4217 agite,
2263 4153 2318 4200 et
2365 4147 2509 4201 Deus
2539 4144 2688 4217 pacis
2732 4144 2839 4202 erit
2883 4144 3192 4202 vobiscum.
3234 4169 3254 4194 ι
3300 4145 3365 4201 In
3390 4159 3518 4201 con-

1925 4233 2194 4303 clusione,
2239 4251 2361 4308 qua
2408 4235 2620 4309 reliqua
2659 4244 2836 4300 erant,
2881 4235 2950 4293 ad
2992 4234 3360 4292 imitationem
3400 4248 3518 4307 per-

1926 4321 2181 4380 fectionis
2226 4324 2488 4397 exponit;
2539 4333 2600 4381 ut
2633 4341 2697 4382 ea
2725 4341 2846 4398 qua
2885 4341 2996 4382 non
3035 4324 3212 4381 solum
3263 4323 3321 4380 in
3375 4322 3520 4380 vitu-

1925 4411 2262 4485 perationem
2305 4430 2418 4469 non
2467 4413 2693 4484 cadunt,
2727 4431 2923 4472 verum
2965 4416 3130 4471 etiam
3163 4414 3322 4471 laude
3354 4412 3521 4485 digna

1927 4507 2097 4570 sunt,
2160 4509 2215 4558 et
2269 4501 2575 4574 cogitantes
2629 4510 2682 4558 et
2746 4511 2986 4576 agentes,
3045 4502 3220 4559 secuti
3285 4502 3517 4558 formam

1926 4591 2197 4664 Apostoli,
2229 4595 2401 4650 Deum
2448 4594 2597 4667 pacis
2647 4593 2882 4650 habeant
2923 4610 3129 4650 secum.
3163 4595 3308 4650 Deus
3335 4601 3521 4650 noster

1925 4695 2053 4736 vere
2081 4681 2227 4737 Deus
2256 4683 2406 4753 pacis
2449 4689 2553 4752 est,
2593 4681 2689 4756 qui
2720 4699 2831 4738 non
2856 4688 3077 4753 rogatus
3101 4682 3255 4754 quasi
3304 4689 3518 4754 potens,

1926 4783 2038 4824 non
2091 4767 2322 4827 timidus
2370 4771 2525 4844 quasi
2579 4771 2835 4827 inﬁrmus
2873 4770 2940 4827 ad
3000 4785 3188 4842 pacem
3244 4769 3519 4841 hortatur,

1927 4855 1985 4912 in
2029 4865 2244 4914 tantum
2273 4867 2336 4916 ut
2377 4866 2431 4915 et
2458 4866 2677 4933 peccata
2716 4857 2776 4914 in
2806 4875 2862 4914 se
2907 4857 3198 4916 commissa
3222 4860 3517 4930 concedat;
3615 4863 3619 4866 ⁴

1925 4963 2051 5005 cum
2111 4949 2283 5022 possit
2328 4949 2522 5022 utique
2564 4957 2771 5004 terrore
2826 4948 3188 5006 manifestata
3238 4951 3520 5022 potentia,

1927 5046 1980 5095 et
2011 5038 2306 5096 ineﬁabilis
2347 5037 2748 5112 magnitudinis
2789 5056 2900 5097 suae
2949 5039 3114 5097 etiam
3153 5041 3361 5098 invitos
3402 5042 3518 5115 (66)

1928 5145 2043 5186 non
2094 5128 2163 5184 ad
2214 5144 2399 5200 pacem
2447 5143 2660 5202 cogere,
2709 5128 2803 5187 sed
2851 5129 2919 5188 ad
2967 5128 3384 5204 subjectionem.
3415 5131 3522 5188 Sed

1929 5216 2247 5289 hujusmodi
2305 5234 2412 5291 pax
2462 5215 2658 5276 mundi
2701 5226 2804 5289 est,
2864 5235 2979 5276 non
3021 5219 3142 5291 Dei,
3193 5219 3351 5294 cujus
3403 5218 3523 5293 ipsa

1929 5316 2125 5366 natura
2150 5324 2259 5382 pax
2287 5315 2387 5366 est.

302 5427 666 5510 (ﬁO)_Eadem
708 5429 868 5488 Rom.
925 5428 1086 5500 edit.,
1115 5428 1204 5488 Ad
1241 5431 1412 5488 locum
1462 5438 1637 5490 autem
1687 5433 1824 5491 hunc
2278 5443 2418 5510 pota
2444 5436 2598 5509 ﬁant,
2633 5441 2740 5494 etc.

219 5499 470 5576 partim:

327 5571 419 5655 61)
449 5571 579 5655 _h_iss.
607 5573 886 5655 nonnulli,
918 5573 1147 5655 αἰτίαοά
1176 5591 1241 5655 θέε
1273 5580 1506 5655 augeat.

301 5578 419 5716 E61)
453 5578 579 5628 Mss.
607 5578 886 5644 nonnulli,
918 5578 1147 5655 πίθηαι
1176 5591 1241 5630 ea:
1273 5590 1376 5630 uno
1414 5580 1510 5657 est.

227 5642 603 5772 “giras.
659 5651 715 5700 et
763 5661 874 5720 seq.
933 5643 1092 5716 edit.,
1145 5645 1218 5702 ad
1254 5646 1601 5719 prudenttam
1627 5649 1823 5721 ample-

301 5785 419 5860 (63)
463 5786 622 5846 Rom.
674 5785 837 5858 edit.,
893 5787 982 5845 sed
1021 5805 1122 5862 per
1176 5805 1378 5850 omnem
1427 5789 1722 5854 orationem
1777 5798 1826 5852 et

2028 5507 2120 5581 64)
2151 5506 2406 5581 Quidam.
2441 5506 2596 5581 mss.,
2625 5525 2744 5580 qua
2759 5514 3044 5581 exsuperat
3060 5523 3263 5581 omnem
3291 5524 3517 5568 mum.

2030 5579 2122 5650 65)
2142 5579 2329 5638 Codex
2349 5580 2545 5650 Laud.,
2575 5579 2664 5636 sed
2687 5586 2736 5635 et
2760 5579 2994 5638 aliorum
3019 5579 3286 5637 meritum.

2029 5651 2121 5724 66)
2151 5652 2278 5709 Mss.
2320 5653 2484 5726 _Vall.
2520 5695 2564 5726 ,Α
2599 5659 2852 5708 terrorem
2894 5651 3237 5726 manifestare
3277 5652 3523 5726 potentia:

1930 5723 2152 5781 δίωκέ..
2192 5731 2241 5782 et
2261 5723 2418 5780 etiam
2452 5723 2666 5794 invitos,
2699 5731 2809 5781 etc.
