3970 6356
489 415 592 475 443

1501 412 1596 469 ΑΒ
1635 409 1872 470 OPERA
1909 410 1965 468 S.
2007 409 2341 469 AMBROSII
2377 410 2757 468 APPENDIX.

3676 405 3786 464 444

495 507 498 510 ⁸
556 541 741 613 (Vers.
790 537 906 610 10.)
974 560 993 586 ε
1051 537 1287 595 Gavisus
1345 553 1466 595 sum
1516 548 1698 596 autem
1751 539 1809 595 in
1843 538 2084 597 Domino
2111 542 2162 601 Α
2197 537 2344 595 enim
2375 556 2486 596 non
2514 539 2787 614 improbet
2810 540 3037 607 factum,
3060 537 3154 594 sed
3179 535 3448 610 signiﬁcet
3475 534 3796 592 devotiores

484 629 774 704 magniﬁce
807 673 822 698 ,
887 627 1036 703 quod
1089 629 1311 685 tandem
1379 633 1524 692 262
1578 630 1875 704 aliquando
1929 630 2084 687 reﬂo-

482 727 674 785 ruistis
725 726 792 783 ad
856 725 981 794 hoc,
1037 734 1098 781 ut
1148 742 1247 799 pro
1297 743 1384 781 me
1433 727 1703 796 sentiatis,
1761 727 1819 782 in
1876 743 1985 800 quo
2034 735 2087 783 et

481 816 839 882 sentiebatis;
904 817 1020 887 (67)
1080 816 1333 888 occupati
1408 816 1557 872 enim
1609 816 1791 872 eratis.
1848 841 1866 864 ›
1928 817 2086 874 Nunc

478 906 818 982 alacritatem
865 921 1018 959 suam
1075 905 1485 976 propensiorem
1548 905 1753 962 factum
1806 905 2080 973 ostendit;

478 995 608 1070 quia
644 995 701 1051 in
755 1010 865 1068 quo
905 993 1333 1067 negligentiores
1376 994 1507 1051 facti
1553 995 1791 1063 fuerant,
1835 995 2086 1051 adhibita

478 1084 720 1153 solertia,
771 1099 910 1155 opus
965 1083 1260 1156 pristinum
1314 1084 1606 1153 iterarunt,
1639 1101 1908 1142 memores
1952 1085 2083 1142 facti

477 1172 729 1248 Apostoli
778 1171 901 1240 sui;
949 1179 1012 1227 ut
1056 1172 1268 1229 fructus
1323 1191 1450 1229 suos
1499 1174 1566 1231 ad
1625 1191 1750 1230 eum
1802 1174 2083 1231 mitterent

475 1261 795 1320 condendos
821 1260 880 1317 in
911 1261 1110 1318 horreo
1139 1263 1370 1339 cmlesti,
1405 1262 1499 1318 ubi
1551 1279 1728 1336 neque
1768 1263 1937 1332 tinea,
1992 1281 2080 1320 ne-

476 1367 582 1426 que
613 1349 809 1422 rubigo
843 1351 1217 1406 exterminant
1248 1353 1460 1422 (Matth.
1494 1369 1572 1420 v1,
1606 1352 1721 1423 20).

550 1440 734 1511 (Vers.
769 1439 856 1507 11,
887 1439 970 1506 12,
1009 1440 1120 1512 13.)
1167 1464 1183 1486 ι
1214 1440 1334 1496 Non
1365 1441 1520 1513 quasi
1552 1451 1775 1515 pr0pter
1794 1441 2079 1514 penuriam

475 1529 620 1596 dico;
645 1544 743 1601 ego
763 1527 910 1584 enim
930 1529 1163 1602 cognovi
1195 1529 1252 1585 in
1273 1529 1473 1602 quibus
1492 1548 1613 1587 sum
1640 1533 1921 1589 suiIiciens
1942 1549 2076 1589 esse.

475 1618 602 1676 Scio
623 1625 678 1674 et
694 1617 991 1686 abundare,
1018 1617 1132 1676 scio
1153 1627 1208 1676 et
1234 1618 1522 1676 humiliari
1543 1619 1776 1694 (ubique
1814 1629 1866 1678 et
1887 1622 1944 1677 in
1966 1639 2079 1677 om-

474 1709 641 1766 nibus
679 1708 926 1766 imbutus
962 1711 1107 1782 sum)
1141 1717 1194 1766 et
1215 1711 1470 1780 saturari,
1505 1720 1557 1768 et
1579 1712 1808 1781 esurire,
1836 1722 1887 1769 et
1908 1712 2077 1769 abun-

471 1795 620 1865 dare,
643 1803 698 1852 et
725 1796 1009 1869 penuriam
1036 1797 1149 1870 pati
1177 1816 1188 1854 :
1225 1799 1412 1854 omnia
1443 1815 1662 1871 possum
1695 1799 1750 1854 in
1775 1817 1837 1855 eo
1868 1799 1962 1874 qui
1993 1815 2078 1856 me

2197 629 2322 685 illos
2347 638 2472 687 ante
2502 631 2558 686 in
2590 647 2752 703 opere
2794 631 2900 687 hoc
2933 630 3100 686 fuisse
3126 647 3138 696 ;
3173 637 3355 685 tamen
3400 635 3613 700 gratum
3645 643 3790 694 esse,

2195 725 2249 773 et
2278 729 2502 791 accepto
2545 721 2685 775 ferre
2714 723 2886 776 Deum
2923 720 3060 791 (68),
3091 719 3245 792 quasi
3298 717 3628 774 sacriﬁcium
3658 716 3793 789 pla-

2195 807 2386 864 citum.
2419 809 2666 881 Denique
2693 809 2962 865 Dominus
2990 809 3094 863 ait:
3125 807 3328 864 «Facite
3354 807 3790 880 eleemosynam,

2195 905 2248 952 et
2290 913 2413 953 ecce
2444 897 2630 952 omnia
2675 898 2881 954 munda
2928 897 3084 953 vobis
3125 904 3252 952 sunt
3279 896 3438 967 (Luc.
3483 913 3564 963 xx,
3603 895 3722 966 41).
3758 919 3779 941 ι

2194 986 2368 1053 Quam
2402 993 2612 1058 gratum
2656 1003 2784 1059 ergo
2835 1003 2972 1059 opus
3015 995 3116 1056 est,
3147 994 3208 1042 ut
3245 1001 3464 1043 omnem
3509 984 3788 1042 maculam

2193 1075 2437 1132 hominis
2468 1084 2520 1131 et
2550 1077 2738 1132 sordes
2763 1078 3058 1134 emundetl

2267 1167 2448 1236 (Vers.
2511 1168 2622 1240 19.)
2690 1193 2707 1215 ι
2760 1170 2903 1224 Deus
2950 1184 3079 1223 vero
3137 1183 3290 1224 meus
3346 1165 3572 1239 impleat
3621 1181 3794 1222 omne

2192 1255 2527 1313 desiderium
2585 1267 2827 1314 vestrum
2901 1257 3200 1313 secundum
3241 1256 3468 1313 divitias
3533 1271 3660 1310 suas
3728 1253 3791 1310 in

2191 1345 2363 1416 gloria
2409 1347 2466 1401 in
2513 1346 2733 1403 Christo
2780 1347 2926 1402 Jesu.
2961 1370 2978 1394 ι
3031 1345 3159 1401 Ideo
3205 1344 3490 1411 discrevit,
3539 1343 3737 1400 dicens
3774 1361 3787 1398 :

2204 1459 2223 1482 ι
2251 1436 2398 1490 Deus
2425 1451 2604 1502 meus;
2639 1461 2658 1483 ι
2697 1443 2758 1490 ut
2786 1434 3086 1491 secundum
3117 1451 3179 1491 ea
3205 1451 3325 1507 quae
3355 1433 3647 1506 praestabat
3675 1447 3794 1487 me-

2190 1525 2312 1582 ritis
2357 1525 2495 1598 ejus,
2553 1527 2764 1583 auxilia
2820 1528 3090 1596 adessent,
3141 1535 3195 1582 et
3233 1525 3524 1582 desideriis
3567 1541 3790 1592 eorum,

2191 1615 2247 1670 in
2303 1615 2460 1688 copia
2522 1616 2918 1689 magnitudinis
2971 1615 3237 1672 bonitatis
3301 1631 3413 1672 suae
3479 1615 3539 1670 in
3603 1615 3789 1688 gloria

2191 1703 2397 1761 Christi
2439 1705 2586 1762 Jesu.
2646 1705 2834 1764 Gloria
2883 1713 2965 1762 est
3019 1704 3223 1764 Christi
3280 1705 3426 1772 Jesu,
3491 1720 3619 1760 cum
3680 1703 3792 1762 Dei

2188 1803 2328 1850 nutu
2355 1794 2792 1852 Christianorum
2834 1795 3134 1867 implentur
3171 1793 3440 1851 desideria
3469 1793 3791 1852 secundum

473 1887 796 1945 confortat.»
825 1888 943 1944 Non
967 1905 1022 1944 se
1043 1889 1129 1944 sui
1152 1905 1315 1947 causa
1331 1889 1390 1945 in
1410 1890 1516 1947 hoc
1539 1906 1729 1946 eorum
1757 1908 1919 1964 Opere
1935 1907 2078 1963 gau-
2105 1905 2151 1966 Β
2187 1886 2560 1956 evangelicam
2591 1885 2964 1958 disciplinam.

470 1979 620 2047 dere,
643 1977 737 2034 sed
767 1976 825 2034 in
855 1977 1103 2050 profectu
1133 1995 1322 2035 eorum
1357 1980 1600 2052 ipsorum
1639 1997 1694 2036 se
1732 1988 1859 2036 ante
1888 1980 2075 2036 omnia

472 2076 814 2137 contentum,
855 2069 968 2125 Deo
1013 2069 1333 2142 adjuvante,
1374 2077 1642 2139 testatur;
1680 2079 1744 2128 ut
1786 2088 1962 2144 neque
2005 2070 2072 2128 de

472 2159 702 2234 penuria
749 2158 1191 2228 contristaretur,
1255 2175 1431 2234 neque
1479 2160 1546 2216 de
1594 2161 1934 2218 abundantia
1980 2176 2072 2216 ex-

469 2253 719 2319 sultaret,
753 2249 930 2308 sciens
981 2251 1112 2325 quia
1161 2258 1215 2307 et
1258 2251 1598 2308 abundantia
1626 2253 1942 2326 frequenter
1978 2267 2070 2306 ex-

471 2340 640 2409 tollit,
662 2347 718 2396 et
751 2341 983 2397 tolerata
1013 2340 1243 2414 penuria
1271 2341 1502 2398 divitias
1539 2343 1783 2398 caelestes
1811 2340 2066 2413 acquirit.

470 2431 678 2488 Horum
705 2437 887 2486 tamen
933 2446 1097 2504 opera
1126 2431 1184 2487 in
1222 2447 1278 2487 se
1326 2430 1565 2503 benigna
1606 2429 1880 2495 declarat;
1927 2430 2068 2482 mul-

471 2529 655 2578 torum
685 2520 833 2576 enim
863 2520 1278 2578 necessitatibus
1307 2510 1534 2594 profuit.

543 2611 725 2683 (Vers.
772 2611 857 2678 15,
903 2610 987 2677 16,
1032 2611 1145 2682 17.)
1186 2633 1206 2657 ‹
1247 2609 1412 2665 Scitis
1458 2615 1639 2663 autem
1675 2615 1729 2662 et
1776 2622 1894 2673 vos,
1941 2604 2068 2661 Phi-

472 2700 770 2773 lippenses,
822 2698 952 2773 quia
1007 2698 1066 2755 in
1107 2697 1382 2772 principio
1439 2695 1748 2768 Evangelii,
1781 2711 1906 2751 cum
1949 2711 2066 2767 pro-

468 2790 645 2846 fectus
673 2807 795 2847 sum
845 2807 877 2846 a
901 2791 1238 2858 Macedonia,
1282 2789 1435 2844 nulla
1473 2787 1611 2843 mihi
1638 2785 1886 2842 Ecclesia
1910 2803 2064 2843 com-

469 2880 834 2938 municaverit
881 2879 939 2935 in
999 2880 1211 2935 ratione
1265 2878 1435 2934 dandi
1490 2884 1542 2932 et
1589 2876 1913 2948 accipiendi,
1957 2877 2066 2933 nisi

468 2989 566 3027 vos
590 2972 727 3034 soli;
759 2971 888 3045 quia
939 2969 997 3024 in
1045 2969 1430 3026 Thessalonica
1487 2985 1611 3026 cum
1649 2984 1841 3036 essem,
1897 2971 2064 3025 semel

465 3068 520 3117 et
574 3061 771 3118 iterum
817 3058 1012 3114 usibus
1045 3059 1182 3114 meis
1223 3058 1633 3114 misistis:non
1687 3057 1814 3130 quia
1865 3075 2065 3114 munus

467 3165 727 3222 quaeram,
779 3146 873 3203 sed
922 3145 1142 3218 requiro
1200 3145 1443 3201 fructum
1491 3153 1825 3202 crescentem
1875 3147 1933 3203 in
1982 3165 2062 3203 ra-

465 3237 674 3293 tionem
713 3243 971 3292 vestram.
1018 3258 1036 3281 ι

465 3325 752 3382 audientes
805 3323 865 3379 in
919 3322 1188 3379 memoria
1247 3331 1301 3379 et
1358 3324 1518 3381 laude
1565 3341 1682 3381 esse
1728 3342 1893 3398 opera
1941 3343 2057 3396 sua,

465 3431 577 3471 non
622 3413 878 3470 dubitent
921 3412 1018 3468 illa
1056 3422 1278 3486 accepto
1324 3413 1456 3470 ferri
1513 3415 1659 3487 apud
1712 3417 1908 3484 Deum,
1966 3415 2061 3472 sed

464 3503 638 3578 magis
664 3501 910 3558 studium
940 3502 1069 3559 ﬁdei
1098 3504 1417 3560 adhibeant.

535 3593 717 3664 (Vers.
771 3591 883 3663 18.)
939 3617 957 3640 ε
985 3593 1205 3666 Percepi
1236 3602 1419 3650 tamen
1468 3594 1674 3664 omnia,
1721 3602 1775 3651 et
1804 3595 2057 3664 abundo;

462 3681 703 3752 repletus
727 3697 848 3738 sum
875 3683 1112 3753 acceptis
1137 3683 1204 3738 ab
1233 3682 1631 3755 Epaphrodito,
1677 3700 1798 3756 quae
1835 3701 1866 3740 a
1905 3685 2064 3742 vobis

462 3767 630 3826 missa
677 3777 807 3826 sunt
857 3771 915 3827 in
973 3772 1196 3828 odorem
1247 3771 1406 3827 bona:
1470 3771 1778 3841 suavitatis,
1825 3773 2060 3830 hostiam

461 3858 870 3930 acceptabilem,
904 3861 1210 3934 placentem
1242 3862 1374 3918 Deo.
1417 3885 1434 3908 ι
1499 3863 1622 3919 Non
1681 3862 1855 3918 otiose
1901 3880 2063 3919 com-

461 3954 648 4003 monet
692 3947 887 4007 debere
943 3949 1086 4020 ﬁeri,
1135 3967 1237 4007 nec
1293 3950 1518 4007 aliunde
1583 3950 1854 4021 hortatur,
1911 3953 2058 4026 quod

459 4040 666 4098 factum
723 4043 1046 4115 profitetur;
1081 4042 1192 4098 nisi
1228 4041 1358 4116 quia
1411 4051 1505 4098 aut
1545 4044 1930 4116 negligentins,
1965 4053 2060 4101 aut

460 4131 646 4187 minus
694 4132 950 4204 copiose,
1009 4131 1151 4188 sicut
1212 4131 1439 4187 solitum
1487 4140 1602 4187 erat
1659 4133 1727 4188 ab
1783 4133 1862 4189 eis
1914 4133 2057 4204 ﬁeri,

458 4220 664 4279 factum
686 4222 995 4290 videbatur;
1011 4229 1075 4278 ut
1095 4221 1508 4277 reminiscentes
1537 4223 1781 4294 priorum
1804 4241 2054 4296 operum,

458 4311 662 4370 scirent
714 4329 771 4370 se
825 4313 1010 4370 minus
1063 4314 1255 4370 fecisse
1318 4330 1480 4386 quam
1544 4323 1838 4388 coeperant.
1903 4317 2058 4374 Licet

532 4420 650 4493 (67)
681 4422 837 4479 Rom.
875 4422 1389 4498 edit.,qmagnopere,
1423 4424 1675 4498 quod..."
1713 4424 2052 4498 reﬂoruistis,

456 4498 517 4549 ut
533 4510 639 4566 pro
662 4511 741 4549 me
768 4495 1010 4550 sentiatis
1036 4495 1112 4563 id,
1147 4495 1286 4566 quod
1314 4495 1628 4554 sentiebatis.

1098 3234 1224 3288 Haec
1278 3226 1484 3290 idcirco
1533 3246 1943 3305 commemorat,
2003 3245 2063 3293 ut
2095 3267 2136 3327 Ο

2259 1976 2440 2047 (Vers.
2466 1976 2580 2048 20.)
2627 2001 2644 2022 ι
2674 1977 2786 2032 Deo
2832 1983 3014 2032 autem
3067 1981 3121 2030 et
3177 1972 3323 2030 Patri
3377 1980 3564 2029 nostro
3609 1971 3792 2044 gloria

2183 2063 2241 2120 in
2297 2065 2494 2122 saecula
2548 2067 2898 2132 saeculorum,
2922 2080 3101 2121 amen.
3133 2089 3150 2111 ι
3196 2064 3297 2121 Hic
3340 2079 3450 2118 non
3489 2062 3784 2132 discrevit,

2183 2153 2276 2210 sed
2303 2153 2629 2226 generaliter
2656 2156 2735 2208 ait
2765 2171 2777 2208 :
2825 2177 2842 2200 ι
2872 2155 2984 2208 Deo
3023 2160 3076 2208 et
3120 2152 3267 2208 Patri
3297 2160 3488 2208 nostro
3519 2151 3715 2225 gloria.
3751 2176 3773 2200 ι

2179 2243 2326 2319 Deus
2376 2250 2456 2298 est
2504 2251 2724 2314 propter
2771 2242 3048 2310 timorem,
3100 2241 3258 2296 Pater
3311 2249 3494 2296 autem
3552 2240 3792 2297 honoris

2180 2347 2361 2398 causa,
2430 2340 2483 2387 et
2539 2331 2669 2403 quia
2725 2331 2792 2386 ab
2849 2331 2968 2402 ipso
3033 2339 3114 2387 est
3171 2330 3356 2386 omnis
3410 2329 3600 2403 origo;
3665 2330 3789 2402 ipse

2179 2421 2326 2478 enim
2356 2418 2502 2475 dixit
2539 2419 2597 2474 in
2643 2418 2913 2476 Malachia
2943 2418 3210 2490 propheta
3254 2436 3264 2474 :
3323 2442 3340 2464 ‹
3385 2419 3444 2474 Si
3489 2420 3633 2474 Deus
3679 2434 3788 2492 ego

2178 2527 2320 2578 sum,
2367 2510 2462 2566 ubi
2509 2519 2590 2566 est
2635 2509 2804 2566 timor
2849 2509 3048 2565 meus?
3090 2517 3144 2563 et
3181 2511 3226 2564 si
3283 2509 3444 2565 Pater
3480 2523 3578 2582 ego
3629 2525 3782 2576 sum,

2178 2599 2274 2656 ubi
2303 2607 2384 2655 est
2413 2597 2590 2654 honor
2619 2614 2773 2653 meus
2805 2598 3060 2670 (Malach.
3095 2614 3135 2666 ι,
3167 2596 3222 2670 6)
3249 2598 3276 2653 ?
3306 2621 3324 2645 ι

2251 2688 2432 2759 (Vers.
2466 2688 2580 2759 21.)
2623 2713 2640 2735 ι
2669 2687 2910 2744 Salutate
2940 2703 3160 2742 omnem
3193 2693 3446 2742 sanctum
3469 2686 3526 2742 in
3556 2685 3785 2744 Christo

2175 2779 2301 2834 Jesu
2350 2778 2489 2849 (69).
2529 2803 2547 2826 ι
2592 2779 2752 2834 llunc
2797 2779 3029 2834 salutate
3080 2778 3138 2832 in
3197 2776 3416 2834 Christo
3469 2776 3616 2844 Jesu,
3680 2779 3784 2849 qui

2175 2883 2232 2923 se
2277 2866 2627 2934 sanctiﬁcat;
2687 2874 2748 2922 ut
2803 2865 3024 2924 Christo
3077 2866 3276 2938 dignus
3332 2865 3620 2932 habeatur,
3679 2867 3782 2938 qui

2175 2956 2354 3013 dixit:
2405 2982 2422 3004 ι
2451 2955 2636 3013 Sancti
2680 2964 2853 3012 estote
2881 2975 2893 3024 ;
2927 2957 3189 3029 quoniam
3247 2972 3347 3028 ego
3377 2963 3598 3013 sanctus
3629 2972 3778 3025 sum,

2174 3047 2442 3102 Dominus
2465 3049 2608 3102 Deus
2637 3056 2816 3102 vester
2851 3046 3040 3118 (Leuit.
3075 3063 3198 3115 xxx,
3226 3046 3308 3117 2.)
3340 3069 3358 3092 ι

2248 3145 2428 3216 (Vers.
2478 3145 2593 3215 22.)
2665 3167 2683 3190 ι
2740 3144 2990 3200 Salutant
3048 3160 3146 3200 vos
3211 3144 3306 3218 qui
3361 3159 3576 3200 mecum
3641 3150 3776 3199 sunt

2174 3233 2390 3290 fratres.
2449 3257 2467 3282 ι
2547 3234 2814 3290 Salutatio
2883 3235 3116 3290 fratrum
3191 3233 3450 3290 solatium
3526 3231 3766 3289 invicem

2171 3331 2411 3397 praestat,
2452 3324 2606 3396 quasi
2637 3323 2902 3396 imagines
2947 3323 3094 3379 enim
3126 3323 3351 3379 exhibet
3394 3322 3767 3379 divulsornm.

2184 3437 2202 3460 ι
2251 3413 2503 3469 Salutant
2557 3431 2654 3470 vos
2713 3431 2904 3470 omnes
2961 3414 3176 3479 sancti,
3231 3411 3473 3468 maxime
3544 3410 3640 3484 qui
3698 3411 3769 3466 de

2171 3502 2398 3559 Caesaris
2441 3502 2605 3558 domo
2644 3511 2792 3559 sunt.
2820 3527 2838 3550 ι
2884 3503 2994 3559 Hos
3035 3501 3310 3574 signiﬁcat
3353 3499 3767 3573 propensiorem

2171 3591 2426 3648 allectum
2477 3591 2677 3648 habere
2705 3592 2849 3648 circa
2899 3609 3010 3660 eos,
3063 3593 3157 3664 qui
3209 3591 3276 3647 de
3318 3589 3483 3646 domo
3535 3587 3769 3647 Caesaris

2170 3691 2318 3751 sunt,
2349 3683 2483 3738 istos
2537 3693 2590 3739 et
2639 3683 2880 3755 potiores
2935 3699 3100 3755 supra
3152 3679 3467 3737 memoratis
3517 3678 3768 3736 ostendit

2172 3773 2434 3828 fratribus
2457 3790 2470 3840 ;
2504 3773 2630 3844 quia
2660 3772 2759 3828 hos
2787 3779 2840 3827 et
2868 3778 3084 3827 sanctos
3122 3771 3380 3842 appellat.

2243 3863 2424 3934 (Vers.
2455 3861 2570 3932 23.)
2617 3886 2635 3908 ι
2665 3861 2850 3917 Gratia
2896 3858 3118 3915 Domini
3173 3857 3346 3913 nostri
3387 3857 3515 3914 Jesu
3555 3855 3766 3915 Christi

2168 3967 2296 4008 cum
2317 3951 2516 4024 spiritu
2545 3959 2748 4017 vestro,
2780 3963 2958 4005 amen.
2992 3972 3010 3996 ι
3053 3947 3323 4014 Quoniam
3358 3946 3425 4002 de
3458 3946 3768 4003 Salvatoris

2167 4059 2398 4114 persona
2448 4041 2774 4114 quaestiones
2827 4038 3104 4104 oriuntur,
3161 4035 3252 4092 hic
3309 4042 3372 4090 ut
3420 4036 3766 4093 soliditatem

2167 4131 2226 4186 in
2278 4147 2342 4186 eo
2394 4130 2704 4186 divinitatis
2749 4127 3033 4199 approbet,
3084 4124 3378 4182 tuitionem
3421 4123 3612 4196 gratiae
3645 4125 3768 4199 ejus

2165 4220 2386 4293 spiritui
2415 4226 2602 4274 nostro
2629 4226 2870 4289 exoptat.

2261 4423 2352 4494 68)
2386 4423 2544 4479 Rom.
2576 4422 2734 4491 edit.,
2767 4427 2814 4478 et
2841 4428 3103 4494 acceptum
3135 4421 3253 4494 ﬁeri
3281 4420 3428 4494 apud
3459 4421 3647 4494 Deam.

2261 4423 2352 4494 68)
2386 4423 2544 4479 Rom.
2576 4423 2734 4491 edit.,
2767 4427 2814 4478 et
2841 4428 3103 4494 acceptum
3135 4423 3253 4494 ﬁeri
3281 4423 3428 4492 apud
3459 4423 3647 4477 Deum.

2235 4423 2350 4568 £69)
2382 4496 2538 4552 Rom.
2573 4495 2733 4564 edit.,
2763 4497 2863 4552 Ille
2891 4498 3159 4551 salutatur
3187 4494 3245 4549 in
3276 4493 3486 4550 Christo
3516 4492 3661 4548 Iesu.

609 4802 740 4889 IN
809 4801 1588 4892 EPISTOLAM
1659 4803 1775 4893 B.
1852 4802 2249 4890 PAULI
2315 4803 2477 4888 AD
2553 4803 3569 4894 COLOSSENSES.

969 5053 1114 5112 263
1156 5051 1539 5109 PROLOGUS.

521 5145 869 5205 Colossenses
915 5147 1358 5221 pseudoapostoli
1410 5159 1652 5208 evertere
1705 5148 2045 5218 nitebantur,

451 5243 514 5292 ut
558 5243 683 5310 post
712 5235 1157 5308 praedicationem
1189 5239 1457 5312 Epaphras
1485 5241 1601 5297 sive
1625 5240 1891 5313 Archippi
1926 5239 2046 5312 phiv

450 5326 749 5401 losophicis
803 5327 1269 5400 disputationibus
1319 5331 1598 5387 irretirent
1635 5331 2044 5403 simplicitatem

450 5419 652 5474 mentis
705 5435 896 5475 eorum
931 5435 943 5474 :
987 5435 1054 5474 ne
1106 5429 1430 5492 spernerent
1467 5421 1706 5477 rationes
1734 5423 2046 5478 elemento-

451 5522 595 5574 rum,
627 5507 828 5579 quibus
859 5508 1015 5582 quasi
1047 5509 1382 5581 gubernatur
1398 5509 1512 5564 vita
1541 5509 1800 5566 humana.
1834 5511 2045 5568 Idcirco

449 5593 554 5651 hos
575 5596 872 5667 Apostolus
891 5598 1148 5655 hortatur
1165 5616 1261 5672 per
1287 5598 1597 5671 epistolam,
1619 5607 1673 5655 et
1694 5599 1952 5657 admonet
1975 5617 2043 5656 ne

447 5686 613 5744 alicui
641 5695 836 5760 praeter
865 5689 1146 5747 Christum
1176 5691 1420 5766 aliquam
1442 5706 1556 5747 esse
1590 5707 1739 5764 spem
1762 5699 2041 5766 putarent,

448 5784 495 5833 et
533 5775 939 5850 deciperentur.

2081 5056 2131 5116 D

2673 5053 2900 5111 CAPUT
2939 5053 3230 5111 PRIMUM.

2233 5147 2412 5221 (Vers.
2448 5149 2499 5219 1,
2530 5151 2583 5219 2,
2615 5150 2694 5224 3.)
2737 5151 2956 5208 cPaulus
2977 5153 3257 5224 apostolus
3279 5151 3484 5210 Christi
3507 5152 3633 5210 Jesu
3657 5170 3753 5225 per

2158 5240 2499 5296 voluntatem
2529 5242 2648 5310 Dei,
2682 5249 2733 5298 et
2777 5243 3098 5299 Timotheus
3136 5243 3324 5310 frater,
3359 5243 3445 5298 his
3487 5241 3581 5316 qui
3621 5253 3754 5300 sunt

2157 5331 2394 5391 Colossis
2447 5334 2649 5390 sanctis
2707 5341 2761 5389 et
2816 5332 3070 5389 ﬁdelibus
3118 5333 3382 5390 fratribus
3429 5332 3486 5388 in
3529 5332 3753 5391 Christo

2154 5422 2300 5478 Jesn.
2333 5423 2523 5492 Gratia
2583 5422 2740 5477 vobis
2794 5430 2848 5477 et
2897 5438 3003 5494 pax
3041 5438 3072 5476 a
3101 5423 3213 5478 Deo
3241 5423 3400 5478 Patre
3450 5413 3665 5491 nostro,
3697 5433 3753 5481 et

2154 5512 2391 5568 Domino
2419 5513 2546 5567 Jesu
2589 5512 2825 5568 Christo.
2860 5536 2878 5560 ι
2921 5511 3096 5582 Caput
3125 5511 3372 5584 epistolae
3401 5512 3565 5568 solito
3598 5529 3754 5570 more

2153 5601 2344 5658 scribit
2365 5600 2432 5657 ad
2462 5617 2572 5669 eos,
2597 5601 2653 5655 in
2683 5616 2790 5672 quo
2819 5610 2872 5656 et
2895 5600 3098 5657 sanctis
3125 5610 3177 5656 et
3197 5601 3455 5658 ﬁdelibus
3485 5603 3753 5661 fratribus

2153 5691 2363 5746 litteras
2412 5707 2468 5745 se
2523 5687 2776 5744 ordinare
2833 5689 3201 5763 prosequitur,
3253 5690 3454 5764 quibus
3522 5699 3754 5764 exoptat

2150 5780 2250 5838 Dei
2279 5779 2509 5853 gratiam
2537 5793 2758 5836 manere
2786 5794 2881 5852 per
2909 5779 3212 5839 Christum.
