3970 6352
234 439 342 499 445

1283 436 1643 496 COMMENT.
1685 437 1758 495 IN
1794 437 2011 496 EPIST.
2054 439 2150 494 AD
2190 437 2472 496 COLOSS.

3420 439 3524 498 MO

309 565 494 637 (Vera.
527 565 581 634 4,
610 566 664 635 5,
697 566 779 638 6.)
815 588 834 614 ε
861 563 1076 622 Gratias
1103 562 1317 636 agimus
1335 565 1448 620 Deo
1475 572 1529 620 et
1551 564 1696 621 Patri
1721 567 1826 623 Do-
1861 568 1914 628 Α
1943 563 2072 622 tatis
2103 563 2202 622 Dei
2232 563 2288 620 in
2317 538 2616 638 patientia;
2647 572 2710 622 ut
2739 566 2900 636 longa
2928 566 3334 638 exspectatione
3363 569 3524 625 susti-

231 653 373 711 mini
402 656 578 713 nostri
604 657 730 714 Jesu
751 655 982 722 Christi,
1015 669 1230 726 semper
1258 670 1357 726 pro
1388 653 1549 711 vobis
1582 663 1820 725 orantes,

230 744 427 802 audita
473 746 580 803 ﬁde
626 753 808 802 vestra
852 745 912 801 in
959 743 1178 802 Christo
1227 743 1374 812 Jesu,
1423 753 1478 800 et
1528 744 1826 802 dilectione

227 850 394 908 quam
431 834 645 892 habetis
688 834 749 891 in
792 849 983 892 omnes
1031 840 1248 890 sanctos
1275 842 1497 906 propter
1523 850 1674 906 spem
1707 852 1826 908 quae

225 925 472 998 reposita
515 933 599 982 est
641 924 798 981 vobis
842 924 901 980 in
933 923 1106 992 ctelis,
1140 939 1304 996 quam
1335 933 1460 980 ante
1489 924 1720 982 audistis
1766 925 1825 981 in

227 1014 399 1072 verbo
418 1015 667 1072 veritatis
691 1013 978 1088 Evangelii
999 1013 1146 1087 quod
1171 1015 1423 1086 pervenit
1443 1014 1510 1071 ad
1541 1031 1659 1083 vos,
1681 1014 1827 1072 sicut

223 1110 282 1160 et
343 1104 404 1159 in
475 1104 797 1160 universum
848 1104 1140 1160 mundum.
1194 1129 1212 1152 ι
1265 1104 1538 1172 Quoniam
1594 1104 1824 1177 dignum

224 1191 423 1249 habuit
470 1195 618 1250 Deus
657 1192 881 1249 credere
925 1193 1048 1250 istis
1082 1193 1285 1250 Filium
1322 1209 1506 1262 suum,
1537 1194 1736 1266 gratias
1774 1194 1824 1250 ei

224 1282 394 1339 refert
435 1282 494 1338 in
541 1281 886 1340 orationibus
913 1283 1050 1340 suis.
1081 1283 1291 1340 Deinde
1323 1291 1544 1355 propter
1576 1283 1826 1340 charita-

224 1378 336 1428 tem
379 1387 543 1445 quam
594 1372 871 1429 habebant
906 1372 965 1427 in
1007 1381 1247 1441 sanctos,
1296 1372 1393 1429 ﬁdi
1437 1372 1567 1446 quia
1594 1389 1693 1445 pro
1724 1373 1827 1430 hac

226 1476 350 1533 spes
393 1460 556 1517 ﬁrma
609 1461 725 1533 (70)
757 1469 839 1518 est
883 1461 1028 1534 apud
1072 1463 1271 1530 Deum,
1302 1477 1410 1534 qua
1437 1469 1825 1518 remuneratu—

224 1567 322 1606 rus
368 1550 614 1608 creditur
673 1550 958 1608 credentes
1002 1558 1058 1608 et
1110 1550 1400 1624 diligentes
1448 1567 1506 1608 se
1559 1551 1823 1620 invicem,

223 1647 448 1696 auctore
495 1638 737 1708 Christo,
779 1639 938 1711 cujus
976 1655 1177 1696 nomen
1227 1641 1480 1712 pervenit
1524 1639 1594 1697 ad
1635 1655 1826 1698 omnes

223 1735 432 1800 gentes,
462 1736 525 1784 ut
550 1728 994 1801 multiplicantur
1023 1729 1082 1785 in
1108 1729 1216 1786 ﬁde
1242 1730 1379 1802 ejus.

300 1827 483 1896 (Vers.
534 1827 588 1894 7,
634 1827 717 1898 8.)
779 1848 798 1873 ε
851 1827 923 1883 Et
971 1835 1054 1884 est
1099 1827 1438 1885 fructiﬁcans
1466 1835 1520 1885 et
1554 1843 1824 1896 crescens,

1934 662 2060 711 neat
2104 653 2409 711 humanum
2457 670 2645 726 genus,
2685 654 2832 728 quod
2872 653 3229 710 irreverentia
3273 673 3371 712 sua
3411 674 3523 715 non

1933 747 2112 802 solum
2139 745 2372 818 negligit
2393 744 2725 812 Creatorem,
2750 761 2942 802 verum
2972 745 3317 818 persequitur
3340 763 3523 804 aman-

1933 843 2014 893 tes
2061 851 2185 892 eum
2237 853 2250 892 :
2301 843 2364 891 ut
2411 844 2466 891 et
2508 835 2616 908 ipsi
2672 835 2928 892 similiter
2981 835 3250 907 patientes
3295 837 3425 905 sint,
3465 844 3526 893 ut

1933 931 2257 997 supporteut
2310 923 2508 996 probra
2565 932 2618 980 et
2674 924 2964 981 maledicta
3011 928 3156 987 264
3193 923 3523 994 inﬁdelium,

1935 1022 2022 1078 vel
2071 1021 2118 1078 si
2159 1021 2315 1078 illata
2342 1021 2510 1077 fuerit
2540 1036 2810 1094 pressura,
2846 1029 3226 1094 exspectantes
3249 1021 3524 1096 judicium

1934 1111 2054 1179 Dei,
2086 1126 2190 1167 nec
2231 1110 2546 1167 dubitantes
2580 1109 2648 1167 de
2694 1127 2780 1178 eo,
2811 1111 2982 1182 magis
3018 1119 3198 1169 autem
3231 1112 3526 1184 gaudentes

1934 1200 1993 1256 in
2040 1199 2307 1274 promissa
2354 1199 2472 1254 vita
2517 1216 2644 1256 cum
2688 1199 2983 1272 gratiarum
3032 1201 3344 1258 actionibus
3388 1204 3524 1270 Deo,

1934 1289 2028 1365 qui
2075 1289 2329 1362 dignatus
2382 1297 2463 1345 est
2517 1289 2783 1346 advocare
2825 1296 2880 1345 et
2925 1289 3185 1346 inducere
3245 1299 3430 1363 gentes
3465 1291 3523 1347 in

1934 1378 2354 1452 promissionem
2383 1378 2719 1446 Iudaeorum,
2751 1395 2872 1452 quae
2896 1388 2977 1436 est
3006 1380 3192 1435 lumen
3232 1387 3520 1448 aeternum,

1935 1469 1993 1526 id
2020 1477 2121 1538 est,
2152 1469 2269 1525 vita
2306 1478 2530 1538 aeterna,
2559 1468 2760 1526 veritas
2789 1477 3070 1543 perpetua.
3103 1469 3344 1534 Liberati
3375 1471 3525 1527 enim

1934 1557 2002 1615 de
2030 1557 2352 1615 conditione
2380 1557 2754 1625 tenebrarum,
2775 1559 2884 1616 hoc
2905 1567 3007 1626 est,
3030 1559 3174 1615 eruti
3196 1560 3264 1616 de
3285 1560 3523 1629 inferno,

1936 1647 1994 1704 in
2033 1663 2142 1720 quo
2189 1645 2510 1703 tenebamur
2545 1663 2577 1704 a
2616 1647 2836 1705 diabolo
2865 1658 2976 1706 tam
3003 1665 3073 1706 ex
3109 1649 3333 1721 proprio
3360 1665 3523 1722 quam

1933 1753 2004 1792 ex
2035 1735 2240 1793 delicto
2268 1736 2424 1805 Adae,
2453 1736 2549 1809 qui
2585 1745 2667 1793 est
2694 1745 2845 1808 pater
2870 1738 3119 1794 omnium
3153 1738 3520 1810 peccantium,

1933 1825 2184 1882 translati
2231 1841 2422 1882 sumus
2459 1841 2556 1898 per
2600 1823 2764 1881 ﬁdem
2809 1826 2867 1882 in
2897 1842 3124 1899 regnum
3150 1828 3368 1884 caeleste
3393 1826 3524 1884 Filii

223 1915 372 1973 sicut
402 1923 456 1972 et
493 1913 554 1970 in
582 1915 764 1982 vobis,
795 1932 865 1972 ex
895 1932 1003 1988 qua
1030 1916 1121 1974 die
1149 1917 1382 1974 audistis
1409 1926 1463 1975 et
1489 1918 1828 1990 cognovistis
1859 1927 1905 1988 Β
1934 1915 2034 1971 Dei
2067 1931 2078 1970 :
2110 1921 2173 1969 ut
2216 1915 2526 1971 ostenderet
2564 1913 2723 1970 nobis
2767 1916 2912 1971 Deus
2963 1932 3071 1988 quo
3117 1933 3301 1972 amore
3341 1917 3525 1989 diligit

224 2005 457 2075 gratiam
486 2006 584 2063 Dei
615 2005 674 2062 in
704 2006 954 2076 veritate,
980 2015 1143 2079 prout
1171 2007 1447 2065 didicistis
1465 2007 1535 2064 ab
1562 2008 1821 2082 Epapbra

225 2093 431 2150 dilecto
476 2110 744 2153 conservo
793 2103 1004 2165 nostro,
1036 2096 1132 2169 qui
1177 2104 1261 2153 est
1303 2096 1483 2154 ﬁdelis
1531 2114 1629 2170 pro
1661 2098 1822 2156 vobis

225 2183 484 2241 minister
529 2184 758 2254 Christi,
791 2186 888 2260 qui
916 2186 1081 2242 etiam
1110 2195 1298 2244 notam
1343 2187 1474 2244 fecit
1501 2189 1662 2245 nobis
1690 2205 1822 2246 ves-

225 2280 368 2332 tram
397 2273 752 2332 dilectionem
785 2275 844 2330 in
873 2274 1092 2348 spiritu.
1118 2301 1136 2324 ι
1179 2277 1241 2332 In
1262 2277 1575 2348 exemplum
1605 2284 1821 2336 caetera-

231 2379 354 2420 rum
388 2363 634 2437 gentium
666 2380 768 2420 nos
809 2380 1049 2421 crescere
1087 2373 1140 2422 et
1172 2365 1413 2422 fructum
1449 2366 1566 2438 (71)
1597 2367 1821 2424 vitalem

229 2452 406 2510 facere
455 2453 620 2510 alacri
671 2469 920 2510 sermone
968 2454 1352 2527 prosequitur;
1393 2463 1457 2514 ut
1485 2472 1555 2512 ex
1581 2472 1646 2513 eo
1675 2456 1823 2530 quod

227 2543 327 2600 Dei
372 2543 602 2615 gratiam
643 2551 1022 2617 perceperunt,
1055 2544 1382 2617 proﬁcerent
1427 2552 1481 2601 et
1509 2562 1743 2603 numero
1769 2555 1823 2604 et

227 2648 412 2705 opere,
466 2631 827 2705 adjungentes
882 2632 1011 2690 ﬁdei
1057 2651 1169 2691 suae
1226 2635 1321 2707 qui
1377 2634 1571 2692 ﬁerent
1625 2636 1822 2692 fratres

227 2735 418 2777 eorum
461 2720 521 2777 in
571 2720 810 2779 Christo.
844 2723 1117 2794 Exemplo
1161 2723 1310 2779 enim
1358 2723 1631 2779 bonorum
1681 2739 1823 2796 ope-

231 2825 353 2866 rum
408 2809 632 2866 illorum
676 2811 792 2882 (72)
841 2810 1058 2867 attracti
1107 2818 1238 2867 sunt
1288 2811 1472 2879 multi,
1526 2819 1664 2868 teste
1710 2813 1824 2869 illis

224 2896 505 2970 Epaphra,
550 2898 645 2971 qui
690 2899 769 2955 eis
816 2897 1154 2955 ministravit
1200 2898 1428 2970 gratiam
1469 2899 1675 2958 Christi
1704 2901 1824 2958 vice

226 2986 505 3057 Apostoli,
537 3002 702 3058 quam
733 2988 918 3044 statim
948 2987 1288 3043 imbiberunt
1317 2995 1380 3044 ut
1415 2997 1605 3061 potum
1649 2990 1824 3062 spiri-

223 3075 392 3132 talem
435 3074 495 3132 in
540 3075 766 3133 Domini
794 3075 1084 3144 charitate,
1115 3093 1236 3151 qua)
1274 3093 1389 3134 non
1431 3077 1492 3134 in
1527 3095 1690 3137 carne
1719 3087 1819 3150 est,

227 3163 326 3221 sed
355 3165 415 3221 in
441 3164 663 3238 spiritu.

1929 2021 2049 2073 nos,
2078 2005 2300 2078 quando
2329 2006 2586 2062 attollens
2616 2021 2716 2060 nos
2747 2004 2814 2061 de
2843 2004 2959 2060 imo
2985 2006 3196 2074 tartari,
3221 2005 3446 2063 induxit
3466 2007 3524 2063 in

1929 2096 2096 2153 cmlos
2123 2111 2250 2152 cum
2280 2111 2412 2150 vero
2441 2094 2586 2151 Filio
2615 2110 2736 2151 suo.
2771 2095 2888 2150 Jam
2911 2095 3059 2151 enim
3087 2112 3277 2152 omnes
3303 2097 3524 2153 creden-
3573 2107 3580 2112 '

1929 2192 2030 2253 tes,
2061 2183 2157 2257 qui
2183 2183 2294 2239 ﬁxa
2315 2192 2498 2240 mente
2525 2183 2712 2241 devoti
2742 2192 2890 2252 sunt,
2913 2191 3176 2241 exeuntes
3204 2185 3272 2241 de
3300 2187 3522 2254 saculo,

1930 2275 2068 2332 duce
2117 2275 2325 2332 dextrae
2375 2275 2554 2331 Patris
2597 2275 2828 2348 Angelo,
2873 2275 3216 2333 inducuntur
3246 2276 3305 2333 in
3333 2277 3520 2346 caelos,

1919 2363 2079 2439 .quod
2104 2372 2230 2420 ante
2259 2364 2534 2421 devictam
2561 2373 2793 2421 mortem
2822 2381 3141 2422 concessum
3173 2382 3284 2423 non
3315 2375 3449 2423 erat.

2005 2457 2186 2528 (Vers.
2224 2455 2338 2524 14.)
2386 2478 2404 2503 ι
2440 2457 2502 2511 In
2532 2471 2642 2528 quo
2690 2455 2955 2513 habemus
2987 2457 3440 2529 redemptionem,
3469 2464 3525 2514 et

1930 2545 2310 2602 remissionem
2333 2552 2700 2616 peccatorum.
2723 2570 2742 2592 ι
2776 2547 2839 2602 In
2860 2545 3026 2617 hujus
3042 2546 3170 2602 Filii
3191 2546 3277 2602 sui
3295 2563 3550 2619 regnum.

1929 2635 2216 2690 transtulit
2243 2651 2344 2690 nos
2370 2637 2539 2702 Deus,
2563 2651 2660 2706 per
2678 2650 2840 2707 quem
2863 2652 2963 2691 nos
2983 2635 3237 2703 redemit,
3261 2644 3314 2692 et
3333 2653 3522 2692 manu-

1931 2723 2117 2790 misit;
2164 2724 2418 2780 remissio
2437 2723 2586 2780 enim
2606 2730 2950 2795 peccatorum
2981 2725 3184 2780 liberos
3203 2725 3356 2793 facit,
3378 2733 3439 2780 ut
3461 2726 3522 2782 li-

1931 2811 2104 2868 berati
2134 2812 2356 2881 debitis,
2388 2811 2566 2869 teneri
2595 2811 2826 2868 obnoxii
2851 2829 2962 2868 non
2984 2811 3214 2884 possint.
3238 2814 3374 2870 Nam
3404 2813 3522 2870 sine

1931 2899 2038 2957 ﬁde
2086 2900 2292 2958 Christi
2341 2902 2528 2958 nullus
2583 2917 2830 2974 egressus
2874 2900 2943 2957 de
2971 2901 3190 2958 inferno
3233 2910 3350 2970 est;
3391 2903 3521 2976 quia

1932 2990 2205 3063 obligatus
2245 2993 2482 3064 peccatis
2525 2991 2678 3047 exire
2715 2990 2911 3062 januas
2940 2991 3150 3048 Tartari
3179 3009 3290 3048 non
3319 3000 3518 3066 potest.

1946 3104 1964 3129 ι
1987 3081 2090 3149 Qui
2114 3089 2197 3138 est
2214 3081 2393 3155 imago
2414 3078 2716 3138 invisibilis
2736 3079 2880 3136 Dei.»
2899 3080 3206 3138 Invisibilis
3223 3083 3324 3138 Dei
3343 3083 3522 3156 imago

1930 3171 2170 3230 visibilis
2186 3188 2300 3228 esse
2317 3189 2428 3228 non
2450 3178 2628 3243 potest
2650 3170 2792 3243 (74),
2813 3169 3060 3244 alioquin
3082 3187 3182 3228 nec
3200 3172 3380 3244 imago
3399 3182 3480 3230 est
3503 3193 3517 3242 ;

299 3263 480 3335 (Vers.
512 3265 565 3333 9,
600 3263 714 3335 10.)
761 3285 782 3309 ι
811 3260 1022 3321 Idcirco
1043 3269 1096 3319 et
1125 3279 1227 3320 nos
1253 3280 1323 3320 ex
1355 3280 1464 3339 qua
1492 3264 1582 3322 die
1609 3265 1821 3322 audivi-
1856 3286 1899 3346 ο
1931 3263 2079 3339 quod
2107 3263 2255 3319 enim
2280 3261 2563 3319 invisibile
2583 3269 2685 3329 est,
2707 3260 2858 3332 pingi
2883 3277 2994 3317 non
3019 3269 3224 3333 potest;
3251 3279 3352 3320 nec
3371 3264 3519 3322 enim

225 3367 368 3421 mus,
409 3369 520 3409 non
563 3369 838 3411 cessamus
873 3370 972 3426 pro
1002 3353 1161 3411 vobis
1187 3364 1404 3412 orantes
1441 3363 1496 3412 et
1526 3356 1820 3428 postulan-

224 3448 342 3508 tes;
395 3448 457 3497 ut
512 3441 856 3514 impleamini
912 3441 1192 3515 agnitione
1246 3443 1550 3500 voluntatis
1597 3443 1715 3514 ejus
1762 3443 1820 3500 in

224 3530 379 3588 omni
435 3531 704 3603 sapientia
751 3540 806 3588 et
857 3531 1145 3587 intellectu
1189 3531 1423 3603 spiritali
1474 3532 1534 3588 in
1580 3531 1706 3601 hoc,
1759 3541 1821 3590 ut

223 3620 520 3677 ambuletis
546 3620 710 3693 digne
738 3637 802 3676 eo
817 3620 886 3676 ad
914 3635 1076 3676 omne
1104 3620 1368 3693 placitum
1398 3620 1454 3676 in
1483 3621 1636 3677 omni
1657 3638 1819 3694 opere

223 3709 392 3766 bono.
433 3733 453 3757 ›
511 3708 758 3765 Audiens
798 3709 1096 3782 Apostolus
1139 3709 1393 3765 devotam
1422 3725 1486 3766 ac
1511 3718 1818 3783 promptam

224 3798 565 3854 voluntatem
590 3797 811 3854 illorum
843 3799 988 3855 circa
1006 3797 1170 3854 ﬁdem
1193 3797 1421 3867 Christi,
1443 3807 1561 3855 orat
1583 3816 1681 3872 pro
1701 3800 1779 3857 eis
1802 3818 1815 3868 ;

224 3892 286 3942 ut
345 3887 671 3960 propensius
731 3887 916 3960 agnita
971 3888 1259 3944 voluntate
1317 3888 1436 3956 Dei,
1502 3889 1817 3946 rationabili

221 3991 385 4048 opere
400 3978 686 4049 explerent
705 3978 1080 4047 devotionem,
1096 3995 1260 4051 quam
1281 3977 1469 4035 audita
1487 3979 1595 4036 ﬁde
1611 3979 1818 4038 Christi

220 4063 552 4133 didicerant,
597 4080 665 4121 ne
722 4073 833 4121 tam
888 4064 998 4120 ﬁda
1051 4065 1254 4122 mentis
1307 4065 1514 4123 dicatio
1567 4068 1708 4139 (73),
1765 4075 1820 4123 et

223 4153 394 4210 robur
441 4154 594 4225 ﬁdei,
649 4155 782 4212 dum
837 4156 1147 4214 inconsulte
1194 4157 1405 4230 aliquid
1455 4165 1510 4214 et
1566 4158 1818 4230 imperite

218 4245 537 4314 conﬁceret,
572 4247 778 4302 laboris
803 4247 886 4303 sui
920 4247 1162 4305 fructum
1193 4248 1490 4305 amitteret.
1523 4250 1639 4307 Hoc
1667 4250 1816 4305 enim

220 4333 460 4390 libenter
501 4343 723 4408 accepto
774 4336 968 4406 fertur,
1001 4337 1148 4409 quod
1190 4337 1390 4394 devoto
1433 4337 1498 4395 ﬁt
1524 4339 1730 4408 animo,
1763 4346 1819 4396 et

219 4421 539 4494 prudenter.

297 4522 478 4595 (Vers.
515 4523 601 4592 11,
643 4523 729 4593 12,
761 4525 875 4597 13.)
920 4549 939 4574 ‹
971 4525 1387 4584 Fructiﬁcantes
1428 4536 1482 4586 et
1513 4539 1816 4589 crescentes

1930 3354 2170 3411 visibilis
2199 3360 2376 3424 potest
2406 3351 2746 3407 invisibilem
2782 3349 3003 3417 videre;
3038 3358 3134 3405 aut
3147 3351 3294 3406 enim
3320 3368 3520 3424 corpus

1929 3452 2031 3512 est,
2069 3443 2216 3515 quod
2246 3442 2486 3510 videtur,
2517 3448 2612 3496 aut
2651 3441 2845 3512 ﬁgura,
2875 3448 2970 3495 aut
3012 3439 3197 3512 aliqua
3225 3440 3520 3499 informata

1929 3531 2253 3600 substantia,
2286 3548 2450 3604 quam
2491 3530 2597 3586 fert
2622 3529 2764 3586 acies
2793 3529 3102 3597 oculorum,
3128 3536 3304 3586 totum
3334 3538 3517 3589 tamen

1929 3640 2126 3696 corpus
2151 3629 2231 3678 est
2270 3641 2281 3678 :
2316 3623 2460 3677 Deus
2489 3628 2692 3688 autem,
2716 3620 2809 3692 qui
2839 3619 2907 3675 ab
2940 3618 3008 3674 iis
3028 3619 3286 3677 omnibus
3305 3621 3519 3677 alienus

1928 3721 2028 3780 est,
2079 3711 2356 3786 quomodo
2396 3715 2574 3782 potest
2623 3709 2917 3780 imaginem
2965 3707 3166 3764 habere
3195 3708 3519 3768 visibilem?

1928 3802 2034 3859 Sed
2054 3801 2176 3858 ideo
2197 3803 2276 3857 sic
2304 3800 2529 3868 dicitur,
2557 3806 2620 3854 ut
2644 3798 2773 3854 talis
2797 3798 2970 3854 Filius
3001 3797 3364 3870 intelligatur,
3388 3815 3519 3871 qua-

1930 3895 1997 3950 lis
2024 3902 2106 3951 est
2135 3895 2328 3961 Pater;
2377 3901 2438 3948 ut
2469 3893 2598 3966 quia
2626 3891 2692 3947 de
2723 3891 2842 3964 ipso
2867 3898 2968 3959 est,
2997 3897 3050 3946 et
3079 3890 3222 3947 nihil
3255 3891 3421 3948 distat
3450 3893 3518 3950 ab

1927 4001 1990 4040 eo
2011 3985 2068 4041 in
2089 3984 2382 4041 divinitate
2405 3991 2638 4050 naturae,
2661 3981 2840 4052 imago
2860 3979 2977 4052 ejus
2996 3980 3213 4037 dicatur
3232 3989 3286 4036 et
3306 3981 3515 4051 forma;

1927 4091 1996 4132 ne
2019 4075 2162 4131 alius
2190 4077 2334 4130 Deus
2362 4090 2392 4128 a
2419 4071 2643 4144 perﬁdis
2663 4071 2996 4139 crederetur,
3022 4071 3274 4144 quamvis
3295 4071 3518 4129 nomine

1927 4166 2046 4239 ipso
2087 4166 2194 4222 hoc
2239 4165 2626 4230 contineatur;
2675 4163 2799 4219 ideo
2841 4164 2989 4219 enim
3020 4179 3186 4220 verus
3213 4163 3312 4222 Dei
3342 4165 3517 4222 Filius

1925 4256 2150 4324 dicitur,
2208 4262 2269 4310 ut
2334 4255 2401 4310 de
2457 4255 2576 4326 ipso
2630 4269 2746 4310 esse
2805 4253 3081 4310 credatur.
3139 4253 3244 4309 Sed
3295 4263 3519 4327 propter

1926 4347 2124 4403 malam
2171 4345 2592 4418 intelligentiam
2642 4345 2806 4401 etiam
2869 4343 2975 4400 hoc
3016 4344 3265 4401 additum
3312 4354 3413 4414 est,
3453 4354 3518 4403 ut

1924 4443 1978 4491 et
2023 4436 2202 4506 imago
2244 4433 2363 4506 ejus
2408 4433 2657 4500 dicatur;
2702 4443 2766 4490 ut
2817 4450 2944 4491 cum
2992 4441 3232 4506 apparet,
3287 4433 3415 4490 licet
3455 4435 3514 4491 in

1924 4525 2096 4598 ﬁgura
2141 4525 2400 4593 humana,
2447 4531 2542 4580 aut
2587 4532 2734 4580 certe
2780 4523 2838 4577 in
2882 4523 3025 4595 igne,
3077 4531 3137 4578 ut
3178 4522 3246 4578 ad
3287 4524 3514 4595 Moysen

219 4610 280 4668 in
309 4612 647 4684 agnitionem
681 4615 803 4681 Dei,
835 4615 890 4671 in
920 4615 1072 4672 omni
1101 4616 1310 4672 virtute
1347 4617 1516 4674 robur
1543 4621 1818 4692 capientes
1845 4647 1896 4706 D
1927 4614 2129 4686 (Exod.
2173 4631 2256 4682 III,
2287 4614 2369 4702 2).,
2399 4629 2511 4668 non
2547 4611 2846 4706 ipsePater
2883 4609 3222 4706 intelligatur
3249 4611 3513 4706 esse,_sed

218 4703 526 4759 secundum
563 4703 864 4775 potentiam
897 4703 1084 4777 glorias
1113 4703 1230 4777 ejus
1261 4706 1318 4762 in
1348 4723 1564 4763 omnem
1597 4711 1819 4782 patien-
1847 4699 1889 4706 ⁷
1926 4705 2103 4762 Filius
2136 4722 2148 4761 :
2185 4712 2238 4760 et
2281 4699 2376 4776 per
2405 4703 2461 4758 id
2490 4701 2636 4775 quod
2665 4700 2844 4774 imago
2868 4699 2987 4772 ejus
3013 4699 3238 4768 dicitur,
3271 4699 3413 4754 nihil
3443 4699 3513 4756 ab

219 4792 354 4849 tiam
404 4799 458 4848 et
504 4791 1002 4865 longanimitatem,
1040 4810 1165 4850 cum
1193 4794 1391 4866 gaudio
1418 4797 1616 4869 gratias
1643 4815 1817 4871 agen-

219 4893 304 4943 tes
350 4887 463 4942 Deo
509 4892 561 4941 et
608 4884 775 4954 Patri,
809 4887 904 4958 qui
932 4886 1153 4942 vocavit
1181 4903 1278 4943 vos
1319 4888 1378 4944 in
1417 4898 1624 4961 partem
1653 4891 1816 4948 sortis

221 4979 541 5028 sanctorum
588 4971 647 5028 in
691 4971 924 5040 lumine,
955 4972 1049 5046 qui
1079 4971 1336 5030 liberavit
1366 4991 1466 5031 nos
1494 4992 1523 5031 a
1552 4983 1815 5048 potestate

220 5060 594 5130 tenebrarum,
630 5067 684 5117 et
713 5060 996 5117 transtulit
1026 5060 1084 5116 in
1113 5077 1340 5133 regnum
1373 5063 1503 5120 Filii
1533 5063 1818 5123 charitatis

219 5166 379 5210 suae.-
409 5151 813 5208 Incrementum
837 5165 1063 5222 operum
1085 5166 1275 5207 eorum
1297 5169 1421 5208 cum
1444 5153 1674 5211 scientia
1693 5156 1815 5210 vult

107 5293 127 5309 ,
219 5238 362 5309 ﬁeri,
407 5247 470 5296 ut
514 5256 626 5297 non
666 5239 922 5314 ignorent
962 5239 1090 5296 ﬁdei
1130 5256 1240 5296 suae
1283 5257 1471 5313 spem;
1505 5253 1638 5301 tunc
1664 5244 1811 5300 enim

218 5327 367 5386 ﬁrmi
414 5336 468 5386 et
507 5328 733 5386 stabiles
780 5336 928 5399 sunt,
976 5329 1020 5385 si
1068 5329 1354 5386 advertant
1410 5347 1530 5404 quae
1568 5349 1666 5405 pro
1705 5332 1814 5390 ﬁde

219 5415 491 5490 promissa
517 5427 667 5488 sunt,
699 5425 757 5476 et
781 5424 986 5492 quanta
1009 5417 1083 5475 sit
1111 5419 1359 5491 potentia
1389 5419 1576 5493 gloria
1606 5420 1814 5495 majes-

293 5581 409 5655 (70)
449 5583 607 5670 item.
644 5581 777 5638 edit.
809 5583 944 5652 sola,
975 5583 1236 5639 credentes
1264 5582 1393 5656 quia
1415 5601 1516 5657 per
1537 5583 1672 5640 hanc
1691 5601 1811 5658 spes

214 5654 408 5870 ρνῖῖἶ)
430 5661 566 5782 aliis.
591 5715 828 5808 aliquot,
868 5726 961 5781 hoc
990 5741 1227 5783 recreare
1254 5733 1303 5783 et
1328 5726 1583 5809 fructum,
1616 5735 1722 5786 etc.

317 5796 408 5870 72)
438 5796 705 5856 Nonnulli
737 5812 892 5869 mea,
921 5797 1177 5856 bonorum
1204 5815 1422 5870 operum
1447 5800 1700 5859 atrorum.

317 5796 408 5871 72)
438 5796 708 5856 Nonnulli
737 5812 892 5869 mea,
921 5797 1177 5856 bonorum
1204 5796 1422 5876 operum
1447 5800 1700 5859 aliorum.

1924 4813 1986 4851 eo
2037 4795 2242 4852 distare
2297 4793 2567 4850 credatur.
2629 4790 2780 4846 Unde
2834 4789 2971 4845 dicit
3015 4788 3083 4844 ad
3126 4787 3443 4861 Philippum
3495 4804 3508 4846 :
3593 4856 3596 4859 I

1939 4912 1957 4935 ι
1987 4885 2261 4957 Philippe,
2285 4883 2379 4955 qui
2401 4899 2486 4937 me
2510 4880 2683 4946 videt,
2704 4878 2856 4934 videt
2885 4887 2939 4934 et
2962 4877 3198 4934 Patrem.
3225 4879 3512 4946 Quomodo

1923 4984 1985 5033 tu
2031 4975 2171 5033 dicis
2205 4993 2216 5030 :
2251 4971 2487 5029 Ostende
2535 4970 2694 5025 nobis
2723 4969 2936 5026 Patrem
2957 4969 2985 5026 ?
3020 4969 3140 5026 Non
3179 4971 3357 5028 credis
3384 4973 3514 5045 quia

1925 5081 2021 5137 ego
2050 5065 2108 5120 in
2140 5065 2317 5129 Patre,
2348 5067 2402 5116 et
2430 5061 2588 5116 Pater
2616 5057 2674 5113 in
2703 5074 2791 5114 me
2811 5066 2892 5114 est
2919 5058 3098 5128 (Joan.
3127 5060 3319 5128 xrv,9,
3353 5061 3497 5134 10)?-

1925 5155 2051 5211 Haac
2097 5163 2178 5210 est
2219 5151 2403 5208 unitas
2432 5157 2485 5205 et
2520 5149 2954 5206 substantialitas
2982 5149 3158 5207 Patris
3190 5159 3246 5206 et
3271 5150 3419 5220 Filii,
3450 5158 3512 5208 ut

1923 5244 2164 5301 invicem
2186 5242 2331 5309 sint;
2363 5249 2425 5297 ut
2446 5241 2539 5315 qui
2562 5239 2714 5296 videt
2732 5240 2959 5308 Filium,
2984 5240 3168 5297 videat
3188 5249 3242 5296 et
3271 5240 3506 5296 Patrem.

1920 5335 2079 5390 Nunc
2109 5331 2394 5388 videamus
2421 5329 2696 5404 quomodo
2724 5329 2878 5388 visus
2905 5337 2986 5387 est
3015 5329 3223 5396 Filius;
3267 5335 3329 5384 ut
3371 5343 3509 5400 pro-

1923 5421 2052 5480 inde
2098 5421 2472 5495 intelligamus
2515 5414 2625 5496 qua
2675 5420 2887 5478 ratione
2932 5417 3221 5492 Philippus
3268 5417 3510 5475 videndo

1993 5583 2110 5662 (73)
2143 5584 2346 5662 Omnes
2375 5583 2628 5662 _edit._._et
2672 5580 3084 5662 quidam__ms_s.,
3115 5578 3301 5662 mentis
3329 5578 3507 5652 aediﬁ-

1918 5653 2054 5712 catio
2087 5653 2101 5724 ᾖ
2132 5657 2457 5714 concinnius
2485 5653 2581 5712 alii
2609 5653 2739 5711 mss.
2767 5653 2950 5709 mentis
2985 5653 3198 5708 dicatio.

1994 5727 2110 5800 (74)
2153 5728 2420 5787 Nonnulli
2467 5744 2622 5793 mss.,
2674 5726 2856 5800 Imago
2911 5725 3010 5783 Dei
3054 5723 3342 5782 invisibilis
3401 5737 3507 5779 esse

1917 5816 2022 5856 non
2037 5807 2226 5878 potest.
2501 5871 2515 5878 _
