3970 6360
457 444 558 501 447

1459 443 1557 500 ΑΙ)
1593 442 1829 500 OPERA
1865 442 1922 500 S.
1967 441 2302 500 AMBROSII
2338 441 2718 500 APPENDIX.

3647 443 3762 501 448

456 569 682 638 Filium,
714 567 899 624 videat
943 572 999 622 et
1043 566 1280 623 Patrem.
1307 567 1598 626 Intellectu
1636 573 1781 625 certe
1824 583 2050 640 operum
2081 570 2128 628 A
2167 567 2264 624 ﬁat
2302 567 2359 623 in
2399 567 2658 624 omnibus
2702 568 2816 639 ipse
2863 568 3159 639 primatum
3188 575 3398 623 tenens.
3433 590 3452 615 ι
3493 566 3762 624 Ecclesia

455 659 775 716 divinorum
805 655 1066 712 viderunt
1105 656 1333 725 Filium,
1369 673 1481 713 non
1511 657 1823 714 carnalibus
1852 658 2048 714 oculis.

456 750 588 817 Quae
617 755 873 820 operatus
901 756 982 803 est
1018 746 1214 815 Filius,
1247 746 1393 802 dixit
1417 764 1533 803 esse
1561 746 1774 814 Patris;
1807 755 1869 802 ut
1915 749 2054 803 uni-

456 849 626 897 tatem
674 838 898 894 virtutis
944 838 1272 894 ostenderet.
1308 837 1515 893 Eodem
1562 854 1755 909 genere
1792 837 1944 894 visus
1973 847 2054 895 est

457 943 511 991 et
534 951 566 990 a
594 933 759 990 Jacob
784 951 797 999 ;
833 933 975 988 unde
1002 947 1203 986 nomen
1223 930 1436 1002 accepit
1467 931 1652 998 Israel,
1677 931 1731 987 id
1761 921 1862 999 est,
1885 931 2052 986 homo

470 1050 489 1073 ι
520 1024 715 1080 videns
740 1024 914 1079 Deum
946 1022 1101 1094 (Gen.
1133 1037 1316 1089 χχχιι,
1340 1019 1434 1092 28)
1466 1045 1482 1067 ι
1507 1064 1519 1076 .
1548 1020 1774 1091 Propter
1793 1020 1898 1078 hoc
1925 1037 2051 1093 ergo

459 1113 638 1186 imago
667 1119 750 1168 est
775 1111 960 1168 dictus
989 1110 1290 1166 invisibilis
1325 1110 1423 1165 Dei
1450 1129 1463 1178 ;
1497 1118 1559 1165 ut
1589 1109 1704 1182 ipse
1731 1127 1846 1166 esse
1877 1111 2052 1167 intel—

459 1202 737 1274 ligeretur,
797 1199 889 1273 qui
951 1215 1048 1272 per
1104 1198 1446 1255 intellectum
1502 1197 1655 1254 visus
1711 1206 1792 1254 est
1836 1200 1981 1255 Deus
2035 1219 2046 1256 :

457 1293 670 1349 Patrem
727 1296 911 1345 autem
971 1305 1255 1347 nunquam
1314 1288 1431 1344 ullo
1486 1288 1651 1345 modo
1713 1289 2048 1361 apparuisse,

455 1379 600 1438 sicut
636 1378 847 1435 dictum
877 1385 961 1434 est
987 1377 1045 1432 in
1075 1375 1379 1449 Evangelia
1408 1394 1420 1432 :
1469 1400 1487 1423 ι
1516 1377 1690 1432 Deum
1718 1391 1879 1432 nemo
1909 1375 2050 1431 vidit

455 1484 696 1541 unquam
732 1467 914 1538 (Joan.
948 1483 986 1534 ι,
1031 1465 1144 1536 18).
1183 1489 1202 1513 ι

529 1558 712 1630 (Vers.
764 1555 879 1626 16.)
929 1575 948 1601 ι
981 1553 1386 1626 Primogenitus
1415 1553 1687 1610 universa:
1707 1562 1989 1611 creatum.
2016 1581 2034 1604 ι

454 1648 600 1704 Ante
628 1662 848 1702 omnem
877 1653 1206 1712 creaturam,
1241 1645 1487 1717 genitum
1515 1643 1720 1701 Filium
1751 1661 1864 1700 non
1891 1663 2053 1703 crea-

453 1744 594 1805 tum,
650 1741 918 1802 testatur;
978 1741 1042 1790 ut
1097 1743 1404 1790 secerneret
1459 1734 1806 1791 nativitatem
1861 1736 1978 1808 ejus
2020 1753 2051 1794 a

453 1833 716 1883 creatura;
765 1823 980 1880 factura
1033 1840 1046 1879 :
1107 1829 1160 1878 et
1213 1831 1276 1879 ut
1327 1822 1435 1879 hoc
1490 1823 1709 1896 penitus
1766 1827 2048 1896 clarescat,

453 1913 688 1986 subjecit
720 1931 732 1970 :

540 2025 560 2050 ι
603 2003 740 2070 Quia
772 2003 829 2058 in
876 2001 996 2076 ipso
1033 2001 1255 2059 condita
1279 2008 1409 2058 sunt
1437 2002 1624 2059 omnia
1653 2003 1711 2059 in
1734 2004 1888 2062 caelis
1911 2013 1965 2060 et
1992 2005 2052 2061 in

455 2102 619 2151 terra.
667 2092 926 2151 Visihilia
979 2099 1035 2149 et
1090 2091 1414 2162 invisibilia,
1471 2093 1588 2149 sive
1645 2093 1875 2163 Throni,
1935 2095 2052 2150 sive

455 2182 894 2252 Dominationes,
957 2181 1075 2238 sive
1128 2182 1497 2255 Principatus,
1555 2183 1673 2238 sive
1727 2183 2046 2253 Potestates,

457 2272 646 2328 omnia
691 2287 786 2343 per
827 2271 1004 2344 ipsum
1058 2279 1112 2326 et
1157 2271 1218 2327 in
1267 2271 1386 2344 ipso
1431 2270 1655 2327 condita
1687 2279 1835 2326 sunt.
1869 2296 1887 2318 ι
1929 2273 2049 2328 Non

457 2361 637 2416 solum
698 2360 756 2416 in
799 2376 864 2416 eo
912 2360 1262 2432 magniﬁcum
1319 2369 1375 2416 et
1429 2358 1726 2432 gloriosum
1777 2359 2059 2432 signiﬁcat

457 2449 775 2518 Christum;
809 2451 938 2525 quia
961 2459 1254 2525 antequam
1284 2450 1478 2507 ﬁerent
1498 2449 1703 2518 omnia,
1734 2457 1894 2505 natus
1919 2459 2003 2507 est
2032 2470 2044 2508 :

455 2541 551 2598 sed
567 2549 620 2598 et
640 2542 697 2597 in
719 2540 836 2613 ipso
855 2541 994 2599 dicit
1007 2543 1194 2598 omnia
1213 2539 1454 2606 condita,
1473 2537 1578 2594 hoc
1597 2547 1699 2606 est,
1715 2547 1777 2594 ut
1796 2539 2045 2597 omnium

454 2630 701 2705 potentia
738 2630 794 2686 in
839 2647 903 2686 eo
949 2647 1064 2687 esse
1093 2631 1366 2696 credatur,
1394 2634 1448 2684 et
1475 2627 1600 2682 ideo
1629 2628 1872 2700 profecta
1904 2629 2044 2703 (75),

454 2721 584 2777 dum
632 2719 820 2776 omnia
865 2719 1006 2776 ﬁunt
1035 2736 1131 2792 per
1164 2718 1343 2790 ipsum
1381 2735 1391 2773 :
1427 2717 1532 2773 hoc
1561 2724 1643 2774 est
1670 2727 1854 2774 autem
1886 2726 2050 2791 caput

453 2825 568 2866 esse
597 2809 768 2866 totius
809 2817 1106 2875 creatum;
1152 2807 1280 2880 quia
1309 2806 1427 2878 ipso
1457 2816 1519 2863 ut
1547 2807 1678 2877 sint,
1709 2824 1825 2864 esse
1860 2824 2048 2880 cmpe-

453 2905 601 2954 runt.
625 2898 752 2954 Ideo
781 2905 963 2955 autem
994 2914 1115 2970 quae
1141 2895 1208 2952 ab
1234 2895 1352 2967 ipso
1381 2895 1524 2952 facta
1555 2904 1703 2965 sunt,
1740 2914 1836 2968 per
1866 2899 2047 2969 ipsum

454 2987 598 3044 facta
616 2986 899 3056 dicuntur,
927 2986 1057 3058 quia
1075 2985 1145 3042 ad
1169 2985 1274 3040 hoc
1299 2991 1460 3040 natus
1479 2995 1560 3043 est
1583 2990 1728 3047 265
1757 2993 1819 3040 ut
1846 2986 2050 3042 faceret

452 3093 754 3144 creaturam
790 3104 802 3142 :
835 3085 942 3141 hoc
968 3092 1070 3153 est,
1102 3083 1295 3140 fecisse
1325 3082 1383 3138 in
1415 3100 1478 3139 eo
1523 3085 1664 3157 (76),
1695 3091 1749 3140 et
1779 3101 1873 3157 per
1898 3099 2045 3140 eum.

451 3175 562 3233 Nec
590 3174 738 3230 enim
767 3173 873 3230 sibi
898 3172 1160 3228 nativitas
1179 3171 1537 3244 sua-proﬁcit,
1569 3173 1663 3228 sed
1695 3171 1854 3227 nobis
1879 3191 1892 3239 ;
1920 3173 2049 3244 quia

454 3279 568 3322 non
615 3263 766 3336 eguit
793 3261 963 3330 nasci,
996 3261 1092 3334 qui
1122 3260 1178 3316 in
1223 3259 1312 3318 his
1349 3269 1463 3317 erat
1494 3262 1634 3333 (77).
1666 3259 1952 3328 Quomodo
1980 3268 2043 3316 ut

454 3354 653 3411 unicus
681 3352 780 3410 Dei
827 3351 1004 3408 Patris
1045 3350 1242 3418 Filius,
1276 3350 1553 3422 quomodo
1592 3351 1706 3422 ipse
1735 3349 1893 3405 novit
1923 3366 2044 3422 quae

455 3441 699 3516 ingenita
726 3448 856 3497 sunt
874 3439 971 3496 Dei
994 3439 1170 3495 Patris
1186 3440 1214 3496 Ῡ
1242 3441 1374 3496 Erat
1394 3440 1543 3495 enim
1570 3439 1626 3494 in
1654 3441 1788 3508 Deo,
1807 3438 1900 3512 qui
1923 3456 2044 3511 pro-

454 3533 619 3590 cessit
646 3532 714 3588 de
744 3534 876 3598 Deo,
908 3529 985 3586 ita
1024 3539 1086 3586 ut
1113 3547 1258 3588 unus
1287 3539 1427 3588 esset
1457 3533 1602 3587 Deus
1636 3548 1647 3586 :
1680 3546 1744 3587 ac
1769 3529 1849 3585 sic
1869 3529 1951 3596 ﬁt,
1983 3528 2047 3584 ﬁt

454 3638 633 3696 neque
663 3619 962 3677 diminutio
1011 3621 1084 3677 sit
1129 3619 1325 3690 Patris,
1355 3637 1532 3693 neque
1567 3621 1844 3693 profectus
1891 3619 2042 3688 Filii,

453 3710 586 3766 dum
635 3709 898 3766 nascitur.
929 3710 1000 3766 Et
1031 3718 1094 3766 ut
1121 3709 1363 3782 apertius
1393 3709 1570 3766 tradat
1604 3725 1724 3782 quae
1756 3716 1811 3764 et
1843 3717 2049 3782 quanta

452 3799 526 3856 sit
575 3797 820 3871 potentia
872 3799 1022 3868 Filii,
1073 3799 1316 3856 ostendit
1369 3815 1490 3871 qua:
1538 3815 1634 3871 per
1681 3798 1861 3870 ipsum
1911 3799 2045 3868 sint,

453 3903 648 3961 nempe
673 3887 901 3958 Throni,
933 3889 1350 3946 Dominationes
1378 3895 1432 3944 et
1458 3887 1825 3960 Principatus,
1857 3903 1922 3945 ac
1948 3888 2046 3944 Po-

454 3987 711 4048 testatas;
744 3988 806 4036 ut
833 3979 1065 4054 proinde
1094 3979 1324 4035 omnino
1349 3977 1537 4034 minus
1573 3977 1717 4033 nihil
1748 3978 1807 4033 in
1835 3995 1901 4035 eo
1931 3994 2048 4035 esse

451 4069 704 4148 credatur
732 4086 893 4143 quam
917 4069 976 4125 in
1007 4070 1183 4126 Patre.

527 4149 712 4232 (vers.
740 4161 854 4233 17.)
891 4184 909 4206 ι
933 4159 1006 4214 Et
1027 4159 1142 4230 ipse
1163 4164 1242 4214 est
1262 4164 1388 4213 ante
1407 4172 1617 4213 omnes.
1642 4175 1670 4209 »
1694 4158 1837 4213 Ante
1858 4173 2048 4214 omnes

451 4250 546 4308 hic
577 4257 693 4318 est;
727 4249 856 4323 quia
888 4248 982 4305 hic
1026 4248 1176 4305 solus
1205 4247 1272 4303 de
1303 4249 1415 4303 Deo
1445 4247 1602 4302 Patre
1639 4253 1799 4302 natus
1843 4256 1943 4314 est,
1979 4246 2047 4302 de

455 4340 698 4413 ingenita
735 4339 927 4410 utique
972 4335 1283 4394 substantia
1322 4335 1442 4391 Dei.
1476 4336 1601 4392 Haec
1628 4345 1810 4391 autem
1842 4335 2047 4392 virtute

453 4429 593 4502 ejus,
621 4445 784 4503 quam
818 4443 914 4501 per
950 4425 1355 4500 generationem
1395 4425 1560 4482 habet
1602 4442 1634 4481 a
1678 4427 1855 4494 Patre,
1906 4427 2048 4482 sub-

451 4521 750 4589 stiterunt;
781 4537 893 4576 non
924 4528 985 4576 ut
1013 4519 1332 4577 communio
1364 4518 1443 4575 eis
1471 4517 1791 4575 substantiae
1820 4517 1892 4574 sit
1927 4517 2044 4590 (78)
2089 4504 2096 4506 ﬁ

450 4628 575 4668 cum
605 4627 690 4680 eo,
715 4610 812 4668 sed
840 4627 910 4665 ex
940 4608 1120 4665 nihilo
1164 4617 1305 4665 nutu
1344 4608 1441 4664 Dei
1473 4607 1650 4663 Patris
1680 4608 1822 4663 Filio
1855 4614 2047 4679 agente
2073 4648 2122 4708 D

449 4706 752 4774 coeperunt.
795 4723 813 4746 ι
848 4700 919 4756 Et
945 4706 1146 4757 cuncta
1183 4697 1240 4753 in
1292 4697 1407 4770 ipso
1445 4705 1716 4753 constant.
1749 4719 1767 4742 ι
1819 4697 1881 4752 In
1907 4696 2046 4767 .ipso

450 4798 724 4859 constant,
757 4788 889 4862 quia
938 4788 1056 4845 sine
1099 4803 1164 4844 eo
1207 4786 1352 4843 nihil
1396 4795 1562 4852 sunt;
1598 4785 1706 4841 nisi
1736 4784 1882 4840 enim
1915 4785 2047 4844 huic

451 4879 661 4934 fuerint
688 4879 932 4946 subdita,
962 4893 1146 4935 errore
1191 4876 1373 4947 devia,
1403 4876 1558 4951 quasi
1588 4874 1886 4948 perditioni
1913 4875 2047 4931 ﬁent

451 4965 712 5022 obnoxia.

527 5056 709 5129 (Vers.
750 5053 866 5126 18.)
901 5078 920 5102 ι
950 5055 1024 5110 Et
1050 5053 1166 5126 ipse
1193 5063 1274 5111 est
1301 5061 1466 5126 caput
1489 5051 1737 5126 corporis
1762 5051 2043 5118 Ecclesiae.

453 5145 548 5221 qui
587 5152 672 5203 est
716 5143 1075 5219 principium,
1122 5143 1524 5217 primogenitus
1555 5158 1626 5199 ex
1664 5141 1935 5212 mortuis;
1984 5149 2048 5199 ut

525 5372 642 5444 (75)
675 5370 801 5448 Yet.
829 5367 961 5448 edit.
999 5381 1072 5448 ac
1092 5382 1221 5422 mss.
1243 5363 1474 5448 aliquot,
1494 5366 1677 5448 etpeo
1697 5363 2048 5448 egi-perfecta,-

453 5436 632 5500 Rom]
657 5442 817 5512 edit.,
855 5447 905 5497 et
947 5459 984 5496 a
1024 5439 1133 5496 Deo
1163 5436 1434 5511 perfecta;
1466 5438 1664 5494 melius
1695 5436 1792 5494 alii
1820 5454 1952 5495 mss.
1986 5447 2048 5495 ut

455 5513 514 5570 in
543 5521 827 5571 contextu.

528 5584 646 5657 (76)
688 5585 844 5642 Rom.
895 5582 1053 5657 edit.,
1099 5583 1285 5657 etjwc
1330 5587 1406 5637 est
1437 5581 1605 5657 Deum
1646 5580 1828 5657 fecisse
1868 5581 1930 5657 in
1952 5599 2048 5647 eo;

455 5652 575 5713 alim
609 5652 672 5712 ac
698 5672 827 5712 mss.
859 5656 1125 5712 omittunt
1149 5655 1340 5719 Deum,
1371 5661 1425 5709 et
1451 5653 1631 5725 proin
1657 5670 1714 5709 eo
1743 5652 1970 5711 Amerb.
1994 5659 2050 5709 et

454 5727 838 5801 quidam__mss.
872 5726 1126 5801 eﬁerunt,
1151 5727 1214 5801 in
1235 5741 1371 5801 eum.

527 5799 644 5873 (77)
676 5797 884 5855 Eadem
914 5798 1073 5856 Rom.
1105 5798 1240 5857 edit.
1271 5799 1408 5866 sola,
1428 5796 1522 5870 qui
1550 5801 1686 5853 erat.

2160 665 2326 730 caput
2352 665 2435 713 est
2481 655 2752 724 Christus,
2792 657 2838 712 si
2879 663 3061 713 tamen
3097 672 3286 712 omnes
3315 672 3485 711 unum
3516 656 3764 712 sentiant

2161 749 2409 803 caelestes
2420 756 2473 802 et
2488 747 2711 814 terreni;
2729 754 2789 802 ut
2799 746 2909 802 sint
2922 745 3183 814 Ecclesia,
3193 745 3296 801 hoc
3310 745 3583 811 est,unius
3601 744 3758 815 ﬁdei,

2161 835 2206 892 si
2237 837 2535 908 quominus
2579 836 2820 892 truncati
2851 836 3026 908 capite
3066 837 3234 892 totius
3263 835 3528 908 corporis,
3562 835 3621 890 id
3651 841 3760 904 est,

2161 941 2192 979 a
2215 924 2469 981 Creatore
2499 943 2598 982 suo
2628 925 2882 997 sejuncti,
2921 925 3159 981 amentia
3186 924 3419 998 quadam
3447 933 3500 980 et
3529 925 3763 981 vanita—

2165 1022 2213 1070 te
2233 1014 2594 1071 bacchantur.
2631 1039 2648 1061 ε
2671 1015 2776 1082 Qui
2796 1023 2877 1071 est
2898 1015 3253 1087 principium,
3271 1013 3670 1086 primogenitus
3689 1031 3765 1072 ex

2161 1105 2421 1172 mortuis;
2453 1113 2515 1161 ut
2540 1105 2634 1160 ﬁat
2665 1105 2723 1161 in
2754 1105 3011 1162 omnibus
3033 1105 3147 1177 ipse
3176 1105 3474 1177 primatum
3505 1112 3747 1160 tenens.-

2159 1197 2429 1263 Quoniam
2470 1197 2657 1254 omnia
2699 1213 2796 1269 per
2825 1199 3003 1269 ipsum
3033 1204 3190 1265 sunt;
3223 1212 3320 1268 per
3348 1195 3528 1267 ipsum
3572 1193 3762 1251 denuo

2158 1287 2489 1359 negligentia
2534 1286 2766 1360 quadam
2797 1287 2941 1344 facto
2981 1286 3207 1354 caduca,
3236 1284 3585 1341 reformanda
3625 1285 3764 1341 fue-

2159 1384 2325 1443 runt;
2377 1392 2444 1431 ne
2489 1376 2557 1432 ad
2604 1375 2862 1447 injuriam
2893 1375 3012 1448 ejus
3043 1375 3360 1447 pertineret,
3389 1374 3437 1431 si
3475 1390 3611 1446 opus
3638 1371 3765 1444 ejus

2159 1481 2254 1537 per
2282 1465 2514 1521 alterum
2547 1473 2908 1521 restauratum
2950 1465 3180 1532 fuisset;
3215 1471 3277 1520 ut
3313 1463 3589 1537 quomodo
3629 1471 3766 1519 ante

2159 1569 2349 1610 omnes
2380 1562 2542 1610 natus
2569 1564 2674 1624 est,
2704 1556 2785 1611 sic
2815 1555 3014 1610 iterum
3050 1562 3176 1609 ante
3203 1570 3394 1609 omnes
3423 1553 3636 1625 primus
3659 1568 3768 1608 es—

2159 1652 2241 1700 set
2288 1660 2356 1698 ex
2405 1644 2804 1700 resurrectione
2841 1650 3209 1711 mortuorum,
3259 1643 3476 1699 reddita
3523 1640 3771 1714 pristina

2161 1732 2308 1800 vita;
2341 1741 2468 1788 ante
2507 1733 2691 1788 omnia
2733 1733 2879 1788 enim
2910 1741 3071 1789 natus
3099 1739 3180 1787 est
3209 1731 3275 1788 de
3304 1733 3438 1800 Deo,
3466 1737 3530 1785 ut
3558 1737 3772 1786 cuncta

2159 1831 2386 1892 crearet,
2411 1839 2529 1896 quae
2557 1839 2671 1878 non
2701 1831 2874 1878 erant.
2899 1823 3102 1878 Iterum
3138 1829 3320 1877 autem
3348 1827 3568 1892 accepta
3592 1835 3771 1875 carne

2075 1930 2120 1991 Β
2147 1911 2226 1968 de
2273 1913 2488 1984 virgine
2527 1921 2689 1968 natus
2717 1919 2817 1981 est,
2851 1920 2912 1968 ut
2940 1918 3224 1984 peccatum
3255 1908 3401 1982 quod
3431 1925 3500 1965 ex
3540 1907 3768 1981 virgine

2161 2001 2278 2056 Eva
2320 2001 2623 2057 intraverat
2669 2002 2727 2057 in
2773 2001 3064 2069 mundum,
3095 1999 3358 2056 aboleret.
3400 1999 3571 2054 Natus
3605 2015 3762 2070 ergo,

2159 2099 2214 2147 et
2269 2099 2520 2146 mortuus
2571 2089 2892 2158 resurrexit,
2959 2098 3021 2145 ut
3075 2105 3197 2162 quae
3247 2087 3490 2160 primum
3535 2087 3760 2156 fecerat,

2159 2187 2346 2252 postea
2391 2181 2591 2234 iterum
2635 2186 2938 2245 recrearet;
2992 2177 3122 2250 quia
3147 2193 3242 2250 per
3270 2193 3512 2232 errorem
3541 2177 3765 2232 fuerant

2159 2269 2315 2324 velut
2345 2277 2582 2338 mortua,
2612 2275 2674 2324 ut
2703 2284 2917 2340 semper
2944 2267 3002 2322 in
3032 2267 3185 2323 omni
3217 2267 3333 2323 vita
3361 2266 3434 2322 sit
3463 2267 3676 2339 primus
3701 2274 3764 2322 et

2158 2359 2432 2433 princeps.

2232 2449 2414 2519 (Vers.
2440 2446 2554 2519 i9.)
2592 2473 2609 2495 ε
2629 2446 2770 2514 Quia
2791 2445 2848 2500 in
2871 2445 2989 2518 ipso
3010 2446 3345 2518 complacuit
3363 2446 3509 2503 Patri
3531 2463 3756 2503 omnem

2158 2537 2564 2612 plenitudinem
2603 2537 2931 2593 inhabitare.
2977 2561 2994 2582 ιι
3048 2537 3343 2593 Plenitudo
3391 2537 3450 2593 in
3501 2537 3618 2609 ipso
3671 2544 3760 2593 est

2157 2635 2212 2683 et
2253 2634 2439 2682 manet
2463 2645 2476 2693 ;
2527 2627 2656 2699 quia
2684 2625 2872 2681 omnia
2901 2634 3080 2698 potest
3109 2642 3345 2698 semper,
3376 2633 3439 2682 ut
3473 2626 3616 2682 nihil
3645 2641 3758 2681 ex-

2157 2724 2375 2789 ceptum
2421 2715 2512 2783 sit,
2559 2715 2705 2789 quod
2749 2731 2862 2770 non
2899 2731 2994 2787 per
3022 2732 3145 2770 eum
3181 2716 3353 2787 possit
3380 2714 3659 2787 praestari;
3683 2721 3760 2769 ut

2158 2815 2212 2862 et
2259 2806 2482 2872 faceret,
2513 2813 2566 2860 et
2611 2804 2952 2872 reformaret,
2985 2813 3038 2860 et
3067 2805 3215 2876 lapsa
3243 2805 3489 2876 erigeret,
3522 2811 3576 2859 et
3611 2819 3757 2858 mor-

2157 2905 2252 2953 tua
2278 2895 2606 2950 viviﬁcaret.
2641 2893 2796 2950 Unde
2825 2894 2903 2948 ait
2928 2912 2938 2950 :
2977 2917 2996 2940 ι
3019 2894 3174 2950 Sicut
3203 2893 3368 2949 habet
3396 2894 3552 2948 Pater
3580 2891 3756 2950 vitam

2158 2986 2216 3041 in
2266 2985 2591 3056 semetipso;
2647 2984 2724 3037 ita
2769 2982 2924 3038 dedit
2971 2990 3024 3038 et
3065 2982 3210 3038 Filio
3256 2981 3428 3038 vitam
3465 2981 3665 3038 habere
3695 2981 3755 3038 in

2159 3075 2454 3145 semetipso
2478 3075 2660 3145 (Joan.
2684 3089 2741 3140 v,
2759 3070 2876 3142 26),
2911 3097 2929 3119 ι
2970 3079 3025 3126 et
3058 3089 3070 3126 :
3116 3096 3134 3118 ε
3163 3071 3318 3127 Sicut
3346 3072 3505 3128 Pater
3527 3070 3758 3128 suscitat

2160 3173 2410 3219 mortuos
2448 3171 2502 3218 et
2540 3159 2810 3228 viviﬁcat,
2851 3159 2932 3215 sic
2961 3167 3015 3214 et
3046 3160 3223 3216 Filius
3270 3177 3407 3233 quos
3444 3161 3567 3217 vult
3595 3159 3754 3216 vivi-

2156 3252 2306 3308 ﬁcat.
2355 3252 2464 3306 Nec
2505 3249 2653 3304 enim
2703 3249 2862 3304 Pater
2889 3247 3104 3321 judicat
3134 3266 3486 3323 quemquam,
3516 3250 3611 3307 sed
3638 3267 3757 3306 om-

2155 3357 2222 3397 ne
2265 3339 2540 3412 judicium
2571 3337 2725 3394 dedit
2770 3337 2913 3393 Filio
2942 3338 3104 3410 (Ibid.
3132 3338 3221 3406 21,
3253 3339 3371 3410 22).
3404 3365 3422 3388 ι
3460 3339 3609 3406 Quid
3636 3346 3754 3395 tam

2149 3429 2385 3503 justum,
2407 3427 2516 3483 nisi
2537 3433 2599 3482 ut
2619 3425 2818 3482 horum
2841 3443 2960 3500 qua:
2982 3427 3112 3484 fecit
3135 3444 3230 3499 per
3248 3429 3432 3497 illum,
3461 3428 3567 3500 ipsi
3596 3428 3756 3484 daret

2150 3517 2448 3592 judicium,
2481 3525 2544 3573 ut
2571 3517 2753 3573 omnis
2779 3517 3065 3589 plenitudo
3095 3517 3408 3574 divinitatis
3440 3519 3558 3589 (79)
3591 3517 3752 3574 habi-

2154 3615 2297 3664 taret
2316 3608 2373 3663 in
2395 3608 2514 3680 ipso
2536 3623 2630 3679 per
2652 3607 2707 3662 id
2727 3608 2874 3680 quod
2890 3607 3157 3674 diximus,
3179 3624 3401 3664 omnem
3423 3607 3583 3664 illum
3603 3613 3755 3680 pote-

2154 3705 2350 3755 statem
2380 3698 2436 3752 in
2469 3713 2524 3753 se
2550 3696 2749 3752 habere
2775 3716 2787 3753 :
2813 3697 2919 3753 hoc
2946 3707 3048 3763 est,
3069 3699 3243 3753 Deum
3275 3714 3391 3754 esse
3411 3698 3753 3769 perfectum;

2155 3788 2250 3862 qui
2276 3787 2425 3844 enim
2456 3787 2573 3843 haec
2600 3787 2789 3842 omnia
2815 3802 2929 3842 non
2959 3787 3145 3855 habet,
3173 3804 3285 3844 non
3305 3795 3387 3843 est
3415 3790 3580 3844 Deus.

2229 3877 2411 3949 (Vers.
2445 3876 2561 3947 20.)
2608 3900 2626 3922 ι
2652 3877 2724 3930 Ει
2761 3890 2858 3946 per
2907 3890 3033 3930 eum
3076 3875 3434 3932 reconciliare
3471 3875 3660 3932 omnia
3696 3876 3759 3932 in

2156 3967 2358 4039 ipsum,
2411 3963 2703 4037 paciﬁcans
2751 3978 2847 4034 per
2883 3962 3205 4034 sanguinem
3253 3963 3435 4019 crucis
3466 3963 3604 4035 ejus,
3637 3964 3761 4022 sive

2157 4072 2277 4128 quae
2311 4055 2370 4110 in
2400 4053 2555 4110 ccelis
2603 4059 2732 4108 sunt
2781 4050 2924 4122 (80),
2959 4050 3076 4106 sive
3118 4066 3238 4122 quae
3283 4051 3340 4106 in
3366 4051 3547 4107 terris.
3581 4076 3599 4099 ι
3643 4054 3762 4110 Hoc

2156 4152 2239 4200 est
2274 4143 2421 4218 quod
2451 4157 2614 4213 supra
2643 4138 2993 4207 memoravit,
3026 4137 3157 4212 quia
3195 4146 3257 4194 ut
3304 4154 3366 4194 ea
3394 4138 3601 4208 omnia,
3634 4158 3760 4214 quas

2156 4233 2308 4302 fecit,
2340 4248 2436 4304 per
2482 4231 2643 4286 illum
2693 4235 3044 4298 restauraret,
3101 4245 3227 4285 cum
3280 4244 3462 4284 errore
3515 4230 3757 4302 quodam

2155 4321 2466 4392 discrepare
2491 4317 2604 4390 jam
2637 4317 2929 4388 coepissent
2953 4316 3022 4372 ab
3051 4315 3315 4386 invicem,
3346 4333 3448 4374 nec
3476 4334 3588 4374 non
3607 4319 3758 4377 etab

2155 4419 2377 4467 auctore
2417 4411 2524 4479 (est
2568 4408 2716 4464 enim
2755 4406 2937 4464 adhuc
2965 4423 3117 4462 error
3146 4406 3203 4461 in
3233 4407 3545 4464 carnalibus
3573 4409 3754 4481 ccelis)

2155 4497 2476 4556 humiliavit
2509 4513 2656 4564 eum,
2689 4495 3028 4552 incarnando
3068 4495 3250 4564 illum,
3282 4504 3343 4551 ut
3368 4495 3535 4552 homo
3576 4497 3757 4555 factus

2156 4587 2467 4646 ostenderet
2503 4603 2566 4645 ac
2607 4586 2828 4643 doceret
2857 4585 3133 4658 quomodo
3163 4591 3384 4656 possent
3419 4600 3502 4651 ea,
3542 4601 3664 4658 quas
3694 4585 3755 4643 in

2153 4680 2502 4754 ﬁrmamento
2531 4686 2680 4746 sunt,
2709 4685 2764 4734 et
2793 4693 2956 4749 super
2984 4685 3184 4733 terram
3217 4677 3564 4734 reconciliari
3594 4677 3755 4735 Crea-

2154 4769 2283 4826 tori.
2333 4770 2492 4838 Quod
2537 4777 2598 4825 ut
2643 4767 2712 4824 ad
2759 4767 3062 4839 perfectum
3110 4766 3453 4839 perduceret,
3490 4767 3669 4825 occidi
3697 4783 3756 4824 se

2153 4879 2343 4938 passus
2389 4870 2471 4918 est
2510 4867 2734 4934 propter
2772 4858 3054 4926 homines;
3090 4865 3152 4914 ut
3181 4875 3318 4931 quos
3347 4857 3491 4931 apud
3528 4874 3754 4931 superos

2153 4955 2435 5022 docuerat,
2459 4959 2726 5008 exeuntes
2755 4948 2887 5004 hinc
2915 4965 2947 5003 a
2975 4955 3151 5020 morte
3177 4947 3416 5005 secunda
3444 4947 3617 5004 teneri
3637 4963 3751 5004 non

2153 5042 2400 5114 possint;
2449 5049 2512 5096 ut
2560 5037 2811 5095 doctrina
2859 5035 2978 5108 ejus
3025 5037 3267 5094 fructum
3308 5035 3532 5092 haberet
3561 5035 3753 5108 primae

2155 5128 2546 5199 institutionis,
2587 5137 2642 5184 et
2685 5126 2870 5184 omnia
2898 5125 3042 5182 facta
3069 5142 3165 5198 per
3193 5125 3376 5199 ipsum
3404 5125 3660 5182 viverent
3689 5125 3750 5180 in

2229 5364 2249 5436 (
2257 5361 2346 5436 78)
2377 5361 2543 5436 Rom.
2569 5356 2729 5436 edit.,
2759 5371 2866 5410 non
2893 5355 3027 5436 quia
3052 5352 3282 5436 eiusdem
3299 5355 3594 5436 communio
3620 5356 3753 5436 sub.

2155 5426 2354 5492 stantia
2401 5433 2488 5488 sit.
2521 5429 2681 5502 Infra
2716 5442 2852 5502 vero
2881 5443 2979 5502 pro
3007 5427 3066 5482 in
3093 5426 3208 5496 ipso
3237 5433 3498 5495 constant,
3529 5427 3589 5484 in
3614 5428 3753 5502 qui-

2155 5508 2387 5564 busdam
2420 5519 2548 5559 mss.
2581 5499 2801 5571 legitur,
2832 5498 2938 5570 ipsi
2963 5503 3223 5571 constant.

2231 5580 2347 5651 (79)
2392 5577 2473 5631 Ita
2507 5569 2816 5651 _vet.'.edit.
2850 5569 2923 5651 ac
2953 5586 3134 5651 .mssi;
3166 5569 3301 5651 edit.
3353 5578 3537 5651 autem
3559 5573 3750 5651 item”

2156 5658 2204 5707 et
2232 5641 2289 5705 ut
2317 5641 2435 5721 ipsa
2459 5641 2824 5721 plenitudo....
2857 5642 3056 5721 injpso
3081 5643 3107 5698 ?
3128 5718 3136 5721 _
3154 5648 3201 5696 et
3226 5643 3283 5698 id
3309 5648 3405 5710 est,
3433 5645 3575 5712 quod
3595 5643 3754 5701 ἀξεί-

2156 5713 2362 5778 mus”;
2394 5713 2532 5774 in'se
2560 5713 3058 5790 habere,_quod-est;
3090 5718 3194 5790 etc.
3335 5781 3349 5790 _
3387 5779 3398 5790 θ
3559 5782 3571 5790 _
3654 5769 3658 5772 ,

2231 5792 2346 5865 (80)
2378 5790 2507 5850 Mss.
2539 5781 2821 5853 nonnulli,
2849 5784 2956 5842 sive
2983 5801 3100 5857 qua:
3123 5782 3182 5840 in
3208 5781 3424 5838 excelsis
3449 5782 3596 5838 sunt.
3651 5798 3657 5803 -
