3970 6390
253 365 360 428 449

1306 369 1667 431 COMMENT.
1709 374 1781 432 IN
1817 371 2035 432 EPIST.
2078 377 2174 433 AD
2213 347 2491 436 coLoss.

3439 357 3544 440 430

239 514 340 570 pso
366 499 518 571 quasi
549 498 608 554 in
642 509 885 568 auctore,
915 499 1060 557 sicut
1078 499 1271 556 Petrus
1297 500 1498 558 fatetur
1525 500 1582 556 in
1605 499 1838 558 Actibus
1867 507 1918 566 Α
1949 509 2030 557 est
2056 510 2110 558 et
2138 502 2422 570 colendus,
2457 521 2556 561 nec
2599 504 2667 562 ad
2707 505 2855 562 hunc
2882 507 3238 565 aestimandus
3267 516 3349 564 est
3377 509 3543 580 quis-

238 590 609 660 apostolorum
640 591 788 661 (Act.
821 607 959 657 xvn,
992 589 1097 656 28;
1131 607 1214 657 nr,
1249 591 1361 659 15).

312 677 493 747 (Vers.
523 679 613 748 2i,
645 679 760 749 22.)
805 703 823 725 ι
851 679 922 733 Et
951 694 1050 734 vos
1065 677 1340 752 quondam
1369 678 1634 734 alienatos
1653 687 1707 734 et
1727 678 1830 732 ini-

236 767 412 825 micos
463 772 822 828 consiliorum
857 769 978 840 ejus
1029 771 1086 825 in
1126 770 1383 842 operibus
1421 770 1647 842 iniquis,
1685 787 1832 825 nunc

234 870 418 918 autem
453 862 834 920 reconciliatos
868 861 925 916 in
956 879 1182 934 corpore
1211 863 1393 918 carnis
1421 865 1538 928 ejus
1567 879 1662 935 per
1692 879 1830 918 mor-

232 962 368 1024 tem,
399 956 662 1016 exhibere
699 967 912 1030 oportet
955 974 1053 1012 vos
1099 964 1317 1014 sanctos
1359 966 1413 1014 et
1451 957 1832 1013 immaculatos

233 1053 288 1101 et
322 1045 734 1118 irreprehensos
762 1048 819 1102 in
866 1055 1163 1120 conspectu
1192 1064 1311 1103 suo.
1345 1071 1362 1093 ι
1416 1046 1586 1112 Quale
1623 1047 1830 1101 donum

230 1135 331 1191 Dei
358 1138 431 1193 sit
468 1154 592 1210 erga
633 1149 818 1210 gentes
849 1146 1137 1206 memorat,
1174 1146 1236 1194 ut
1267 1138 1516 1194 ostendat
1544 1154 1637 1193 eos
1667 1136 1835 1192 debi-

229 1229 398 1293 tores,
427 1233 481 1280 et
512 1227 733 1298 quidem
769 1228 1029 1295 multum,
1070 1227 1129 1282 in
1176 1227 1472 1299 gratiarum
1520 1225 1834 1282 actionibus

229 1312 330 1369 Dei
361 1331 374 1381 ;
397 1314 491 1387 qui
513 1331 638 1370 cum
666 1314 880 1371 inimici
900 1323 1079 1371 essent
1097 1314 1455 1372 consiliorum
1473 1313 1610 1385 ejus,
1633 1312 1834 1385 quibus

229 1399 475 1459 decrevit
503 1403 727 1459 visitare
742 1419 912 1475 genus
934 1403 1238 1459 humanum
1259 1420 1352 1475 per
1368 1403 1638 1459 famulum
1670 1417 1831 1455 suum

226 1488 476 1563 Moysen,
516 1490 676 1564 cujus
705 1492 1018 1550 doctrinam
1063 1499 1118 1546 et
1166 1499 1486 1563 potestatem
1529 1506 1640 1546 non
1672 1504 1836 1546 rece-

227 1587 449 1652 perunt,
491 1579 677 1637 devoti
735 1581 900 1637 idolis
943 1581 1079 1649 suis,
1127 1579 1242 1636 imo
1293 1578 1552 1652 operibus
1583 1578 1830 1651 iniquis;

228 1668 602 1726 adoraverunt
644 1671 792 1726 enim
831 1686 996 1744 opera
1037 1686 1156 1735 sua,
1192 1686 1312 1742 quae
1358 1669 1608 1726 fecerunt
1639 1686 1650 1724 :
1688 1673 1833 1730 266

224 1765 608 1823 misericordia
659 1773 840 1822 autem
889 1775 944 1822 et
989 1765 1340 1838 providentia
1385 1765 1486 1820 Dei
1541 1764 1835 1838 requisivit

221 1869 357 1910 eos:
403 1866 468 1913 ut
513 1856 752 1929 gratuito
781 1857 880 1911 Dei
924 1855 1153 1927 gratiam
1199 1863 1684 1927 consequerentur,
1735 1869 1831 1909 re-
1857 1868 1905 1928 Β

220 1943 459 2003 deuntes
505 1947 574 2004 ad
606 1963 734 2003 eum
784 1947 843 2002 in
881 1945 1218 2003 conscientia
1247 1945 1496 2012 munda;
1548 1952 1608 2001 ut
1649 1944 1705 2000 in
1739 1944 1828 2000 die

211 2033 422 2107 judicii
452 2035 584 2092 dum
617 2037 760 2093 nihil
790 2037 992 2094 erroris
1020 2035 1223 2092 veteris
1254 2036 1599 2092 inveniretur
1630 2036 1686 2091 in
1717 2034 1825 2102 his,

217 2124 715 2197 adcorporarentur
743 2125 987 2183 Creatori
1016 2142 1136 2193 suo,
1169 2124 1266 2197 qui
1305 2133 1367 2179 ut
1397 2124 1679 2196 prodesset
1711 2123 1828 2178 hu-

221 2229 392 2268 mano
419 2215 624 2285 generi,
663 2215 979 2270 incarnatus
1008 2213 1175 2270 homo
1200 2213 1376 2269 factus
1402 2222 1506 2282 est,
1533 2222 1594 2269 ut
1623 2211 1680 2267 in
1712 2228 1826 2268 car-

219 2318 294 2358 ne
322 2318 420 2358 sua
443 2303 692 2359 vinceret
723 2310 976 2359 mortem.

298 2391 482 2462 (Vers.
529 2390 619 2460 23,
650 2391 766 2464 2’s.)
833 2417 851 2440 ι
883 2391 940 2448 Si
985 2390 1207 2464 quidem
1237 2389 1597 2463 perseveratis
1631 2389 1688 2444 in
1719 2388 1827 2445 ﬁde

222 2481 466 2551 fundati,
499 2481 722 2538 stabiles
745 2491 799 2538 et
819 2482 1132 2538 immobiles
1160 2498 1192 2537 a
1219 2498 1312 2553 spe
1345 2482 1652 2555 Evangelii,
1680 2482 1828 2555 quod

223 2571 486 2641 audistis,
515 2572 661 2644 quod
689 2573 1045 2645 praedicatum
1075 2579 1159 2627 est
1186 2573 1245 2628 in
1274 2573 1532 2628 universa
1551 2581 1820 2642 creatura,

227 2677 351 2735 quae
397 2659 500 2716 sub
547 2663 686 2718 coalo
729 2670 830 2719 est.
865 2661 1036 2734 Cujus
1082 2664 1260 2719 factus
1306 2679 1426 2719 sum
1476 2679 1574 2735 ego
1623 2664 1825 2720 Paulus

227 2747 502 2816 minister,
531 2751 626 2822 qui
653 2767 800 2807 nunc
821 2751 1030 2823 gaudeo
1054 2751 1112 2806 in
1143 2751 1490 2823 passionibus
1524 2767 1620 2823 pro
1642 2750 1824 2818 vobis,

220 2847 282 2896 et
309 2840 539 2910 suppleo
588 2840 848 2912 reliquias
892 2856 1268 2912 pressurarum
1317 2841 1524 2898 Christi
1572 2841 1630 2895 in
1659 2855 1828 2895 carne

221 2943 350 2984 mea
394 2945 492 3000 pro
529 2945 758 3002 corpore
784 2928 923 3001 ejus,
954 2930 1101 3004 quod
1147 2939 1230 2987 est
1257 2931 1522 2987 Ecclesia.
1556 2957 1575 2980 ι
1628 2932 1691 2987 ln
1719 2931 1824 2987 tri-

226 3015 633 3088 bulationibus,
666 3035 801 3092 quas
828 3019 1157 3092 patiebatur,
1186 3021 1462 3077 exsultare
1490 3037 1548 3078 se
1577 3021 1779 3078 fatetur
1809 3038 1824 3088 ;

226 3109 360 3183 quia
381 3111 688 3182 profectum
718 3128 879 3168 suum
901 3112 1054 3168 videt
1090 3113 1150 3169 in
1179 3113 1287 3170 ﬁde
1320 3112 1681 3170 credentium.
1701 3111 1823 3167 Non

1946 605 2110 662 quam
2142 609 2155 655 ;
2189 591 2319 664 quia
2349 591 2441 663 qui
2473 597 2637 663 caput
2663 601 2834 662 tenet,
2867 595 3131 667 reliquam
3163 604 3369 666 partem
3401 595 3544 651 sub—

1933 683 2142 757 jectam
2173 679 2355 736 habet.
2387 681 2521 736 Nam
2554 681 2650 754 qui
2698 699 2754 738 se
2780 681 3041 753 subjectis
3080 683 3359 752 humiliat,
3393 692 3543 740 totus

1940 777 2120 836 errat;
2168 770 2296 842 quia
2344 787 2454 826 non
2506 779 2696 828 tenens
2743 782 2906 844 caput
2937 781 3168 829 truncus
3194 781 3298 840 est,
3332 788 3401 826 ex
3431 789 3541 844 quo

1943 863 2123 911 totum
2154 875 2352 930 corpus
2381 861 2699 917 continetur
2727 862 2794 917 ad
2823 861 3015 918 vitam.

2016 947 2198 1018 (Vers.
2241 949 2331 1017 25,
2379 950 2493 1021 26.)
2537 974 2554 997 ι
2587 951 2757 1023 Cujus
2787 952 2963 1008 factus
2994 968 3113 1008 sum
3161 967 3260 1024 ego
3290 950 3542 1014 minister

1942 1036 2242 1091 secundum
2274 1038 2735 1110 dispensationem
2768 1041 2888 1109 Dei,
2913 1058 3033 1113 quas
3062 1041 3189 1096 data
3211 1049 3293 1096 est
3314 1039 3452 1095 mihi
3484 1040 3542 1095 in

1941 1139 2062 1190 vos,
2094 1124 2161 1179 ad
2212 1125 2556 1198 implendum
2587 1129 2815 1185 verbum
2865 1129 2960 1184 Dei
3003 1129 3059 1184 in
3100 1129 3366 1202 mysterio
3394 1126 3542 1200 quod

1941 1211 2324 1270 absconditum
2359 1217 2466 1272 fuit
2499 1233 2530 1272 a
2557 1219 2772 1275 saeculis
2799 1219 3148 1286 saaculorum,
3177 1227 3232 1274 et
3259 1234 3292 1273 a
3319 1232 3540 1288 genera-

1941 1299 2251 1358 tionibus.»
2295 1305 2611 1362 Ministrum
2633 1307 2838 1364 factum
2861 1324 2917 1364 se
2940 1324 3056 1365 esse
3082 1305 3367 1379 Evangelii
3394 1305 3539 1360 inter

1944 1400 2127 1462 gentes
2156 1409 2187 1447 a
2214 1395 2328 1450 Deo
2357 1410 2452 1466 per
2477 1395 2758 1452 Christum
2788 1413 2914 1452 cum
2946 1395 3150 1453 ﬁducia
3181 1393 3447 1469 loquitur,
3482 1401 3539 1448 ut

1943 1480 2269 1550 mysterium
2299 1492 2538 1554 coeptum
2581 1500 2612 1539 a
2650 1485 2888 1541 Domino
2918 1501 3012 1557 per
3040 1484 3300 1540 idoneum
3330 1491 3384 1538 et
3413 1481 3542 1536 elli-

1942 1581 2123 1622 cacem
2152 1586 2372 1626 servum
2419 1573 2593 1643 possit
2639 1572 2880 1645 impleri,
2920 1573 3068 1646 quod
3097 1573 3346 1644 ignotum
3375 1569 3482 1627 fuit
3509 1587 3542 1627 a

1942 1656 2178 1713 saeculis.

2015 1743 2199 1813 (Vers.
2217 1745 2309 1816 27,
2339 1747 2456 1820 28.)
2493 1773 2512 1796 ‹
2539 1748 2698 1806 Nunc
2717 1766 2849 1806 vero
2868 1749 3201 1808 declaratum
3224 1760 3306 1808 est
3334 1751 3542 1810 sanctis

1941 1830 2077 1903 ejus,
2111 1836 2311 1907 quibus
2345 1838 2524 1895 voluit
2568 1841 2714 1896 Deus
2743 1840 3116 1898 demonstrare
3153 1857 3274 1914 qua
3301 1841 3415 1896 sint
3443 1839 3540 1895 di-

1942 1923 2091 1979 vitiae
2127 1926 2424 1998 majestatis
2477 1929 2726 2002 mysterii
2763 1930 2860 1986 Dei
2909 1930 2968 1985 in
3020 1929 3359 1998 nationibus,
3390 1927 3538 2001 quod

1937 2019 2018 2066 est
2052 2012 2306 2072 Christus
2336 2017 2395 2072 in
2425 2018 2584 2074 vobis
2613 2035 2736 2090 spes
2765 2018 2973 2089 gloriae,
3006 2035 3165 2091 quem
3197 2035 3297 2074 nos
3327 2033 3538 2072 annun-

1937 2099 2160 2160 tiaanus.
2193 2128 2212 2153 ι
2265 2105 2591 2176 Mysterium
2626 2106 2772 2178 quod
2818 2105 2979 2162 latuit
3019 2123 3052 2162 a
3099 2106 3338 2172 saeculis,
3373 2104 3538 2160 modo

1936 2191 2238 2248 revelatum
2255 2194 2466 2262 asserit,
2485 2193 2541 2249 id
2563 2202 2663 2261 est,
2687 2201 2932 2266 tempore
2951 2195 3324 2267 apostolorum
3346 2201 3538 2250 osten-

1935 2296 2091 2348 sum;
2142 2283 2271 2354 quia
2313 2289 2368 2336 et
2415 2289 2600 2355 gentes
2648 2281 3002 2339 admittenda
3050 2291 3230 2339 essent
3285 2281 3405 2338 sine
3432 2282 3536 2338 cir-

1935 2369 2277 2425 cumcisione
2315 2369 2496 2426 carnis
2535 2369 2604 2426 ad
2634 2369 2800 2427 ﬁdem
2839 2370 3069 2439 Christi,
3101 2371 3197 2444 qui
3237 2371 3538 2442 promissus

1936 2467 2055 2513 erat
2096 2447 2320 2514 Iudaeis.
2363 2457 2524 2514 Prius
2567 2459 2715 2514 enim
2757 2467 2887 2515 ante
2933 2459 3379 2532 praedicationem
3408 2457 3537 2514 ﬁdei

1936 2549 2263 2605 circumcidi
2292 2549 2612 2605 mandatum
2643 2560 2724 2606 est
2769 2551 3018 2623 gentiles,
3051 2551 3099 2606 si
3127 2549 3433 2606 voluissent
3468 2548 3538 2604 ad

1938 2639 2114 2710 legem
2157 2639 2450 2696 accedere:
2485 2656 2633 2696 nunc
2660 2648 2844 2695 autem
2887 2640 3268 2698 misericordia
3302 2639 3425 2707 Dei,
3457 2639 3536 2694 ita

1937 2738 1997 2784 ut
2023 2740 2174 2799 sunt,
2205 2731 2407 2802 suscipi
2421 2731 2561 2802 jussi
2592 2740 2722 2788 sunt
2753 2732 2821 2787 ad
2851 2731 3034 2786 ﬁdem.
3059 2731 3218 2798 Quod
3243 2731 3535 2802 indignum

1938 2819 2233 2892 putabatur
2275 2820 2497 2888 Iudaeis,
2558 2829 2619 2876 ut
2671 2821 2923 2880 Christus
2977 2821 3036 2877 in
3083 2837 3191 2894 quo
3245 2837 3368 2894 spes
3421 2828 3537 2877 erat

1937 2908 2273 2981 Iudaeorum,
2328 2911 2493 2970 etiam
2543 2921 2732 2987 gentes
2776 2911 3070 2987 participes
3096 2910 3301 2969 faceret
3346 2909 3533 2982 gloriae

1935 3017 2068 3059 sua.
2447 3054 2452 3056 _

2016 3091 2202 3162 (Vers.
2234 3092 2350 3165 29.)
2395 3117 2414 3142 ι
2443 3094 2727 3150 Monentes
2755 3111 2974 3152 omnem
3006 3090 3310 3164 hominem,
3339 3102 3394 3151 et
3422 3089 3535 3151 do-

221 3181 309 3256 est
355 3181 504 3256 enim
553 3200 735 3258 inanis
785 3201 1093 3272 tribulatio,
1139 3202 1358 3276 quando
1399 3219 1525 3258 eum
1580 3219 1678 3275 pro
1717 3218 1828 3274 quo
1861 3229 1906 3290 ρ
1937 3188 2122 3290 seu“?
2169 3181 2228 3237 in
2276 3181 2428 3290 οωιξί
2465 3185 2790 3290 Δεδρίθξλίίθχ.
2816 3186 3287 3290 υξὲθῑδίξιθδωῐιε
3315 3201 3534 3290 ῼῑξλῐιθιη

221 3291 454 3363 patitur,
500 3292 738 3364 acquirit
777 3293 845 3350 ad
883 3294 1077 3350 vitam.
1119 3294 1264 3362 Quas
1304 3296 1580 3368 passiones
1610 3295 1830 3353 Christo

222 3377 365 3436 dicit
395 3380 612 3449 inferri,
643 3381 800 3452 cujus
830 3385 1021 3456 utique
1049 3382 1358 3440 doctrinam
1389 3391 1825 3456 persequuntur;

219 3473 288 3522 ut
315 3474 370 3522 et
405 3468 643 3540 perﬁdos
679 3479 868 3542 gravet
898 3471 1200 3542 impietatis
1247 3488 1358 3526 suae
1389 3473 1736 3539 credulitate,
1776 3479 1830 3526 et

223 3554 484 3614 ﬁdelibus
512 3559 612 3614 Dei
639 3559 898 3632 praedicet
926 3559 1276 3629 charitatem,
1297 3559 1454 3631 cujus
1477 3561 1653 3616 Filius
1681 3577 1830 3616 nunc

223 3666 402 3722 usque
435 3649 668 3720 injurias
700 3651 911 3722 patitur
939 3666 1038 3721 pro
1065 3650 1244 3706 nobis.
1277 3650 1436 3706 Nunc
1466 3650 1634 3723 igitur
1661 3650 1826 3707 intel-

228 3739 327 3811 ligi
373 3740 495 3795 vult
528 3757 633 3813 qua
666 3757 828 3797 causa
870 3741 1063 3797 scribit
1103 3741 1172 3796 ad
1202 3758 1313 3810 eos,
1353 3757 1480 3797 cum
1511 3740 1674 3798 dicit:
1725 3767 1742 3788 ι
1773 3741 1830 3797 Si

225 3838 413 3885 tamen
445 3832 805 3902 perseveratis
833 3832 891 3888 in
911 3831 1018 3888 ﬁde
1039 3831 1254 3887 fundati
1280 3849 1334 3899 ;›
1377 3839 1440 3888 ut
1466 3831 1672 3888 scirent
1698 3840 1831 3890 tunc

227 3917 490 3990 prodesse
537 3920 643 3976 sibi
674 3921 983 3994 passionem
1024 3920 1256 3989 Christi,
1301 3921 1347 3978 si
1379 3921 1438 3976 in
1467 3930 1687 3994 accepta
1723 3922 1830 3980 ﬁde

226 4015 534 4065 manerent.
567 4009 780 4068 Idcirco
810 4009 958 4066 enim
991 4009 1393 4082 omnipotentia
1430 4010 1829 4082 magnitudinis

224 4104 433 4170 quanta
470 4097 543 4154 sit
593 4097 823 4168 Christi,
855 4105 911 4156 et
941 4115 1107 4172 quam
1138 4098 1379 4168 inﬁnita,
1424 4099 1492 4155 ab
1532 4099 1694 4154 initio
1723 4099 1830 4156 de-

223 4186 481 4253 claravit,
525 4195 588 4243 ut
613 4187 834 4244 doceret
873 4187 930 4242 in
972 4186 1091 4260 ipso
1122 4187 1239 4243 solo
1270 4202 1422 4258 spem
1469 4185 1778 4259 ponendam
1811 4204 1826 4255 ;

225 4278 360 4354 quia
409 4278 584 4350 ipsius
634 4288 764 4335 sunt
811 4278 1020 4348 omnia,
1077 4286 1131 4335 et
1180 4278 1311 4352 quia
1355 4278 1497 4334 nihil
1545 4282 1664 4334 sine
1710 4278 1830 4352 ipso

226 4373 411 4442 potest
440 4367 650 4436 vivere,
681 4383 858 4438 neque
888 4367 947 4422 in
977 4367 1153 4436 caelis,
1188 4382 1366 4439 neque
1389 4367 1446 4421 in
1475 4366 1654 4423 terris.
1687 4367 1830 4422 Ante

226 4474 423 4514 omnes
457 4458 607 4513 enim
642 4465 743 4526 est,
776 4465 828 4514 et
857 4465 1054 4515 cuncta
1081 4458 1140 4512 in
1171 4457 1290 4530 ipso
1319 4467 1592 4528 constant,
1623 4458 1752 4532 quia
1771 4458 1829 4513 in

228 4547 492 4604 omnibus
520 4545 635 4620 ipse
666 4547 966 4619 primatum
987 4554 1136 4604 tenet
1161 4565 1175 4615 ;
1208 4557 1270 4604 ut
1301 4548 1348 4604 si
1379 4548 1502 4622 quis
1531 4546 1696 4606 alicui
1726 4549 1830 4603 ele-

229 4652 548 4700 mentorum
579 4651 675 4699 aut
705 4643 1047 4716 angelorum,
1080 4643 1169 4699 vel
1195 4643 1532 4700 Potestatum
1565 4644 1827 4700 devotum

230 4757 289 4798 se
329 4739 524 4796 debere
575 4754 691 4794 esse
748 4744 920 4811 putet,
977 4752 1156 4795 errare
1212 4754 1268 4794 se
1323 4737 1476 4795 sciat.
1538 4737 1638 4794 Hic
1684 4737 1830 4794 enim

231 4839 378 4880 unus
431 4831 513 4881 est
567 4826 747 4882 Filius
800 4823 920 4892 Dei,
969 4831 1137 4896 caput
1181 4824 1366 4881 omnis
1402 4825 1740 4898 principatus
1778 4835 1832 4883 et

231 4921 514 4996 principii,
546 4919 706 4994 cujus
737 4921 1101 4994 Evangelium
1128 4922 1486 4994 praedicatum
1520 4932 1600 4980 est
1630 4923 1686 4978 in
1717 4931 1832 4979 toto

233 5018 462 5086 mundo,
495 5018 816 5092 incipiensa
846 5019 1051 5091 Moyse,
1087 5020 1184 5092 qui
1211 5019 1357 5075 dixit
1378 5018 1618 5076 Iudaeis:
1661 5017 1834 5086 «Quia

235 5109 562 5182 Prophetam
591 5110 749 5166 vobis
776 5110 1065 5167 suscitabit
1092 5112 1364 5168 Dominus
1387 5114 1532 5168 Deus
1561 5120 1739 5169 vester
1763 5129 1833 5169 ex

235 5197 500 5256 fratribus
528 5199 746 5268 vestris,
778 5207 1037 5272 tanquam
1069 5217 1175 5257 me.
1219 5203 1400 5272 Ipsum
1432 5202 1694 5271 audietis;
1727 5203 1832 5260 erit

235 5288 406 5357 enim,
456 5289 770 5363 quicunque
817 5306 928 5344 non
987 5289 1224 5346 audierit
1273 5291 1594 5363 prophetam
1648 5294 1829 5362 illum,

235 5377 698 5434 exterminabitur
737 5378 806 5435 de
847 5378 1004 5450 plebe
1053 5379 1232 5450 (Deut.
1275 5397 1440 5449 xvm,
1504 5383 1590 5450 l5,
1643 5383 1754 5452 19).
1801 5408 1818 5430 ι

236 5465 391 5522 Unde
441 5467 712 5524 Dominus
749 5466 828 5522 ait
874 5465 1114 5523 Iudaeis:
1161 5493 1179 5516 ι
1208 5467 1348 5535 Quia
1388 5470 1604 5542 Moyses
1648 5469 1715 5526 de
1746 5485 1832 5525 me

235 5555 456 5635 scripsit
487 5557 668 5628 (Joan.
702 5572 759 5626 v,
807 5555 924 5629 46).
957 5582 976 5607 ι
1018 5557 1206 5630 Itaque
1236 5557 1328 5615 hic
1357 5574 1500 5614 unus
1528 5558 1832 5616 audiendus

311 5661 665 5740 (8i)__0mnes
691 5657 829 5740 edit.
870 5671 924 5718 et
952 5662 1175 5740 quidam
1209 5681 1386 5740 mss.,_
1411 5665 1521 5740 cita
1551 5666 1832 5740 inﬁdelita-

237 5731 346 5800 tis;
375 5731 472 5790 alii
500 5733 684 5806 plures
717 5731 1090 5809 potioresque,
1119 5737 1262 5795 victa
1293 5737 1599 5812 inﬁdelitas.

1940 3267 2222 3326 hominem
2279 3272 2582 3344 perfectum
2625 3274 2684 3329 in
2731 3273 2952 3332 Christo
2995 3293 3006 3332 :
3061 3275 3122 3331 in
3165 3291 3276 3348 quo
3321 3273 3534 3343 laboro,

1938 3366 2155 3414 certans
2178 3360 2482 3416 secundum
2503 3363 2874 3434 operationem
2904 3362 3098 3434 ipsius,
3129 3379 3250 3436 qua:
3277 3370 3535 3434 operatur

1939 3448 1998 3503 in
2028 3465 2116 3505 me
2163 3451 2222 3506 in
2251 3451 2478 3508 virtute.
2511 3477 2530 3502 ι
2575 3453 2727 3509 Hanc
2767 3454 2906 3510 dicit
2935 3470 3118 3510 veram
3165 3469 3280 3510 esse
3307 3454 3533 3525 sapien-

1939 3540 2093 3609 tiam,
2126 3557 2245 3613 quaa
2275 3552 2358 3600 est
2386 3545 2443 3600 in
2473 3545 2768 3618 disciplina
2794 3546 3106 3615 Dominica,
3135 3562 3260 3603 cum
3289 3547 3532 3619 agnosci-

1938 3635 2031 3684 tur
2059 3628 2333 3690 Christus.
2369 3633 2528 3702 Quod
2547 3652 2604 3692 se
2625 3636 2805 3708 ipsum
2824 3637 3149 3709 Apostolum
3181 3652 3375 3709 magna
3401 3654 3527 3694 cum

1939 3739 2070 3780 cura
2111 3737 2266 3796 agere
2311 3733 2580 3794 testatur;
2622 3735 2684 3783 ut
2712 3727 2970 3783 erudiens
3002 3743 3221 3783 omnem
3252 3727 3530 3783 hominem

1939 3813 1998 3868 in
2027 3812 2132 3871 hac
2157 3815 2445 3887 sapientia,
2495 3824 2940 3872 consummatum
2969 3833 3096 3874 eum
3124 3816 3384 3873 exhibeat
3419 3818 3532 3873 Deo

1939 3908 1998 3964 in
2040 3909 2379 3966 intellectum
2419 3909 2646 3980 Christi,
2671 3919 2732 3966 ut
2761 3912 3085 3985 mysterium
3133 3911 3438 3969 nativitatis
3463 3927 3532 3968 ex

1938 3999 2070 4066 Deo,
2124 4009 2177 4054 et
2213 3999 2520 4056 nativitatis
2564 4016 2634 4056 ex
2675 4001 2844 4057 Maria
2890 4008 2945 4057 et
2989 4001 3164 4058 totius
3191 4001 3371 4074 operis
3414 4000 3532 4072 ejus

1937 4087 2242 4145 caelestium
2271 4097 2324 4144 et
2354 4088 2693 4145 terrestrium
2733 4099 3070 4164 assequatur.
3101 4089 3272 4163 Cujus
3300 4091 3377 4147 rei
3417 4106 3530 4148 cer-

1938 4181 2121 4233 tamen
2151 4187 2342 4234 contra
2368 4178 2605 4251 perﬁdos
2634 4177 2834 4236 habere
2860 4193 2918 4235 se
2948 4179 3216 4254 loquitur,
3246 4179 3528 4252 adjuvan-

1938 4270 2090 4326 tibus
2115 4271 2288 4344 signis
2330 4271 2600 4328 virtutum
2633 4290 2646 4329 :
2679 4280 2741 4328 ut
2770 4287 2865 4344 per
2894 4270 3012 4328 hac
3037 4274 3185 4330 victa
3229 4271 3528 4328 inﬁdelitas

1942 4362 2058 4436 (81)
2091 4364 2502 4438 comprimatur.
2527 4363 2632 4432 Qui
2661 4363 2810 4420 enim
2841 4365 3026 4422 verbis
3053 4365 3358 4422 subtilitate
3385 4380 3531 4438 qua-

1938 4452 2063 4508 dam
2088 4453 2377 4512 diabolicae
2407 4454 2661 4511 versutiae
2689 4471 2853 4512 ausus
2887 4465 2968 4512 est
2995 4455 3389 4523 contradicere,
3423 4470 3526 4526 pu-

1937 4543 2070 4603 dore
2097 4555 2394 4618 correctus,
2424 4564 2642 4605 necesse
2671 4555 2752 4604 est
2778 4546 2937 4604 cedat
2962 4546 3181 4604 virtuti.

2487 4707 2631 4768 267
2661 4700 2888 4761 CAPUT
2916 4698 2985 4760 ΙΙ.

2014 4830 2195 4903 (Vers.
2231 4830 2280 4898 1,
2329 4829 2383 4897 2,
2423 4828 2503 4899 3.)
2554 4854 2572 4876 ι
2600 4827 2742 4884 Volo
2772 4827 2919 4882 enim
2949 4843 3049 4883 vos
3077 4825 3238 4896 scire,
3268 4832 3527 4902 quantam
3604 4879 3608 4883 .

1939 4918 2368 4976 sollicitudinem
2414 4917 2640 4973 habeam
2693 4933 2792 4988 pro
2842 4915 3024 4986 vobis,
3064 4925 3118 4974 et
3164 4934 3264 4990 pro
3313 4916 3401 4978 his
3431 4917 3527 4991 qui

1939 5009 2218 5067 Laodicea
2269 5015 2418 5075 sunt,
2472 5014 2525 5062 et
2571 5012 2839 5080 quotquot
2885 5021 2995 5062 non
3037 5005 3296 5062 viderunt
3335 5005 3529 5062 faciem
3630 5036 3632 5038 -

1941 5116 2116 5156 meam
2157 5101 2215 5156 in
2261 5114 2460 5165 carne;
2508 5106 2568 5154 ut
2598 5095 3027 5154 consolationem
3066 5095 3339 5168 accipiant
3365 5095 3532 5152 corda

1941 5203 2149 5256 eorum,
2177 5205 2302 5244 cum
2334 5185 2539 5242 fuerint
2568 5185 2825 5241 instructi
2861 5185 2918 5241 in
2946 5185 3213 5243 charitate
3252 5184 3308 5240 in
3339 5197 3529 5240 omnes

1940 5277 2164 5333 divitias
2192 5274 2553 5349 plenitudinis
2582 5275 2916 5347 intellectus,
2945 5276 3013 5333 ad
3043 5275 3378 5348 agnitionem
3414 5287 3528 5348 my-

1937 5372 2088 5430 sterii
2118 5372 2215 5428 Dei
2266 5369 2321 5428 in
2353 5371 2572 5429 Christo
2604 5371 2742 5444 (82),
2777 5373 2833 5429 in
2863 5391 2972 5446 quo
3015 5380 3143 5430 sunt
3185 5387 3374 5426 omnes
3416 5368 3528 5425 the-

1937 5464 2084 5521 sauri
2131 5463 2411 5538 sapientiae
2465 5471 2519 5520 et
2566 5463 2809 5520 scientia:
2860 5463 3189 5521 absconditi.
3225 5485 3242 5510 ι
3306 5460 3428 5516 Non
3473 5475 3529 5517 se

1938 5559 2123 5614 minus
2159 5557 2458 5616 sollicitum
2489 5575 2586 5631 pro
2626 5555 2713 5614 his
2745 5561 2880 5630 quos
2909 5557 2968 5613 in
2993 5573 3154 5613 carne
3190 5555 3419 5612 minime
3448 5556 3526 5611 vi-

2011 5665 2128 5739 (82)
2166 5667 2323 5725 Rom.
2356 5666 2489 5724 edit.
2522 5665 2754 5739 mysterii
2782 5664 2882 5739 D_ei
2909 5670 2958 5739 et
2988 5665 3173 5723 Patris
3204 5664 3260 5721 in
3295 5663 3525 5725 Christo.

1942 5736 2025 5797 Et
2043 5736 2213 5812 infra,
2239 5739 2555 5798 sacramenti
2579 5736 2683 5796 Dei
2715 5743 2764 5796 et
2792 5736 2998 5796 Patris.
3158 5794 3165 5802 ,
3361 5811 3364 5812 ν
3421 5791 3430 5800 ,
