3970 6358
457 339 557 406 481

1481 343 1578 400 AD
1616 342 1849 402 OPERA
1885 345 1944 401 S.
1984 341 2318 401 AMBROSII
2356 334 2738 402 APPENDIX.

3650 335 3768 400 452

459 481 560 547 dit,
595 494 756 551 quam
787 493 886 549 pro
915 476 1029 532 illis
1061 483 1177 532 erat
1206 474 1408 548 quibus
1434 490 1671 546 prasens
1700 473 2049 546 pradicabat,
2086 478 2135 535 A
2165 472 2358 528 mundi
2387 481 2502 528 arte
2531 471 2762 546 quadam
2812 478 2867 528 et
2911 469 3166 528 minutiis
3210 469 3651 542 disputationum
3693 469 3772 526 ir-

459 575 690 626 testatur
716 584 729 632 ;
765 575 827 622 ut
855 567 1060 623 scirent
1094 581 1204 621 non
1244 566 1456 622 minore
1485 565 1686 621 affectu
1715 563 1872 635 diligi
1901 579 1958 620 se
1984 563 2054 620 ab

458 677 543 730 eo,
577 660 705 733 quia
734 675 826 714 eos
865 674 976 714 non
1006 658 1238 727 viderat,
1273 674 1434 732 quam
1465 665 1691 714 caeteros
1734 655 1880 728 apud
1917 672 2054 728 quos

457 757 593 818 erat,
627 748 930 821 diligebat;
959 757 1021 804 ut
1065 749 1274 805 foveret
1320 750 1532 804 animos
1570 763 1757 803 eorum
1791 747 1848 802 in
1877 745 2052 802 chari-

458 849 589 912 tate,
622 849 675 896 et
707 841 949 915 prompti
969 839 1164 896 ﬁerent
1184 855 1278 911 per
1299 837 1606 910 epistolam,
1636 845 1689 892 et
1718 835 2052 908 agnitionem

457 936 767 1007 acciperent
807 934 1130 992 sacramenti
1169 933 1268 990 Dei
1314 934 1372 988 in
1421 931 1661 1000 Christo,
1710 930 2054 986 advertentes

457 1023 556 1080 has
584 1043 700 1082 esse
731 1025 1010 1097 sapientia
1057 1031 1111 1080 et
1155 1024 1399 1081 scientia
1429 1023 1674 1092 divitias,
1723 1022 1769 1078 si
1800 1037 2052 1094 agnosca-

456 1125 546 1174 tur
576 1119 827 1176 Christus
856 1119 913 1174 in
951 1116 1171 1174 deitatis
1200 1133 1311 1173 sua
1342 1114 1686 1188 plenitudine
1716 1111 2050 1170 adorandus.

455 1208 629 1265 Omne
659 1209 830 1282 igitur
857 1209 1184 1282 mysterium
1233 1208 1560 1266 sacramenti
1589 1209 1688 1264 Dei
1735 1207 1792 1262 in
1834 1205 2052 1263 Christo

453 1307 553 1356 est.
588 1300 690 1357 Hic
719 1307 799 1356 est
829 1300 978 1357 enim
1023 1318 1186 1371 unus,
1224 1302 1280 1358 in
1319 1318 1429 1375 quo
1459 1301 1640 1358 omnis
1668 1309 1915 1356 creatura
1944 1297 2053 1353 nisi

453 1391 777 1462 speraverit,
818 1392 1058 1464 peribit;
1093 1400 1154 1448 ut
1197 1393 1447 1449 omnium
1479 1391 1726 1464 potentia
1766 1390 1824 1446 in
1866 1406 1930 1446 eo
1959 1388 2050 1456 sit,

452 1488 515 1535 ut
544 1480 637 1553 qui
668 1481 948 1553 cognoscit
976 1481 1167 1551 istum,
1186 1490 1513 1540 cunctorum
1536 1496 1874 1555 quacunque
1901 1484 2052 1546 sunt,

453 1571 825 1645 cognitionem
885 1573 1140 1630 videatur
1187 1574 1406 1643 habere,
1457 1589 1560 1630 nec
1605 1573 1870 1631 colendus
1913 1571 2054 1627 alius

452 1672 650 1737 prater
677 1664 828 1721 hunc
857 1665 1169 1739 requiratur
1197 1685 1210 1734 ;
1245 1667 1374 1742 quia
1402 1667 1651 1723 omnium
1683 1664 2052 1738 potentiarum

453 1756 633 1813 virtus
663 1758 721 1812 in
753 1773 816 1813 eo
862 1765 982 1826 est;
1017 1773 1087 1815 ex
1133 1759 1251 1832 ipso
1279 1758 1427 1814 enim
1458 1756 1661 1814 habent
1689 1773 1879 1813 omnes
1912 1755 2050 1828 (83).

457 1852 610 1910 Unus
640 1855 786 1910 enim
818 1871 943 1910 cum
993 1855 1089 1922 sit,
1123 1855 1310 1911 omnia
1339 1861 1518 1927 potest
1551 1872 1562 1910 :
1596 1870 1763 1928 quare
1807 1861 1861 1908 et
1893 1859 2056 1924 caput
2083 1850 2130 1910 B

452 1945 701 1997 omnium
735 1942 961 2013 dicitur,
993 1953 1054 2000 ut
1084 1961 1178 2017 per
1207 1945 1387 2016 ipsum
1419 1961 1609 2000 omnes
1636 1943 1929 2000 subsistere
1960 1943 2055 1998 vi-

453 2030 705 2089 deantur.
759 2034 933 2106 Digne
977 2051 1104 2106 ergo
1153 2052 1343 2090 omnes
1387 2034 1631 2089 thesauri
1683 2032 1963 2104 sapientia
2002 2041 2056 2089 et

453 2124 696 2182 scientia
741 2126 798 2182 in
851 2143 915 2182 eo
968 2126 1233 2183 dicuntur
1280 2125 1612 2184 absconditi.
1670 2125 1862 2182 Omnis
1905 2124 2051 2180 enim

453 2215 695 2271 scientia
739 2215 880 2271 ratio
929 2216 1100 2273 totius
1146 2224 1410 2274 creatura
1459 2231 1706 2287 superna
1741 2223 1794 2270 et
1826 2223 2052 2270 terrena

453 2305 512 2362 in
540 2323 604 2364 eo
633 2309 707 2365 sit
733 2313 966 2380 oportet,
999 2309 1092 2382 qui
1115 2310 1363 2365 omnium
1392 2325 1581 2365 eorum
1613 2316 1776 2381 caput
1803 2317 1906 2377 est,
1937 2307 2054 2364 sive

452 2399 792 2470 angelorum,
826 2397 940 2455 sive
970 2399 1123 2468 solis,
1154 2400 1270 2456 sive
1294 2400 1459 2468 luna,
1491 2399 1607 2454 sive
1632 2399 1936 2466 stellarum,
1959 2407 2055 2456 aut

452 2495 771 2546 caterarum
809 2506 1011 2559 rerum,
1039 2491 1220 2546 omnis
1248 2491 1490 2548 scientia
1513 2490 1710 2562 peritia
1739 2489 1799 2545 in
1829 2495 2052 2545 auctore

451 2576 673 2634 illorum
709 2586 824 2646 est;
856 2587 916 2635 ut
962 2580 1058 2652 qui
1090 2580 1239 2636 hunc
1285 2581 1552 2652 agnoscit,
1600 2577 1742 2634 nihil
1780 2578 1928 2634 ultra
1971 2594 2052 2632 re-

449 2666 653 2740 quirat,
697 2683 798 2725 nec
827 2669 1171 2742 sapientiam,
1203 2686 1303 2727 nec
1331 2669 1619 2738 virtutem,
1663 2669 1794 2742 quia
1821 2671 2049 2742 agnovit

454 2779 601 2832 eum,
635 2764 691 2820 in
735 2782 844 2838 quo
895 2766 1133 2839 perfecta
1162 2766 1360 2836 virtus,
1393 2767 1740 2840 perfectaque
1783 2765 2053 2839 sapientia

448 2862 548 2911 est.
605 2854 888 2929 Quidquid
945 2857 1093 2914 enim
1151 2856 1285 2912 alibi
1341 2873 1399 2912 se
1443 2855 1721 2928 putaverit
1776 2855 2050 2926 invenire,

449 2946 608 3017 plene
656 2945 714 3000 in
743 2946 918 3003 ethoc
947 2947 1164 3003 abunde
1197 2947 1463 3002 inveniet.
1496 2947 1631 3002 Nam
1676 2946 1810 3020 quid
1840 2947 2050 3019 sapien-

449 3038 564 3093 tius
609 3037 901 3094 Salomone
926 3040 953 3094 ?
1000 3039 1134 3112 quid
1183 3037 1508 3109 prudentius
1549 3039 1823 3096 Daniele?
1851 3039 2050 3112 quibus

452 3126 662 3184 idcirco
708 3130 856 3185 Deus
901 3146 1010 3202 pra
1041 3129 1251 3186 cateris
1295 3130 1618 3203 sapientiam
1657 3132 1830 3203 dedit,
1863 3142 1926 3190 ut
1953 3150 2048 3190 no-

2165 561 2328 617 retire
2357 561 2598 632 gestiunt
2626 561 2963 633 simplicium
2992 559 3205 616 animos
3234 577 3248 626 ;
3273 566 3335 614 ut
3363 559 3575 616 ratione
3605 574 3776 615 mun-

2163 649 2429 706 danarum
2475 667 2660 707 rerum
2708 648 3030 706 abstrahant
3069 665 3161 705 eos
3199 664 3231 703 a
3262 663 3378 720 spe,
3413 664 3533 721 qua
3581 653 3666 704 est
3707 647 3772 704 in

2163 741 2402 800 Christo.
2435 740 2591 796 Unde
2620 741 2918 813 Apostolus
2946 739 3145 813 spiritu
3173 756 3229 797 se
3252 739 3370 796 illic
3396 737 3584 796 adesse
3603 737 3768 806 dicit,

2163 837 2225 886 ut
2269 829 2632 886 reverentiam
2687 829 2805 901 ejus
2851 837 2976 886 ante
3021 829 3211 887 oculos
3253 828 3538 897 habentes,
3583 826 3774 884 absti-

2163 926 2358 975 nerent
2387 934 2444 975 se
2469 917 2538 974 ab
2567 917 2888 990 hujusmodi
2919 918 3258 975 hominibus.
3281 917 3337 974 Si
3358 918 3506 974 enim
3536 918 3776 990 spiritus

2162 1007 2347 1064 Elisai
2378 1007 2655 1080 propheta
2695 1009 2836 1065 vidit
2867 1009 3116 1065 fraudem
3145 1008 3295 1065 Giezi
3323 1007 3506 1065 euntis
3534 1007 3602 1064 ad
3631 1008 3773 1065 Naa-

2164 1114 2291 1153 man
2341 1097 2563 1169 Syrum,
2597 1104 2658 1153 ut
2686 1097 2955 1169 acciperet
2986 1097 3088 1154 sub
3119 1097 3342 1154 nomine
3371 1095 3510 1169 ejus,
3539 1113 3660 1170 qua
3681 1095 3774 1152 illi

2163 1186 2419 1242 mandata
2466 1202 2579 1242 non
2637 1185 2875 1254 fuerant,
2924 1193 2978 1242 et
3033 1185 3455 1243 descendentem
3512 1194 3774 1258 prompto

2161 1274 2348 1330 animo
2390 1275 2631 1331 Naaman
2660 1275 2711 1331 ei
2742 1275 2866 1348 plus
2901 1274 3138 1345 dedisse,
3171 1291 3333 1348 quam
3366 1275 3544 1332 fuerat
3582 1282 3786 1352 pastu:

2164 1367 2306 1422 latus
2336 1367 2444 1438 (IV
2479 1369 2604 1439 Reg.
2635 1384 2692 1436 v,
2727 1367 2820 1440 26)
2848 1385 2862 1435 ;
2914 1375 3122 1440 quanto
3152 1367 3326 1440 magis
3354 1368 3653 1440 Apostolus
3682 1383 3771 1436 ea,

2163 1471 2285 1528 qua
2337 1454 2502 1523 dixit,
2545 1465 2757 1528 poterat
2806 1455 2865 1510 in
2904 1456 3104 1528 spiritu
3157 1455 3382 1513 videre!
3414 1454 3586 1528 Major
3615 1455 3773 1512 enim

2164 1544 2338 1617 gratia
2368 1545 2475 1600 fuit
2522 1544 2579 1600 in
2609 1546 2892 1617 apostolis,
2938 1561 3100 1618 quam
3144 1545 3204 1602 in
3250 1545 3552 1618 prophetis.
3587 1545 3660 1602 Et
3708 1551 3777 1601 ut

2163 1635 2528 1707 promptiores
2557 1634 2684 1691 illos
2723 1635 2928 1692 faceret
2954 1635 3103 1692 circa
3140 1635 3494 1693 traditionem
3533 1650 3773 1709 evange-

2166 1723 2349 1792 licam,
2410 1723 2644 1796 gaudere
2691 1739 2746 1782 se
2795 1723 2932 1782 dicit
2979 1724 3038 1779 in
3092 1723 3449 1796 dispositione
3479 1740 3774 1782 conversa-

2165 1811 2334 1867 tionis
2366 1811 2589 1868 illorum
2622 1831 2636 1880 ;
2672 1821 2734 1869 ut
2775 1813 3011 1870 scientes
3047 1811 3192 1867 unde
3229 1814 3342 1868 Deo
3372 1813 3673 1886 placeatur,
3714 1812 3777 1868 in

2163 1917 2228 1957 eo
2259 1900 2453 1958 ﬁerent
2482 1901 2772 1972 ﬁrmiores,
2801 1918 2895 1976 per
2923 1901 3071 1975 quod
3099 1901 3254 1974 digni
3293 1901 3470 1958 effecti
3495 1901 3567 1958 ad
3595 1902 3777 1959 utili-

2163 1990 2293 2048 tatis
2323 1992 2628 2065 profectum
2659 1991 2788 2049 ﬁdei
2813 2009 2923 2050 sua
2949 1991 3296 2050 addiscerent
3329 2008 3570 2050 sensum.

2237 2117 2420 2189 (Vers.
2468 2118 2522 2187 6,
2559 2119 2636 2192 7.)
2701 2143 2720 2167 ι
2747 2116 3223 2186 Quemadmodum
3266 2117 3437 2189 igitur
3479 2119 3773 2192 accepistis

2162 2208 2443 2266 Christum
2491 2210 2672 2266 Jesum
2718 2209 3037 2278 Dominum,
3079 2209 3138 2264 in
3187 2209 3306 2281 ipso
3335 2207 3632 2279 ambulate,
3681 2226 3772 2268 ra-

2165 2299 2331 2356 dicati
2363 2305 2417 2352 et
2446 2297 2700 2354 adiﬁcati
2750 2299 2808 2353 in
2841 2298 2983 2371 ipso,
3027 2307 3082 2355 et
3110 2297 3422 2354 conﬁrmati
3452 2296 3580 2367 ﬁde,
3623 2298 3776 2356 sicut

2161 2395 2216 2444 et
2241 2386 2390 2443 docti
2411 2387 2563 2456 estis,
2591 2386 2936 2444 ambulantes
2967 2387 3023 2444 in
3048 2388 3146 2443 illa
3169 2387 3286 2461 (86)
3319 2403 3444 2444 cum
3469 2388 3771 2459 gratiarum

2163 2477 2403 2535 actione.
2441 2503 2460 2526 ι
2503 2478 2617 2534 Hoc
2645 2472 2834 2534 menet
2861 2486 2916 2535 et
2941 2478 3195 2534 hortatur
3223 2494 3290 2533 ne
3323 2476 3546 2534 devotio
3571 2494 3769 2535 eorum

2161 2568 2526 2638 minueretur,
2585 2577 2639 2625 et
2696 2567 3013 2625 recederent
3070 2584 3102 2624 a
3156 2566 3264 2624 ﬁde
3319 2583 3483 2641 quam
3550 2568 3776 2624 fuerant

2161 2657 2420 2726 assecuti,
2467 2665 2523 2713 et
2562 2658 2749 2730 pravis
2788 2657 2991 2714 fabulis
3037 2657 3237 2727 eversi,
3286 2657 3450 2713 aliter
3477 2656 3765 2714 Christum

2160 2748 2493 2820 acciperent,
2524 2764 2688 2822 quam
2733 2747 3067 2804 didicerant.
3093 2752 3238 2810 268
3268 2746 3427 2803 Multi
3457 2746 3602 2802 enim
3631 2764 3774 2804 cor-

2163 2855 2414 2917 ruptores
2444 2845 2574 2902 tidei
2606 2845 2976 2904 circumibant
3003 2843 3073 2902 ad
3102 2844 3437 2902 seducendos
3459 2843 3767 2916 simplices,

2161 2935 2349 2992 dolose
2377 2943 2432 2991 et
2477 2952 2602 2992 cum
2632 2935 2984 2992 simulatione
3034 2935 3422 2991 annuntiantes
3455 2933 3764 3000 Christum,

2160 3041 2296 3100 quos
2343 3027 2538 3083 evitari
2579 3036 2766 3084 monet
2812 3043 3008 3100 magna
3057 3027 3310 3095 cautela;
3341 3035 3403 3082 ut
3444 3024 3665 3082 stabiles
3707 3033 3766 3081 et

2159 3115 2306 3171 ﬁrmi
2337 3133 2502 3190 supra
2532 3117 2955 3174 fundamentum
2979 3115 3287 3186 Trinitatis,
3319 3132 3412 3190 spe
3442 3115 3759 3173 futurorum

450 3223 570 3274 tum
601 3218 808 3276 faceret
837 3219 1156 3278 inﬁdelibus
1187 3222 1357 3278 totius
1379 3238 1434 3278 se
1463 3221 1745 3296 sapientia
1772 3240 1886 3281 esse
1923 3242 2046 3284 auc-
2077 3230 2118 3291 Ο
2159 3205 2360 3278 gratias
2388 3206 2580 3264 uberes
2608 3215 2828 3280 θεθτθηι
2859 3221 3024 3279 super
3047 3205 3426 3264 misericordia
3455 3204 3574 3262 Dei-

451 3315 645 3366 torem.
717 3310 966 3384 Denique
1027 3311 1535 3369 Nabuchodonosor
1611 3313 1750 3371 dicit
1807 3316 2044 3386 Danieli,

449 3402 726 3460 admirans
766 3421 930 3477 super
957 3404 1284 3478 sapientiam
1333 3406 1488 3479 ejus:
1547 3430 1566 3456 ι
1591 3407 1734 3465 Vere
1780 3411 1926 3466 Deus
1955 3428 2046 3468 ve-

449 3501 560 3549 ster
587 3496 704 3568 ipse
749 3503 832 3553 est
877 3498 1023 3552 Deus
1053 3498 1216 3555 vivus
1248 3499 1389 3571 (84),
1420 3509 1474 3558 et
1505 3501 1756 3573 aperiens
1783 3504 2047 3576 mysteria

451 3585 619 3654 (Dan.
656 3603 721 3654 ιι,
751 3585 868 3657 47).
915 3611 934 3635 ι
975 3587 1136 3653 Quod
1178 3589 1400 3661 quidem
1445 3606 1664 3647 omnem
1694 3591 2045 3651 incredulum

449 3673 582 3731 latet
626 3674 684 3728 in
722 3674 942 3731 Christo
971 3692 1086 3732 esse
1131 3694 1348 3735 omnem
1397 3681 1721 3752 sapientiam
1765 3690 1819 3738 et
1856 3683 2045 3740 scien-

448 3763 616 3831 tiam;
650 3763 780 3836 quia
809 3780 921 3820 non
970 3765 1158 3838 legunt
1203 3768 1263 3822 in
1309 3769 1625 3843 Evangeliis
1669 3771 2043 3844 astrologiam,

449 3852 636 3908 nonin
665 3853 930 3926 Apostolo
950 3855 1322 3927 geometriam,
1352 3874 1465 3915 non
1485 3861 1542 3916 in
1564 3859 1846 3932 prophetis
1873 3861 2043 3918 arith-

449 3940 708 3997 meticam
756 3957 858 4000 nec
902 3944 1170 4001 musicam
1197 3964 1209 4002 :
1243 3963 1362 4020 qua
1392 3948 1600 4006 idcirco
1629 3949 1883 4024 despecta
1916 3961 2044 4009 sunt

446 4053 478 4092 a
517 4036 742 4104 nostris,
777 4035 906 4109 quia
951 4036 1020 4094 ad
1063 4039 1293 4097 salutem
1321 4058 1434 4098 non
1476 4043 1776 4114 pertinent,
1810 4040 1904 4099 sed
1933 4059 2041 4098 ma-

448 4125 530 4198 gis
566 4125 799 4182 mittunt
829 4127 887 4182 in
916 4143 1177 4198 errorem,
1224 4139 1278 4186 et
1303 4139 1537 4188 avocant
1571 4148 1603 4186 a
1635 4133 1785 4198 Deo;
1819 4138 1880 4186 ut
1908 4129 2040 4186 dum

447 4213 535 4271 his
562 4215 786 4273 student
815 4216 1296 4276 ratiocinationum
1327 4220 1813 4294 disputationibus,
1843 4220 2041 4276 anima

444 4322 554 4362 sua
585 4323 774 4364 curam
809 4324 917 4364 non
965 4318 1146 4382 agant.
1178 4309 1310 4379 Qua
1339 4310 1486 4367 enim
1517 4318 1630 4366 tam
1660 4326 1789 4368 vera
1817 4310 2033 4383 sapien-

445 4395 520 4452 tia
569 4405 670 4465 est,
701 4413 862 4469 quam
893 4400 1216 4470 cognovisse
1247 4399 1391 4473 quod
1424 4398 1615 4470 prosit,
1649 4408 1702 4456 et
1727 4397 2040 4470 despexisse

443 4485 590 4558 quod
621 4485 764 4542 obsit
791 4487 818 4543 ?
845 4487 1011 4545 Obest
1043 4489 1191 4545 enim
1220 4507 1233 4555 ;
1268 4489 1397 4561 quia
1426 4487 1657 4558 impedit
1685 4487 1948 4556 animam,
1971 4505 2039 4545 ne

2231 3323 2412 3392 (Vers.
2461 3321 2516 3392 8,
2569 3322 2651 3394 9.)
2715 3347 2732 3371 ι
2760 3322 2958 3380 Videte
3001 3339 3070 3378 ne
3109 3321 3232 3395 quis
3267 3337 3364 3376 vos
3415 3319 3763 3394 depradetur

2155 3429 2250 3486 per
2283 3412 2712 3487 philos0phiam,
2756 3423 2809 3470 et
2840 3414 3060 3470 inanem
3088 3412 3364 3470 fallaciam
3397 3413 3515 3486 (87)
3546 3427 3754 3469 secun-

2155 3501 2286 3558 dum
2336 3503 2692 3560 traditionem
2753 3502 3065 3573 hominum,
3123 3502 3426 3559 secundum
3481 3504 3755 3560 elementa

2156 3591 2323 3664 hujus
2353 3592 2570 3662 mundi,
2618 3601 2671 3649 et
2701 3611 2814 3650 non
2842 3594 3144 3653 secundum
3175 3592 3456 3650 Christum
3480 3611 3494 3661 ;
3528 3592 3658 3666 quia
3697 3592 3753 3648 in

2154 3680 2272 3754 ipso
2316 3681 2590 3739 inhabitat
2636 3683 2817 3740 omnis
2861 3683 3146 3756 plenitudo
3197 3682 3511 3740 divinitatis
3563 3697 3752 3756 corpo-

2152 3773 2360 3828 raliter.
2395 3798 2413 3822 ι
2479 3772 2893 3844 Philosophiam
2938 3773 3075 3831 dicit
3122 3782 3418 3842 terrenam,
3464 3788 3560 3845 per
3587 3787 3750 3845 quam

2153 3862 2332 3918 solent
2387 3859 2594 3931 seduci,
2651 3861 2747 3933 qui
2784 3861 3018 3933 cupiunt
3063 3861 3359 3934 prudentes
3400 3859 3640 3933 judicari
3691 3859 3750 3915 in

2153 3949 2380 4008 mundo.
2434 3951 2560 4007 Hac
2591 3949 2927 4022 argumentis
2955 3959 3010 4006 et
3047 3948 3354 4006 subtilitate
3383 3949 3750 4006 minutiarum

2152 4039 2511 4115 quarumdam
2553 4039 2922 4112 componitur,
2955 4037 3109 4112 quasi
3143 4038 3401 4110 physicas
3437 4038 3751 4113 investiga-

2151 4129 2294 4186 verit
2322 4131 2581 4197 rationes,
2614 4128 2863 4202 quadam
2888 4127 3095 4185 habens
3123 4126 3383 4194 admista,
3412 4142 3534 4200 qua
3565 4126 3748 4186 horta-

2151 4227 2336 4275 menta
2364 4218 2477 4274 sint
2503 4218 2662 4274 bona
2692 4217 2821 4274 vita
2852 4218 2939 4274 vel
2968 4217 3318 4286 documenta,
3350 4215 3650 4289 aliquando
3679 4217 3750 4274 de

2151 4308 2442 4377 mensuris,
2494 4323 2598 4365 nec
2643 4323 2756 4364 non
2803 4313 2857 4362 et
2903 4306 2970 4363 de
3019 4306 3286 4376 numeris,
3336 4305 3634 4379 aliquando
3677 4304 3750 4362 de

2148 4398 2540 4456 elementorum
2574 4398 2931 4473 qualitatibus
2958 4405 3011 4454 et
3040 4395 3442 4471 quantitatibus
3471 4396 3746 4459 ordinata.

2147 4490 2210 4546 In
2241 4489 2396 4563 cujus
2426 4491 2894 4564 disputationibus
2942 4489 3037 4564 qui
3067 4488 3348 4558 inciderit,
3381 4487 3480 4544 vix
3523 4497 3577 4545 et
3617 4504 3744 4545 raro

441 4591 628 4631 curam
673 4577 760 4632 sui
804 4587 945 4649 agat.
983 4578 1103 4633 Non
1153 4577 1427 4633 immerito
1457 4592 1584 4647 ergo
1633 4577 1727 4650 qui
1757 4576 2036 4634 Christum
2067 4593 2117 4652 ι)
2147 4581 2343 4638 evadet
2395 4583 2544 4656 (88);
2596 4581 2876 4639 detinetur
2918 4582 3066 4638 enim
3110 4579 3508 4636 verisimilibus
3537 4579 3741 4649 causis,

440 4665 686 4736 agnovit,
737 4665 952 4722 invenit
997 4667 1316 4723 thesaurum
1347 4664 1626 4738 sapientia
1670 4674 1724 4722 et
1751 4667 2032 4735 scientia;

439 4756 665 4828 agnovit
695 4758 844 4812 enim
873 4757 1019 4831 quod
1047 4758 1097 4812 ei
1129 4757 1201 4812 sit
1230 4756 1386 4813 utile.

513 4846 695 4918 (Vers.
727 4845 782 4915 4,
821 4848 899 4920 5.)
944 4872 962 4895 ι
994 4848 1108 4903 Hoc
1135 4845 1282 4915 dico,
1315 4853 1374 4901 ut
1404 4863 1567 4902 nemo
1595 4864 1692 4904 vos
1721 4847 2031 4904 circumve-

439 4933 556 4990 niat
584 4935 642 4990 in
684 4938 990 4995 subtilitate
1039 4939 1326 4993 sermonis.
1360 4937 1493 4993 Nam
1526 4937 1628 4993 etsi
1671 4955 1896 5010 corpore
1926 4937 2033 4992 ab-

438 5040 563 5080 sens
612 5041 755 5094 sum,
809 5026 1007 5099 spiritu
1051 5032 1236 5081 tamen
1275 5025 1561 5082 vobiscum
1602 5042 1744 5096 sum,
1795 5026 2033 5098 gaudens

437 5126 491 5176 et
535 5119 731 5177 videns
776 5120 1182 5176 ordinationem
1216 5127 1452 5176 vestram
1489 5119 1624 5192 (85),
1674 5127 1729 5175 et
1773 5121 2032 5192 supplens

437 5209 493 5265 id
539 5211 686 5285 quod
725 5210 876 5268 deest
902 5211 1131 5267 utilitati
1180 5211 1308 5266 ﬁdei
1337 5219 1530 5268 vestra
1559 5212 1617 5266 in
1664 5210 1965 5269 Christum.
2000 5237 2018 5261 ι

437 5298 762 5358 Commonet
791 5317 860 5357 ne
889 5301 948 5355 in
996 5301 1263 5356 malorum
1299 5303 1590 5376 colloquiis
1615 5310 1667 5360 et
1696 5303 1898 5360 astutia
1927 5304 2029 5360 ini-

437 5392 663 5463 quitatis
683 5408 877 5449 sensus
890 5407 1078 5447 eorum
1101 5392 1542 5451 transduceretur
1565 5411 1579 5461 ;
1613 5393 1742 5466 quia
1761 5395 2030 5466 sapientes

534 5507 625 5580 83)
658 5509 817 5580 Rom.
848 5507 1006 5578 edit.,
1038 5509 1224 5566 habent
1251 5527 1424 5566 omnes
1449 5509 1508 5564 id
1534 5510 1673 5580 quod
1702 5510 1905 5569 habent.

535 5513 602 5563 83
658 5513 817 5564 Rom.
848 5513 1006 5578 edit.,
1038 5513 1224 5566 habent
1251 5527 1424 5566 omnes
1449 5513 1508 5564 id
1534 5513 1673 5580 quod
1702 5513 1858 5566 haben

535 5513 628 5722 84%
661 5579 1054 5661 Eadem.Rom.
1087 5582 1243 5650 edit.,
1275 5583 1381 5652 ipse
1414 5587 1488 5660 est
1515 5581 1656 5635 Deus
1685 5599 1858 5639 verus.

535 5648 604 5722 βξ
660 5648 788 5722 μεθ.
819 5651 1048 5722 aliquot,
1078 5661 1127 5708 et
1154 5654 1334 5708 videns
1356 5652 1594 5706 ordinem
1617 5659 1858 5710 vestrum.

533 5648 628 5723 δῷ)
660 5648 788 5723 μεθ.
819 5651 1048 5723 aliquot,
1078 5661 1127 5708 et
1154 5648 1334 5708 videris
1356 5651 1594 5706 ordinem
1617 5659 1866 5710 vestrum.

535 5719 628 5794 86)
660 5719 822 5777 Rom.
854 5719 1011 5792 edit.,
1033 5719 1365 5781 abundantes
1391 5723 1450 5778 in
1470 5723 1589 5779 illa.

509 5510 531 5792 Ξ

2145 4680 2198 4730 et
2227 4674 2624 4730 commentitiis
2663 4674 2848 4742 rebus,
2891 4673 3033 4729 nihil
3063 4681 3174 4728 tam
3212 4689 3405 4728 verum
3441 4671 3737 4737 astimans,

2143 4777 2304 4834 quam
2335 4761 2480 4834 quod
2518 4761 2857 4834 conspicitur
2885 4769 2939 4816 et
2969 4760 3302 4832 intelligitur
3331 4758 3390 4813 in
3429 4756 3736 4812 elementis.

2141 4851 2213 4906 Et
2241 4853 2371 4925 quia
2400 4868 2521 4924 qua
2550 4852 2618 4907 ad
2652 4868 2888 4923 prasens
2917 4857 3067 4919 sunt,
3097 4859 3152 4906 et
3197 4855 3500 4907 cernuntur
3537 4846 3737 4916 oculis,

2141 4941 2332 4996 suavia
2349 4949 2403 4997 et
2418 4941 2768 4997 oblectabilia
2787 4939 3075 5008 videntur;
3109 4939 3418 5012 aliquantos
3444 4935 3733 5005 seducunt,

2142 5031 2236 5104 qui
2280 5030 2584 5102 spiritalem
2629 5030 2895 5087 rationem
2928 5027 3331 5102 despiciendam
3363 5035 3416 5084 et
3449 5025 3732 5084 ridendum

2140 5129 2334 5194 putant
2362 5120 2740 5192 desperatione
2769 5119 2964 5189 futuri,
2998 5134 3217 5176 omnem
3262 5117 3377 5172 vim
3414 5115 3577 5172 astris
3603 5115 3735 5171 assi-

2139 5219 2365 5284 gnantes
2396 5211 2601 5267 carnali
2631 5210 2830 5267 rationi
2861 5210 3122 5279 obnoxii;
3157 5226 3224 5265 ne
3253 5208 3439 5281 gravia
3463 5205 3734 5264 credenda

2139 5302 2250 5357 sint
2295 5300 2512 5357 sustolli
2558 5301 2616 5356 in
2655 5301 2854 5358 calum
2903 5317 3078 5374 posse,
3126 5300 3214 5356 vel
3255 5297 3399 5354 levia
3444 5296 3633 5354 venire
3661 5293 3731 5351 ad

2137 5399 2328 5461 terras,
2383 5398 2476 5448 aut
2531 5391 2744 5465 aliquid
2783 5406 3104 5464 corporeum
3152 5390 3270 5446 sine
3324 5403 3507 5444 rerum
3557 5385 3732 5443 admi-

2212 5508 2328 5588 (§Z)
2358 5507 2569 5588 Eadem
2593 5506 2754 5588 adit»
2775 5512 2832 5588 ,ξι
2861 5506 3070 5588 inanem
3089 5505 3466 5588 εεάασεέοτιεπὲο.
3534 5574 3565 5588 ..
3678 5576 3690 5588 .

2209 5577 2326 5652 (88)
2358 5580 2516 5636 Rom.
2547 5577 2704 5652 edit.,
2753 5579 3132 5652 disputationes
3185 5578 3280 5651 qui
3322 5577 3584 5646 inciderit,
3632 5577 3732 5632 vix

2136 5657 2236 5709 aut
2262 5651 2537 5724 nunquam
2561 5651 2760 5709 evadet.
