3970 6358
205 360 320 430 433

1251 369 1612 429 COMMENT.
1656 372 1727 428 ΙΝ
1765 370 1986 428 EPIST.
2029 373 2125 427 AD
2165 372 2443 430 COLOSS.

3404 365 3512 435 454

198 502 389 556 stione
404 502 671 574 generari,
696 508 1059 573 repugnantes
1083 498 1342 571 potentia
1363 515 1425 554 ac
1446 499 1810 570 providentiae
1838 503 1887 561 A
1917 505 2108 555 tenens
2139 498 2334 571 pignus
2356 501 2672 572 exemplum
2719 499 3041 571 Salvatoris,
3077 504 3173 576 qui
3204 506 3511 562 resurrexit

201 591 327 647 Dei.
361 591 555 648 Sciunt
581 592 727 647 enim
760 591 865 663 legi
905 591 961 646 in
1005 591 1216 647 divinis
1246 591 1525 646 veteribus
1555 590 1804 647 Hebraeo-

200 697 329 738 rum
362 682 750 739 voluminibus
781 684 955 738 multa
983 690 1130 755 gesta
1156 697 1250 753 per
1277 683 1524 752 Moysen,
1558 698 1676 754 quae
1706 681 1803 738 hu-

198 787 371 827 mana
421 772 565 828 ratio
608 787 720 828 non
776 773 957 844 capit:
1011 772 1180 827 simili
1230 770 1394 826 modo
1427 779 1481 826 et
1538 772 1593 826 in
1645 773 1804 828 novis

197 858 367 916 libris
394 860 540 918 facta
567 877 598 916 a
629 862 894 928 Domino,
929 868 1023 916 aut
1055 876 1150 932 per
1186 860 1482 931 apostolos,
1530 876 1650 932 quae
1683 867 1804 916 tra-

199 957 388 1006 ctatus
439 951 676 1008 carnalis
721 950 978 1024 prohibet
1005 950 1176 1006 credi.
1207 950 1357 1006 Hanc
1382 966 1510 1021 ergo
1541 950 1804 1006 traditio-

199 1055 331 1095 nem
354 1040 440 1096 vel
473 1040 882 1113 philosophiam
913 1040 1161 1096 fallacem
1191 1047 1244 1095 et
1273 1040 1492 1095 inanem
1518 1041 1756 1112 appellat
1785 1059 1797 1108 ;

197 1127 330 1200 quia
363 1145 474 1184 non
511 1145 544 1183 a
591 1129 834 1200 potentia
883 1128 981 1184 Dei
1010 1127 1264 1184 ordinata
1292 1136 1390 1195 est,
1422 1127 1488 1183 ed
1519 1127 1587 1182 ab
1618 1127 1801 1182 imbe-

197 1217 434 1274 cillitate
463 1217 904 1273 ratiocinationis
929 1217 1204 1287 humanae,
1236 1234 1355 1291 qua
1378 1217 1678 1289 potentiam
1702 1217 1800 1273 Dei

198 1305 349 1362 intra
401 1305 690 1363 scientiam
737 1323 892 1363 suam
937 1315 1196 1377 coarctat,
1245 1325 1312 1364 ne
1359 1308 1520 1364 aliter
1548 1307 1802 1364 credatur

197 1394 400 1464 facere,
438 1412 600 1468 quam
646 1398 884 1454 carnalis
934 1398 1268 1454 secontinet
1312 1398 1490 1464 ratio;
1537 1396 1632 1469 qui
1673 1396 1800 1451 sin—

197 1484 346 1556 gulis
377 1485 664 1542 elementis
693 1485 1004 1543 divinitatis
1032 1487 1406 1543 diversitatem
1435 1486 1699 1557 deputant
1730 1484 1799 1540 ad

195 1575 496 1644 culturam,
533 1582 595 1630 ut
623 1575 873 1648 obligent
909 1576 1123 1632 animos
1170 1575 1592 1647 imperitorum;
1644 1590 1712 1629 ne
1741 1589 1797 1638 se

195 1661 268 1717 ad
294 1664 469 1719 Deum
501 1680 694 1720 verum
743 1665 1064 1721 extendant.
1099 1663 1466 1732 Quamobrem
1495 1662 1795 1719 cavendam

199 1759 388 1808 monet
435 1753 791 1810 traditionem
833 1753 1032 1821 istam;
1061 1753 1190 1826 quia
1217 1753 1411 1808 mundi
1444 1752 1652 1810 cultrix
1692 1758 1795 1819 est,

195 1856 314 1896 non
356 1843 480 1911 Dei,
529 1842 624 1915 qui
680 1859 825 1899 unus
871 1850 988 1898 est:
1039 1859 1142 1899 nec
1185 1842 1254 1898 ad
1300 1842 1604 1909 Christum,
1643 1840 1796 1896 seda

193 1930 423 1988 Christo
449 1932 741 2001 abstrahit,
785 1933 843 1988 in
890 1950 998 2006 quo
1046 1933 1312 2005 perfectio
1349 1931 1660 1990 divinitatis
1687 1939 1788 1987 est.

193 2020 401 2076 Omnia
421 2021 567 2077 enim
599 2039 719 2094 quae
741 2021 905 2078 habet
921 2025 1098 2092 Pater,
1123 2023 1275 2079 dedit
1297 2023 1460 2090 Filio,
1482 2038 1607 2079 cum
1630 2021 1790 2076 illum

194 2108 255 2166 in
301 2111 666 2182 plenitudinis
718 2112 906 2184 genuit
954 2111 1249 2169 divinitate
1303 2111 1794 2183 corporaliter;ut

192 2197 330 2270 quia
374 2199 489 2270 ipse
544 2208 708 2271 caput
763 2208 865 2268 est,
897 2209 1144 2257 creatura
1187 2209 1369 2257 autem
1425 2200 1544 2271 ejus
1593 2216 1792 2271 corpus

193 2297 297 2356 est,
344 2289 614 2363 quidquid
661 2297 885 2361 putatur
930 2306 1086 2363 posse
1127 2291 1362 2348 caelestis
1389 2298 1658 2357 creatura,
1685 2289 1792 2347 hoc

195 2385 376 2434 totum
425 2380 584 2451 plene
630 2379 689 2435 in
734 2379 957 2436 Christo
1009 2396 1125 2436 esse
1169 2379 1462 2447 credatur;
1511 2387 1573 2434 ut
1603 2381 1791 2438 nullus

193 2467 495 2524 arbitretur
540 2484 868 2541 quemquam
925 2469 1096 2525 alium
1143 2468 1456 2524 colendum.
1507 2467 1790 2542 Quidquid

191 2558 344 2615 enim
375 2559 432 2614 in
462 2559 646 2631 aliquo
676 2575 932 2631 magnum
955 2559 1250 2632 putaverit,
1284 2560 1408 2632 plus
1429 2559 1486 2614 in
1508 2558 1608 2614 illo
1638 2558 1788 2615 inve-

195 2646 350 2714 niet;
399 2647 531 2719 quia
566 2663 757 2704 omnes
800 2664 869 2704 ex
917 2648 1036 2721 ipso
1075 2648 1298 2717 habent,
1331 2649 1475 2704 sicut
1505 2664 1573 2702 ex
1611 2647 1788 2720 capite

190 2737 476 2794 membra:
512 2739 625 2810 ipse
650 2747 831 2795 autem
863 2741 1061 2811 plenus
1086 2748 1166 2796 est
1194 2754 1431 2811 semper.

266 2846 447 2919 (Vers.
475 2847 586 2920 10.)
635 2871 653 2894 ε
684 2849 755 2905 Et
774 2849 906 2904 estis
936 2848 995 2904 in
1025 2848 1123 2903 illo
1145 2848 1358 2919 repleti,
1389 2848 1481 2920 qui
1513 2856 1593 2904 est
1623 2856 1788 2920 caput

185 2937 374 2993 omnis
439 2937 787 3010 Principatus
833 2946 887 2994 et
931 2938 1242 2994 Potestatis.
1275 2963 1292 2986 ι
1352 2939 1482 2994 Plus
1516 2939 1788 3012 signiﬁcat

185 3027 544 3085 credentibus
592 3029 731 3099 dari,
788 3045 950 3102 quam
995 3037 1174 3101 potest
1223 3029 1281 3086 in
1311 3031 1597 3087 elementis
1627 3048 1788 3088 com-

188 3117 457 3190 prehendi
485 3137 497 3186 ;
530 3119 660 3192 quia
691 3120 786 3192 qui
818 3119 876 3175 in
907 3119 1128 3176 Christo
1157 3127 1259 3189 est,
1300 3122 1542 3193 repletus
1585 3129 1666 3177 est
1694 3121 1791 3177 di-

1915 606 1984 644 ex
2005 589 2258 644 mortuis.
2295 590 2420 645 Haec
2451 589 2620 661 igitur
2639 599 2976 655 commonet,
3001 599 3063 645 ut
3083 601 3429 662 perseverent
3450 595 3510 651 in

1915 679 2395 736 abrenuntiatione
2426 695 2636 752 pompae
2668 686 2722 735 et
2769 679 3061 753 praestigiis
3113 680 3344 738 Satanae.
3402 683 3508 750 Qui

1915 767 2140 824 idcirco
2190 769 2584 824 elementorum
2641 769 2832 825 suadet
2884 771 3179 838 culturam,
3230 778 3291 826 ut
3339 773 3510 828 aDeo

1913 873 2124 934 avocet,
2158 862 2300 921 269
2343 867 2637 940 participes
2675 867 2963 939 apostasiae
2991 884 3102 924 suae
3149 868 3339 924 volens
3383 869 3512 926 eﬂi-

1905 975 2033 1025 _cere
2067 960 2339 1018 homines.
2369 961 2508 1028 Quia
2539 962 2687 1018 enim
2718 963 2819 1018 sub
2847 961 3070 1018 nomine
3100 978 3199 1018 suo
3233 963 3507 1020 culturam

1911 1049 2138 1106 suadere
2186 1067 2297 1107 non
2339 1058 2537 1122 potest,
2578 1051 2837 1107 horretur
2883 1051 3031 1108 enim
3083 1052 3202 1125 ipso
3244 1053 3469 1109 nomine
3492 1097 3506 1121 ,

1911 1140 2012 1196 sub
2042 1143 2270 1200 alterius
2314 1142 2539 1199 nomine
2570 1159 2725 1200 suam
2771 1150 3001 1202 conatur
3043 1143 3272 1217 implere
3313 1144 3507 1200 volun-

1910 1237 2101 1287 tatem.
2350 1237 2359 1248 '

1982 1321 2162 1392 (Vers.
2200 1322 2285 1392 13,
2321 1323 2406 1391 14,
2450 1323 2562 1394 15.)
2608 1346 2627 1371 ε
2655 1324 2727 1379 Et
2753 1339 2852 1379 vos
2894 1338 3019 1380 cum
3063 1321 3268 1377 mortui
3317 1320 3508 1379 essetis

1908 1409 1966 1466 in
1997 1411 2234 1481 delictis,
2266 1421 2319 1468 et
2346 1414 2613 1486 praeputio
2632 1413 2816 1471 carnis
2845 1420 3060 1480 vestrae,
3085 1411 3507 1469 conviviﬁcavit

1907 1499 2072 1555 simul
2102 1518 2229 1558 cum
2251 1502 2370 1571 illo,
2403 1503 2615 1559 donans
2652 1503 2812 1559 nobis
2849 1503 3036 1559 omnia
3073 1502 3296 1570 delicta,
3326 1501 3506 1558 deleto

1904 1591 2290 1664 chirographo,
2343 1593 2490 1665 quod
2533 1593 2598 1648 ad
2614 1609 2827 1650 versum
2879 1609 2978 1649 nos
3039 1600 3157 1648 erat
3198 1593 3504 1661 decretum,

1904 1681 2054 1753 quod
2084 1682 2426 1737 contrarium
2451 1689 2567 1738 erat
2594 1680 2754 1738 nobis
2778 1698 2790 1736 :
2816 1689 2870 1736 et
2891 1681 3032 1736 illud
3059 1681 3191 1737 tulit
3211 1681 3278 1738 de
3298 1680 3502 1750 medio,

1902 1777 1958 1825 et
1993 1770 2175 1825 aﬂixit
2213 1770 2385 1839 cruci,
2417 1777 2471 1825 et
2499 1786 2708 1826 exuens
2735 1769 3077 1842 principatus
3106 1777 3160 1826 et
3189 1777 3502 1841 potestates,

1827 1864 1873 1925 B
1908 1861 2208 1916 ostentavit
2239 1861 2295 1916 in
2324 1861 2672 1929 auctoritate,
2721 1859 3071 1933 triumphans
3118 1860 3245 1916 illos
3292 1859 3349 1916 in
3385 1859 3504 1932 ipso

1913 1949 2056 2021 (89).
2090 1976 2108 1998 ι
2149 1951 2399 2007 Mortuos
2426 1951 2564 2007 dicit
2599 1949 2830 2022 gentiles
2857 1950 3064 2006 fuisse:
3100 1949 3340 2021 primum
3368 1948 3505 2021 qui-

1903 2037 2050 2107 dem,
2072 2040 2201 2111 quia
2231 2040 2425 2112 legem,
2449 2056 2568 2112 quw
2598 2039 2667 2095 ad
2687 2041 3066 2095 testimonium
3097 2038 3224 2094 data
3241 2045 3323 2094 est
3343 2037 3502 2094 Crea-

1902 2135 2065 2204 toris,
2097 2144 2152 2192 et
2179 2137 2246 2192 ad
2276 2137 2414 2193 vitia
2441 2137 2874 2204 condemnanda,
2909 2136 3150 2209 recipere
3181 2137 3498 2192 noluerunt:

1903 2223 1970 2281 de
1991 2224 2118 2281 inde
2148 2226 2448 2298 impietatis
2467 2234 2812 2299 peccatorum
2843 2242 3068 2282 suorum
3091 2241 3254 2283 causa
3284 2225 3501 2299 indigni

1901 2323 2058 2370 erant
2103 2317 2236 2384 vita;
2285 2315 2516 2390 ideoque
2558 2316 2826 2374 discrevit
2849 2315 2952 2372 hos
2982 2331 3014 2371 a
3055 2315 3297 2372 Iudaeis:
3345 2316 3500 2390 quasi

1901 2416 1994 2488 qui
2025 2414 2234 2470 fuerint
2261 2414 2477 2471 inimici
2505 2414 2605 2471 Dei
2635 2414 2822 2471 unius.
2855 2414 3029 2470 Judai
3076 2430 3208 2470 vero
3238 2415 3296 2470 in
3336 2415 3503 2472 unius

1901 2505 2001 2560 Dei
2028 2504 2371 2561 confessione
2401 2505 2678 2577 degentes,
2706 2503 3035 2560 adveniente
3061 2503 3302 2571 Christo,
3333 2503 3501 2560 addi-

1900 2600 2061 2648 scunt
2089 2593 2413 2664 mysterium
2444 2593 2564 2661 Dei,
2597 2591 2745 2665 quod
2793 2593 3182 2664 exspectabant
3223 2592 3290 2648 ad
3323 2591 3500 2665 justi-

1900 2678 2212 2736 ﬁcationem
2262 2697 2454 2737 suam:
2499 2688 2561 2735 ut
2607 2681 2665 2735 in
2711 2696 2776 2736 eo
2816 2680 2964 2753 quod
3017 2680 3340 2752 subreptum
3385 2681 3499 2737 illis

1898 2768 2102 2837 fuerat,
2143 2769 2274 2841 quia
2315 2768 2656 2840 impossibile
2685 2777 2768 2826 est
2805 2785 2920 2826 esse
2965 2768 3083 2825 sine
3112 2777 3354 2841 peccato,
3397 2786 3498 2828 ac-

1905 2859 2150 2931 ciperent
2176 2859 2580 2916 remissionem.
2614 2859 2769 2915 Unde
2795 2866 2916 2932 post
2955 2874 3172 2916 causam
3204 2859 3494 2931 gentilium

1900 2948 2117 3006 inducit
2165 2957 2217 3005 et
2262 2948 2499 3017 Judaaos,
2546 2949 2766 3005 dicens:
2805 2973 2823 2995 ι
2857 2950 3078 3006 Donans
3118 2948 3280 3005 nobis
3310 2951 3497 3006 omnia

1902 3036 2136 3105 delicta;
2180 3064 2198 3087 ι
2250 3045 2312 3093 ut
2356 3045 2477 3111 post
2524 3037 2815 3110 specialem
2852 3035 3147 3109 subjiceret
3174 3046 3227 3094 et
3257 3053 3495 3110 genera-

1902 3127 2042 3194 lem;
2091 3128 2220 3200 quia
2256 3129 2470 3184 cunctis
2508 3126 2738 3183 donavit
2767 3127 2954 3182 omnia
2976 3126 3197 3184 delicta.
3231 3127 3335 3183 Sed
3365 3127 3494 3202 quia

187 3207 442 3263 vinitatis
487 3205 844 3279 abundantia,
893 3225 1058 3282 quam
1105 3210 1376 3265 elementa
1425 3226 1536 3265 non
1565 3209 1787 3266 habent.
1827 3228 1871 3288 ρ
1903 3217 2048 3274 sicut
2077 3217 2213 3274 dicit
2243 3218 2549 3275 Dominus:
2578 3217 2682 3276 Cui
2708 3217 2834 3289 plus
2867 3216 3130 3274 donatum
3164 3218 3352 3287 fuerit,
3383 3234 3492 3275 am-

187 3296 439 3370 Denique
467 3297 526 3353 in
549 3298 900 3356 credentibus
946 3299 1185 3372 Spiritus
1230 3307 1450 3355 sanctus
1490 3299 1783 3368 inhabitat,

188 3387 337 3460 quod
367 3389 655 3444 elementis
688 3389 912 3446 concedi
943 3406 1055 3444 non
1089 3389 1305 3461 potuit;
1340 3390 1469 3462 quia
1498 3390 1785 3466 indignum

188 3483 306 3532 erat
335 3484 389 3532 et
418 3477 806 3549 incongruum,
838 3487 900 3534 ut
930 3477 1232 3532 invisibilis
1260 3477 1533 3534 habitaret
1561 3479 1619 3534 in
1648 3479 1788 3535 sub—

188 3564 394 3620 stantia
430 3566 662 3635 visibili,
696 3573 750 3621 et
781 3566 1140 3638 incorporeus
1169 3565 1228 3621 in
1258 3565 1328 3621 iis
1358 3582 1477 3638 quae
1505 3566 1789 3624 sensibilia

187 3663 338 3712 sunt.
374 3655 622 3712 Audiant
652 3672 779 3728 ergo
812 3663 868 3711 et
913 3655 1140 3712 veniant
1189 3657 1429 3712 cultores
1477 3672 1686 3725 eorum,
1735 3665 1787 3713 et

186 3743 416 3801 credant
445 3745 504 3800 in
535 3744 840 3815 Christum,
869 3754 931 3804 ut
953 3745 1087 3803 ﬁant
1116 3744 1350 3817 majores
1394 3761 1606 3816 eorum,
1638 3761 1784 3818 quos

187 3849 341 3890 nunc
377 3833 586 3892 colunt.

264 3930 444 4001 (Vers.
470 3931 557 4001 11,
600 3933 713 4006 12.)
760 3956 778 3980 ι
809 3933 871 3989 In
905 3948 1015 4006 quo
1038 3940 1092 3988 et
1121 3933 1439 3991 circumcisi
1487 3934 1619 3990 estis
1665 3933 1786 3992 cir-

183 4019 527 4078 cumcisione
547 4038 658 4078 non
688 4021 1022 4091 manufacta,
1045 4021 1102 4078 in
1119 4022 1575 4095 exspoliationem
1591 4041 1783 4096 corpo-

186 4109 268 4166 ris
291 4111 492 4181 carnis,
525 4111 584 4168 in
628 4111 1049 4170 circumcisione
1091 4111 1319 4181 Christi,
1361 4129 1472 4168 una
1516 4129 1640 4170 cum
1687 4114 1785 4170 illo
1820 4166 1822 4174 .

185 4202 388 4274 sepulti
418 4205 475 4258 in
509 4203 813 4275 baptismo;
849 4202 908 4259 in
934 4220 1043 4276 quo
1072 4211 1125 4259 et
1154 4204 1320 4260 simul
1363 4204 1652 4261 surexistis
1690 4223 1784 4278 per

185 4288 356 4346 ﬁdem
383 4291 720 4362 operationis
750 4291 872 4359 Dei,
911 4292 1005 4364 qui
1041 4293 1328 4349 suscitavit
1361 4294 1618 4349 illum-ex
1642 4312 1782 4350 mor-

186 4377 324 4433 tuis.
354 4402 373 4426 ι
418 4377 486 4432 Hi
515 4378 991 4435 circumciduntur
1019 4381 1078 4435 in
1110 4381 1348 4449 Christo,
1381 4383 1477 4455 qui
1506 4391 1785 4455 amputata
1815 4418 1820 4425 -

183 4467 362 4524 totius
391 4467 706 4523 traditionis
736 4468 990 4524 humanae
1019 4471 1254 4538 cultura,
1288 4471 1508 4528 Christo
1529 4473 1802 4546 jungun—'

184 4565 302 4624 tur,
329 4556 494 4612 corde
533 4573 644 4612 non
675 4574 838 4614 carne
865 4557 1197 4627 circumcisi,
1248 4560 1303 4615 id
1353 4571 1432 4618 est
1462 4562 1518 4618 in
1563 4564 1782 4634 spiritu,
1813 4593 1861 4651 Β

189 4661 305 4701 non
336 4644 393 4701 in
426 4662 590 4702 carne
624 4647 956 4714 servientes;
987 4655 1050 4703 ut
1083 4665 1114 4704 a
1141 4650 1374 4705 terrenis
1413 4651 1479 4706 ad
1517 4654 1778 4722 caelestia,

189 4732 260 4790 ab
289 4734 546 4790 humanis
588 4735 656 4790 ad
685 4735 897 4804 divina,
947 4736 1015 4792 ah
1057 4753 1238 4795 errore
1284 4748 1678 4798 convertantur
1713 4744 1780 4800 ad

191 4824 501 4893 veritatem,
533 4825 702 4897 capiti
738 4833 790 4881 et
817 4827 1029 4884 auctori
1060 4845 1160 4884 suo
1187 4831 1430 4901 copulati
1462 4847 1561 4902 per
1591 4831 1781 4887 chari-

191 4922 381 4973 tatem.
418 4917 553 4974 Cum
591 4932 699 4989 quo
727 4917 927 4988 sepulti
961 4926 1090 4974 sunt
1121 4919 1179 4974 in
1210 4919 1571 4991 baptismate:
1607 4938 1780 4977 resur-

192 5015 457 5063 rexerunt
477 5016 656 5064 autem
691 5024 786 5080 per
815 5007 978 5064 ﬁdem
1007 5009 1127 5077 Dei,
1154 5009 1221 5065 de
1245 5027 1352 5081 quo
1382 5011 1613 5068 credunt
1634 5012 1805 5085 quod-

192 5099 444 5169 exemplo
474 5097 681 5155 Christi
721 5098 1070 5161 resuscitabit
1102 5098 1228 5154 illos
1262 5115 1330 5154 ex
1369 5102 1620 5157 mortuis.
1661 5102 1808 5178 Illicj

194 5191 340 5248 enim
373 5190 541 5247 homo
585 5199 744 5246 vetus
779 5190 1095 5262 deponitur,
1130 5198 1183 5246 et
1214 5207 1392 5246 novus
1438 5193 1776 5250 assumitur:

195 5280 429 5352 peccatis
459 5281 712 5349 moritur,
745 5289 806 5337 ut
835 5281 989 5336 vivat
1011 5279 1242 5352 justitia)
1268 5297 1279 5335 :
1314 5282 1601 5338 elementis
1629 5283 1780 5338 abre-

196 5369 432 5439 nuntiat,
482 5378 545 5426 ut
591 5369 814 5428 Christo
842 5370 1100 5440 societur,
1132 5371 1551 5428 resurrectionis
1579 5372 1780 5428 futurae

268 5511 386 5587 (89)
419 5514 500 5569 Ita
528 5520 634 5587 vet.
667 5513 798 5587 edit.
831 5522 885 5587 et
905 5530 1034 5571 mss.
1061 5514 1170 5570 nisi
1194 5513 1465 5587 quodillae
1484 5515 1782 5587 praeferunt

195 5584 498 5658 decreti...”
530 5585 652 5640 illos
679 5585 737 5639 in
765 5586 1012 5657 idipsum,
1056 5587 1152 5658 ubi
1194 5584 1390 5642 horum
1424 5584 1663 5658 potiores
1690 5588 1780 5658 le—

195 5663 349 5730 gunt,
380 5657 753 5730 decretum...”
784 5657 906 5713 illos
948 5658 1005 5712 in
1041 5657 1174 5729 ipso.
1226 5659 1383 5716 Rom.
1425 5657 1611 5730 autem
1644 5657 1778 5714 edit.

195 5727 271 5786 sic
339 5727 603 5799 reposuit,
667 5728 870 5785 donans
925 5727 1076 5787 vobis
1123 5730 1302 5787 omnia
1357 5729 1562 5800 delicta,
1617 5730 1780 5787 deleto

1895 3310 2042 3383 plius
2071 3310 2232 3367 debet
2259 3310 2489 3382 diligere
2521 3310 2673 3381 (Luc.
2706 3325 2807 3376 vu,
2840 3308 2968 3379 43):
3003 3308 3210 3365 idcirco
3238 3325 3494 3366 commo-

1895 3407 1989 3456 net
2037 3408 2243 3472 gentes,
2292 3407 2356 3455 ut
2384 3398 2790 3457 considerantes
2821 3412 3011 3453 causas
3057 3397 3326 3453 malorum
3356 3413 3495 3454 suo-

1898 3501 2044 3556 rum,
2070 3492 2123 3544 et
2152 3488 2368 3560 qualem
2387 3487 2617 3560 gratiam
2636 3491 2963 3556 acceperunt
2985 3500 3016 3539 a
3032 3486 3145 3540 Deo
3168 3483 3228 3539 in
3251 3484 3492 3554 Christo,

1895 3587 2011 3637 tota
2037 3579 2331 3636 devotione
2359 3578 2589 3635 solliciti
2627 3577 2741 3634 sint
2775 3575 2921 3634 circa
2949 3575 3273 3649 obsequium
3303 3575 3439 3648 ejus,
3462 3595 3495 3634 a

1895 3684 2004 3742 quo
2037 3685 2068 3725 a
2098 3669 2314 3725 diversa
2343 3670 2536 3723 mortis
2563 3681 2726 3739 poena
2767 3673 2896 3721 sunt
2927 3665 3164 3721 liberati.
3203 3663 3492 3732 Quomodo

1894 3777 2021 3832 ergo
2050 3758 2457 3816 donavitnobis
2483 3756 2670 3814 omnia
2691 3755 2892 3812 delicta
2921 3754 2950 3810 ?
2990 3777 3009 3804 ι
3037 3754 3251 3823 Deleto,
3276 3755 3483 3829 inquit,

1895 3847 2282 3921 chirographo,
2361 3847 2507 3920 quod
2579 3855 2695 3902 erat
2763 3841 3141 3900 adversarium
3222 3842 3405 3900 nobis.
3459 3868 3477 3890 -

1893 3940 1965 3996 Et
2015 3938 2148 4010 quid
2197 3944 2279 3993 est
2335 3936 2538 4004 delere,
2587 3933 2822 4005 subjecit
2887 3931 3112 3988 dicens:
3171 3955 3189 3979 ι
3237 3932 3311 3988 Et
3353 3931 3491 3988 illud

1893 4029 2030 4084 tulit
2068 4028 2136 4084 de
2184 4025 2385 4082 medio.
2420 4051 2438 4076 ι
2508 4025 2598 4082 Sic
2638 4041 2766 4098 ergo
2815 4023 3039 4092 delevit,
3089 4039 3216 4080 cum
3261 4020 3390 4078 tulit
3419 4020 3488 4077 de

1895 4117 2098 4174 medio.
2130 4116 2221 4173 Sic
2250 4125 2434 4173 autem
2477 4115 2610 4172 tulit
2648 4115 2715 4170 de
2745 4113 2947 4183 medio,
2988 4129 3112 4170 cum
3152 4111 3344 4184 aﬂixit,
3392 4110 3489 4181 ait,

1892 4207 2055 4262 cruci.
2115 4205 2349 4278 Aﬂigere
2395 4214 2577 4261 autem
2627 4203 2800 4273 cruci,
2852 4201 2958 4260 hoc
3003 4201 3149 4258 dixit
3195 4216 3310 4257 esse
3359 4215 3493 4272 spo-

1894 4296 2027 4352 liare
2088 4296 2428 4369 principatus
2484 4303 2538 4350 et
2600 4301 2893 4368 potestates
2972 4292 3213 4366 publice,
3272 4297 3326 4346 et
3403 4291 3492 4347 de-

1894 4385 2232 4457 triumphare
2262 4385 2388 4440 illos
2434 4385 2492 4439 in
2541 4383 2783 4442 Christo.
2828 4384 2974 4450 Haec,
3020 4381 3164 4439 sicut
3207 4379 3490 4448 videntur,

1893 4473 2124 4532 obscura
2175 4482 2326 4543 sunt,
2375 4490 2438 4530 ac
2485 4489 2581 4546 per
2637 4473 2742 4530 hoc
2800 4471 3046 4528 adhibita
3109 4485 3240 4525 cura
3295 4467 3490 4525 diluci-

1893 4560 2074 4618 danda
2103 4571 2250 4619 sunt.
2282 4563 2397 4619 Hoc
2428 4569 2510 4618 est
2537 4562 2855 4634 praesidium
2886 4558 3009 4627 Dei,
3033 4557 3179 4630 quod
3201 4573 3295 4628 per
3323 4557 3490 4628 signi-

1894 4650 2171 4708 ﬁcantiam
2201 4650 2543 4706 diversarum
2576 4664 2865 4705 causarum
2896 4647 3128 4717 exponit
3170 4645 3486 4716 Apostolus.

1889 4743 2062 4800 Multa
2100 4741 2247 4797 enim
2274 4751 2394 4798 acta
2423 4747 2710 4807 memorat,
2760 4753 2867 4810 quo
2901 4750 3070 4807 genus
3100 4733 3387 4789 hominum
3420 4733 3488 4791 ad

1890 4830 2292 4902 indulgentiam
2343 4829 2691 4902 perveniret;
2748 4835 2809 4881 ut
2861 4839 2970 4878 non
3030 4823 3210 4878 solum
3267 4824 3489 4896 propria
3589 4867 3592 4871 .

1892 4921 2197 4976 remitteret
2229 4920 2390 4976 nobis
2420 4918 2642 4984 delicta,
2674 4914 2768 4971 sed
2798 4921 2852 4970 et
2881 4913 3023 4969 illud
3051 4914 3267 4970 tolleret
3299 4930 3486 4986 pecca-

1890 5019 2031 5079 tum,
2054 5011 2201 5084 quod
2230 5027 2299 5065 ex
2328 5009 2459 5065 Adae
2480 5015 2594 5063 erat
2617 5004 3068 5078 praevaricatione
3093 5003 3264 5077 (quod
3292 5005 3487 5078 appel—

1892 5101 2028 5157 lavit
2055 5099 2478 5171 chirographum
2509 5097 2566 5152 in
2598 5095 2857 5166 decretis)
2888 5094 3035 5168 quod
3067 5111 3168 5150 nos
3191 5111 3221 5150 a
3253 5095 3487 5152 mortuis

1891 5206 2168 5262 resurgere
2216 5205 2327 5244 non
2375 5186 2623 5255 sinebat;
2666 5187 2796 5260 quia
2824 5186 2868 5242 si
2899 5193 2953 5241 et
2981 5184 3087 5242 hoc
3115 5201 3224 5241 non
3270 5185 3484 5242 tulisset

1889 5279 1957 5335 de
1987 5277 2190 5346 medio,
2222 5285 2485 5333 exeuntes
2515 5276 2666 5344 hinc,
2705 5277 2798 5349 qui
2829 5282 3149 5347 acceperant
3175 5272 3479 5342 remissam,

1891 5369 2009 5426 illic
2050 5373 2370 5425 tenerentur
2413 5367 2560 5439 apud
2605 5365 2832 5423 inferos.
2885 5365 3056 5422 Porro
3119 5372 3301 5420 autem
3359 5361 3484 5422 ideo

1889 5513 2030 5584 quod
2056 5512 2335 5567 adversum
2362 5527 2458 5566 nos
2486 5517 2620 5575 erat,
2661 5507 3009 5580 chirographo
3036 5507 3093 5561 in
3123 5505 3404 5584 decretis...
3437 5511 3484 5562 et

1889 5577 2192 5666 exspoliqns
2215 5583 2552 5666 principatus
2579 5588 2628 5637 et
2648 5577 2947 5664 potestates,
2973 5577 3252 5636 ostentavit
3271 5578 3479 5650 palam,

1892 5653 2233 5730 triumphans
2255 5656 2317 5712 de
2343 5653 2457 5712 illis
2478 5671 2578 5728 per
2600 5653 2862 5725 “ipsum.
