3970 6372
465 365 570 442 458

1479 362 1575 435 AD
1613 363 1848 434 OPERA
1883 350 1938 432 ε.
1982 348 2316 431 AMBROSII
2357 354 2737 430 APPENDIX.

3674 357 3789 424 436

462 507 652 564 omnia
680 505 883 562 delicta
911 520 1170 562 concessa
1200 511 1353 573 sunt,
1391 512 1455 560 ut
1480 510 1825 575 resurgerent
1853 517 1884 556 a
1913 516 2058 556 mor-
2092 505 2143 563 Α
2173 499 2514 568 futurorum,
2563 507 2627 554 ut
2672 503 2970 570 apparente
3014 491 3265 560 veritate,
3298 489 3473 563 ﬁgura
3511 497 3788 547 cessaret.

463 595 594 651 tuis.
641 594 782 662 Quia
820 594 969 649 enim
1016 609 1086 650 ex
1127 601 1348 668 peccato
1378 609 1543 661 mors,
1584 593 1800 648 sublato
1841 598 2064 663 peccato

463 684 527 741 ﬁt
572 683 901 740 resurrectio
950 691 1328 740 mortuorum:
1364 682 1510 756 quod
1551 682 1773 756 quidem
1813 679 1933 735 ﬁeri
1965 679 2064 734 mi-

463 773 614 828 nime
635 773 922 846 potuisset,
955 773 1063 830 nisi
1086 781 1368 845 peccatum
1409 772 1672 828 aﬁixisset
1701 767 1873 827 cruci.
1917 769 2062 822 Dum

464 864 608 919 enim
644 880 757 920 non
783 863 1059 938 peccando
1093 864 1343 920 Salvator
1370 863 1546 919 vincit
1577 867 1880 934 peccatum,
1914 857 2062 932 quod

465 952 746 1011 hominem
810 954 1030 1011 tenebat
1069 953 1396 1022 obnoxium,
1428 952 1654 1024 insuper
1682 959 1737 1007 et
1782 948 2056 1006 occiditur

463 1041 534 1098 ab
557 1060 620 1098 eo
645 1043 950 1113 innocens;
1000 1045 1081 1100 sic
1118 1043 1404 1101 cruciﬁxit
1433 1051 1739 1116 peccatum.
1768 1039 2061 1098 Devictum

465 1132 613 1188 enim
652 1142 956 1205 peccatum,
1005 1132 1400 1190 mortiﬁcatum
1447 1132 1686 1199 dicitur;
1740 1146 1879 1186 crux
1915 1127 2063 1184 enim

464 1237 577 1278 non
626 1220 927 1278 Salvatoris
987 1240 1136 1279 mors
1189 1232 1290 1292 est,
1340 1220 1434 1278 sed
1509 1219 1738 1294 peccati.
1796 1219 2066 1274 Innocens

465 1309 613 1365 enim
668 1310 749 1366 sic
801 1311 894 1384 qui
939 1312 1232 1381 occiditur,
1282 1327 1402 1368 reos
1448 1311 1573 1367 illos
1623 1309 1755 1366 facit
1806 1324 1837 1363 a
1865 1307 2065 1381 quibus

465 1400 755 1459 occiditur.
803 1403 1092 1461 Peccatum
1136 1413 1318 1460 autem
1364 1402 1640 1476 principes
1682 1411 1735 1457 et
1772 1407 2066 1473 potestates

465 1489 860 1564 intelligamus,
893 1510 1129 1568 quorum
1158 1492 1341 1550 studio
1368 1493 1616 1565 peccavit
1636 1491 1846 1564 primus
1864 1489 2061 1546 Adam.

466 1579 553 1636 Ad
578 1588 828 1638 auctores
857 1583 1004 1638 enim
1036 1583 1384 1640 referendum
1415 1591 1496 1638 est
1523 1598 1727 1638 nomen
1757 1580 1880 1650 hoc,
1917 1596 2068 1653 quo-

467 1683 592 1725 rum
641 1679 877 1727 mortem
929 1672 986 1727 in
1042 1673 1444 1745 exspoliatione
1489 1669 1870 1743 signiﬁcavit;
1919 1685 2068 1725 mors

473 1757 622 1813 enim
666 1759 911 1832 ipsorum
943 1759 1061 1819 hac
1089 1769 1192 1830 est,
1217 1762 1348 1835 quia
1374 1761 1512 1817 victi
1539 1776 1570 1815 a
1599 1758 1901 1828 Salvatore,
1931 1758 2065 1814 dum

2173 588 2329 646 Sicut
2357 588 2504 646 enim
2548 587 2771 644 absente
2819 587 3169 658 imperatore,
3225 582 3408 653 imago
3455 579 3575 652 ejus
3612 579 3788 636 habet

2173 679 2584 745 auctoritatem,
2615 683 2882 750 prasente
2914 689 3026 729 non
3056 671 3258 739 habet;
3303 669 3380 726 ita
3404 679 3460 726 et
3501 669 3621 726 hac
3646 676 3785 723 ante

2172 767 2474 824 adventum
2502 765 2725 822 Domini
2749 772 2993 837 tempore
3024 778 3124 818 suo
3154 757 3496 816 observanda
3522 757 3781 829 fuerunt,

2175 865 2439 929 prasente
2457 863 2667 923 autem,
2688 862 2877 912 carent
2895 851 3240 910 auctoritate.
3263 846 3548 922 Numquid
3567 847 3785 920 aliquis

2171 945 2352 1002 vicem
2382 943 2598 1001 domini
2630 959 2817 1017 agens,
2851 941 2970 1015 ipso
3001 947 3287 1013 prasente,
3314 936 3680 996 dominatur?
3722 935 3783 992 Si

2172 1034 2556 1107 praefectorum
2587 1031 2804 1100 vicarii,
2837 1030 3200 1104 prasentihus
3239 1027 3320 1085 eis
3361 1024 3566 1100 privati
3595 1030 3736 1080 sunt
3765 1041 3780 1090 ;

2173 1132 2378 1198 quanto
2408 1124 2580 1196 magis
2608 1122 2776 1188 servi,
2807 1126 3072 1194 prasente
3101 1117 3351 1186 domino,
3379 1117 3546 1173 etiam
3588 1115 3698 1188 ipsi
3721 1114 3785 1170 in

2172 1212 2435 1287 obsequio
2463 1212 2665 1269 debent
2689 1210 2868 1267 videri
2891 1211 2904 1266 l

2249 1303 2430 1376 (Vers.
2465 1303 2549 1371 18,
2586 1301 2700 1373 19.)
2758 1324 2777 1348 ι
2803 1301 2976 1358 Nemo
3027 1315 3126 1355 vos
3169 1296 3431 1370 decipiat,
3473 1295 3669 1354 volens
3720 1293 3787 1348 in

2173 1393 2493 1450 humilitate
2519 1392 2714 1462 animi,
2743 1398 2798 1447 et
2813 1388 3205 1462 superstitione
3224 1388 3542 1460 angelorum
3572 1400 3636 1442 ea
3655 1399 3786 1458 qua

2173 1483 2346 1552 videt,
2398 1483 2670 1540 extollens
2719 1497 2778 1538 se
2825 1480 3047 1547 frustra,
3085 1477 3316 1535 inﬂatus
3360 1484 3544 1533 mente
3595 1473 3788 1532 carnis

2173 1589 2304 1642 sua,
2326 1581 2382 1630 et
2411 1589 2524 1630 non
2545 1581 2739 1630 tenens
2767 1577 2932 1644 caput
2965 1568 3126 1638 illud,
3156 1584 3227 1626 ex
3261 1582 3370 1641 quo
3391 1580 3555 1622 omne
3575 1577 3789 1635 corpus

2174 1679 2271 1738 per
2298 1663 2646 1736 compagines
2672 1669 2728 1718 et
2754 1659 3174 1733 conjunctiones
3210 1654 3696 1714 subministratum
3722 1659 3788 1707 et

2173 1754 2619 1826 compaginatum
2670 1751 2786 1825 (90)
2837 1749 3036 1808 crescit
3083 1748 3142 1803 in
3171 1751 3527 1818 augmentum
3573 1741 3703 1799 Dei.
3753 1765 3774 1788 -

467 1829 851 1918 exspoliantur
867 1829 1183 1918 animabus,
1201 1829 1337 1923 quas
1355 1848 1615 1905 tenebant
1640 1847 1698 1904 in
1719 1845 2058 1920 captivitate,
2086 1868 2131 1927 Β
2174 1841 2332 1910 Quod
2371 1842 2624 1916 superius
2670 1840 2774 1898 sub
2802 1839 3027 1898 nomine
3055 1833 3416 1912 philosophia
3455 1829 3788 1890 cavendum

476 1943 903 2002 mortiﬁcantur.
954 1946 1051 2004 Rei
1098 1947 1246 2003 enim
1295 1947 1425 2004 facti
1455 1953 1618 2004 sunt:
1653 1945 1781 2018 quia
1804 1960 1930 2002 cum
1961 1942 2065 2002 hac

469 2035 798 2091 auctoritate
845 2035 1056 2092 animas
1079 2045 1355 2106 tenerent,
1391 2036 1522 2108 quia
1549 2040 1928 2107 peccaverant,
1959 2031 2064 2104 ipsi

466 2119 684 2177 inventi
733 2131 864 2180 sunt
919 2125 1157 2199 amplius
1203 2135 1534 2200 peccatores,
1595 2123 1728 2179 dum
1768 2121 1927 2176 illum
1968 2120 2064 2192 qui

472 2209 602 2266 illos
631 2227 742 2267 non
772 2214 1049 2286 peccando
1079 2215 1310 2281 vicerat,
1343 2212 1683 2269 occiderunt.
1717 2211 1787 2265 Et
1813 2209 1893 2266 sic
1914 2207 2063 2279 juste

466 2300 760 2372 exspoliati
786 2311 936 2374 sunt,
967 2306 1112 2360 sicut
1139 2304 1307 2371 dixit,
1334 2301 1560 2371 publica,
1591 2299 1649 2354 id
1668 2305 1772 2367 est,
1795 2297 1853 2352 in
1877 2312 2058 2362 cruce;

467 2388 615 2461 quod
644 2397 723 2446 est
755 2393 934 2462 palam
960 2389 1363 2461 detriumphari
1392 2405 1421 2444 a
1453 2390 1566 2444 Deo
1597 2388 1652 2443 in
1685 2385 1930 2444 Christo.
1963 2386 2062 2441 Ille

466 2478 614 2534 enim
664 2479 1113 2551 detriumphatur
1158 2476 1251 2548 qui
1301 2477 1479 2548 palam
1510 2475 1775 2544 vincitur,
1807 2484 1862 2532 et
1887 2473 2066 2547 spolia

467 2566 587 2640 ejus
615 2568 1006 2640 publicantur:
1053 2565 1361 2621 ostenditur
1400 2566 1549 2622 enim
1606 2564 1864 2622 omnibus
1900 2581 2066 2638 pros-

469 2665 670 2726 tratus,
720 2656 816 2730 qui
873 2654 1088 2712 caeteris
1152 2654 1472 2712 insultabat.
1532 2657 1824 2712 Decretum
1880 2662 2064 2711 autem

471 2745 620 2819 quod
640 2745 800 2813 dicit,
821 2758 934 2798 non
965 2751 1046 2798 est
1062 2741 1169 2800 hoc
1189 2743 1336 2818 quod
1352 2744 1547 2818 pagani
1568 2745 1742 2801 fatum
1764 2745 2061 2818 appellant;

470 2835 601 2907 quia
628 2833 769 2889 illud
799 2847 912 2888 non
940 2833 1201 2891 omnibus
1227 2835 1568 2892 contrarium
1610 2841 1860 2891 asserunt
1886 2852 1900 2903 ;
1934 2833 2066 2907 quia

469 2923 734 2997 quosdam
763 2919 959 2977 dicunt
995 2938 1066 2978 ex
1103 2923 1209 2982 hoc
1233 2925 1442 2991 felices,
1473 2926 1612 2982 alios
1643 2925 1912 2982 infelices.
1949 2925 2068 2983 Hoc

471 3012 622 3069 enim
665 3010 950 3067 decretum
993 3014 1254 3070 omnibus
1303 3013 1443 3071 dicit
1485 3014 1654 3071 fuisse
1682 3013 2059 3081 contrarium;

471 3097 744 3157 sententia
771 3099 920 3157 enim
945 3109 1062 3160 erat
1083 3102 1299 3160 cunctis
1327 3103 1554 3160 adversa
1582 3102 1923 3160 hominibus.

2173 1933 2412 2003 monuit,
2453 1949 2604 1991 nunc
2629 1931 2876 2005 apertius
2923 1931 3084 1988 docet
3130 1923 3533 1984 observandum
3577 1920 3649 1977 ab
3684 1919 3786 1990 iis,

2175 2021 2271 2095 qui
2316 2029 2550 2078 terrena
2587 2019 2868 2093 sapientia
2914 2017 3218 2085 studentes,
3263 2015 3383 2072 bac
3426 2008 3658 2069 colenda
3695 2025 3784 2066 as-

2173 2121 2382 2180 serunt,
2431 2129 2552 2184 qua
2592 2110 2878 2168 obtutibus
2917 2107 3184 2178 adjacent,
3236 2107 3323 2162 vel
3371 2109 3674 2177 apparent;
3715 2107 3784 2158 ut

2172 2201 2370 2257 horum
2393 2201 2625 2257 detenta
2654 2199 2889 2257 culturis
2917 2197 3118 2253 anima
3156 2196 3258 2252 sub
3295 2195 3652 2250 ﬁrmamento
3681 2192 3780 2250 ob-

2175 2291 2352 2362 ligata
2377 2297 2688 2357 teneantur,
2719 2303 2789 2344 ne
2819 2303 2878 2344 se
2900 2301 3066 2358 supra
3098 2284 3512 2340 ﬁrmamentum
3541 2281 3778 2339 tendant

2171 2379 2240 2436 ad
2267 2379 2576 2452 superiores
2613 2380 2782 2436 calos
2805 2378 2874 2434 ad
2910 2379 3085 2433 Deum
3128 2375 3362 2432 omniun
3405 2373 3776 2431 adorandum.

2173 2469 2332 2539 Quod
2362 2486 2524 2543 opera
2571 2469 2810 2526 eﬁicitur
2839 2467 3078 2534 inimici,
3107 2474 3413 2537 ut'semper
3438 2465 3652 2520 animas
3681 2479 3774 2520 su-

2173 2578 2270 2636 per
2297 2569 2471 2618 terras
2499 2560 2821 2617 humiliatas
2869 2558 3133 2623 detineat,
3158 2555 3256 2612 ubi
3285 2571 3343 2611 se
3371 2554 3477 2611 scit
3519 2553 3588 2610 de
3614 2553 3776 2611 calis

2173 2651 2445 2724 dejectum
2482 2666 2696 2722 semper
2739 2649 2993 2705 futurum
3015 2645 3168 2719 justo
3209 2643 3424 2717 judicio
3470 2643 3592 2712 Dei,
3635 2643 3770 2699 reli-

2175 2739 2391 2816 gionem
2443 2739 2736 2805 simulans,
2775 2754 2902 2796 cum
2933 2735 3008 2792 sit
3036 2733 3346 2791 maximum
3391 2730 3766 2804 sacrilegium.

2175 2829 2448 2886 Inﬂantur
2476 2827 2624 2884 enim
2655 2834 2869 2882 motum
2890 2823 3241 2898 pervidentes
3269 2820 3602 2888 stellarrum,
3631 2836 3772 2893 quas

2174 2919 2396 2991 angelos
2423 2926 2605 2986 vocat,
2639 2932 2751 2973 non
2781 2913 3107 2973 auctoritate
3137 2911 3351 2980 divina,
3372 2908 3469 2966 sed
3496 2909 3779 2982 supersti-

2175 3008 2326 3065 tione
2374 3007 2636 3076 humana,
2680 3022 2802 3079 qua
2847 3004 2918 3061 ad
2963 3001 3206 3060 nihilum
3251 2999 3489 3073 proﬁcit,
3537 2997 3647 3054 nisi
3702 2998 3779 3057 ad

2175 3102 2438 3159 damnum
2465 3118 2478 3157 :
2531 3099 2783 3155 nolentes
2826 3105 3009 3154 tenere
3047 3095 3212 3151 ﬁdem
3247 3093 3476 3162 Christi,
3509 3091 3606 3165 qui
3639 3108 3780 3149 om-

544 3214 729 3288 (Vers.
762 3214 850 3282 i6,
885 3215 998 3288 i7.)
1043 3240 1062 3263 ‹
1082 3216 1255 3273 Nemo
1282 3215 1452 3289 igitur
1473 3215 1686 3289 judicet
1705 3233 1804 3273 vos
1833 3216 1892 3272 in
1916 3215 2062 3284 cibo,
2101 3226 2144 3287 ο
2177 3191 2334 3289 nit"?
2363 3197 2576 3289 ωδε-τος
2600 3197 2655 3245 et
2687 3186 2958 3244 Dominus
2981 3193 3082 3289 est
3113 3185 3201 3239 Ex
3232 3185 3352 3280 ipim
3381 3181 3527 3289 635m
3575 3197 3780 3289 fmnes

473 3306 562 3364 vel
593 3305 651 3362 in
672 3315 829 3379 potu,
849 3313 944 3363 aut
972 3306 1032 3363 in
1060 3313 1212 3379 parte
1233 3305 1342 3363 diei
1363 3306 1511 3376 festi,
1533 3316 1628 3363 aut
1649 3305 1712 3362 in
1736 3304 2062 3373 neomeniis,

475 3405 571 3453 aut
598 3397 657 3454 in
686 3395 954 3453 Sabbato:
995 3412 1116 3469 qua
1136 3405 1266 3453 sunt
1283 3396 1481 3453 umbra
1503 3395 1838 3464 futurorum,
1869 3410 2067 3466 corpus

474 3497 658 3546 autem
680 3488 906 3547 Christi.
941 3513 960 3536 ι
1004 3486 1276 3554 Quoniam
1306 3489 1487 3544 omnis
1515 3503 1637 3560 spes
1664 3486 1794 3543 vita
1825 3486 1884 3542 in
1911 3485 2070 3544 Chri-

474 3587 561 3636 sto
607 3587 709 3647 est,
743 3595 805 3634 ac
838 3576 1059 3645 ﬁducia,
1092 3578 1233 3634 nulli
1265 3576 1642 3651 superstitioni
1671 3583 1766 3632 aut
1793 3574 1899 3648 legi
1929 3574 2071 3631 sub-

469 3666 651 3740 jacere
687 3683 789 3722 nos
835 3666 1032 3723 debere
1083 3667 1361 3740 pracepit.
1416 3665 1782 3734 Quamobrem
1826 3675 2072 3736 perstre-

481 3771 691 3837 pentes,
715 3771 810 3818 aut
836 3761 980 3818 270
1011 3765 1224 3839 aliquid
1253 3765 1400 3840 quod
1428 3765 1497 3822 ad
1526 3764 1692 3820 ﬁdem
1721 3762 1929 3820 Christi
1959 3777 2070 3818 non

483 3851 721 3926 pertinet
749 3861 1117 3925 susurrantes,
1169 3852 1634 3913 contemnendos:
1673 3852 1840 3908 istum
1887 3859 2070 3907 autem

481 3943 660 3999 solum
687 3944 1024 4018 sequendum
1056 3961 1153 4018 per
1198 3961 1362 4019 quem
1408 3942 1627 3999 devicta
1672 3957 1820 3998 mors
1864 3950 1966 4010 est,
2018 3950 2072 3999 et

475 4032 695 4090 reddita
710 4034 1040 4092 resurrectio
1059 4043 1427 4091 mortuorum.
1446 4031 1678 4100 Quidam
1698 4030 1845 4086 enim
1861 4029 2072 4086 Judao-

476 4140 600 4181 rum
626 4125 808 4180 solent
834 4123 1084 4196 judicare
1112 4125 1324 4194 ﬁdeles,
1352 4123 1500 4197 quod
1529 4139 1592 4179 ea
1627 4138 1748 4195 qua
1777 4119 2072 4178 interdicta

475 4228 573 4288 per
615 4214 843 4286 Moysen
867 4222 1017 4283 sunt,
1048 4214 1214 4270 edant
1256 4213 1324 4271 de
1353 4212 1515 4280 cibis,
1544 4229 1668 4270 cum
1700 4211 1889 4268 omnia
1925 4213 2074 4268 Deus

479 4303 687 4360 munda
715 4302 945 4361 fecerit:
982 4303 1199 4377 indigni
1230 4311 1410 4361 autem
1436 4302 1671 4375 judicati
1701 4301 1876 4358 Judai
1896 4300 1964 4358 de
1986 4301 2075 4357 his

477 4393 659 4465 edere,
711 4392 984 4466 prohibiti
1034 4401 1164 4450 sunt
1212 4410 1244 4450 a
1281 4391 1624 4449 melioribus.
1655 4391 1847 4448 Solent
1874 4390 2072 4446 iterum

477 4483 877 4558 reprehendere
918 4500 1039 4552 nos,
1097 4483 1227 4558 quia
1274 4481 1392 4540 dies
1437 4481 1579 4539 festo
1623 4496 1812 4537 eorum
1865 4477 2072 4552 sperni-

479 4591 625 4645 mus,
645 4583 742 4633 aut
770 4573 900 4648 quia
929 4573 1092 4630 initia
1112 4571 1382 4629 mensium
1414 4587 1526 4629 non
1546 4571 1921 4637 observamus,
1951 4583 2072 4640 qua
2099 4584 2148 4644 D

477 4667 796 4727 neomenias
826 4673 1056 4724 vocant:
1107 4664 1348 4721 maxime
1397 4671 1578 4720 autem
1613 4661 1760 4736 quod
1806 4660 1923 4717 dies
1955 4659 2072 4717 sab-

474 4757 728 4815 batorum
756 4773 870 4814 non
900 4755 1265 4824 custodimus,
1300 4763 1364 4812 ut
1391 4753 1506 4809 otio
1533 4759 1590 4808 et
1615 4749 1792 4823 epulis
1819 4766 1945 4806 cum
1977 4750 2074 4805 lu-

476 4847 638 4905 ania
661 4847 1071 4920 transigantur:
1109 4844 1257 4919 quod
1286 4841 1459 4915 magis
1509 4840 1577 4896 ad
1612 4839 1871 4895 oﬁ‘ensam
1899 4839 2074 4911 perti-

480 4946 595 5002 net,
650 4954 813 5009 quam
872 4936 941 4993 ad
997 4934 1248 5008 gratiam.
1307 4933 1435 4989 Hac
1475 4938 1657 4987 autem
1704 4927 1892 4985 omnia
1945 4934 2075 4983 sunt

479 5035 684 5097 Corpus
713 5025 944 5092 Christi,
978 5024 1110 5097 quia
1136 5024 1536 5079 elementorum
1565 5033 1660 5091 per
1688 5017 1913 5073 eﬁ’ectus
1943 5023 2073 5072 sunt

481 5114 770 5173 Vocabula.
809 5112 952 5168 Hinc
978 5119 1059 5167 est
1088 5111 1234 5167 unde
1263 5110 1323 5166 in
1356 5107 1656 5182 Evangelia
1683 5105 1822 5163 dicit
1846 5122 1857 5160 :
1907 5131 1925 5153 ι
1955 5107 2076 5161 Do-

480 5192 764 5263 minusest
791 5202 940 5258 enim
961 5200 1136 5256 Filius
1156 5199 1400 5256 hominis
1419 5199 1581 5255 etiam
1605 5197 1824 5254 Sabbati
1857 5197 2071 5267 (Matth.

480 5313 585 5367 xn,
619 5295 677 5368 8)
704 5314 718 5364 ;
749 5320 768 5345 ι
811 5308 909 5367 per
951 5289 1130 5364 ipsum
1158 5289 1306 5346 enim
1335 5289 1541 5357 omnia,
1585 5303 1705 5361 qua
1735 5284 1956 5360 quidem
1997 5284 2076 5343 sic

483 5385 609 5444 data
636 5393 765 5445 sunt
793 5399 892 5460 per
915 5382 1167 5455 Moysen,
1205 5387 1269 5436 ut
1307 5380 1503 5436 umbra
1547 5384 1748 5447 essent,
1781 5377 1870 5432 vel
1903 5375 2077 5448 ﬁgura

496 5616 498 5619 ,
558 5553 674 5628 (90)
721 5558 879 5614 Rom.
924 5553 1082 5622 edit.,
1131 5551 1476 5628 {quisque
1517 5564 1625 5628 non
1983 5559 2078 5628 per

483 5619 955 5700 cmhpdginationes
1006 5619 1075 5684 ett
1104 5619 1461 5696 colligationes
1523 5619 1980 5675 subministratum
2031 5621 2079 5671 et

483 5705 806 5755 commotum
819 5742 831 5754 .

557 5716 867 5845 tabum.
899 5767 1058 5838 edit.,
1102 5767 1324 5826 redeunt
1355 5765 1428 5824 ad
1467 5763 1658 5832 Deum,
1695 5761 1790 5835 qui
1833 5775 1950 5818 cum
1981 5775 2079 5832 per

2179 3280 2449 3352 originem
2476 3277 2717 3346 habent;
2749 3292 2918 3350 quare
2945 3282 3001 3332 et
3036 3289 3237 3346 corpus
3263 3270 3382 3344 ejus
3413 3269 3693 3339 dicuntur,
3729 3271 3781 3327 si

2173 3379 2358 3427 tamen
2403 3375 2709 3442 agnoscunt
2755 3381 2902 3423 eum.
2957 3363 3044 3421 Ad
3098 3363 3281 3436 ipsum
3327 3361 3475 3426 enim
3519 3361 3780 3418 conversi

2177 3467 2605 3536 readiﬁcantur,
2637 3465 3006 3539 compaginati
3026 3463 3156 3520 ﬁdei
3177 3461 3295 3536 ejus
3321 3459 3782 3517 subministrante

2176 3557 2480 3630 Evangelia
2509 3555 2724 3614 cunctis
2752 3556 2908 3631 quasi
2938 3555 3186 3610 membra
3225 3549 3471 3623 corporis
3500 3549 3558 3605 in
3593 3549 3779 3605 chari-

2178 3653 2286 3702 tate
2315 3646 2543 3715 Christi,
2564 3654 2628 3702 ut
2646 3653 3000 3718 augmentum
3025 3642 3230 3700 faciant
3267 3641 3402 3695 Deo.
3445 3637 3584 3696 Cum
3613 3637 3768 3694 enim

2180 3737 2413 3794 redeunt
2428 3737 2496 3793 ad
2527 3737 2711 3803 illum,
2729 3733 2826 3806 qui
2847 3749 2943 3805 per
2963 3747 3204 3789 errorem
3232 3729 3585 3786 deseruerant
3611 3726 3779 3782 illum

2179 3826 2491 3883 minuentes
2515 3822 2821 3896 (91)copias
2843 3821 3168 3878 divitiarum
3195 3816 3334 3890 ejus,
3355 3817 3488 3873 dum
3505 3814 3784 3886 denegant

2179 3921 2297 3994 ejus
2334 3936 2392 3977 se
2419 3934 2554 3990 esse,
2586 3923 2925 3974 crementum
2966 3913 3180 3972 faciunt
3217 3913 3351 3980 Deo,
3380 3909 3511 3983 quia
3547 3925 3618 3965 ex
3659 3924 3782 3981 per-

2179 4011 2316 4068 ditis
2368 4009 2750 4084 acquiruntur.
2805 4006 2932 4062 Hac
2987 4004 3055 4060 de
3108 4001 3372 4075 paganis:
3430 4014 3652 4054 rursum
3710 3996 3782 4054 de

2178 4099 2383 4156 Judais
2433 4097 2572 4155 dicit
2627 4096 2758 4171 quia
2799 4101 2856 4152 et
2893 4091 2998 4166 ipsi
3053 4091 3158 4150 sub
3185 4087 3472 4147 elementis
3499 4085 3778 4157 serviunt,

2182 4204 2296 4246 non
2324 4186 2632 4244 elementis.

2253 4277 2436 4351 (Vere.
2462 4274 2581 4347 20.)
2624 4298 2644 4323 ι
2671 4271 2730 4330 Si
2754 4287 2882 4346 ergo
2914 4269 3119 4328 mortui
3148 4268 3280 4330 estis
3296 4285 3425 4326 cum
3455 4266 3678 4328 Christo
3706 4265 3780 4326 ab

2179 4367 2468 4427 elementis
2503 4365 2672 4440 hujus
2705 4363 2923 4434 mundi,
2949 4362 3087 4437 quid
3105 4361 3306 4431 adhuc,
3337 4361 3496 4417 velut
3520 4361 3774 4417 viventes

2180 4459 2240 4516 in
2268 4456 2376 4514 hoc
2402 4455 2611 4513 mundo
2652 4451 2993 4513 decernitis?
3021 4479 3042 4506 ι
3101 4450 3298 4509 Omnis
3340 4448 3437 4523 qui
3465 4447 3781 4522 baptizatur

2181 4549 2241 4606 in
2269 4547 2513 4617 Christo,
2541 4545 2774 4602 moritur
2803 4542 3013 4600 mundo
3037 4560 3053 4611 ;
3081 4540 3298 4599 cunctis
3326 4539 3477 4596 enim
3513 4537 3778 4611 supersti-

2180 4640 2398 4700 tionum
2427 4637 2707 4696 erroribus
2746 4633 3120 4702 abrenuntiat,
3149 4639 3212 4689 ut
3238 4631 3412 4697 solam
3441 4630 3588 4686 colat
3609 4627 3781 4684 ﬁdem

2181 4733 2410 4793 Christi.
2435 4729 2655 4788 Amotis
2676 4729 2822 4785 enim
2841 4743 2962 4800 qua
2977 4722 3219 4781 naturali
3233 4721 3466 4796 justitia
3486 4718 3783 4789 accedunt,

2182 4821 2516 4896 relinquitur
2543 4817 2838 4891 disciplina
2865 4815 2993 4871 data
3019 4830 3052 4870 a
3081 4814 3216 4881 Deo,
3251 4827 3346 4885 per
3373 4825 3537 4883 quam
3563 4806 3786 4863 vivitur

2182 4917 2296 4973 Deo
2326 4929 2422 4986 per
2446 4927 2620 4985 spem,
2659 4923 2780 4981 qua
2803 4913 2884 4962 est
2914 4905 2974 4960 in
3001 4903 3260 4969 Christo;
3316 4898 3552 4957 moritur
3592 4904 3780 4952 autem

2183 5004 2272 5061 his
2296 5003 2497 5077 quibus
2524 4997 2800 5071 subjectus
2839 4995 3018 5051 fuerat
3043 5009 3140 5067 per
3167 5005 3430 5056 errorem,
3455 4986 3589 5043 dum
3612 4993 3785 5077 negat

2183 5074 2328 5161 illos,
2361 5108 2497 5165 quos
2524 5089 2655 5146 deos
2692 5090 3109 5159 prasumpserat
3135 5096 3251 5137 esse
3297 5079 3438 5153 (92).
3489 5078 3561 5133 Et
3607 5076 3687 5131 ita

2182 5192 2246 5242 ut
2298 5163 2394 5256 per
2447 5177 2800 5237 inimicitiam
2847 5167 3345 5232 abrenuntiationis
3398 5165 3637 5223 invicem
3667 5163 3779 5220 sibi

2184 5255 2388 5330 mortui
2440 5271 2697 5327 dicantur
2742 5265 2909 5321 homo
2966 5271 3021 5318 et
3073 5261 3472 5318 elementorum
3528 5255 3774 5311 cultura.

2182 5361 2449 5424 Mundam
2497 5360 2646 5418 enim
2693 5357 2900 5425 dicens,
2945 5367 3185 5411 errorem
3231 5347 3415 5408 carnis
3466 5341 3769 5418 signiﬁcat,

2184 5552 2417 5596 errorem
2447 5533 2804 5598 deseruerant,
2834 5526 3144 5592 minuentes,
3175 5529 3283 5578 etc.

2258 5590 2375 5681 (92)
2425 5605 2633 5681 Omnes
2669 5590 2826 5681 editi,
2892 5613 3021 5669 quos
3053 5590 3480 5681 .prasampsetat
3527 5603 3671 5654 esse;
3723 5590 3782 5642 at

2185 5668 2374 5740 vocem
2404 5678 2526 5736 deos
2555 5691 2585 5733 θ
2611 5671 2736 5735 cod.
2769 5686 2882 5729 non
2905 5668 3096 5744 paucis
3123 5668 3490 5724 restituimus.
