3970 6396
173 363 290 425 457

1231 369 1592 428 COMMENT.
1635 371 1708 427 IN
1744 369 1961 427 EPIST.
2003 373 2098 428 AD
2139 371 2416 430 COLOSS.

3370 378 3476 439 458

175 512 350 552 omne
389 496 537 553 enim
581 497 728 570 quod
777 497 1012 567 videtur,
1072 498 1222 554 carni
1273 499 1585 572 deputatur.
1636 502 1777 561 Hinc
1805 504 1853 561 A
1892 502 2084 557 mundi
2131 503 2464 570 clarissima;
2517 518 2616 559 nec
2644 505 2849 576 requiri
2895 505 3091 563 debere
3131 507 3473 580 spiritualia;

174 595 264 642 est
323 587 468 643 unde
526 596 580 643 et
629 588 866 644 Joannes
920 589 1229 660 apostolus:
1277 613 1293 635 ι
1326 590 1526 659 Nolite,
1576 591 1777 665 inquit,

171 673 412 747 diligere
460 676 754 745 mundum,
807 693 982 750 neque
1029 694 1091 734 ea
1137 695 1257 751 qua
1305 678 1361 733 in
1399 679 1605 736 mundo
1652 688 1781 737 sunt

174 761 241 834 (Ι
263 765 424 821 Joan.
467 783 531 835 ιι,
561 768 678 838 15),
708 792 726 814 ι
769 766 827 822 id
873 776 976 835 est,
1020 784 1195 841 neque
1241 769 1529 837 elementa,
1580 770 1780 843 quibus

169 864 506 928 compactus
531 865 611 914 est
644 858 904 927 mundus,
934 874 1110 931 neque
1136 875 1345 915 errores
1375 877 1510 932 quos
1541 859 1780 917 humana

167 943 471 1002 adinvenit
492 947 733 1014 traditio,
764 948 1091 1020 diligamus:
1137 948 1231 1005 sed
1261 951 1439 1006 solum
1473 950 1776 1020 Christum,

167 1034 275 1105 qui
321 1045 690 1093 mortuusest
721 1053 819 1108 pro
849 1037 1028 1106 nobis,
1061 1047 1122 1093 ut
1165 1039 1382 1110 corpori
1411 1056 1511 1095 suo
1553 1057 1650 1096 nos
1679 1059 1777 1096 so-

167 1121 350 1179 ciaret
384 1141 452 1179 ex
479 1125 730 1196 perditis.
755 1125 1006 1199 Quiergo
1037 1128 1344 1199 consepulti
1374 1137 1502 1184 sunt
1532 1129 1773 1199 Christo,

167 1212 386 1267 mortui
433 1222 563 1269 sunt
594 1217 904 1285 elementis,
938 1227 998 1274 ut
1028 1219 1169 1274 nihil
1201 1231 1397 1277 curent
1423 1238 1491 1276 ex
1520 1221 1641 1289 his;
1672 1239 1776 1278 su-

166 1315 348 1372 perna
375 1303 521 1358 enim
553 1303 870 1362 didicerunt
901 1308 1158 1376 tenenda,
1191 1325 1310 1382 qua
1344 1318 1572 1382 possunt
1603 1311 1773 1367 vitam

165 1388 380 1446 donare
411 1402 745 1466 perpetuam.
782 1395 910 1452 Haec
939 1396 1088 1452 enim
1127 1413 1229 1454 nec
1262 1407 1586 1470 prasentem
1618 1400 1771 1470 dant,

165 1486 229 1536 et
257 1479 590 1552 impediunt,
622 1499 689 1538 ne
718 1484 1201 1556 apprehendantur
1223 1487 1430 1544 futura.
1455 1490 1561 1556 Qui
1591 1499 1771 1545 autem

163 1577 299 1640 post
326 1569 660 1642 baptismum
705 1572 935 1646 ambigit
965 1575 1032 1632 de
1060 1576 1362 1649 aliquibus,
1395 1587 1593 1650 putans
1628 1597 1771 1652 qua-

162 1655 299 1713 dam
358 1658 424 1714 de
475 1662 754 1718 veteribus
803 1664 1136 1732 veneranda,
1194 1665 1380 1721 vivere
1438 1683 1495 1722 se
1533 1668 1774 1723 ostendit

163 1751 313 1809 271
349 1748 655 1820 elementis,
704 1768 824 1825 qua
871 1751 1118 1809 decernit
1151 1753 1400 1822 colenda,
1434 1764 1529 1811 aut
1557 1755 1773 1813 dubitat

158 1847 576 1903 contemnenda
601 1867 612 1904 :
651 1848 745 1905 hic
774 1850 1081 1906 remanebit
1110 1851 1256 1908 intra
1284 1853 1522 1910 circulos
1552 1854 1767 1923 mundi,
1804 1870 1848 1929 Β

156 1938 386 1994 alienus
416 1956 445 1994 a
469 1940 604 2008 Deo,
631 1940 761 2013 quia
788 1942 962 1999 veteri
992 1941 1220 2000 indutus
1249 1942 1498 2014 homine,
1527 1946 1768 2004 carnalia

155 2028 406 2084 transire
432 2045 542 2086 non
574 2031 796 2102 poterit.

241 2127 428 2198 (Vers.
476 2129 565 2197 21,
617 2129 735 2201 22.)
801 2155 818 2177 ε
865 2130 945 2187 Ne
997 2132 1308 2203 tetigeritis,
1358 2149 1428 2188 ne
1464 2134 1767 2191 attamina-

157 2215 384 2285 veritis,
409 2234 477 2274 ne
497 2219 954 2290 gustaveritis,ne
975 2223 1470 2293 contrectaveritis,
1496 2241 1617 2297 qua
1636 2233 1767 2281 sunt

156 2305 358 2361 omnia
390 2307 446 2361 in
479 2306 763 2363 interitum
799 2309 939 2380 (93),
967 2317 1022 2366 et
1051 2311 1462 2383 corruptionem
1512 2329 1607 2384 per
1635 2312 1764 2369 abu-

155 2397 376 2452 sionem
408 2397 707 2454 secundum
732 2407 1000 2470 pracepta
1027 2409 1080 2455 et
1110 2400 1390 2457 doctrinas
1411 2401 1749 2458 hominum.-

155 2485 430 2542 Prohibet
475 2487 625 2542 omni
675 2503 868 2559 genere
912 2489 980 2544 ab
1012 2505 1105 2561 spe
1160 2490 1589 2559 mundanorum,
1637 2492 1765 2563 quia

154 2573 348 2630 inanis
394 2583 495 2644 est,
550 2591 618 2631 ne
669 2578 873 2646 colant,
925 2593 994 2632 ne
1030 2579 1352 2648 assentiant,
1400 2597 1470 2636 ne
1499 2580 1761 2651 cogitent,

154 2664 296 2737 quia
324 2680 445 2736 qua
473 2666 822 2737 promittunt,
856 2667 1230 2738 corruptionis
1267 2675 1416 2725 sunt.
1445 2670 1586 2724 Usus
1614 2670 1761 2724 enim

154 2759 218 2808 et
265 2754 482 2810 cultura
521 2754 766 2825 ipsorum
798 2755 1086 2812 interitum
1125 2765 1405 2829 generant,
1437 2756 1565 2829 quia
1614 2773 1762 2827 pra-

154 2851 323 2914 cepta
367 2853 421 2900 et
464 2843 730 2900 doctrina
779 2860 890 2900 non
917 2845 1039 2914 Dei,
1077 2845 1173 2901 sed
1202 2845 1490 2901 hominum
1521 2854 1672 2914 sunt,
1703 2845 1762 2900 in

153 2931 368 3004 quibus
397 2949 536 2988 vana
564 2949 686 3004 spes
731 2940 812 2988 est
836 2952 847 2988 :
890 2935 1093 3006 quippe
1122 2950 1249 2990 cum
1297 2933 1562 2990 adversus
1591 2934 1762 2990 Crea-

155 3031 340 3078 torem
391 3020 666 3078 invenerit
692 3022 808 3079 hac
848 3039 1001 3078 error
1045 3022 1341 3093 humanus,
1372 3033 1434 3080 ut
1464 3023 1762 3096 prohibens

154 3110 232 3168 ab
269 3111 438 3166 unius
481 3112 582 3167 Dei
624 3112 752 3180 ﬁde,
801 3113 1103 3170 multorum
1143 3113 1372 3170 deorum
1401 3114 1762 3186 superstitio-

66 3213 71 3220 '
155 3214 292 3255 nem
321 3199 565 3257 inducat.

235 3297 418 3370 (Vers.
451 3297 566 3372 23.)
600 3323 618 3346 ι
640 3299 771 3368 Qua
789 3307 918 3356 sunt
944 3299 1213 3357 rationem
1243 3300 1469 3374 quidem
1500 3300 1760 3357 habentia

154 3388 444 3461 sapientia
465 3388 821 3446 simulatione
853 3390 1160 3462 religionis,
1191 3400 1244 3446 et
1272 3391 1590 3447 humilitate
1627 3392 1760 3448 ani-

153 3479 238 3534 mi
284 3479 400 3551 (94)
432 3479 500 3534 ad
555 3480 906 3535 vexationem
961 3479 1226 3551 corporis,
1286 3495 1397 3534 non
1449 3479 1508 3534 in
1551 3479 1758 3534 honore

149 3569 346 3641 aliquo
373 3568 443 3624 ad
485 3570 826 3624 saturitatem
858 3576 913 3623 et
937 3568 1280 3640 diligentiam
1319 3567 1520 3624 carnis.
1552 3592 1569 3615 ι
1616 3569 1758 3624 Hinc

148 3675 214 3715 se
244 3658 526 3730 sapientia
552 3659 821 3714 rationem
874 3658 1074 3714 habere
1103 3667 1316 3730 putant,
1349 3659 1478 3731 quia
1506 3658 1754 3714 traditio-

149 3749 215 3804 ni
265 3747 520 3803 humana
561 3764 760 3802 nomen
804 3747 1088 3820 religionis
1132 3747 1428 3819 applicant,
1463 3755 1526 3803 ut
1561 3747 1754 3819 religio

145 3836 484 3908 appelletur,
534 3853 661 3892 cum
701 3836 773 3890 sit
802 3836 1186 3908 sacrilegium;
1229 3836 1358 3908 quia
1388 3835 1535 3909 quod
1563 3845 1754 3893 contra

146 3933 437 3982 auctorem
463 3931 566 3992 est,
597 3923 859 3997 sacrilega
880 3932 1062 3982 mente
1089 3925 1376 3982 inventum
1409 3936 1508 3982 est.
1541 3927 1751 3982 Nomen

147 4030 282 4086 ergo
329 4012 510 4085 ﬁngit,
552 4023 613 4070 nt
658 4014 794 4070 falsa
835 4031 955 4088 qua
1004 4023 1154 4084 sunt,
1208 4024 1390 4088 posset
1440 4032 1571 4071 vera
1611 4032 1749 4072 asse-

148 4118 302 4169 rere;
350 4111 404 4158 et
448 4102 718 4160 humanas
763 4113 974 4160 mentes
1024 4104 1081 4160 in
1113 4111 1256 4160 terra
1285 4104 1565 4175 humiliat,
1597 4121 1665 4161 ne
1693 4121 1749 4162 se

148 4193 367 4263 erigant
395 4191 465 4248 ad
493 4208 729 4266 superna
759 4211 771 4249 :
800 4201 895 4248 aut
923 4202 1140 4249 terrena
1164 4193 1405 4251 colentes
1434 4194 1694 4251 excidant
1717 4210 1784 4273 a.

148 4281 408 4352 supernis
437 4281 771 4350 calestibus,
802 4290 856 4337 et
905 4282 1091 4338 obsint
1119 4283 1360 4355 corpori,
1389 4281 1549 4354 cujus
1584 4291 1748 4356 caput

147 4369 410 4427 Christus
439 4376 521 4424 est
549 4368 853 4425 secundum
884 4369 1162 4441 primava
1191 4371 1421 4427 rationis
1456 4371 1742 4428 facturam.

148 4461 296 4515 Hinc
341 4457 489 4514 enim
536 4457 813 4530 aggravati
870 4473 981 4514 non
1036 4467 1288 4530 poterant
1332 4476 1547 4516 sursum
1585 4460 1746 4533 jungi

1889 591 2017 663 quia
2043 590 2128 646 his
2157 592 2309 660 solis,
2342 591 2622 664 inquiunt,
2645 593 2879 650 ducibus
2911 596 2992 651 uti
3023 612 3342 654 concessum
3372 609 3476 667 est,

1888 688 1942 738 et
1969 697 2066 754 per
2095 680 2237 739 hanc
2264 682 2532 739 rationem
2552 684 2835 756 negligunt
2859 693 3156 743 auctorem.

2515 829 2741 887 CAPUT
2769 831 2861 887 III.

1961 955 2141 1026 (Vers.
2179 957 2257 1029 1.)
2303 979 2321 1004 ι
2351 955 2408 1012 Si
2439 956 2584 1012 enim
2614 957 3039 1014 consurrexistis
3076 973 3203 1015 cum
3233 957 3479 1026 Christo,

1885 1061 2006 1118 qua
2034 1063 2251 1102 sursum
2283 1054 2412 1102 sunt
2441 1048 2690 1120 quaerite,
2720 1047 2816 1102 ubi
2857 1047 3109 1105 Christus
3138 1056 3220 1104 est
3250 1048 3316 1104 ad
3346 1049 3475 1105 dex-

1885 1143 2054 1191 teram
2101 1135 2199 1192 Dei
2245 1135 2458 1194 sedens.
2492 1163 2509 1185 ι
2553 1137 2664 1194 Hos
2703 1155 2830 1195 cum
2862 1139 3080 1195 Christo
3114 1140 3478 1196 resurrexisse

1883 1227 2077 1283 asserit
2106 1228 2163 1283 in
2191 1227 2486 1300 baptismo,
2509 1229 2602 1301 qui
2634 1229 3041 1301 supercoelestia
3066 1230 3330 1301 cogitant,
3376 1230 3473 1286 ubi

1883 1315 2036 1372 sedes
2082 1325 2164 1373 est
2196 1317 2424 1385 Christi,
2456 1318 2551 1375 ubi
2580 1321 2724 1375 Deus
2752 1320 2911 1376 Pater
2939 1320 3082 1376 Filio
3119 1337 3220 1376 suo
3249 1319 3477 1376 tradidit

1882 1405 2188 1476 dexteram,
2241 1416 2304 1464 ut
2355 1418 2544 1480 regnet
2595 1417 2648 1464 et
2684 1409 2922 1481 judicet;
2963 1410 3168 1482 judicis
3217 1411 3366 1468 enim
3416 1411 3473 1466 in

1882 1493 2104 1552 sinistra
2155 1495 2343 1552 sedere
2397 1513 2509 1552 non
2565 1505 2664 1553 est.
2718 1499 3065 1555 Resurrectio
3121 1507 3304 1554 tamen
3340 1498 3476 1554 duas

1882 1581 2048 1639 habet
2075 1584 2299 1654 formas,
2330 1595 2392 1642 ut
2421 1586 2600 1658 primo
2632 1587 2816 1642 anima
2847 1586 2914 1643 de
2945 1589 3105 1644 terris
3133 1597 3378 1660 resurgat
3405 1587 3475 1646 ad

1881 1672 2068 1741 calos,
2125 1672 2322 1729 deinde
2386 1683 2604 1746 recepto
2666 1691 2912 1748 corpore,
2979 1685 3226 1750 resurgat
3290 1686 3476 1750 raptus

1881 1760 2100 1817 obviam
2131 1761 2370 1819 Christo.

1954 1850 2135 1922 (Vers.
2186 1851 2266 1922 2.)
2326 1874 2345 1898 ε
2379 1851 2510 1918 Quae
2561 1860 2691 1908 sunt
2748 1868 2989 1921 sursum,
3030 1853 3223 1926 sapite,
3261 1870 3373 1910 non
3412 1870 3474 1910 ea

1876 1956 1998 2012 qua
2055 1957 2218 2013 super
2273 1950 2494 1998 terram.
2536 1966 2555 1989 ι
2616 1943 2990 2016 Supernorum
3041 1945 3325 2014 calorum,
3378 1945 3474 2018 qui

1875 2029 2093 2085 {Eterni
2139 2039 2271 2087 sunt
2300 2031 2635 2100 habitacula,
2667 2047 2768 2088 nos
2795 2041 2977 2104 petere
3006 2031 3370 2099 exhortatur;
3403 2033 3471 2088 ab

1875 2118 1964 2174 his
1991 2126 2173 2174 autem
2217 2119 2498 2188 omnibus,
2531 2136 2650 2192 qua
2694 2121 2752 2175 in
2779 2120 3126 2176 ﬁrmamento
3155 2128 3209 2176 et
3235 2121 3336 2177 sub
3367 2120 3475 2176 ﬁr-

1873 2216 2151 2264 mamento
2196 2218 2345 2276 sunt,
2377 2207 2862 2266 dissimulandum.
2914 2210 3175 2283 Quisquis
3203 2209 3350 2266 enim
3382 2210 3471 2267 his

1873 2312 1930 2351 se
1959 2295 2445 2368 superstitionibus
2487 2297 2858 2368 occupaverit,
2895 2297 3353 2370 impedimentum
3383 2315 3472 2370 pa-

1872 2385 2077 2451 tietur;
2112 2401 2223 2440 non
2253 2385 2401 2440 enim
2433 2387 2636 2457 poterit
2667 2386 2784 2443 hac
2832 2387 3240 2456 transcendere,
3272 2388 3473 2461 quibus

1871 2489 1928 2530 se
1959 2473 2274 2544 inclinavit,
2305 2482 2366 2530 ut
2395 2474 2657 2534 dominis.

1946 2563 2126 2633 (Vers.
2183 2563 2262 2636 3.)
2325 2587 2343 2610 ι
2371 2564 2573 2620 Mortui
2626 2565 2772 2621 enim
2829 2565 2980 2632 estis,
3033 2574 3086 2622 et
3134 2567 3250 2621 vita
3289 2574 3472 2624 vestra

1871 2650 2191 2708 abscondita
2236 2660 2317 2709 est
2363 2669 2490 2709 cum
2519 2653 2739 2711 Christo
2770 2653 2826 2709 in
2856 2655 2986 2710 Deo.
3020 2679 3038 2702 ι
3081 2656 3243 2727 Apud
3272 2655 3468 2712 mundi

1870 2756 2088 2796 sensum
2126 2750 2378 2797 mortuus
2407 2742 2660 2799 Christus
2688 2743 2930 2810 videtur,
2953 2752 3006 2798 et
3035 2743 3291 2815 discipuli
3324 2744 3463 2816 ejus,

1869 2848 1994 2888 cum
2026 2840 2238 2888 constet
2267 2833 2452 2888 vivere
2482 2833 2640 2888 illum
2670 2849 2796 2889 cum
2826 2832 2914 2888 his
2943 2833 3218 2891 omnibus.
3253 2835 3464 2892 Idcirco

1869 2922 2182 2980 carnalibus
2212 2940 2275 2982 ac
2325 2922 2619 2979 mundanis
2645 2923 2968 2980 abscondita
3003 2933 3085 2981 est
3110 2924 3227 2980 vita
3253 2924 3462 2983 Christi

1869 3023 1924 3071 et
1966 3031 2190 3071 suorum
2248 3013 2306 3069 in
2353 3015 2467 3070 Deo
2511 3022 2669 3069 extra
2711 3013 3001 3082 mundum,
3039 3013 3098 3070 in
3130 3029 3297 3087 regno
3342 3012 3461 3084 ejus

1868 3105 2096 3173 caelesti,
2127 3105 2186 3160 in
2219 3120 2328 3176 quo
2357 3104 2576 3160 vivunt.

1944 3194 2222 3267 (Vers.4.)
2258 3218 2277 3242 ι
2300 3193 2437 3252 Cum
2464 3193 2714 3251 Christus
2759 3194 3072 3267 apparuerit
3110 3194 3226 3250 vita
3251 3202 3457 3264 vestra,

1866 3295 2018 3344 tunc'
2047 3294 2101 3342 et
2138 3303 2236 3343 vos
2282 3285 2610 3359 apparebitis
2651 3302 2775 3343 cum
2809 3286 2906 3341 illo
2937 3287 2996 3341 in
3039 3285 3230 3357 gloria.
3264 3310 3283 3336 ι
3325 3287 3455 3343 Vita

1868 3385 2056 3434 nostra
2103 3375 2355 3433 Christus
2380 3385 2497 3443 est;
2531 3376 2657 3449 quia
2697 3375 2930 3446 legimus
2971 3375 3029 3428 in
3058 3375 3216 3431 Actis
3243 3383 3453 3446 aposto-

1868 3466 2046 3521 lorum
2093 3464 2242 3520 hunc
2283 3481 2398 3520 esse
2429 3465 2556 3519 vita
2594 3471 2874 3519 auctorem
2919 3462 3063 3532 (Act.
3097 3479 3179 3530 ιιι,
3212 3463 3326 3533 15),
3361 3463 3456 3535 qui

1865 3569 1896 3608 a
1925 3553 2146 3624 perﬁdis
2191 3569 2304 3608 non
2345 3551 2589 3608 creditur
2615 3552 2835 3608 futurus
2861 3551 3053 3622 judex.
3086 3551 3223 3608 Cum
3272 3558 3451 3606 autem

1863 3642 2148 3699 advenerit
2202 3642 2262 3697 in
2317 3641 2523 3697 virtute
2564 3640 2792 3708 calesti,
2825 3648 2879 3696 et
2923 3639 3075 3695 visus
3105 3639 3271 3695 fuerit
3317 3655 3450 3707 esse,

1863 3733 2010 3805 quod
2039 3732 2267 3787 minime
2296 3731 2642 3799 credebatur,
2674 3739 2809 3787 tunc
2835 3730 3176 3802 apparebunt
3196 3747 3322 3785 cum
3355 3729 3453 3785 illo

1861 3823 2026 3878 etiam
2071 3821 2164 3893 qui
2217 3820 2569 3877 crediderunt
2598 3821 2654 3874 in
2687 3820 2883 3874 illum:
2927 3827 2980 3874 et
3009 3817 3453 3874 manifestabitnr

1861 3913 2015 3969 omni
2062 3910 2321 3983 perﬁdia,
2351 3911 2480 3984 quia
2511 3909 2654 3965 vivit
2679 3926 2805 3964 cum
2833 3909 2950 3965 suis
2999 3909 3056 3963 in
3087 3907 3277 3979 gloria.
3324 3908 3450 3964 Hac

1859 4002 2162 4060 consolatio
2208 4001 2466 4056 ﬁduciam
2509 4001 2624 4072 spei
2666 3999 2828 4073 parit,
2857 4006 2919 4055 ut
2946 3997 3124 4054 securi
3168 3997 3235 4052 de
3264 3996 3450 4053 futura

1858 4093 1994 4162 vita,
2026 4091 2213 4148 omnia
2240 4097 2646 4164 postponentes,
2679 4087 2965 4145 Christum
2991 4103 3304 4160 sequamur.

1931 4179 2113 4249 (Vers.
2145 4179 2227 4249 5.)
2274 4203 2292 4226 ι
2311 4177 2636 4234 Mortiﬁcate
2665 4175 2911 4232 membra
2939 4183 3142 4243 vestra,
3164 4191 3284 4247 qua
3317 4180 3449 4230 sunt

1856 4284 2019 4340 super
2075 4277 2297 4336 terram,
2351 4265 2796 4334 fornicationem,
2843 4265 3279 4332 immunditiam,
3322 4261 3444 4318 libi-

1855 4355 2061 4424 dinem,
2093 4355 2594 4429 concupiscentiam
2644 4355 2864 4424 malam,
2897 4361 2951 4409 et
2982 4353 3290 4419 avaritiam,
3323 4367 3445 4424 qua

1854 4456 1934 4504 est
1998 4447 2272 4504 idolorum
2327 4448 2582 4504 servitus.
2623 4469 2642 4495 ›
2698 4444 2968 4512 Quoniam
3025 4442 3210 4498 omnia
3277 4440 3442 4496 simul

146 4547 320 4621 capiti
377 4563 498 4615 suo,
528 4528 590 4602 ut
614 4528 996 4602 vrestaurentur
1024 4528 1081 4602 in
1112 4547 1211 4602 illo
1249 4547 1502 4604 honorati
1532 4528 1738 4607 eil‘ecti:
1773 4584 1821 4642 Β
1852 4547 2071 4611 99003ta
2098 4555 2295 4610 corpus
2336 4553 2452 4642 θείς
2491 4535 2825 4642 Ῑξρίεῖοιδ
2860 4533 2929 4589 ad
2975 4528 3440 4642 Romanoslsilsn‘i-

149 4616 248 4695 sed
297 4638 453 4710 quasi
500 4637 680 4710 prima
735 4646 887 4710 parte
929 4637 1177 4710 corporis
1206 4638 1464 4705 truncati,
1497 4645 1640 4696 totos
1686 4656 1742 4696 se

1875 4629 1975 4684 icat
2038 4630 2213 4696 (Rom.
2275 4645 2355 4695 vr,
2399 4627 2482 4698 6),
2509 4625 2716 4680 idcirco
2767 4638 2916 4678 nunc
2969 4619 3186 4691 singula
3239 4616 3440 4674 delicta

149 4729 344 4786 dantes
371 4728 580 4784 mundo
608 4727 677 4783 ad
701 4743 921 4784 sensum
951 4728 1130 4784 carnis
1159 4728 1514 4800 explendum.
1547 4728 1744 4801 Sagina

151 4818 301 4874 enim
330 4817 568 4873 carnalis
606 4832 797 4872 sensus
823 4815 1047 4872 traditio
1087 4815 1328 4873 humana
1355 4824 1458 4887 est,
1489 4834 1608 4890 qua
1639 4817 1744 4874 hoc

151 4905 291 4962 dicit
343 4905 612 4974 sufficere,
669 4904 817 4978 quod
872 4906 1054 4962 carnis
1117 4905 1344 4961 tradidit
1396 4904 1742 4978 providentia

154 4996 307 5070 (95);
369 4995 636 5052 rationem
695 4994 844 5052 enim
900 4995 1121 5050 videtur
1179 4995 1378 5052 habere
1434 4996 1740 5069 sapientia,

146 5087 305 5160 juxta
353 5105 596 5156 carnem,
639 5087 769 5160 quia
796 5103 864 5142 ex
903 5088 1187 5144 elementis
1233 5096 1314 5144 est
1343 5090 1524 5146 omnis
1551 5107 1739 5162 corpo-

153 5177 283 5233 ralis
320 5178 607 5234 nativitas:
656 5194 720 5233 ac
767 5194 862 5250 per
912 5176 1019 5233 hoc
1061 5193 1168 5233 non
1219 5194 1334 5234 esse
1375 5179 1738 5252 incongruum

155 5265 413 5339 inquiunt
441 5265 527 5322 his
559 5266 840 5335 inclinari,
872 5283 1108 5340 quorum
1141 5266 1523 5338 gubernaculis
1549 5269 1738 5324 huma-

154 5370 285 5411 num
332 5356 538 5428 regitur
585 5371 773 5428 genus,
820 5365 881 5413 ut
927 5355 1014 5411 his
1041 5373 1097 5413 se
1126 5354 1403 5428 subjiciat,
1437 5374 1558 5431 qua
1587 5355 1740 5413 videt

129 5506 145 5526 ⁸
195 5513 337 5589 ’(93)
370 5517 527 5574 Rom.
565 5517 722 5587 edit.,
770 5535 832 5572 ne
867 5518 1222 5590 gustaverilis,
1259 5536 1376 5590 qua
1412 5525 1535 5573 sunt
1560 5516 1737 5573 omnia

153 5590 744 5669 ad‘corrnptflamjpso
772 5607 892 5669 usu.
994 5663 1004 5669 _
1123 5663 1137 5669 _
1338 5663 1347 5669 _
1702 5659 1712 5669 _

244 5661 334 5734 94)
364 5661 567 5716 Eadem
599 5663 755 5734 Rom.
786 5662 943 5730 edit.,
983 5663 1040 5719 in
1087 5663 1443 5720 observatione
1468 5661 1738 5734 religionis

154 5737 199 5793 el
222 5733 514 5790 humilitate
541 5733 731 5790 cordis.

393 5836 635 5896 ΡΑτιιοι..
675 5836 830 5896 XVII

1852 4717 2188 4784 describens,
2237 4716 2481 4772 membra
2525 4731 2587 4769 ea
2615 4712 2887 4784 appellat;
2928 4715 2991 4763 ut
3017 4716 3139 4778 post
3162 4711 3437 4775 acceptam

1852 4815 1905 4863 et
1950 4817 2216 4864 servatam
2265 4804 2632 4876 evangelicam
2672 4800 2738 4855 de
2769 4795 3066 4853 Salvatoris
3096 4791 3438 4866 plenitudine

1851 4899 2139 4966 rationem,
2186 4897 2344 4953 bona
2384 4895 2511 4949 vita
2567 4905 2785 4961 operam
2845 4887 3060 4951 darent,
3117 4888 3260 4948 272
3303 4882 3438 4939 abs-

1850 4997 2089 5052 tinentes
2117 5011 2173 5050 se
2205 4994 2272 5049 ab
2317 4991 2467 5048 omni
2499 4986 2841 5058 turpitudine
2869 4992 2924 5041 et
2954 4983 3228 5040 desiderio
3269 4982 3438 5050 malo,

1850 5103 1958 5159 quo
2006 5084 2216 5157 possint
2245 5080 2451 5154 peritia
2499 5077 2702 5133 divina
2735 5076 2974 5132 fructum
3011 5091 3121 5130 non
3161 5073 3438 5132 amittere.

1850 5177 2082 5232 Multum
2115 5173 2259 5228 enim
2292 5170 2445 5225 obest
2474 5166 2611 5224 scire
2639 5165 2756 5221 veri
2801 5165 3090 5227 rationem,
3123 5170 3178 5219 et
3207 5161 3435 5218 minime

1849 5265 2008 5324 factis
2037 5265 2185 5320 illam
2219 5259 2673 5334 prosequentibus
2701 5259 2991 5314 afﬁrmare.
3012 5255 3152 5311 Hinc
3181 5262 3262 5310 est
3291 5251 3436 5308 unde

1848 5364 1903 5412 et
1928 5353 2197 5412 Dominus
2227 5351 2371 5407 inter
2408 5359 2601 5407 catera
2630 5349 2734 5404 ait:
2779 5370 2796 5394 ε
2829 5346 2935 5414 Qui
2965 5355 3147 5402 autem
3189 5342 3293 5400 scit
3327 5356 3437 5397 vo-

1921 5515 2036 5586 (95)
2068 5515 2228 5571 Rom.
2255 5512 2392 5586 edit.
2423 5511 2567 5586 sola,
2595 5511 2762 5567 tradit
2800 5508 3085 5586 prudentia
3107 5523 3133 5586 ;_
3164 5504 3264 5586 sed
3292 5503 3438 5558 infra

1823 5577 2031 5644 "eadem
2063 5605 2186 5642 cum
2217 5585 2341 5641 aliis
2375 5585 2506 5640 edit.
2552 5577 2606 5640 et
2653 5601 2778 5639 mss.
2800 5577 3020 5652 aliquot
3048 5577 3293 5652 exhibet,
3325 5594 3432 5652 oin.

1845 5661 1929 5714 nis
1955 5659 2254 5730 corporalis
2283 5658 2556 5726 nativitas,
2588 5655 2682 5710 ubi
2716 5669 2844 5710 mss.
2890 5647 3167 5718 nonnulli,
3209 5647 3436 5702 hominis

1845 5731 2140 5804 corporalis
2163 5730 2435 5788 nativitas.

3043 5826 3110 5883 l5
