3970 6372
553 403 656 460 459

1560 401 1653 455 AD
1694 399 1927 456 OPERA
1965 397 2022 453 S.
2065 397 2395 454 AMBROSII
2436 393 2815 452 APPENDIX.

3751 383 3864 444 460

550 528 820 583 luntatem
851 523 1063 580 domini
1103 527 1207 592 sui,
1256 533 1308 580 et
1351 541 1459 580 non
1492 525 1730 598 paruerit
1761 526 1832 591 ei,
1862 522 2146 595 vapulabit
2178 527 2225 582 A
2256 529 2379 578 actu
2429 522 2888 577 incontaminatos
2935 534 2991 574 se
3037 516 3306 585 videntes,
3356 525 3410 573 et
3448 515 3581 572 novi
3619 515 3758 572 facti
3814 515 3880 572 in

553 616 742 673 multis
774 617 926 685 (Luc.
949 631 1051 681 xu,
1073 613 1187 684 47).
1213 639 1230 662 ›
1274 613 1576 670 Avaritiam
1605 623 1786 670 tamen
1821 612 2143 668 idololatria

551 707 914 779 comparavit,
971 714 1030 760 ut
1086 703 1227 758 nihil
1259 703 1354 759 illa
1406 705 1689 760 scelestius
1718 704 2140 758 demonstraret.

550 797 664 855 Sub
719 813 832 852 uno
864 795 1085 851 nomine
1113 794 1224 849 duo
1269 795 1501 866 pessima
1530 802 1583 849 et
1616 792 1781 863 impia
1833 809 2026 864 genera
2055 793 2145 847 de-

551 885 810 960 signavit,
860 902 980 957 quze
1022 884 1171 939 omni
1229 884 1440 938 ratione
1482 892 1666 938 monet
1698 881 1990 954 fugienda:
2040 882 2144 953 pri-

550 991 700 1032 mum
737 973 884 1030 enim
912 980 965 1030 et
997 988 1257 1046 pergrave
1289 971 1494 1028 crimen
1526 980 1607 1027 est
1638 971 1966 1026 idololatria.
2001 971 2146 1038 Quid

549 1065 695 1124 enim
745 1075 854 1121 tam
914 1065 1304 1138 perniciosum,
1359 1071 1580 1135 tamque
1627 1061 1927 1129 funestum,
1983 1077 2142 1134 quam

549 1155 616 1211 ad
664 1153 922 1226 injuriam
973 1153 1233 1210 creatoris
1282 1152 1376 1208 Dei
1427 1152 1590 1223 lignis
1638 1159 1690 1208 et
1736 1150 2011 1222 lapidibus
2059 1152 2144 1207 vel

547 1242 673 1300 aliis
718 1242 955 1298 metallis
993 1240 1426 1299 honoriﬁcentia}
1463 1240 1580 1312 ejus
1628 1257 1828 1296 nomen
1863 1240 2142 1308 tribuere;

547 1350 670 1390 cum
706 1332 807 1404 ipsi
840 1349 950 1388 non
1003 1332 1302 1404 patiantur,
1335 1339 1395 1386 ut
1443 1347 1634 1386 servus
1670 1330 1892 1385 nomine
1934 1329 2145 1386 domini

547 1432 915 1494 nuncupetur,
949 1437 1108 1493 quem
1140 1437 1250 1475 non
1281 1429 1475 1474 natura
1508 1420 1717 1492 utique,
1751 1419 1843 1474 sed
1894 1419 2145 1492 qualum

546 1511 792 1570 conditio
835 1509 1058 1581 subjicit
1106 1509 1360 1565 servituti
1390 1509 1417 1564 ‘P
1448 1509 1615 1564 Aliud
1642 1525 1670 1562 e
1699 1515 1888 1564 contra
1937 1507 2146 1563 crimen

547 1608 628 1657 est
663 1601 927 1668 avaritiae,
980 1615 1089 1655 non
1138 1599 1322 1669 dispar
1377 1597 1608 1666 malitia,
1649 1597 1743 1653 sed
1775 1597 2055 1652 diversum
2089 1598 2145 1651 in

546 1691 790 1746 nomine.
849 1688 1003 1745 Unde
1056 1687 1125 1743 ad
1178 1686 1528 1742 Timotheum
1562 1687 1680 1742 ait:
1728 1712 1744 1733 ε
1776 1685 1954 1743 Radix
1999 1684 2146 1740 enim

545 1779 792 1835 omnium
848 1780 1118 1834 malorum
1169 1785 1249 1832 est
1296 1777 1527 1832 avaritia
1557 1777 1613 1842 (Ι
1646 1775 1784 1832 Τὶτη.
1816 1793 1895 1843 vi,
1947 1775 2036 1842 10)
2068 1793 2080 1841 ;
2115 1798 2131 1821 ι

544 1869 794 1926 omnium
835 1867 983 1924 enim
1037 1882 1210 1938 capax
1241 1873 1322 1920 est
1369 1865 1723 1932 delictorum,
1754 1871 1816 1920 ut
1863 1863 2146 1919 aviditatis

545 1975 675 2026 suae,
709 1957 857 2031 quod
889 1955 1228 2028 impossibile
1257 1963 1359 2022 est,
1392 1957 1616 2027 impleat
1638 1953 2146 2021 desiderium,sem-

544 2062 640 2120 per
666 2045 882 2114 bibens,
912 2054 966 2101 et
996 2061 1210 2117 semper
1255 2045 1466 2101 sitiens.
1520 2045 1640 2100 Non
1688 2045 1969 2099 immerito
2017 2059 2146 2115 ergo

545 2135 647 2192 sub
699 2151 812 2191 uno
867 2135 1092 2190 nomine
1123 2142 1420 2206 utrumque
1450 2135 1656 2190 malum
1697 2134 1972 2200 ostendit;
2010 2149 2146 2204 pene

545 2223 694 2282 enim
742 2239 854 2280 uno
899 2225 1193 2294 explentur
1243 2241 1440 2296 opere:
1489 2225 1618 2298 quia
1649 2227 1791 2279 sicut
1831 2221 2146 2279 idololatria

543 2311 642 2368 uni
684 2313 799 2368 Deo
845 2314 1060 2368 auferre
1092 2313 1291 2368 nititur
1344 2313 1594 2386 gloriam,
1628 2329 1695 2368 ne
1726 2311 1871 2385 quod
1902 2311 2019 2381 ejus
2057 2327 2142 2382 pe-

543 2401 750 2459 culiare
779 2410 880 2471 est,
911 2403 1062 2458 solus
1091 2402 1286 2459 habeat
1317 2419 1515 2458 nomen
1549 2402 1863 2458 divinitatis
1891 2400 1995 2455 sibi
2041 2399 2143 2455 soli

543 2491 902 2564 condignum,
961 2492 1036 2549 ita
1087 2501 1140 2548 et
1183 2493 1412 2549 avaritia
1446 2493 1499 2547 in
1531 2492 1628 2548 Dei
1660 2509 1714 2547 se
1748 2507 1829 2546 res
1870 2490 2142 2558 extendit,

541 2591 606 2640 ut
633 2582 679 2639 si
712 2590 889 2655 potest
918 2582 1058 2652 ﬁeri,
1094 2601 1234 2639 unus
1273 2593 1325 2640 et
1359 2585 1508 2639 solus
1556 2589 1859 2638 creaturam
1891 2580 2010 2651 ejus
2039 2579 2145 2634 sibi

541 2679 786 2743 usurpet,
846 2688 1008 2745 quam
1068 2674 1212 2729 Deus
1267 2687 1614 2729 communem
1679 2669 1938 2726 omnibus
1989 2669 2141 2726 fecit.

541 2761 695 2819 Unde
717 2761 853 2819 dicit
871 2763 1015 2819 Deus
1044 2779 1136 2836 per
1164 2763 1484 2835 prophetam
1511 2780 1523 2818 :
1563 2787 1581 2810 ι
1601 2762 1779 2817 Meum
1803 2766 1885 2816 est
1924 2775 2140 2827 aurum,

541 2859 596 2908 et
623 2869 805 2910 meum
836 2863 917 2910 est
947 2863 1230 2926 argentum
1267 2855 1471 2926 (Aggcei
1500 2873 1560 2924 ιι,
1590 2855 1670 2924 9).
1713 2880 1731 2903 ι
1776 2854 2014 2926 Utraque
2048 2853 2143 2924 igi-

544 2946 636 2995 tur
656 2941 770 2996 Deo
797 2951 879 2998 est
901 2942 1164 3010 inimica;
1193 2943 1366 2999 ambae
1395 2945 1544 2998 enim
1569 2945 1682 2999 Deo
1707 2941 1998 3015 abnegant,
2023 2959 2144 3014 quae

547 3027 667 3099 ejus
696 3039 844 3086 sunt.

617 3153 801 3228 (Vera.
846 3153 927 3228 6.)
974 3179 993 3204 ι
1029 3153 1259 3228 Propter
1309 3171 1429 3229 quae
1467 3156 1620 3212 venit
1652 3155 1733 3212 ira
1760 3156 1880 3214 Dei.
1912 3181 1930 3204 ι
1974 3156 2139 3212 Malo-

2253 610 2471 668 Christo
2503 626 2597 682 per
2643 608 2977 682 agnitionem
3018 606 3285 674 veritatis,
3337 622 3455 678 quae
3487 604 3620 661 olim
3678 605 3878 671 latuit,

2256 700 2418 757 modo
2452 710 2632 756 autem
2684 698 3025 754 manifestata
3053 714 3148 770 per
3174 713 3372 753 novam
3405 696 3576 768 legem
3627 695 3884 752 creden-

2254 791 2432 845 tibus:
2489 798 2550 845 ut
2597 790 2804 845 similes
2854 788 2985 844 ﬁant
3040 786 3298 858 imaginis
3343 785 3479 858 ejus,
3515 788 3608 859 qui
3657 785 3884 842 creavit

2257 879 2403 935 illos.
2436 880 2620 951 Imago
2652 879 2766 934 haec
2791 879 2843 934 in
2876 879 3296 935 conversatione
3317 877 3473 932 bona
3508 875 3636 931 vitae
3661 871 3877 931 intelli-

2258 968 2428 1041 genda
2446 977 2547 1036 est,
2567 968 2859 1025 sicutdicit
2880 967 2944 1022 ad
2964 965 3284 1024 Corinthios
3307 965 3363 1020 in
3385 965 3630 1037 Epistula
3653 966 3874 1036 prima:

2270 1083 2287 1105 -
2319 1058 2797 1125 Quemadmodum
2834 1057 3173 1129 portavimus
3205 1055 3498 1125 imaginem
3523 1054 3643 1125 ejus
3672 1053 3774 1127 qui
3812 1052 3881 1110 de

2255 1159 2397 1206 terra
2451 1158 2552 1216 est,
2608 1152 2681 1205 ita
2731 1160 3009 1220 portemus
3061 1156 3114 1204 et
3161 1147 3456 1218 imaginem
3505 1145 3623 1218 ejus
3656 1146 3757 1219 qui
3812 1144 3882 1200 de

2255 1242 2393 1296 coelo
2441 1249 2521 1296 est
2577 1242 2634 1311 (Ι
2685 1240 2812 1297 Cor.
2862 1257 2956 1307 xv,
2989 1239 3104 1310 49).
3141 1263 3158 1285 ι
3204 1239 3322 1310 Ipse
3363 1246 3442 1293 est
3485 1253 3612 1310 ergo
3655 1245 3884 1292 creator

2255 1327 2522 1399 hominis,
2554 1329 2713 1402 cujus
2744 1329 3037 1402 imaginem
3074 1334 3289 1400 portare
3330 1342 3428 1382 nos
3449 1325 3606 1398 jubet
3641 1325 3701 1380 in
3732 1340 3882 1381 san-

2255 1418 2444 1475 ctitate
2473 1428 2526 1474 et
2554 1419 2714 1474 bonis
2742 1417 3021 1490 operibus,
3055 1433 3175 1490 quae
3207 1415 3273 1470 de
3306 1415 3432 1471 Filii
3454 1415 3553 1472 Dei
3579 1413 3881 1487 agnitione

2257 1506 2617 1564 descendunt.
2651 1508 2821 1563 Nemo
2867 1507 3014 1562 enim
3067 1513 3242 1578 potest
3284 1505 3484 1561 bonam
3515 1511 3568 1560 et
3600 1503 3878 1558 mundam

2256 1595 2458 1652 habere
2494 1597 2689 1665 vitam,
2718 1596 2824 1652 nisi
2858 1596 3055 1652 habeat
3083 1595 3168 1651 cui
3209 1594 3349 1650 hanc
3379 1593 3659 1659 exhibeat,
3698 1608 3732 1648 a
3764 1607 3880 1664 quo

2257 1686 2302 1742 si
2359 1704 2469 1742 non
2511 1688 2820 1759 praemium,
2881 1693 3026 1743 certe
3059 1686 3146 1742 vel
3179 1685 3392 1742 laudem
3425 1693 3735 1756 exspectet.
3771 1683 3881 1739 Sed

2255 1778 2398 1850 apud
2444 1782 2616 1836 Deum
2678 1787 2730 1836 et
2777 1780 2893 1836 laus
2941 1787 2994 1834 et
3041 1777 3326 1851 praemium
3373 1785 3690 1850 sperantur,
3747 1776 3882 1850 quia

2176 1891 2220 1950 Β
2255 1885 2364 1924 non
2397 1869 2605 1941 patitur
2634 1868 2967 1941 Deijustitia
2989 1884 3136 1935 eum,
3165 1868 3256 1940 qui
3275 1867 3456 1924 carnis
3475 1865 3616 1920 vitia
3643 1863 3878 1928 vicerit,

2256 1958 2485 2014 minime
2521 1960 2794 2015 coronari.
2828 1959 2888 2014 In
2920 1957 3022 2015 hac
3054 1957 3234 2030 itaque
3264 1954 3546 2027 agnitione
3586 1954 3787 2010 nullus
3817 1960 3882 2008 ut

2257 2048 2520 2121 indignus
2549 2048 2846 2120 excipitur,
2879 2047 3032 2120 quasi
3064 2063 3173 2102 non
3208 2052 3487 2101 mereatur
3512 2042 3777 2100 accedere
3808 2041 3881 2098 ad

2258 2135 2424 2193 ﬁdem
2462 2136 2668 2194 Christi
2703 2154 2716 2201 ;
2752 2151 2942 2191 omnes
2972 2135 3119 2190 enim
3152 2133 3474 2191 accedentes
3496 2147 3667 2187 unum
3701 2129 3878 2199 ﬁunt,

2254 2227 2419 2283 deleti
2445 2226 2579 2300 quid
2611 2225 2912 2291 fuerint,et
2932 2225 3122 2297 scripti
3154 2222 3289 2296 quid
3319 2239 3437 2280 esse
3459 2228 3781 2294 coeperunt:
3814 2231 3880 2278 ut

2255 2318 2386 2388 quia
2417 2317 2585 2371 unius
2624 2315 2750 2370 fidei
2783 2321 2932 2382 sunt,
2972 2312 3028 2368 in
3069 2328 3134 2368 eo
3164 2311 3282 2384 ipso
3313 2311 3481 2367 unius
3509 2321 3620 2366 sint
3653 2319 3710 2367 et
3740 2327 3879 2368 me-

2255 2405 2370 2473 riti,
2402 2411 2463 2460 ut
2492 2421 2629 2478 quos
2669 2404 2805 2460 ﬁdes
2828 2403 3033 2475 jungit,
3055 2417 3165 2458 non
3198 2403 3410 2473 possint
3440 2400 3702 2468 discerni,
3743 2416 3874 2472 pro~

2254 2503 2375 2566 pter
2409 2493 2554 2566 quod
2606 2492 2811 2549 diversi
2861 2501 3056 2548 natura
3103 2500 3158 2546 et
3199 2498 3356 2563 gente
3404 2489 3522 2545 sive
3545 2488 3878 2547 conditione

2254 2591 2400 2639 sunt.
2435 2583 2637 2639 Omnia
2665 2583 2811 2638 enim
2846 2589 2900 2638 et
2947 2582 3004 2636 in
3031 2579 3292 2636 omnibus
3334 2579 3421 2636 his
3451 2579 3700 2638 Christus
3733 2590 3823 2638 est
3858 2603 3872 2651 ;

2254 2676 2382 2747 quia
2411 2674 2556 2730 enim
2589 2673 2776 2730 cuncti
2807 2671 2925 2744 ejus
2963 2671 3202 2728 membra
3221 2677 3370 2727 sunt.
3393 2671 3581 2727 omnia
3608 2671 3878 2730 Christus

2254 2769 2334 2818 est
2357 2780 2369 2825 ;
2396 2769 2458 2818 ut
2489 2762 2617 2818 dum
2651 2777 2760 2818 una
2793 2760 3065 2817 confessio
3095 2775 3286 2816 eorum
3325 2767 3408 2816 est
3439 2759 3508 2816 de
3536 2777 3630 2834 spe
3655 2760 3778 2833 ejus
3809 2763 3872 2819 in

2253 2851 2514 2909 omnibus
2562 2852 2853 2910 Christus:
2901 2859 2954 2908 et
2983 2851 3063 2908 sic
3091 2849 3278 2906 omnia
3314 2865 3514 2922 corpus
3561 2848 3681 2922 ejus
3708 2861 3868 2920 sunt,

2253 2948 2314 2996 ut
2350 2941 2623 3013 professio
2679 2957 2868 2998 eorum
2914 2947 2968 2995 et
3014 2949 3211 2996 natura
3247 2938 3564 2995 concordet.
3613 2939 3741 2994 Alia
3785 2950 3870 2997 est

2251 3038 2435 3086 tamen
2483 3031 2665 3104 imago
2714 3030 2853 3100 haec,
2914 3047 3074 3105 quam
3127 3028 3194 3086 de
3245 3029 3524 3102 agnitione
3560 3029 3871 3087 Saluatoris

2251 3115 2385 3174 dicit
2419 3119 2620 3186 creari,
2655 3126 2710 3174 et
2738 3121 2844 3175 alia
2877 3121 3073 3192 imago.
3106 3117 3171 3174 ad
3203 3134 3365 3191 quam
3401 3118 3575 3175 factus
3603 3127 3687 3175 est
3717 3123 3868 3183 273

543 3215 668 3302 rum
725 3215 1157 3302 memoratarum
1181 3215 1344 3302 causa
1375 3253 1664 3301 venturum
1706 3245 1843 3302 dicit
1867 3243 2139 3317 judicium
2171 3251 2221 3316 ο
2251 3215 2462 3286 primus
2512 3215 2702 3317 hom?
2755 3217 2860 3272 Ῑδίδ
2907 3218 3055 3317 enim
3101 3216 3404 3317 “"3999”
3427 3215 3594 3317 9“?"
3626 3215 3864 3288 Ῑθωίηθι

543 3336 664 3404 Dei,
720 3344 783 3392 ut
833 3335 1146 3391 vindicetur
1193 3335 1250 3390 in
1280 3335 1400 3405 hos,
1449 3338 1540 3409 qui
1576 3344 1892 3410 contempto
1922 3337 2036 3393 Deo
2077 3343 2132 3392 et

539 3425 654 3498 lege
683 3422 819 3496 ejus,
854 3424 1145 3482 interdicta
1175 3426 1329 3498 sequi
1364 3426 1700 3482 maluerunt.

611 3547 793 3621 (Vera.
846 3549 924 3620 7.)
971 3574 989 3597 ι
1020 3550 1082 3605 In
1131 3549 1332 3622 quibus
1389 3557 1443 3606 et
1497 3566 1594 3604 vos
1645 3548 1970 3604 ambulastis
2025 3547 2138 3605 ali-

538 3637 781 3710 quando,
825 3653 950 3692 cum
997 3639 1257 3694 viveretis
1308 3638 1362 3693 in
1401 3639 1570 3694 illis.-
1612 3639 1884 3704 Quantum
1927 3636 2141 3693 beneﬁ-

538 3725 686 3780 cium
715 3723 830 3778 i'lis
855 3727 1170 3795 prastiterit
1193 3727 1368 3798 gratia
1399 3729 1490 3782 Dei
1514 3742 1605 3798 per
1627 3726 1808 3782 Jesum
1835 3726 2136 3795 Christum,

539 3830 650 3871 non
707 3821 870 3881 tacet,
919 3823 980 3870 ut
1036 3818 1378 3888 gratulentur
1421 3817 1655 3872 evasisse
1710 3834 1766 3873 se
1815 3818 1971 3886 iram,
2021 3835 2140 3890 quae

539 3912 773 3960 ventura
809 3912 891 3959 est
942 3914 1162 3977 repe..te
1223 3923 1386 3978 super
1442 3905 1690 3962 infideles
1746 3910 1916 3962 totius
1960 3914 2139 3974 terrae,

539 3999 594 4048 et
656 3993 795 4048 tales
850 3995 1173 4066 semetipsos
1225 3996 1521 4069 praebeant,
1584 4003 1644 4051 ut
1694 4011 1880 4067 parere
1931 3997 2143 4068 possint

542 4081 832 4155 praeceptis
881 4083 998 4153 ejus
1043 4099 1075 4138 a
1122 4100 1232 4157 quo
1273 4101 1306 4140 a
1355 4093 1529 4141 morte
1556 4085 1795 4142 secunda
1838 4093 1966 4140 sunt
1995 4086 2142 4142 libe-

540 4171 666 4227 rati.

615 4297 803 4374 (Vere.
835 4300 1009 4376 8-11.)
1048 4328 1066 4351 ι
1086 4301 1244 4361 Nunc
1273 4318 1407 4361 vero
1437 4300 1692 4379 deponite
1721 4311 1774 4361 et
1803 4321 1901 4362 vos
1929 4300 2140 4372 omnia,

543 4390 683 4447 iram
729 4397 784 4448 et
829 4390 1265 4465 indignationem
1317 4392 1510 4462 animi,
1541 4394 1832 4464 malitiam,
1875 4392 2145 4467 b‘asphe-

540 4483 728 4540 miam.
785 4481 1208 4558 Turpiloquium
1257 4486 1326 4542 de
1364 4502 1456 4541 ore
1482 4495 1664 4542 vestro
1703 4503 1814 4542 non
1863 4485 2140 4560 procedat-

537 4571 718 4629 Nolite
753 4573 976 4630 mentiri
1010 4574 1272 4631 invicem.
1304 4575 1509 4631 Exuite
1538 4591 1637 4630 vos
1687 4583 1925 4632 veterem
1953 4577 2145 4632 homi-

539 4676 667 4718 nem
698 4679 823 4720 cum
864 4664 1078 4721 actibus
1107 4663 1244 4738 ejus,
1276 4672 1330 4720 et
1360 4663 1573 4720 induite
1603 4679 1830 4733 novum,
1863 4666 1955 4739 qui
1989 4683 2142 4723 reno-

538 4758 700 4808 vatur
730 4753 786 4809 in
816 4754 1154 4827 agnitionem
1189 4755 1305 4827 (96)
1349 4753 1648 4811 secundum
1679 4752 1968 4825 imaginem
2003 4754 2140 4826 ejus,

539 4838 634 4910 qui
664 4840 915 4898 condidit
948 4843 1105 4900 illum
1133 4861 1144 4899 :
1178 4842 1273 4898 ubi
1305 4859 1414 4899 non
1455 4849 1536 4898 est
1565 4841 1785 4898 Graecus
1817 4850 1869 4897 et
1901 4842 2138 4912 Judaus,

540 4927 892 4987 circumcisio
921 4939 974 4990 et
1007 4935 1356 5006 praeputium,
1399 4932 1669 4988 Barbarus
1696 4941 1749 4987 et
1777 4931 2001 5002 Scytha,
2034 4949 2140 4989 ser-

541 5034 645 5074 vus
673 5029 728 5076 et
758 5024 896 5079 liber
923 5044 934 5080 :
987 5025 1080 5082 sed
1119 5026 1304 5082 omnia
1347 5034 1399 5082 et
1432 5026 1486 5081 in
1526 5025 1784 5082 omnibus
1809 5025 2078 5082 Christus.
2109 5053 2126 5077 ι

539 5108 701 5167 Nunc
719 5111 789 5167 ab
817 5111 905 5168 his
935 5115 1343 5188 prohibet,quae
1375 5117 1587 5172 minora
1619 5125 1835 5188 peccata
1857 5115 2134 5183 videntur;

539 5213 608 5256 ne
638 5198 802 5272 forte,
835 5203 965 5275 quia
1009 5204 1258 5274 superius
1289 5221 1407 5276 quze
1465 5206 1714 5276 graxiora
1745 5215 1892 5272 sunt,
1937 5205 2140 5261 morti-

538 5295 758 5354 ﬁcanda
814 5291 1118 5360 mandavit,
1171 5293 1287 5349 haec
1316 5293 1678 5364 admittenda,
1716 5305 1810 5350 aut
1841 5294 1993 5370 quasi
2029 5312 2137 5351 non

538 5384 868 5457 periculosa,
927 5398 1035 5438 non
1086 5380 1345 5453 fugienda
1385 5391 1742 5454 putarentur:
1777 5386 1940 5441 simul
1972 5386 2136 5442 etiam

539 5481 602 5529 ut
628 5473 782 5532 exuti
812 5481 1052 5530 veterem
1079 5471 1384 5540 hominem,
1417 5472 1472 5528 id
1499 5481 1602 5540 est,
1633 5481 1744 5530 tam
1775 5475 1944 5531 verbo
1973 5491 2136 5548 quam

615 5683 731 5756 (96)
761 5685 890 5742 Post
931 5686 989 5741 in
1033 5686 1372 5756 agnitionem,
1407 5688 1661 5744 nonnulli
1696 5705 1825 5745 mss.
1869 5705 1994 5746 cum
2035 5689 2137 5744 Bi—

541 5757 671 5820 bliis
714 5763 952 5835 vulgatis
1002 5765 1212 5822 addunt
1247 5767 1305 5818 τὸ
1338 5767 1473 5831 Dei;
1511 5767 1605 5822 sed
1651 5767 1956 5824 redundare
1995 5768 2138 5826 hanc

2253 3323 2376 3362 cum
2433 3309 2682 3379 agnoscit
2711 3324 2860 3376 eum,
2901 3308 2994 3381 qui
3027 3325 3082 3364 se
3111 3308 3340 3375 creavit,
3391 3315 3444 3364 et
3472 3306 3864 3380 obtemperans

2248 3398 2522 3454 voluntati
2557 3397 2676 3470 ejus
2705 3399 2945 3456 abstinet
2974 3417 3004 3456 a
3033 3399 3147 3455 vita
3178 3397 3325 3470 turpi
3347 3407 3397 3454 et
3429 3408 3551 3454 actu
3577 3415 3862 3482 perverso;

2249 3487 2345 3542 illa
2390 3499 2569 3545 autem
2623 3490 2802 3563 imago
2852 3491 2908 3546 in
2941 3490 3060 3546 solo
3088 3489 3211 3544 viro
3236 3497 3337 3557 est,
3369 3488 3511 3546 sicut
3542 3488 3685 3546 idem
3722 3491 3866 3549 dicit
3966 3541 3967 3546 η

2249 3577 2306 3631 in
2339 3578 2584 3648 Epistola
2614 3579 2682 3634 ad
2715 3579 3034 3636 Corinthios
3064 3583 3276 3651 prima:
3325 3604 3343 3626 ι
3365 3579 3466 3633 Vir
3493 3579 3718 3651 quidem
3749 3598 3864 3639 non

2250 3666 2411 3722 debet
2460 3670 2643 3725 \elare
2689 3677 2872 3740 caput,
2923 3687 3048 3726 cum
3107 3669 3179 3724 sit
3225 3669 3404 3742 imago
3444 3677 3496 3724 et
3526 3671 3699 3741 gloria
3761 3673 3864 3728 Dei

2253 3758 2449 3828 (ICor.
2472 3775 2546 3826 xi,
2572 3759 2648 3829 7}.
2671 3783 2690 3803 ι
2725 3759 2780 3814 Si
2810 3767 2987 3815 autem
3009 3767 3063 3814 et
3086 3758 3284 3814 mulier
3310 3774 3416 3814 non
3442 3759 3649 3815 velaret
3669 3769 3858 3833 caput,

2250 3853 2389 3901 esset
2443 3854 2495 3901 et
2549 3847 2663 3918 ipsa
2696 3848 2882 3919 imago"
2906 3849 3022 3903 Dei.
3071 3847 3173 3903 Sed
3208 3849 3571 3921 incongruum
3605 3859 3744 3918 crat,
3803 3857 3865 3907 ut

2251 3935 2392 3990 facta
2430 3935 2551 3990 viro
2581 3935 2846 4008 subjecta,
2877 3936 3152 3993 diceretur
3193 3953 3310 3992 esse
3340 3937 3522 4009 imago
3553 3937 3687 4005 Dei;
3731 3954 3862 3997 nam

2251 4042 2304 4089 et
2335 4033 2390 4087 in
2422 4034 2616 4090 Genesi
2665 4033 2740 4088 ita
2773 4033 2887 4090 ait:
2935 4057 2952 4079 ι
2991 4034 3062 4089 Et
3090 4032 3221 4088 fecit
3266 4033 3411 4088 Deus
3441 4033 3752 4104 hominem,
3794 4034 3866 4091 ad

2252 4127 2544 4199 imaginem
2596 4127 2694 4184 Dei
2742 4126 2872 4184 fecit
2917 4143 3041 4183 eum
3099 4127 3253 4197 (Gen.
3298 4141 3337 4192 ι,
3371 4125 3506 4197 27);
3544 4151 3562 4176 ι
3611 4139 3674 4186 ut
3718 4131 3868 4186 sicut

2251 4219 2397 4274 Deus
2447 4233 2590 4274 unus
2640 4226 2740 4285 est,
2785 4234 2928 4274 unus
2972 4215 3040 4272 ab
3086 4233 3148 4273 eo
3176 4215 3331 4273 ﬁeret
3363 4215 3562 4286 homo;
3596 4225 3662 4274 ut
3712 4235 3866 4292 quo-

2253 4307 2418 4363 modo
2449 4323 2516 4364 ex
2548 4309 2662 4365 Deo
2692 4324 2804 4364 uno
2833 4307 3041 4376 omnia,
3076 4308 3149 4364 ita
3179 4323 3248 4364 ex
3280 4322 3392 4363 uno
3441 4306 3666 4365 homine
3695 4325 3867 4366 omne

2253 4411 2422 4470 genus
2466 4407 2605 4454 esset
2643 4415 2805 4470 super
2850 4396 3043 4453 faciem
3074 4398 3246 4453 totius
3283 4406 3460 4453 terrae.
3507 4396 3660 4453 Unus
3688 4398 3870 4471 igitur

2252 4502 2424 4543 unum
2454 4487 2602 4554 fecit,
2633 4487 2728 4560 qui
2762 4487 2994 4543 unitatis
3024 4485 3142 4558 ejus
3181 4485 3407 4543 haberet
3437 4486 3758 4559 imaginem.
3790 4487 3868 4544 Et

2253 4577 2370 4651 ipsa
2395 4577 2452 4633 in
2484 4577 2606 4632 viro
2631 4583 2684 4632 et
2715 4575 2945 4632 muliere
2975 4575 3286 4632 similitudo
3317 4575 3566 4648 mysterii
3597 4575 3779 4632 Patris
3805 4585 3866 4632 et

2251 4666 2378 4725 Filii
2405 4684 2418 4736 ;
2465 4665 2765 4722 Barbarum
2799 4675 2980 4722 tamen
3010 4664 3077 4720 ab
3107 4664 3312 4738 Scytha
3361 4664 3681 4736 segregavit,
3712 4665 3864 4722 sicut

2251 4772 2470 4813 servum
2525 4771 2556 4811 a
2613 4754 2807 4822 libero,
2859 4769 2972 4810 non
3017 4753 3209 4826 utique
3264 4753 3321 4809 in
3362 4752 3604 4822 Christo,
3655 4753 3710 4808 in
3748 4771 3862 4827 quo

2250 4862 2441 4902 omnes
2486 4860 2657 4900 unum
2701 4850 2850 4911 sunt,
2907 4842 3001 4899 sed
3049 4844 3104 4898 in
3155 4859 3370 4900 morum
3426 4842 3643 4898 feritate
3687 4849 3745 4898 et
3798 4841 3858 4898 in

2251 4939 2427 5010 gentis
2475 4936 2836 4992 immanitate.
2888 4933 3102 5006 Pejores
3150 4935 3298 4991 enim
3340 4935 3440 4991 hos
3468 4935 3726 4991 Barbaris
3760 4935 3860 4991 in—

2249 5029 2425 5100 telligi
2480 5028 2680 5092 voluit,
2732 5032 3018 5098 antequam
3069 5023 3312 5092 credent,
3367 5042 3492 5082 cum
3536 5024 3857 5080 Graecorum

2249 5118 2377 5174 libri
2404 5117 2675 5189 justitiam
2704 5134 2889 5173 eorum
2917 5115 3231 5188 praedicent,
3256 5132 3440 5188 quam,
3467 5113 3605 5172 duce
3629 5122 3853 5197 natura,

2248 5208 2654 5282 sequebantur:
2689 5210 2741 5264 in
2774 5217 2986 5264 tantum
3030 5215 3090 5264 ut
3120 5224 3379 5280 magnum
3421 5206 3564 5279 apud
3593 5223 3686 5263 eos
3713 5223 3855 5278 pec-

2245 5310 2428 5357 catum
2479 5299 2610 5356 furti
2661 5299 2947 5366 habeatur,
2978 5298 3124 5370 quod
3174 5298 3346 5355 Graeci
3393 5315 3608 5369 magna,
3641 5299 3852 5371 inquit,

2246 5407 2371 5446 cum
2412 5388 2684 5444 industria
2727 5396 2780 5442 et
2806 5387 3057 5443 doctrina
3080 5386 3313 5458 justitiae
3347 5387 3572 5444 semitas
3603 5386 3848 5443 investi-

2247 5487 2462 5552 garunt,
2481 5477 2646 5534 hosce
2668 5477 2992 5533 naturaliter
3009 5477 3488 5550 comprehendisse
3509 5476 3854 5541 collaudant.

2247 5713 2435 5756 vocem
2488 5713 2611 5755 cum
2661 5698 2959 5771 multorum
2993 5697 3391 5771 exemplarium
3431 5713 3713 5755 sacrorum
3741 5714 3853 5754 au-

2243 5772 2518 5840 ctoritate,
2550 5779 2667 5827 tum
2698 5770 2866 5842 hujus
2903 5771 3076 5844 ipsius
3104 5770 3211 5830 loCi
3241 5771 3666 5829 demonstratur.
