3970 6354
165 365 280 424 461

1227 369 1590 429 COMMENT.
1632 372 1704 429 IN
1740 371 1960 429 EPIST.
2003 375 2101 430 AD
2141 374 2426 433 COLOSS.

3373 381 3479 440 462

165 488 285 546 Sed
345 490 620 562 quomodo
666 489 994 564 degenerant
1044 491 1157 564 (97)
1189 494 1397 561 omnia,
1427 503 1612 567 postea
1648 497 1771 567 plus
1799 499 1848 557 A
1893 496 2040 551 Patri
2090 513 2302 569 semper
2361 499 2560 570 gratias
2601 499 2858 568 referant,
2902 510 2964 558 ut
3008 518 3122 560 vox
3165 521 3366 563 canora
3397 506 3482 563 illi

168 579 575 651 vituperabiles
626 597 742 638 esse
788 589 1092 653 coeperunt,
1149 599 1314 655 quam
1367 584 1587 640 fuerant
1625 593 1783 640 antea

167 667 506 726 laudabiles.
571 671 864 743 Postquam
919 671 1066 726 enim
1129 672 1389 728 mulieres
1445 690 1632 730 eorum
1668 675 1782 745 lege

167 756 291 813 viri
333 758 411 814 uti
457 767 759 832 coeperunt,
803 777 937 833 quas
986 763 1292 817 Amazonas
1339 760 1598 832 primitus
1626 779 1782 820 asse-

169 856 317 904 runt
360 852 680 922 appellatas,
711 859 876 908 totam
911 853 1098 908 Asiam
1127 862 1320 909 contra
1351 863 1603 911 naturam
1635 855 1779 912 sub-

147 934 472 1007 jicientes;
504 941 586 996 sic
614 939 848 1014 contigit
886 949 946 997 ut
970 950 1024 997 et
1053 942 1160 997 viri
1191 959 1388 1000 canum
1423 961 1572 1000 more
1604 944 1781 1000 rabidi

165 1027 554 1098 efﬁcerentur,
587 1034 872 1101 immanes,
911 1033 1440 1102 silvestres,inculti,
1465 1036 1585 1106 plus
1616 1051 1779 1108 quam

168 1113 425 1185 barbari,
484 1119 543 1174 in
602 1128 814 1176 tantum
873 1121 1174 1191 immutati,
1228 1133 1288 1179 ut
1333 1140 1494 1180 carne
1543 1123 1784 1179 humana

170 1205 457 1262 vescenda
511 1207 912 1265 imbuerertur.
964 1210 1106 1277 Quid
1148 1211 1376 1281 mirum,
1417 1230 1542 1269 cum
1593 1220 1647 1268 et
1679 1212 1782 1284 ipsi

169 1292 416 1350 Romani
467 1295 625 1367 longe
667 1297 764 1354 alii
799 1297 1025 1367 fuerint,
1059 1316 1222 1372 quam
1254 1317 1402 1356 nunc
1432 1310 1563 1357 sunt
1589 1301 1617 1357 7
1642 1303 1779 1358 Nam

167 1389 236 1437 et
285 1381 613 1439 mulieribus
659 1400 847 1442 eorum
881 1387 1150 1444 castitatis
1183 1404 1347 1445 causa
1377 1389 1494 1443 vini
1527 1405 1658 1444 usus
1684 1391 1781 1446 in-

168 1470 436 1542 cognitus
465 1471 592 1540 fuit,
631 1473 777 1531 sicut
799 1490 949 1532 nunc
978 1492 1169 1550 aquas;
1204 1476 1261 1532 in
1284 1484 1498 1534 tantum
1522 1477 1669 1533 enim
1698 1479 1780 1534 vi-

171 1559 344 1632 gebat
389 1560 698 1634 disciplinae
745 1566 1066 1636 auctoritas,
1107 1573 1170 1622 ut
1196 1565 1507 1638 subjectum
1538 1583 1635 1622 vas
1667 1584 1778 1625 non

171 1647 387 1707 faceret
423 1651 572 1724 quod
605 1653 841 1710 valebat.

257 1747 440 1819 (Vers.
487 1750 571 1817 12,
631 1749 744 1822 13.)
806 1775 824 1797 ι
875 1750 1180 1808 Induimini
1211 1767 1339 1825 ergo
1367 1762 1430 1810 ut
1462 1752 1625 1811 electi
1655 1753 1778 1824 Dei,

1862 584 2116 650 ‘serviat,
2149 585 2306 640 illum
2341 585 2525 641 laudet
2553 587 2815 659 psalmus,
2857 588 3098 660 hymnus
3128 595 3376 651 extollat.
3408 595 3483 650 Et

1892 672 2024 730 huic
2078 674 2179 730 soli
2235 681 2426 730 notum
2469 675 2562 744 sit,
2612 678 2704 748 qui
2734 679 2948 734 occulta
2976 680 3224 751 pervidet
3259 684 3478 753 mentis,

1892 780 1923 820 a
1969 781 2078 838 quo
2123 775 2373 838 speratur
2417 773 2469 821 et
2499 767 2804 837 praemium.
2854 769 2915 824 In
2946 769 3204 826 cordibus
3236 771 3320 826 illi
3345 788 3484 828 can--

1893 853 1996 908 tari
2029 855 2333 925 mandavit,
2359 871 2426 910 ne
2455 855 2642 912 favore
2661 855 2952 913 hominum
2969 858 3144 929 ﬁeret,
3167 868 3220 916 et
3240 860 3481 918 fructum

1891 943 2186 1000 amitteret.

1970 1041 2152 1111 (Vers.
2215 1043 2328 1114 17.)
2397 1070 2414 1091 ι
2468 1044 2539 1101 Et
2586 1062 2748 1103 omne
2791 1046 3156 1122 quodcunque
3202 1049 3383 1107 facitis
3425 1051 3484 1108 in

1891 1131 2060 1186 verbo
2124 1141 2219 1189 aut
2267 1133 2325 1188 in
2383 1151 2562 1206 opere,
2614 1137 2800 1192 omnia
2861 1137 2917 1193 in
2972 1139 3196 1196 nomine
3257 1141 3480 1197 Domini

1891 1219 2017 1275 Jesu
2075 1219 2284 1288 facite,
2345 1223 2544 1294 gratias
2614 1235 2832 1298 agentes
2909 1229 3022 1284 Deo
3080 1236 3134 1284 et
3189 1229 3335 1284 Patri
3393 1247 3488 1302 per

1892 1307 2096 1380 ipsum.
2129 1335 2147 1358 ι
2190 1310 2460 1377 Quoniam
2509 1329 2673 1385 supra
2727 1315 2784 1371 in
2831 1315 2994 1374 corde
3033 1319 3209 1373 Deum
3248 1318 3483 1387 laudari,

1891 1403 1946 1453 et
1999 1398 2084 1453 illi
2117 1399 2325 1470 gratias
2364 1401 2554 1458 referri
2576 1405 2854 1476 praecepit,
2881 1422 3030 1463 nunc
3061 1414 3172 1463 tam
3200 1408 3257 1463 in
3288 1407 3479 1477 verbo,

1892 1511 2056 1568 quam
2111 1495 2168 1551 in
2217 1513 2378 1568 opere
2417 1503 2562 1560 274
2602 1498 2772 1555 totius
2811 1500 3252 1557 conversationis
3281 1508 3480 1556 nostra:

1891 1611 2092 1652 nomen
2115 1597 2334 1652 Domini
2352 1598 2478 1654 Iesu
2515 1597 2723 1653 laudari
2755 1606 2808 1654 et
2837 1596 3083 1653 exaltari
3109 1597 3380 1656 hortatur:
3423 1609 3486 1656 ut

1891 1701 2018 1741 cum
2067 1685 2233 1741 verba
2280 1694 2468 1742 nostra
2515 1695 2702 1742 carent
2748 1686 3190 1759 reprehensione,
3240 1698 3295 1746 et
3323 1706 3487 1762 opera

1890 1783 2078 1831 nostra
2107 1777 2252 1832 bona
2279 1786 2428 1845 sunt,
2451 1776 2832 1849 magniﬁcetur
2859 1778 3126 1834 Dominus
3144 1779 3485 1850 Jesus,cujus

167 1836 895 1940 ξληοξξξῖάίιθοῐίινίεεθτᾶ
923 1839 1775 1940 ωίεθτίοοεάίεε›δεξηίςηίιξτιιεξιω
1817 1859 1864 1920 Β
1889 1864 2204 1937 magisterio
2279 1836 2732 1938 invitupenabiles
2801 1875 2929 1923 sunt
2996 1866 3276 1940 discipuli.
3306 1836 3484 1924 [Tduc

168 1923 583 2029 humilitatem,
631 1943 824 1984 sensus
865 1930 1369 1999 mansuetudinem,
1399 1933 1781 2004 longanimita-
1893 1923 2041 2008 θηίῖη
2091 1970 2246 2010 veras
2294 1923 2494 2026 gratia;
2543 1956 2756 2028 agimus
2781 1957 2894 2012 Deo
2925 1971 3020 2028 per
3047 1923 3250 2029 ipsam,
3281 1958 3328 2013 εί
3357 1972 3486 2013 πιο-

1894 2040 2026 2098 dum
2057 2050 2448 2116 praeceptorum
2469 2043 2586 2116 ejus
2607 2044 3003 2101 custodiamus.
3394 2129 3397 2131 ἓ

1970 2141 2151 2212 (Vers.
2206 2140 2318 2212 18.)
2366 2167 2383 2188 ε
2425 2139 2704 2212 Mulieres,
2742 2142 2976 2199 subdita:
3003 2149 3174 2199 estote
3204 2141 3362 2212 viris,
3403 2143 3488 2201 si—

173 2021 323 2080 tem,
353 2015 657 2087 praebentes
679 2019 839 2075 vobis
869 2021 1107 2077 invicem
1137 2023 1480 2095 patientiam,
1502 2035 1556 2082 et
1578 2024 1782 2082 donan-

169 2111 264 2160 tes
313 2105 456 2161 alius
486 2106 605 2175 alii,
649 2107 696 2163 si
735 2111 859 2181 quis
900 2112 1164 2168 adversus
1193 2115 1430 2187 aliquem
1465 2115 1630 2171 habet
1658 2133 1784 2188 que-

172 2193 397 2260 relam;
450 2195 595 2250 sicut
634 2203 689 2251 et
734 2198 985 2256 Christus
1025 2201 1256 2258 donavit
1286 2203 1465 2271 vobis,
1499 2204 1574 2259 ita
1603 2214 1656 2261 et
1688 2221 1787 2262 vos

172 2281 368 2340 facite.
406 2307 425 2330 -
472 2284 540 2340 Ut
570 2285 785 2342 lucrum
819 2288 1034 2358 possint
1062 2290 1281 2357 habere,
1321 2292 1389 2348 ad
1425 2293 1542 2350 hinc
1570 2311 1663 2350 eos
1695 2295 1786 2351 fa-

173 2373 380 2430 cienda
409 2373 814 2449 hortatur,qum
840 2380 1100 2435 meritum
1119 2383 1394 2438 collocant
1414 2384 1556 2453 apud
1585 2387 1778 2442 Deum.

174 2464 232 2520 A
273 2464 511 2536 peccatis
561 2475 744 2522 autem
805 2468 1082 2526 abstinere
1134 2471 1300 2528 timor
1359 2473 1526 2530 facit:
1561 2485 1786 2532 veretur

173 2555 332 2611 enim
373 2572 441 2612 ne
470 2559 613 2614 mala
649 2558 874 2617 faciens:
911 2564 1090 2634 poenis
1127 2564 1414 2621 Subdatur.
1444 2567 1572 2624 Haec
1600 2577 1783 2624 autem

181 2661 313 2719 quae
364 2661 514 2703 nunc
560 2647 813 2705 facienda
838 2660 1047 2720 monet,
1078 2652 1146 2708 ad
1179 2655 1479 2726 profectum
1513 2658 1789 2727 pertinent

180 2744 538 2804 meritorum;
561 2753 630 2792 ex
661 2741 945 2796 voluntate
974 2742 1118 2796 enim
1153 2752 1418 2812 sunt,nox
1438 2761 1506 2800 ex
1537 2746 1786 2801 necessi-

178 2824 432 2892 tate.Qui
465 2841 594 2898 ergo
622 2827 692 2883 ab
732 2828 945 2886 illicitis
973 2847 1029 2886 se
1059 2832 1318 2901 abstinet,
1349 2833 1514 2889 habet
1543 2834 1780 2890 laudem:

177 2916 286 2988 qui
317 2931 450 2971 vero
478 2931 511 2970 a
543 2916 712 2974 licitis
738 2928 1025 2993 temperat,
1049 2930 1103 2978 et
1133 2923 1347 2980 laudem
1376 2924 1541 2982 habet
1570 2934 1787 3000 etprae-

178 3020 383 3061 mium.

262 3103 448 3175 (Vers.
483 3103 570 3174 14,
615 3106 730 3180 15.)
783 3131 802 3154 ι
833 3106 1006 3181 Super
1035 3108 1153 3166 haec
1171 3118 1352 3167 autem
1380 3111 1568 3168 omnia
1596 3111 1789 3169 chari-

1896 2235 1989 2285 cut
2035 2235 2271 2300 oportet,
2313 2227 2371 2282 in
2423 2229 2680 2286 Domino.
2731 2255 2750 2278 ι
2821 2231 2902 2286 Ita
2930 2230 3188 2302 praecepit
3230 2230 3488 2288 mulieres

1895 2317 2144 2374 subditas
2200 2333 2316 2373 esse
2367 2317 2565 2374 debere
2619 2319 2776 2388 viris,
2834 2320 2977 2377 sicut
3005 2321 3289 2377 mandavit
3316 2323 3478 2391 Deus,

1897 2409 2042 2465 inter
2089 2415 2283 2464 caetera
2337 2407 2526 2465 dicens
2563 2409 2631 2466 ad
2681 2409 3006 2467 mulierem:
3054 2435 3073 2458 ι
3100 2412 3172 2466 Et
3208 2410 3277 2467 ad
3304 2411 3487 2467 virum

1895 2506 2054 2554 tuum
2103 2497 2391 2554 conversio
2433 2505 2546 2566 tua,
2581 2506 2634 2554 et
2666 2500 2778 2571 ipse
2807 2500 2889 2555 tui
2920 2498 3298 2558 dominabitur
3328 2501 3484 2572 (Gen.

1896 2603 1980 2654 ιιι,
2013 2587 2126 2658 16),
2157 2612 2174 2635 ι
2203 2594 2266 2642 ut
2287 2587 2405 2658 ipso
2427 2587 2538 2644 ritu
2568 2587 2862 2660 disciplina
2887 2590 3076 2646 timeat
3098 2590 3279 2647 virum
3297 2605 3480 2656 suum,

1897 2675 2051 2748 quasi
2085 2676 2397 2745 dominum,
2422 2692 2492 2731 ex
2525 2693 2632 2749 quo
2662 2679 2828 2750 erepit
2847 2695 2982 2735 esse.

1971 2772 2152 2844 (Vers.
2190 2774 2303 2846 19.)
2348 2798 2366 2821 ι
2397 2774 2539 2843 Viri,
2573 2774 2787 2848 diligite
2815 2794 3016 2834 uxores
3043 2783 3270 2845 vestras,
3301 2785 3356 2835 et
3376 2794 3486 2834 no‘

1896 2863 1994 2918 lite
2049 2863 2220 2918 amari
2271 2880 2385 2920 esse
2432 2864 2500 2919 ad
2554 2865 2698 2921 illas.
2747 2891 2765 2913 ι
2832 2867 3086 2940 Rigorem
3138 2866 3319 2923 virilis
3353 2868 3486 2940 legis

1897 2952 2133 3020 emollit,
2176 2969 2244 3008 ne
2283 2962 2547 3025 potestate
2576 2971 2683 3028 qua
2712 2958 2989 3028 praevalet,
3022 2959 3230 3015 nimius
3257 2960 3381 3032 quis
3409 2961 3482 3016 sit

1897 3040 1956 3096 in
1987 3039 2276 3097 dominatu
2307 3043 2531 3100 uxoris:
2583 3044 2676 3100 sed
2718 3045 2881 3102 debet
2923 3051 3188 3120 respicere
3214 3047 3281 3104 ad
3326 3049 3482 3107 aﬁ‘ec-
3518 3097 3526 3104 .

1899 3139 2037 3199 tum,
2088 3131 2214 3204 quia
2261 3133 2462 3188 mulier
2489 3150 2614 3190 caro
2644 3133 2762 3206 ejus
2790 3143 2892 3202 est,
2923 3152 2992 3192 ne
3022 3137 3145 3209 plus
3175 3138 3328 3194 illam
3363 3137 3482 3195 hu-

182 3199 357 3250 tatem
407 3193 623 3264 habete,
665 3196 812 3269 quod
842 3205 924 3254 est
951 3198 1236 3256 vinculum
1271 3201 1502 3258 unitatis
1537 3220 1548 3258 :
1583 3210 1636 3258 et
1673 3219 1782 3276 pax

1903 3222 2121 3277 milians
2145 3222 2432 3278 exacerbet
2461 3232 2514 3280 et
2545 3225 2819 3281 contraria
2847 3226 3068 3298 cogitet.

179 3284 288 3340 Dei
343 3286 582 3341 exsultet
637 3287 694 3341 in
734 3287 994 3344 cordibus
1051 3290 1268 3357 vestris,
1303 3291 1360 3346 in
1389 3308 1496 3363 qua
1519 3299 1574 3347 et
1604 3292 1783 3348 vocati

183 3373 324 3430 estis
369 3374 426 3430 in
482 3391 592 3430 uno
633 3391 894 3448 corpore:
925 3384 980 3432 et
1019 3378 1154 3449 grati
1197 3385 1388 3435 estote.
1418 3403 1437 3426 ι
1481 3381 1623 3447 Quia
1654 3397 1782 3436 vero

183 3464 438 3520 omnium
471 3463 646 3537 major
674 3474 756 3521 est
784 3467 1042 3534 charitas,
1076 3467 1205 3522 huic
1247 3469 1417 3540 magis
1445 3470 1781 3526 studendum

183 3553 464 3612 hortatur.
522 3555 677 3612 Tunc
713 3555 860 3611 enim
912 3556 1100 3611 omnia
1149 3573 1269 3629 quae
1307 3575 1472 3629 supra
1500 3559 1784 3615 mandavit

182 3643 480 3709 servanda,
509 3643 577 3700 ad
609 3643 862 3699 effectum
894 3644 1243 3715 praemiorum
1274 3655 1531 3718 poterunt
1559 3647 1779 3716 deduci,

183 3730 234 3787 si
274 3731 413 3788 duce
460 3731 752 3798 charitate,
802 3732 904 3788 iter
950 3733 1233 3790 ambulent
1278 3736 1444 3809 legis:
1481 3745 1594 3792 tota
1632 3737 1778 3792 enim

184 3830 374 3879 mente
400 3833 677 3895 operatur,
711 3823 805 3896 qui
835 3839 902 3879 ex
933 3840 1117 3880 amore
1150 3826 1361 3900 aliquid
1399 3827 1550 3884 facit.
1582 3829 1782 3901 Hypo-

181 3911 350 3967 crisis
409 3921 465 3969 et
520 3912 804 3970 simulatio
853 3929 966 3970 non
1011 3921 1092 3970 est
1124 3914 1181 3970 in
1211 3915 1496 3986 charitate,
1529 3933 1695 3990 quare
1728 3927 1784 3974 et

184 4001 425 4058 Joannes
478 4004 795 4076 apostolus:
863 4027 884 4051 ι
932 4004 1142 4074 Timor,
1191 4005 1393 4079 inquit,
1451 4023 1564 4063 non
1612 4007 1782 4064 estin

185 4089 507 4148 dilectione.
557 4115 576 4140 ι
637 4091 743 4160 Qui
787 4092 936 4149 enim
985 4093 1162 4161 timet,
1202 4095 1474 4166 perfectus
1516 4112 1626 4152 non
1650 4104 1778 4153 est:

199 4203 220 4228 ι
278 4179 529 4236 Perfecta
579 4181 728 4236 enim
780 4181 1005 4239 dilectio
1055 4183 1203 4240 foras
1242 4184 1414 4241 mittit
1443 4185 1696 4242 timorem
1731 4184 1788 4256 (Ι

183 4271 350 4326 Joan.
376 4285 458 4334 iv,
491 4269 580 4336 18)
609 4287 622 4325 :
656 4295 676 4320 ιι
717 4271 865 4328 unde
889 4280 944 4329 et
973 4274 1244 4330 Dominus
1273 4275 1445 4332 amari
1487 4293 1544 4333 se
1573 4276 1783 4332 mavult

185 4375 357 4433 quam
386 4358 728 4415 timeri.Haac
755 4369 836 4416 est
865 4362 1012 4416 enim
1049 4361 1276 4418 dilectio
1305 4379 1426 4436 quae
1454 4367 1784 4438 complecti-

184 4457 282 4506 tur
312 4447 601 4516 unitatem,
634 4447 749 4505 haec
787 4459 869 4506 est
894 4467 1221 4522 quaeomnes
1249 4470 1422 4510 unum
1466 4471 1664 4528 corpus
1693 4458 1784 4513 fa—

187 4543 288 4609 cit,
339 4538 457 4595 hac
493 4548 576 4595 est
619 4556 740 4612 quae
783 4557 968 4596 veram
1001 4541 1162 4598 habet
1190 4559 1397 4614 pacem,
1430 4561 1592 4618 quam
1622 4549 1783 4634 cqrde

187 4647 331 4705 puro
360 4628 626 4687 custodit.
659 4630 844 4686 Potest
871 4631 1019 4688 enim
1052 4649 1157 4705 pax
1183 4631 1316 4700 dici,
1357 4642 1412 4690 et
1442 4652 1553 4691 non
1584 4628 1784 4696 habere

189 4719 550 4788 charitatem;
583 4717 822 4778 charitas
846 4721 996 4777 enim
1033 4739 1248 4795 semper
1276 4739 1462 4781 secum
1491 4725 1656 4784 habet
1678 4745 1784 4801 pa-

191 4825 333 4867 cem.

265 4905 450 4978 (Vers.
503 4905 617 4979 16.)
689 4931 708 4955 ι
754 4907 999 4965 Verbum
1047 4908 1254 4968 Christi
1299 4909 1509 4968 habitet
1536 4911 1595 4967 in
1625 4911 1783 4969 vobis

193 4995 412 5052 abunde
459 4995 516 5051 in
570 4996 721 5052 omni
772 4998 1062 5067 sapientia,
1110 4997 1368 5056 docentes
1413 5009 1468 5056 et
1499 5013 1782 5059 monentes

194 5086 558 5160 vosmetipsos
597 5087 656 5143 in
700 5088 926 5158 psalmis
953 5097 1008 5144 et
1039 5089 1284 5161 hymnis,
1316 5099 1370 5147 et
1398 5093 1630 5151 canticis
1659 5094 1782 5166 spi-

195 5178 468 5246 ritalibus,
529 5177 584 5234 in
640 5179 815 5252 gratia
851 5187 1132 5237 cantantes
1189 5182 1247 5238 in
1296 5184 1554 5251 cordibus
1586 5188 1783 5242 vestris

195 5267 450 5324 Domino.
484 5293 504 5318 ι
571 5269 698 5326 Haec
759 5269 1073 5326 meditanda
1129 5281 1314 5329 monet
1369 5290 1604 5345 semper,
1661 5293 1781 5348 quae

197 5365 393 5414 sonent
421 5357 742 5429 Christum;
775 5360 894 5417 haec
923 5361 981 5417 in
1013 5361 1175 5419 corde
1204 5362 1475 5434 habenda,
1507 5380 1628 5438 quas
1670 5366 1781 5423 Deo

267 5576 394 5663 (9.7)
415 5579 592 5663 B_om._
609 5579 742 5638 edit.
752 5623 767 5651 ,
806 5583 941 5663 Tant
959 5600 1212 5663 magnum
1233 5590 1379 5659 apud
1405 5608 1490 5646 eos
1513 5599 1781 5663 peccatum

196 5646 331 5732 furti
363 5646 684 5732 habebatur,
725 5646 865 5732 quod
900 5646 1088 5732 Grec},
1120 5659 1212 5729 qui
1241 5646 1432 5732 magna

198 5721 348 5779 atria.
378 5767 390 5780 .
420 5767 432 5778 .
462 5765 475 5778 .
507 5767 520 5780 .
561 5724 661 5780 Sed
689 5721 816 5795 qiu'a
844 5728 996 5783 modo
1016 5721 1352 5803 degenerant:
1373 5743 1478 5794 etc.

1969 3311 2150 3380 (Vers.
2184 3309 2300 3382 20.)
2347 3335 2366 3357 ι
2394 3311 2542 3381 Filii,
2575 3313 2791 3369 obedite
2817 3314 3136 3385 parentibus
3164 3316 3361 3372 vestris
3389 3332 3486 3388 per

1893 3400 2116 3454 omnia:
2168 3398 2273 3454 hoc
2319 3400 2467 3455 enim
2510 3401 2684 3471 placet
2723 3404 2856 3458 Deo.
2903 3427 2921 3450 ι
2977 3403 3098 3458 Non
3128 3411 3305 3475 potest
3331 3404 3483 3462 aliud

1893 3488 2109 3560 placere
2139 3489 2271 3554 Deo,
2302 3503 2464 3560 quam
2495 3489 2643 3562 quod
2680 3489 2894 3561 justum
2928 3497 2984 3547 et
3009 3492 3159 3563 pium
3188 3501 3292 3548 est.
3328 3493 3483 3550 Tunc

1893 3575 2039 3632 enim
2075 3583 2300 3648 possunt
2328 3576 2430 3632 ﬁlii
2463 3577 2660 3634 habere
2700 3580 2997 3651 propitium
3030 3583 3226 3650 Deum,
3258 3581 3304 3637 si
3335 3582 3483 3638 debi-

1895 3675 2004 3722 tam
2065 3665 2542 3723 honoriﬁcentiam
2611 3671 2910 3742 rependant
2961 3671 3298 3744 parentibus,
3340 3672 3486 3730 circa

1894 3755 2217 3828 obsequium
2251 3756 2476 3812 illorum
2508 3758 2716 3828 faciles,
2757 3760 2816 3816 in
2855 3769 3174 3833 contemptu
3203 3761 3479 3832 difﬁciles,

1893 3844 2126 3901 scientes
2172 3844 2275 3900 ﬁlii
2306 3862 2587 3920 nunquam
2631 3848 2893 3905 adversus
2918 3858 3166 3922 parentes
3195 3851 3483 3924 providere

1893 3931 2090 3988 debere
2121 3933 2260 4004 (98).

1968 4021 2148 4092 (Vers.
2214 4021 2330 4094 21.)
2395 4047 2413 4070 ι
2450 4023 2656 4094 Patres,
2704 4025 2875 4082 nolite
2917 4025 2984 4084 ad
3016 4027 3152 4084 iram
3185 4043 3481 4101 provocare

1894 4109 2039 4167 ﬁlios
2085 4117 2316 4180 vestros,
2362 4129 2432 4169 ne
2480 4115 2682 4187 pusillo
2728 4115 2915 4174 animo
2961 4117 3114 4175 ﬁant.
3147 4143 3165 4166 ι
3207 4119 3484 4177 Modestos

1895 4189 2145 4274 praecipit
2195 4209 2373 4274 patres
2409 4201 2605 4261 debere
2649 4221 2765 4262 esse
2809 4206 2963 4276 ﬁliis,
3018 4224 3087 4264 ne
3115 4210 3377 4267 coarctati
3413 4211 3483 4268 ab

1895 4290 1993 4358 eis,
2025 4291 2350 4364 delinquant
2394 4294 2454 4349 in
2504 4293 2651 4364 illos,
2683 4303 2738 4353 et
2784 4298 2956 4354 Deum
2999 4299 3300 4369 offendant,
3333 4299 3479 4374 quod

1895 4381 2112 4438 nolunt.
2163 4382 2247 4438 Ira
2294 4382 2442 4439 enim
2472 4383 2874 4444 inconsiderata
2911 4405 2996 4445 res
3042 4397 3144 4458 est,
3176 4390 3233 4446 in
3264 4399 3476 4447 tantum

1895 4479 1957 4527 ut
1988 4471 2286 4544 aliquando
2315 4490 2417 4532 nec
2446 4475 2551 4531 sibi
2586 4486 2790 4549 parcat,
2825 4480 2918 4551 qui
2957 4479 3232 4535 irascitur.
3267 4481 3478 4536 Debent

1814 4595 1863 4654 Β
1894 4561 2042 4617 enim
2101 4561 2373 4618 recordari
2429 4573 2606 4636 patres
2661 4568 2790 4641 quia
2844 4567 3067 4622 fuerunt
3115 4575 3169 4623 et
3201 4567 3303 4639 ipsi
3332 4567 3474 4636 ﬁlii;

1891 4650 2235 4708 considerare
2282 4661 2463 4709 autem
2491 4654 2617 4724 ﬁlii,
2653 4656 2782 4728 quia
2810 4655 2984 4711 futuri
3013 4664 3142 4711 sunt
3167 4663 3384 4726 patres:
3419 4665 3481 4712 ut

1893 4757 2047 4814 teque
2092 4741 2294 4797 librato
2321 4742 2554 4800 consilio
2584 4744 2869 4816 utriusque
2898 4744 3088 4816 partis,
3117 4753 3172 4802 et
3201 4744 3308 4801 ﬁlii
3335 4743 3481 4802 sub-

1886 4832 2017 4906 jecti
2049 4835 2179 4903 sint,
2211 4844 2265 4892 et
2293 4845 2470 4907 patres
2501 4836 2750 4892 modesti.

1966 4924 2146 4995 (Vers.
2179 4925 2309 4996 22.)
2361 4951 2377 4972 -
2408 4925 2582 4992 Servi,
2611 4925 2868 4982 obaudite
2891 4941 2986 4998 per
3018 4928 3206 4984 omnia
3235 4928 3479 4990 dominis

1890 5016 2222 5082 carnalibus,
2254 5031 2363 5069 non
2393 5014 2461 5070 ad
2490 5015 2711 5071 oculum
2737 5015 3058 5086 servientes,
3090 5019 3243 5091 quasi
3287 5019 3480 5077 homi-

1892 5103 2056 5159 nibus
2088 5103 2379 5175 placentes,
2413 5103 2506 5159 sed
2538 5103 2596 5159 in
2627 5103 2982 5176 simplicitate
3011 5109 3194 5164 cordis
3221 5110 3478 5168 timentes

1890 5192 2209 5247 Dominum.
2242 5216 2260 5240 ι
2305 5191 2573 5258 Quoniam
2607 5193 2720 5248 Deo
2748 5195 2909 5252 aliter
2936 5196 3133 5251 serviri
3164 5214 3275 5255 non
3301 5206 3476 5269 potest

1891 5297 2053 5352 quam
2110 5296 2247 5354 puro
2303 5281 2503 5339 corde:
2550 5283 2766 5341 occulta
2793 5285 2941 5341 enim
2973 5287 3220 5358 pervidet
3249 5288 3474 5343 animo-

1891 5387 2052 5427 rum:
2109 5372 2190 5430 sic
2233 5381 2290 5430 et
2336 5372 2659 5432 hominibus
2704 5376 2954 5450 praecipit
3007 5378 3204 5435 serviri
3253 5376 3473 5437 debere.

1962 5597 2078 5669 (98)
2127 5594 2284 5656 Eras.
2317 5597 2638 5678 et_Gill._in
2667 5603 2932 5678 margine,
2972 5621 3035 5662 ac
3064 5605 3221 5663 Rom.
3257 5605 3389 5665 edit.
3422 5607 3478 5664 in

1887 5685 2133 5742 corpore,
2156 5673 2456 5744 protervire
2482 5673 2681 5730 debere.
