3970 6398
577 379 682 455 463

1582 393 1679 450 AD
1719 393 1954 451 OPERA
1994 392 2049 450 S.
2089 391 2423 452 AMBROSII
2461 393 2849 452 APPENDIX.

3767 391 3879 450 464

575 520 684 590 Qui
711 519 859 576 enim
892 518 960 575 ad
989 521 1210 575 oculum
1243 519 1433 584 servit,
1464 519 1521 574 in
1562 521 1780 574 occulto
1811 519 1960 574 aliud
1990 519 2122 576 facit
2149 537 2159 573 :
2193 524 2241 582 A
2270 537 2561 592 corporum
2594 523 2764 586 enim,
2795 536 2907 577 non
2934 520 3244 576 animorum
3276 529 3405 578 sunt
3423 519 3659 578 domini.
3704 522 3877 579 Solus

575 611 673 684 qui
710 617 895 666 autem
925 626 994 665 ex
1026 609 1230 676 animo,
1263 609 1388 666 talis
1417 617 1497 664 est
1535 609 1668 664 foris
1701 609 1880 681 qualis
1907 618 1960 664 et
1989 609 2156 665 intus.

575 701 620 758 si
651 716 780 773 ergo
819 699 878 754 in
911 699 1019 756 hoc
1043 699 1307 772 obsequio
1337 699 1506 754 fuerit
1544 698 1744 766 ﬁdelis,
1763 698 2164 770 promerebitur

571 793 897 862 Dominum,
931 793 1060 866 quia
1089 793 1204 865 ipse
1241 792 1420 847 dixit:
1483 817 1499 838 ι
1525 792 1630 857 Qui
1662 791 1719 846 in
1754 791 1986 846 minimo
2017 791 2161 846 ﬁde-

573 881 645 938 lis
671 892 772 951 est,
805 892 859 937 et
887 881 945 936 in
976 897 1171 952 magno
1201 880 1381 935 ﬁdelis
1419 888 1499 934 est
1531 881 1681 950 (Luc.
1732 895 1854 944 xvr,
1890 879 2000 950 10).
2040 905 2058 928 ι
2103 880 2160 936 Si

569 972 718 1027 enim
771 971 842 1040 ei,
879 970 970 1042 qui
1013 970 1080 1025 ad
1117 986 1353 1040 praesens
1381 968 1628 1024 vindicat
1654 970 1680 1038 (
1686 970 1804 1038 99),
1837 968 2015 1024 fidelis
2047 985 2159 1024 non

567 1060 758 1127 fuerit,
790 1058 884 1132 qui
914 1057 1031 1114 ﬁeri
1064 1060 1262 1130 poterit
1295 1065 1354 1112 ut
1384 1056 1468 1112 illi
1497 1057 1662 1112 ﬁdem
1693 1056 1970 1124 exhibeat,
1995 1072 2156 1129 quem

565 1157 690 1223 post
749 1156 980 1203 mortem
1030 1147 1185 1202 audit
1235 1145 1664 1217 judicaturum?
1721 1145 1933 1201 Idcirco
1973 1146 2030 1200 in
2063 1145 2156 1200 do-

565 1237 706 1292 mini
762 1235 997 1292 carnalis
1051 1251 1213 1291 causa
1261 1234 1470 1306 justum
1514 1237 1636 1290 vult
1671 1252 1787 1291 esse
1829 1250 2049 1290 servum
2103 1243 2157 1291 et

564 1323 973 1398 obsequentem,
1029 1334 1088 1381 ut
1126 1325 1298 1396 possit
1354 1332 1408 1380 et
1453 1324 1512 1379 in
1565 1324 1662 1380 Dei
1704 1324 1866 1379 rebus
1895 1331 1948 1378 et
1978 1321 2155 1378 ﬁdelis

564 1432 680 1475 esse
732 1425 787 1472 et
841 1417 1162 1488 obsequens.
1223 1416 1280 1471 Si
1338 1416 1485 1470 enim
1537 1416 1594 1470 in
1637 1415 1891 1487 praesenti
1923 1413 2155 1470 idoneus

561 1506 751 1574 fuerit,
781 1506 876 1561 ubi
905 1507 1009 1562 scit
1038 1504 1191 1560 nulla
1219 1521 1333 1560 esse
1355 1504 1461 1559 nisi
1492 1504 1874 1576 corruptibilis
1904 1503 2147 1574 praemia,

558 1603 766 1670 quanto
812 1594 984 1666 magis
1033 1595 1354 1666 propensior
1406 1594 1510 1648 erit
1563 1593 1621 1648 in
1678 1591 1777 1648 Dei
1835 1591 2148 1659 devotione,

557 1699 721 1757 quem
745 1682 850 1738 scit
878 1681 1135 1737 ﬁdelibus
1167 1681 1498 1736 immortalia
1527 1681 1782 1736 daturum
1817 1680 2038 1751 praemia
2063 1681 2074 1734 l

630 1776 812 1847 (Vers.
847 1773 936 1842 23,
964 1773 1052 1842 2’s,
1087 1773 1203 1845 25.)
1274 1799 1291 1821 ι
1320 1772 1601 1845 Quidquid
1631 1772 1833 1839 facitis,
1864 1788 1934 1826 ex
1962 1770 2148 1826 animo

2272 610 2418 665 enim
2447 611 2735 678 Dominus,
2755 620 2808 666 et
2835 617 3025 666 auctor
3054 625 3234 666 rerum
3267 608 3567 665 invisibilis
3591 612 3741 667 Deus
3756 618 3874 666 tam

2271 700 2593 771 corporibus
2644 716 2808 772 quam
2838 699 3042 755 animis
3067 698 3405 767 dominatur,
3435 706 3497 754 ut
3525 698 3642 756 haec
3672 698 3875 757 consi-

2270 789 2542 859 derantes,
2571 789 2722 861 justa
2750 790 2818 845 ab
2848 790 2927 845 eis
2955 789 3180 861 exigant
3208 788 3438 844 servitia
3469 806 3480 844 :
3515 789 3647 845 talia
3673 787 3876 862 utique

2270 879 2454 951 qualia
2508 887 2561 934 et
2591 895 2622 933 a
2652 895 2708 934 se
2750 879 2896 949 exigi
2946 879 3144 934 volunt
3189 894 3221 933 a
3268 878 3506 934 Domino
3557 877 3870 935 communi.

2268 968 2403 1023 Nam
2451 984 2572 1024 cum
2617 967 2720 1041 ipsi
2779 984 2889 1024 non
2920 975 2984 1023 ut
3040 967 3269 1040 dignum
3299 975 3403 1034 est,
3455 969 3569 1024 Deo
3596 967 3872 1038 serviant,

2267 1073 2428 1130 quem
2479 1074 2589 1113 non
2620 1067 2820 1130 negant
2850 1057 3098 1114 omnium
3132 1064 3451 1129 potestatem
3501 1055 3726 1125 habere,
3758 1073 3874 1113 cu-

2261 1145 2459 1218 jusque
2507 1146 2828 1220 quotidiana
2883 1147 3028 1203 dona
3086 1163 3181 1219 per
3235 1145 3543 1203 ministeria
3595 1154 3870 1203 creatura

2265 1233 2524 1292 humanis
2582 1237 2771 1293 usibus
2816 1234 3090 1303 exhiberi,
3139 1253 3170 1292 a
3209 1235 3432 1307 paribus
3479 1235 3593 1291 suis
3633 1237 3720 1307 (ut
3750 1252 3868 1292 non

2263 1325 2442 1382 dicam
2500 1327 2787 1397 fratribus)
2835 1334 2945 1382 tam
3003 1323 3190 1398 gravia
3245 1326 3474 1399 exigunt
3512 1326 3766 1392 servitia,
3805 1333 3871 1382 ut

2262 1415 2394 1471 ferri
2439 1432 2547 1471 non
2579 1416 2825 1488 possint:
2871 1431 2984 1470 non
3025 1421 3288 1487 ponentes
3319 1413 3376 1470 in
3407 1413 3610 1482 animo,
3647 1415 3783 1487 quia
3812 1420 3870 1469 et

2260 1505 2365 1578 ipsi
2398 1507 2574 1562 velint
2607 1505 2806 1574 nolint,
2837 1504 2983 1561 servi
3003 1511 3151 1573 sunt,
3184 1511 3237 1560 et
3265 1502 3508 1560 viderint
3557 1503 3716 1576 cujus
3751 1518 3868 1560 me-

2262 1595 2376 1652 riti.

2334 1685 2514 1756 (Vers.
2556 1686 2610 1753 2,
2642 1685 2694 1753 3,
2726 1684 2808 1756 li.)
2873 1708 2892 1731 ε
2923 1683 3174 1741 Orationi
3209 1684 3432 1753 instate,
3463 1683 3767 1756 vigilantes
3805 1683 3864 1739 in

2259 1771 2356 1830 illa
2388 1791 2512 1830 cum
2563 1774 2860 1846 gratiarum
2905 1774 3156 1841 actione;
3207 1783 3424 1831 orantes
3475 1774 3643 1829 simul
3676 1780 3732 1829 et
3764 1789 3864 1846 pro

553 1861 881 1936 operamini,
911 1870 973 1916 ut
1000 1861 1236 1917 Domino
1255 1868 1309 1916 et
1329 1876 1440 1915 non
1461 1860 1798 1916 hominibus:
1834 1859 1964 1916 certi
1999 1856 2145 1930 quod
2174 1884 2220 1944 Β
2257 1863 2437 1931 nobis,
2480 1871 2540 1919 ut
2597 1865 2742 1919 Deus
2790 1863 2996 1935 aperiat
3026 1861 3186 1918 nobis
3213 1862 3412 1918 ostium
3442 1862 3600 1918 verbi
3629 1861 3702 1918 ad
3733 1863 3862 1919 elo-

554 1968 588 2008 a
639 1951 879 2008 Domino
915 1951 1192 2023 recipietis
1226 1951 1644 2006 retributionem
1675 1950 2013 2006 hmreditatis
2039 1951 2144 2006 Do-

551 2040 696 2096 mini
747 2038 977 2108 Christi,
1034 2041 1128 2096 cui
1172 2041 1414 2095 servitis.
1449 2040 1554 2106 Qui
1585 2041 1734 2096 enim
1765 2039 1953 2113 inique
1983 2039 2143 2112 gerit,

548 2128 659 2186 fert
700 2128 756 2185 id
803 2127 951 2202 quod
991 2129 1154 2201 gessit
1197 2129 1420 2202 inique:
1452 2137 1506 2184 et
1536 2145 1650 2184 non
1682 2137 1763 2184 est
1789 2144 2142 2200 personarum

552 2218 800 2290 acceptio
841 2218 986 2290 apud
1033 2219 1226 2273 Deum.
1258 2243 1276 2265 ι
1324 2219 1393 2274 Ut
1423 2226 1704 2291 promptos
1741 2217 1868 2274 illos
1897 2217 1954 2272 in
1993 2217 2142 2272 obse-

548 2306 680 2379 quio
730 2314 785 2362 et
829 2306 936 2363 ﬁde
993 2307 1179 2376 faciat,
1211 2308 1516 2364 mercedem
1560 2307 1687 2362 illos
1716 2306 1988 2362 bonorum
2019 2322 2142 2377 ope-

549 2410 674 2451 rum
712 2405 1031 2468 accepturos
1082 2397 1359 2468 promittit
1413 2413 1445 2452 a
1491 2397 1604 2452 Deo
1631 2396 1688 2450 in
1720 2412 1886 2468 regno
1911 2394 2136 2450 Christi.

547 2483 707 2552 Quod
750 2493 812 2541 ut
863 2485 1152 2558 probatum
1211 2487 1282 2542 sit
1321 2495 1375 2542 et
1400 2492 1705 2556 acceptum,
1743 2485 1825 2540 sic
1869 2485 1994 2540 illos
2022 2485 2141 2539 vult

549 2577 774 2651 obsequi
805 2579 948 2635 sicut
985 2579 1244 2648 Domino,
1277 2594 1432 2650 aquo
1460 2575 1766 2632 mercedem
1799 2582 2135 2647 exspectant.

545 2668 622 2724 At
675 2667 721 2723 si
777 2683 967 2724 servus
1019 2668 1209 2740 inique
1246 2667 1437 2741 egerit,
1487 2682 1599 2722 non
1648 2667 1826 2723 solum
1859 2665 2140 2721 hominem

547 2755 806 2826 offendet,
864 2756 958 2813 sed
1009 2765 1062 2813 et
1106 2760 1303 2826 Deum,
1363 2773 1524 2830 quem
1571 2756 1631 2811 in
1685 2755 1920 2812 admissa
1949 2755 2139 2811 fraude

545 2847 787 2904 carnalis
833 2847 1046 2903 domini
1093 2849 1444 2921 contempsit.
1479 2849 1535 2904 Si
1565 2856 1747 2903 autem
1783 2846 1920 2902 bene
1946 2848 2138 2919 egerit,

548 2950 660 2991 non
698 2935 803 2991 erit
843 2935 988 3005 apud
1034 2937 1208 2990 Deum
1248 2953 1439 2992 servus
1467 2937 1731 3003 hominis,
1763 2936 1918 3007 quasi
1950 2935 2138 3006 despe-

544 3023 721 3079 ctior:
756 3022 850 3079 sed
881 3024 1499 3097 remunerabitur,quasi
1527 3026 1665 3080 liber
1688 3024 1834 3081 inter
1863 3024 2136 3091 homines,

546 3124 739 3166 servus
787 3117 970 3167 autem
1000 3110 1228 3180 Christi,
1269 3113 1416 3185 quod
1462 3113 1746 3185 dignitatis
1784 3119 1865 3168 est
1909 3127 2132 3167 nomen.

1169 3263 1397 3324 CAPUT
1437 3264 1533 3322 IV.

615 3395 800 3467 (Vers.
844 3392 924 3466 1.)
977 3419 994 3442 ι
1022 3392 1270 3461 Domini,
1312 3390 1460 3465 quod
1483 3389 1697 3463 justum
1727 3399 1809 3447 est
1835 3399 1890 3448 et
1918 3405 2136 3463 aequum

543 3486 718 3543 servis
749 3483 1006 3558 prebete,
1050 3482 1283 3539 scientes
1312 3480 1458 3553 quod
1490 3489 1544 3536 et
1585 3496 1684 3536 vos
1711 3479 2012 3535 Dominum
2045 3479 2136 3534 ha-

541 3576 685 3633 betis
745 3577 804 3631 in
863 3574 1037 3631 caelis.
1086 3595 1104 3620 ι
1165 3572 1244 3628 Ne
1269 3569 1483 3626 domini
1513 3571 1842 3642 temporales
1884 3569 2138 3640 superbia

544 3663 908 3727 extollantur,
966 3665 1357 3730 praesumentes
1399 3657 1468 3712 de
1497 3657 1804 3724 dominatu,
1839 3657 2057 3728 mitigat
2085 3663 2139 3712 et

544 3748 768 3808 cohibet
790 3747 1006 3803 animos
1035 3747 1279 3810 illorum,
1321 3753 1381 3798 ut
1412 3744 1660 3800 adhibita
1701 3745 2138 3802 consideratione

546 3836 776 3895 humani
799 3831 1482 3908 generis,animadvertant
1509 3840 1789 3888 auctorem
1819 3835 1993 3889 Deum
2029 3850 2138 3890 non
2198 3836 2211 3850 ‘

548 3941 734 3984 servos
783 3931 839 3980 et
877 3923 1098 3990 liberos,
1165 3920 1260 3976 sed
1292 3937 1483 3976 omnes
1512 3922 1778 3993 ingenuos
1806 3921 2135 3979 condidisse.

547 4017 653 4075 Sed
682 4017 789 4073 hoc
818 4013 1010 4070 mundi
1043 4011 1336 4084 iniquitate
1363 4012 1568 4068 factum
1601 4019 1703 4080 est,
1752 4021 1812 4068 ut
1842 4012 1971 4067 dum
2003 4015 2141 4070 alter

550 4104 779 4162 alterius
811 4103 951 4160 ﬁnes
980 4101 1218 4168 invadit,
1251 4109 1382 4157 tunc
1403 4101 1648 4171 captivos
1667 4099 1821 4156 ducit
1852 4101 2134 4172 ingenuos;

548 4193 697 4251 unde
756 4200 811 4248 et
873 4208 1041 4247 manu
1087 4190 1229 4261 capti
1292 4189 1428 4245 dicit
1459 4196 1587 4244 sunt
1639 4205 1669 4244 a
1707 4189 1982 4246 veteribus
2011 4188 2139 4244 inde

550 4283 853 4355 mancipia.
897 4281 1000 4338 Hic
1039 4297 1196 4336 casus
1232 4287 1287 4335 et
1314 4279 1562 4337 conditio
1592 4278 1754 4334 etiam
1803 4295 1950 4335 nunc
1979 4295 2136 4351 appa-

548 4386 650 4447 ret,
710 4377 806 4433 alii
866 4374 1236 4443 redimuntur,
1295 4373 1391 4429 alii
1445 4379 1728 4428 remanent
1761 4371 1925 4426 servi.
1976 4367 2138 4442 Apud

545 4474 721 4530 Deum
762 4477 945 4526 autem
1003 4468 1095 4525 hic
1157 4484 1348 4525 servus
1401 4466 1652 4534 habetur,
1703 4464 1796 4538 qui
1835 4461 2139 4535 peccaverit

549 4571 730 4642 (Joan.
787 4584 908 4636 vui,
959 4566 1074 4640 34).
1120 4566 1368 4663 Denique
1402 4564 1609 4636 peccati
1639 4579 1802 4663 causa
1828 4562 2001 4619 Cham
2027 4576 2134 4618 ser-
2168 4603 2217 4663 Β

543 4677 651 4718 vus
703 4657 956 4715 audivit:
1033 4681 1050 4702 ε
1089 4653 1412 4710 Maledictus
1470 4668 1604 4723 puer
1635 4650 1915 4719 Chanaan,
1945 4667 2135 4706 servus

545 4767 832 4810 servorum
897 4747 1004 4804 erit
1043 4744 1306 4801 fratribus
1335 4743 1448 4798 suis
1481 4744 1636 4813 (Gen.
1671 4759 1750 4809 1x,
1784 4743 1899 4813 25).
1932 4768 1949 4790 ι
1994 4749 2137 4806 275

546 4848 648 4906 Cui
703 4847 986 4904 sententiae
1042 4851 1252 4899 veteres
1309 4857 1604 4908 assensere,
1643 4841 1721 4896 ita
1749 4850 1810 4898 ut
1844 4842 2136 4898 deﬁnirent

548 4953 740 4992 omnes
771 4935 1070 5008 prudentes
1100 4949 1214 4990 esse
1245 4932 1468 5000 liberos,
1514 4931 1711 4985 stultos
1736 4940 1916 4985 autem
1948 4949 2136 4989 omnes

546 5039 661 5079 esse
687 5039 873 5078 servos
897 5041 908 5078 :
954 5024 1083 5095 quia
1111 5022 1350 5095 prudens
1371 5021 1608 5076 abstinet
1647 5036 1675 5074 a
1704 5021 2025 5092 peccatis,ut
2044 5022 2134 5078 hic

548 5113 821 5184 ingenuus
848 5111 1038 5182 sit,qui
1062 5121 1208 5166 recta
1228 5112 1694 5182 sequitur,servus
1715 5120 1893 5165 autem
1917 5111 2009 5182 qui
2040 5129 2134 5182 per

545 5201 794 5260 stultitiae
822 5200 1250 5272 imprudentiam
1298 5199 1523 5270 subjicit
1551 5217 1607 5256 se
1639 5208 1876 5272 peccato.
1907 5200 2060 5256 Unde
2079 5211 2132 5257 et

543 5292 715 5352 Cham
761 5298 982 5363 propter
1011 5288 1322 5356 stultitiam,
1350 5289 1442 5360 qui
1474 5290 1593 5345 risit
1625 5291 1929 5346 nuditatem
1963 5291 2130 5362 patris

542 5383 728 5450 stulte,
769 5395 962 5437 servus
987 5385 1067 5434 est
1099 5378 1678 5450 appellatus.Ostendit
1707 5396 1834 5450 ergo
1865 5380 2124 5449 dominis,

538 5471 668 5542 quia
694 5487 807 5528 non
834 5485 962 5527 vere
989 5477 1120 5526 sunt
1149 5467 1480 5538 domini,sed
1500 5469 1654 5542 quasi
1684 5485 1780 5541 per
1808 5470 2120 5542 imaginem:

610 5693 726 5766 (99)
757 5694 1022 5750 Nonnulli
1063 5711 1214 5760 mss.,
1247 5694 1338 5763 qui
1365 5692 1438 5766 qd
1459 5707 1692 5766 praesens
1716 5693 1944 5766 judicat.

2167 3240 2217 3303 C

2257 1951 2536 2024 quendum
2587 1951 2915 2025 mysterium
2972 1951 3178 2008 Christi
3229 1952 3474 2024 (propter
3505 1950 3655 2023 quod
3687 1952 3857 2010 etiam

2255 2040 2476 2097 vinctus
2505 2043 2674 2112 sum),
2697 2050 2759 2097 ut
2791 2040 3134 2096 manifestem
3159 2039 3318 2108 illud,
3339 2049 3501 2112 prout
3523 2048 3742 2112 oportet
3774 2057 3861 2097 me

2254 2132 2428 2203 loqui.
2470 2157 2488 2178 ι
2534 2132 2649 2187 Jam
2684 2133 3052 2204 prudentibus
3083 2131 3410 2204 mysterium
3445 2131 3666 2187 Domini
3695 2131 3857 2189 Chri-

2253 2219 2343 2286 sti,
2397 2229 2450 2276 et
2500 2221 2675 2278 cautis
2724 2222 2805 2293 (i)
2865 2222 2922 2276 in
2978 2221 3254 2276 evitandis
3296 2221 3454 2276 vitiis
3500 2229 3857 2292 peccatorum

2253 2309 2492 2365 orationi
2526 2310 2844 2367 instandum
2890 2310 3153 2378 ostendit,
3211 2319 3273 2366 ut
3321 2309 3537 2366 meritis
3577 2319 3856 2380 crescant,

2251 2399 2637 2457 deﬁcientibus
2675 2400 3072 2458 tentationibus
3100 2399 3421 2457 adversarii.
3462 2400 3608 2468 Quos
3643 2401 3703 2456 in
3736 2409 3856 2457 tan-

2251 2497 2370 2546 tum
2421 2491 2618 2563 dignos
2657 2492 2842 2560 habet,
2876 2499 2935 2546 ut
2985 2489 3201 2562 judicet
3237 2507 3328 2547 eos
3372 2492 3539 2548 etiam
3578 2508 3636 2548 se
3691 2510 3856 2565 posse

2250 2581 2505 2652 precibus
2557 2582 2819 2655 adjuvare
2874 2581 2944 2637 ad
2999 2581 3350 2637 asserendum
3382 2581 3641 2640 audacter
3667 2583 3856 2640 Evan-

2251 2671 2478 2743 gelium,
2526 2672 2596 2728 ad
2638 2671 2786 2746 quod
2825 2669 3294 2727 manifestandum
3325 2671 3652 2744 legationem
3682 2689 3856 2732 acce-

2249 2769 2421 2834 perat.

2323 2851 2505 2922 (Vers.
2565 2850 2620 2919 5,
2661 2849 2742 2920 6.)
2783 2873 2801 2896 ι
2832 2851 2895 2907 In
2925 2851 3194 2924 sapientia
3220 2850 3497 2908 ambulate
3525 2850 3594 2906 ad
3623 2867 3719 2907 eos
3749 2851 3848 2925 qui

2249 2939 2384 2995 foris
2430 2949 2581 3010 sunt,
2617 2948 2835 3014 tempus
2880 2943 3230 3000 redimentes.
3279 2943 3470 2999 Sermo
3499 2951 3680 2999 vester
3709 2958 3852 2998 sem-

2249 3046 2344 3101 per
2394 3029 2452 3085 in
2499 3031 2672 3102 gratia
2701 3032 2811 3087 sale
2841 3032 2913 3088 sit
2942 3031 3220 3100 conditus,
3256 3040 3319 3088 ut
3347 3031 3537 3089 sciatis
3565 3030 3850 3105 quomodo

2248 3126 2498 3190 oporteat
2539 3136 2640 3175 vos
2695 3121 2930 3192 singulis
2973 3122 3320 3195 respondere.
3353 3148 3371 3172 »
3423 3122 3694 3191 Quoniam
3738 3138 3849 3177 ne-

2247 3222 2393 3262 cesse
2423 3216 2504 3263 est
2533 3208 2813 3264 ambulare
2843 3225 2944 3266 nos
2973 3210 3117 3267 inter
3161 3210 3434 3280 inﬁdeles,
3483 3219 3536 3267 et
3563 3210 3851 3284 colloquia

2246 3296 2476 3352 miscere
2523 3313 2686 3354 causa
2736 3301 3173 3356 conversationis
3217 3301 3542 3356 mundanae:
3598 3300 3711 3356 hoc
3769 3307 3852 3356 est

2247 3386 2392 3458 quod
2422 3397 2753 3458 commonet,
2804 3398 2866 3445 ut
2905 3407 3031 3447 cum
3063 3391 3331 3464 sapientia
3359 3391 3431 3446 sit
3460 3390 3577 3464 ipsa
3601 3405 3850 3447 conver-

2246 3477 2386 3532 satio
2427 3486 2648 3550 propter
2691 3480 3010 3537 scandalum
3054 3482 3368 3553 gentilium,
3400 3495 3468 3537 ne
3497 3480 3846 3537 occasionem

2249 3589 2344 3644 per
2397 3591 2499 3630 nos
2537 3576 2812 3647 accipiant
2860 3574 3300 3648 blasphemandi,
3346 3582 3400 3631 et
3443 3575 3752 3632 incitentur
3778 3572 3847 3628 ad

2249 3668 2706 3738 persequendum.
2757 3668 2860 3734 Qui
2911 3669 3060 3725 enim
3099 3685 3237 3740 opus
3278 3677 3364 3724 est
3392 3667 3544 3740 loqui
3587 3683 3713 3722 cum
3757 3682 3843 3736 eo,

2249 3768 2410 3825 quem
2441 3756 2582 3812 scias
2611 3757 3037 3825 intractabilem,
3071 3765 3126 3812 et
3153 3757 3440 3813 obstinatae
3481 3755 3704 3823 mentis,
3738 3771 3847 3826 pa-

2249 3852 2428 3900 ratum
2456 3845 2524 3901 ad
2563 3846 2954 3902 contumeliam
2994 3846 3303 3903 faciendam
3326 3849 3353 3903 ‘P
3395 3847 3524 3904 Ideo
3573 3847 3692 3902 haec
3720 3862 3842 3902 mo-

2249 3944 2362 4003 net,
2390 3943 2451 3990 ut
2483 3944 2786 4008 opportune
2814 3942 2868 3990 et
2895 3936 3017 3992 loco
3042 3944 3098 3992 et
3127 3944 3394 4007 tempore,
3428 3937 3686 4008 magistra
3716 3952 3846 3992 mo-

2249 4023 2444 4093 destia,
2503 4026 2786 4097 religionis
2824 4025 2993 4081 verba
3021 4013 3347 4097 promantur
3371 4045 3384 4082 :
3413 4035 3509 4082 aut
3540 4025 3587 4082 si
3616 4041 3844 4098 persona

2247 4115 2374 4169 talis
2429 4115 2487 4169 in
2533 4115 2714 4170 medio
2767 4121 2867 4180 est,
2921 4130 3041 4187 quae
3090 4121 3418 4185 perstrepat,
3473 4115 3839 4172 reticendum.

2248 4205 2425 4259 Aliter
2453 4205 2597 4259 enim
2632 4222 2754 4261 cum
2787 4207 3105 4277 potentibus
3134 4206 3350 4275 mundi,
3382 4206 3544 4262 aliter
3570 4223 3697 4263 cum
3726 4220 3843 4260 me-

2247 4290 2547 4360 diocribus,
2605 4302 2659 4350 et
2713 4295 2875 4350 aliter
2919 4311 3044 4352 cum
3090 4295 3397 4352 humilibus
3437 4294 3708 4368 agendum
3737 4300 3844 4351 est.

2247 4382 2424 4437 Aliter
2448 4381 2648 4439 iterum
2683 4401 2804 4440 cum
2842 4386 3164 4454 mansuetis,
3195 4385 3357 4443 aliter
3383 4402 3507 4442 cum
3537 4382 3841 4450 iracundis,

2247 4471 2448 4544 quibus
2485 4473 2603 4529 cedi
2634 4483 2871 4547 oportet,
2905 4475 3010 4532 hoc
3039 4483 3120 4532 est
3150 4475 3420 4532 redimere
3458 4471 3841 4545 tempus.Cum

2246 4561 2392 4646 enim
2421 4562 2706 4619 insidianti
2733 4564 3040 4620 Dominicis
3071 4565 3254 4621 verbis
3269 4571 3322 4621 et
3351 4562 3554 4620 furenti
3577 4559 3843 4631 temporis

2247 4650 2487 4708 audaciae
2527 4652 2695 4720 cedis,
2729 4652 2961 4724 injurias
2988 4653 3175 4709 infesti
3217 4653 3482 4726 temporis
3511 4649 3651 4706 lucri
3680 4648 3836 4704 facis.

2245 4743 2378 4799 Nam
2413 4743 2457 4799 si
2488 4751 2670 4815 caput,
2704 4743 2759 4799 id
2788 4751 2888 4811 est,
2931 4760 3028 4799 rex
3059 4745 3285 4801 assentit
3323 4741 3560 4815 corpori,
3594 4747 3727 4795 tunc
3755 4745 3839 4793 est

2247 4830 2472 4889 libertas
2503 4831 2763 4904 loquendi
2796 4831 2963 4887 verba
2998 4832 3097 4888 Dei
3127 4850 3253 4890 cum
3299 4829 3743 4894 mansuetudine,
3777 4833 3840 4881 ut

2246 4929 2614 4995 provocentur
2659 4920 2728 4977 ad
2768 4922 2997 4977 bonum.
3035 4921 3510 4996 Perstrepentibus
3553 4927 3742 4976 tamen
3783 4927 3840 4974 et

2243 5012 2505 5068 animosis
2555 5011 2624 5068 ad
2677 5012 2929 5069 convicia
2983 5028 3196 5086 semper
3248 5010 3588 5070 cedendum:
3656 5006 3838 5066 vincis

2243 5102 2413 5169 enim,
2442 5101 2573 5157 dum
2596 5101 2764 5157 cedis.

2317 5199 2498 5271 (Vers.
2532 5201 2582 5268 7,
2613 5200 2668 5267 8,
2697 5200 2777 5271 9.)
2824 5225 2841 5247 ι
2864 5201 2994 5268 Quae
3023 5201 3168 5257 circa
3198 5215 3284 5254 me
3313 5205 3463 5266 sunt,
3495 5195 3685 5252 omnia
3704 5206 3836 5253 nota

2240 5289 2402 5345 faciet
2455 5289 2614 5345 vobis
2659 5288 2932 5361 Tychicus
2961 5289 3194 5346 dilectus
3223 5287 3407 5354 frater,
3439 5292 3493 5343 et
3518 5285 3699 5340 ﬁdelis
3727 5286 3832 5341 mi-

2239 5379 2431 5448 nister,
2470 5387 2524 5434 et
2565 5395 2862 5435 conservus
2881 5377 2939 5433 in
2970 5379 3242 5434 Domino:
3277 5393 3439 5450 quem
3475 5374 3602 5431 misi
3640 5374 3710 5431 ad
3735 5392 3834 5432 vos

2237 5471 2296 5529 in
2325 5469 2431 5527 hoc
2479 5468 2681 5541 ipsum,
2714 5475 2775 5524 ut
2802 5475 3094 5540 cognoscat
3127 5483 3247 5541 quae
3276 5465 3422 5525 circa
3450 5480 3549 5522 vos
3587 5473 3740 5534 sunt,
3777 5471 3831 5520 et

608 5762 714 5835 (1)
748 5767 822 5822 Et
869 5767 1034 5822 cautis
1089 5782 1158 5820 ex
1201 5762 1331 5819 mss.
1379 5762 1614 5834 Remig.,
1650 5765 1820 5820 Laud.
1871 5783 1934 5822 ac
1970 5767 2115 5824 Vall.
2168 5768 2499 5825 restituitur.
