3970 6360
194 423 308 482 466

1191 425 1548 484 COMMENT.
1591 426 1664 483 IN
1699 427 1915 484 EPIST.
1961 430 1980 483 l
2019 429 2114 484 AD
2153 429 2484 486 THESSAL.

3381 435 3486 493 466

195 552 516 610 consoletur
542 551 708 609 corda
735 559 936 620 vestra,
978 567 1104 609 cum
1153 552 1414 610 Onesimo
1457 554 1784 612 charissimo
1815 561 1863 618 Α
1891 556 1984 630 qui
2026 556 2302 613 Laodiceae
2349 566 2476 614 sunt
2518 565 2572 612 et
2611 556 2906 630 Hierapoli.
2942 584 2959 607 -
3012 560 3081 616 Ut
3116 561 3384 619 sollicitos
3416 579 3484 620 eo

196 649 254 698 et
283 641 434 698 ﬁdeli
464 641 652 709 fratre,
701 642 794 714 qui
827 651 908 698 est
949 657 1018 697 ex
1066 641 1243 708 vobis,
1298 644 1484 698 omnia
1523 661 1643 717 quae
1698 644 1790 700 hic

195 737 350 797 sunt,
377 737 506 786 nota
545 730 710 786 faciet
739 731 915 786 vobis.
963 757 981 779 ι
1042 731 1126 786 Ad
1169 731 1274 787 hoc
1306 749 1362 787 se
1405 731 1542 789 dicit
1597 733 1790 788 fratres

198 819 440 888 misisse,
472 827 534 874 ut
583 819 821 875 invicem
865 819 969 875 sibi
1013 829 1142 876 nota
1179 819 1390 887 fierent,
1420 837 1541 892 quae
1573 836 1790 893 ageren-

195 914 295 963 tur
325 909 393 965 ab
444 907 704 964 invicem.
738 907 1001 974 Quamvis
1033 909 1285 982 superius
1319 909 1466 965 dicat
1505 912 1704 982 spiritu
1734 926 1791 966 se

193 1005 524 1070 prasentem
555 996 697 1068 apud
726 1015 840 1064 eos,
871 1005 924 1054 et
949 997 1133 1054 videre
1163 1015 1282 1070 quae
1337 1007 1577 1070 agerent,
1610 999 1792 1054 inter-

193 1086 416 1142 nuntiis
451 1097 628 1142 tamen
661 1104 798 1158 opus
825 1097 924 1144 est.
958 1088 1261 1144 Sollicitior
1302 1089 1449 1144 enim
1507 1090 1599 1145 fiet
1646 1089 1788 1161 quis,

193 1179 420 1252 quando
451 1178 601 1235 videt
630 1180 696 1235 ad
726 1197 783 1236 se
813 1181 1000 1236 venire
1029 1180 1097 1236 ad
1144 1181 1596 1237 considerandam
1649 1197 1793 1237 con-

194 1266 566 1324 versationem
597 1284 750 1323 suam
777 1286 788 1323 :
815 1270 938 1341 plus
958 1269 1102 1326 enim
1129 1277 1367 1337 veretur,
1402 1271 1446 1326 si
1482 1272 1794 1342 speculetur

194 1373 256 1413 se
303 1356 477 1414 videri
528 1363 670 1421 276
717 1375 837 1431 qua;
881 1368 1021 1433 agat.
1073 1361 1206 1416 Nam
1257 1377 1381 1416 cum
1431 1362 1576 1417 Deus
1608 1363 1793 1418 omnia

196 1452 403 1520 videat,
436 1462 491 1510 et
518 1455 759 1512 sciamus
787 1455 975 1511 omnia
1005 1456 1089 1512 illi
1122 1466 1251 1512 nota
1280 1473 1418 1525 esse,
1450 1457 1581 1530 quia
1608 1465 1792 1512 tamen

198 1558 315 1598 non
349 1543 602 1600 videmus
631 1561 731 1600 nos
757 1545 934 1601 videri
978 1544 1046 1600 ab
1088 1563 1172 1613 eo,
1217 1545 1493 1602 contraria
1537 1545 1790 1601 facimus.

277 1631 458 1704 (Vers.
494 1632 581 1700 10,
614 1634 726 1705 11.)
773 1656 793 1682 ι
820 1633 1032 1690 Salutat
1063 1650 1161 1689 vos
1199 1633 1554 1690 Aristarchus
1611 1649 1794 1688 comes

194 1720 537 1793 captivitatis
565 1739 721 1788 meae,
770 1732 824 1779 et
867 1723 1080 1779 Marcus
1125 1722 1488 1778 consobrinus
1532 1721 1794 1779 Barnaba

195 1812 294 1884 (de
323 1831 430 1888 quo
459 1814 750 1886 occepistis
778 1815 1120 1882 mandatum,
1154 1822 1215 1870 ut
1243 1814 1289 1869 si
1328 1813 1542 1870 venerit
1573 1812 1640 1870 ad
1674 1829 1792 1882 vos,

1896 647 2089 701 salutis
2119 664 2228 702 suae
2250 646 2431 713 faciat,
2464 646 2700 702 aliorum
2729 647 3017 718 vigilantia
3049 658 3253 721 quanta
3283 652 3354 707 sit
3383 669 3484 723 pro

1899 734 2006 802 his,
2063 735 2356 791 ostendit:
2401 735 2700 792 sollicitior
2759 736 2906 790 enim
2962 736 3084 808 quis
3141 737 3203 792 ﬁt
3253 741 3482 810 pudore,

1899 825 2116 898 quando
2149 825 2204 880 in
2232 842 2391 882 causa
2417 842 2515 880 sua
2543 826 2774 880 alterum
2813 824 3015 880 viderit
3045 825 3307 882 laborare.

1974 933 2152 999 (Vers.
2191 933 2301 1004 Ut.)
2348 958 2364 980 ι
2395 933 2605 989 Salutat
2640 950 2737 988 vos
2768 933 2940 989 Lucas
2984 933 3227 989 medicus
3270 933 3490 990 charis-

1900 1020 2090 1088 simus,
2122 1030 2176 1076 et
2205 1023 2416 1078 Demas.
2451 1048 2468 1069 ι
2512 1023 2653 1077 Vere
2681 1021 3035 1077 charissimus
3081 1023 3346 1094 Apostolo
3383 1022 3492 1079 fuit

1901 1111 2094 1178 Lucas,
2125 1111 2253 1184 quia
2282 1112 2467 1167 omnia
2520 1121 2870 1184 postponens,
2904 1113 3228 1184 Apostolum
3278 1129 3492 1186 semper

1901 1208 2118 1256 secutus
2146 1209 2227 1256 est
2262 1220 2272 1257 :
2312 1203 2406 1274 qui
2435 1210 2490 1257 et
2520 1203 2880 1275 Evangelium
2928 1209 2982 1259 et
3030 1203 3200 1261 Actus
3259 1211 3490 1276 aposto-

1905 1291 2082 1345 lorum
2112 1289 2392 1362 scripsisse
2424 1291 2760 1362 perhibetur.

1975 1398 2154 1469 (Vers.
2209 1399 2321 1466 15.)
2399 1423 2417 1444 ε
2464 1399 2703 1455 Salutate
2751 1416 2842 1456 eos
2900 1400 2992 1472 qui
3041 1408 3170 1456 sunt
3211 1399 3493 1456 Laodiceae

1902 1486 2116 1554 fratres,
2150 1494 2202 1541 et
2245 1487 2576 1559 Nympham,
2628 1496 2681 1543 et
2737 1489 3092 1544 domesticam
3142 1487 3259 1559 ejus
3307 1488 3492 1544 Eccle-

1903 1572 2059 1629 siam.
2092 1599 2110 1621 ι
2154 1574 2422 1640 Quoniam
2453 1575 2624 1630 simili
2659 1576 2820 1631 modo
2846 1583 2900 1630 et
2945 1593 3044 1648 pro
3086 1576 3154 1632 iis
3203 1576 3298 1649 qui
3344 1577 3494 1632 Lao-

1903 1662 2070 1718 diceaa
2103 1671 2250 1729 sunt,
2296 1664 2566 1719 sollicitus
2601 1673 2735 1732 erat,
2787 1666 2843 1719 in
2877 1681 3065 1720 eorum
3117 1665 3349 1736 epistola
3390 1664 3494 1723 hos

1904 1753 2218 1808 salutandos
2247 1761 2578 1821 commonet,
2608 1754 2920 1826 Nympham
2951 1753 3253 1810 cbariorem
3289 1753 3495 1810 existi-

1905 1860 2079 1910 mans,
2112 1842 2268 1915 cujus
2316 1850 2368 1898 et
2415 1842 2640 1898 domum
2685 1844 2888 1899 salutat
2920 1861 2931 1899 :
2967 1851 3078 1899 tam
3117 1843 3266 1899 enim
3295 1843 3495 1900 devota

189 1901 719 2004 excipiatisillum),
749 1910 814 2002 cet
845 1903 1018 2004 Iesus,
1050 1903 1145 2004 qui
1175 1902 1380 2004 dicitur
1402 1903 1612 2004 *ξαξῐηε
1647 1921 1658 1958 ε
1694 1902 1790 2001 qui
1817 1919 1863 1980 B
1902 1901 2121 1988 videtur
2151 1901 2337 2002 fuisse,
2369 1939 2430 1988 ut
2467 1930 2647 1988 omnis
2675 1931 2872 1987 domus
2900 1931 3018 2004 ejus
3068 1931 3224 2004 signo
3272 1930 3495 1987 titulata

186 1998 328 2046 sunt
355 2007 424 2047 ex
448 1991 890 2050 circumcisione.
926 1993 994 2048 Hi
1025 1993 1128 2050 soli
1176 2000 1307 2049 sunt
1355 1991 1634 2065 adjutores
1683 1991 1790 2047 mei

186 2079 253 2138 in
285 2097 451 2154 regno
478 2085 600 2152 Dei,
634 2084 727 2158 qui
763 2084 900 2140 mihi
931 2085 1129 2141 solatio
1157 2086 1400 2142 fuerunt.
1435 2111 1453 2133 ι
1504 2086 1607 2141 Hic
1654 2084 1792 2140 Ari-

187 2171 449 2228 starchus
507 2170 664 2227 bonae
720 2171 1155 2228 conversationis
1201 2189 1264 2228 ac
1309 2173 1492 2229 meriti
1551 2174 1790 2243 videtur,

186 2259 292 2333 qui
318 2259 612 2315 devotione
641 2258 932 2316 Dominica
977 2259 1249 2332 particeps
1294 2269 1349 2316 et
1397 2261 1577 2318 socius
1629 2262 1792 2317 labo-

188 2364 316 2404 rum
350 2348 598 2420 Apostoli
629 2348 967 2420 designatur.
1019 2349 1262 2405 Marcum
1307 2358 1490 2406 autem
1532 2358 1593 2405 ut
1629 2367 1793 2406 com-

189 2436 433 2504 mendet,
465 2437 600 2512 quid
629 2437 720 2506 sit,
752 2453 864 2493 non
888 2445 1049 2506 tacet,
1083 2445 1146 2493 ut
1174 2454 1298 2494 cum
1341 2438 1637 2494 laudabilis
1685 2440 1792 2496 viri

188 2531 456 2588 Barnaba:
508 2531 688 2588 afﬁnis
745 2531 1071 2599 addiscitur,
1104 2531 1447 2589 honorabilis
1502 2531 1787 2588 habeatur.

189 2619 367 2676 Addit
408 2628 462 2676 et
503 2619 708 2688 Iesum,
760 2637 920 2694 quem
972 2621 1190 2677 Justum
1233 2620 1458 2676 nomine
1485 2621 1670 2676 vocari
1701 2637 1790 2692 ap-

189 2710 380 2783 pellat.
413 2709 626 2778 Quibus
649 2709 784 2766 solis
813 2709 1193 2766 testimonium
1245 2709 1521 2782 perhibet,
1573 2709 1703 2782 quia
1732 2709 1790 2765 hi

188 2815 264 2856 ex
317 2799 740 2856 circumcisione
784 2798 1059 2870 adjutorio
1089 2798 1311 2853 fuerunt
1334 2798 1403 2865 ei,
1437 2799 1792 2854 assentientes

188 2897 246 2946 et
275 2888 572 2962 participes
600 2888 884 2946 sententiae
916 2887 1052 2959 ejus,
1085 2897 1147 2943 ut
1165 2886 1277 2958 jam
1309 2887 1632 2943 circumcidi
1657 2888 1790 2942 ulte-

188 2979 312 3034 rius
341 2993 452 3034 non
482 2979 679 3035 debere
718 2977 1098 3049 praedicarent,
1149 2976 1272 3032 ideo
1320 2976 1610 3047 participes
1666 2975 1792 3031 illos

189 3066 332 3124 dicit
384 3085 513 3124 suos
569 3067 627 3122 in
685 3083 850 3138 regno
899 3066 1019 3122 Dei.
1054 3064 1573 3123 Circumcidendum
1607 3073 1788 3120 autem

189 3172 330 3225 esse,
357 3165 412 3212 et
441 3156 673 3214 Sabbata
701 3163 754 3211 et
780 3156 1095 3212 neomenias
1129 3154 1424 3211 servandas
1471 3153 1788 3226 praedicare,

191 3264 306 3303 non
336 3247 582 3318 spiritale
610 3255 710 3314 est,
737 3247 830 3304 sed
858 3254 1157 3303 terrenum.

266 3336 446 3407 (Vers.
482 3336 596 3407 12.)
640 3361 657 3382 ι
687 3335 896 3392 Salutat
939 3353 1038 3393 vos
1090 3333 1391 3407 Epaphras,
1441 3333 1537 3405 qui
1590 3339 1672 3389 est
1719 3349 1788 3389 ex

187 3428 368 3496 vobis,
401 3444 594 3485 servus
621 3427 848 3484 Christi.
882 3453 898 3474 -
962 3426 1281 3484 Chariorem
1333 3425 1448 3480 illis
1498 3425 1632 3482 facit
1676 3425 1786 3497 epi-

187 3518 408 3586 stolam,
455 3517 676 3592 quando
721 3517 770 3573 ei
801 3517 895 3588 qui
941 3532 1010 3571 ex
1057 3515 1192 3585 ipsis
1259 3521 1358 3582 est,
1411 3513 1786 3568 testimonium

186 3606 392 3663 reddit.
445 3631 464 3653 α
494 3607 716 3678 Semper
746 3604 1020 3661 sollicitus
1049 3620 1148 3674 pro
1197 3602 1357 3657 vobis
1407 3601 1465 3656 in
1509 3602 1789 3657 orationi-

184 3695 314 3764 bus,
346 3703 408 3751 ut
429 3695 582 3751 stetis
615 3694 862 3768 perfecti,
911 3700 964 3748 et
1002 3691 1221 3748 abunde
1269 3689 1474 3761 expleti
1525 3689 1582 3745 in
1637 3689 1788 3745 omni

185 3785 474 3842 voluntate
519 3783 640 3840 Dei.
681 3809 699 3833 ι
765 3784 896 3839 Tam
947 3780 1208 3838 salutaria
1255 3796 1310 3835 se
1360 3778 1473 3836 illis
1530 3788 1789 3852 exoptare

185 3880 441 3942 testatur,
468 3881 530 3930 ut
557 3873 716 3929 illum
751 3871 844 3945 qui
893 3871 1034 3928 civis
1079 3869 1302 3925 illorum
1351 3875 1453 3935 est,
1488 3875 1540 3922 et
1588 3868 1787 3924 affectu

185 3963 574 4019 unanimitatis
613 3961 992 4028 charissimus,
1034 3959 1357 4032 participem
1388 3973 1498 4013 sum
1527 3957 1790 4014 devotio-

187 4052 279 4108 nis
310 4052 392 4124 (2)
422 4051 482 4108 in
513 4051 819 4124 profectum
854 4067 1043 4106 eorum
1085 4048 1356 4104 ostendat.

265 4141 448 4212 (Vers.
504 4140 616 4208 13.)
681 4165 698 4187 ι
747 4137 1148 4196 Testimonium
1197 4137 1344 4193 enim
1391 4135 1630 4192 adhibeo
1681 4134 1786 4211 illi,

189 4229 324 4304 quia
351 4228 515 4286 habet
542 4230 782 4286 multum
833 4228 1078 4285 laborem
1127 4243 1226 4300 pro
1273 4226 1453 4295 vobis,
1484 4233 1538 4282 et
1585 4242 1682 4299 pro
1719 4225 1788 4282 iis

265 4389 348 4461 (2)
389 4387 575 4446 Codex
601 4387 800 4458 Laud.,
825 4389 1136 4462 participem
1163 4405 1272 4445 sua:
1297 4387 1631 4459 defensionis.

1901 2047 2042 2097 esset
2069 2040 2270 2097 crucis.

1976 2130 2158 2202 (Vers.
2195 2127 2307 2200 16.)
2356 2151 2374 2175 ι
2403 2129 2629 2183 Etcum
2661 2129 2804 2184 lecta
2831 2127 2999 2184 fuerit
3025 2127 3172 2200 apud
3217 2144 3316 2183 vos
3373 2126 3494 2185 haec

1901 2219 2150 2292 epistola,
2193 2216 2353 2273 facite
2383 2224 2520 2273 utet
2547 2217 2601 2273 in
2655 2217 3072 2273 Laodicensium
3119 2217 3367 2274 Ecclesia
3408 2217 3498 2272 le-

1902 2318 2076 2381 gatur,
2107 2316 2161 2363 et
2191 2324 2289 2363 vos
2318 2314 2380 2362 ut
2410 2323 2527 2362 eam
2562 2323 2681 2379 quae
2711 2316 2790 2363 est
2837 2305 3278 2372 Laodicensium,
3340 2305 3496 2377 lega-

1900 2397 1992 2452 tis.
2026 2422 2044 2444 ›
2088 2396 2227 2464 Quia
2275 2397 2550 2469 generales
2596 2405 2726 2452 sunt
2779 2394 3174 2451 instructiones
3218 2393 3493 2466 Apostoli,

1901 2495 1953 2541 et
1982 2486 2050 2542 ad
2085 2485 2335 2540 omnium
2381 2485 2688 2556 profectum
2719 2484 3088 2539 Ecclesiarum
3122 2483 3337 2556 scripta:
3383 2481 3494 2554 epi-

1900 2575 2074 2640 stolae,
2112 2573 2319 2630 idcirco
2350 2574 2513 2629 etiam
2545 2571 2972 2628 Laodicensibus
3022 2571 3309 2642 epistolam
3353 2569 3496 2626 hanc

1904 2662 2010 2731 legi
2040 2662 2309 2732 praecipit,
2341 2670 2403 2716 ut
2432 2678 2526 2734 per
2552 2661 2695 2716 hanc
2721 2660 2854 2732 quid
2882 2659 3154 2731 agendum
3196 2659 3302 2714 sibi
3332 2665 3495 2726 esset,

1900 2750 2289 2816 addiscerem;
2352 2759 2406 2805 et
2459 2751 2809 2807 Colossenses
2862 2755 2925 2804 ut
2984 2764 3174 2804 eorum
3230 2748 3493 2819 legerent,

1893 2837 2055 2909 juxta
2080 2855 2298 2894 sensum
2329 2839 2727 2912 supradictum.

1974 2958 2154 3030 (Vers.
2189 2957 2300 3028 17.)
2348 2981 2365 3003 ι
2395 2957 2465 3012 Et
2493 2956 2662 3012 dicite
2692 2953 2970 3028 Archippo
3003 2971 3014 3009 :
3050 2953 3191 3009 Vide
3237 2952 3496 3008 ministe-

1901 3047 2044 3103 rium
2077 3047 2222 3119 quod
2254 3045 2542 3117 suscepisti
2572 3046 2629 3100 in
2659 3045 2916 3110 Domino,
2950 3050 3011 3098 ut
3037 3042 3177 3099 illud
3209 3041 3484 3113 impleas.-

1898 3135 2256 3206 Praepositum
2303 3135 2524 3189 illorum
2577 3149 2671 3204 per
2717 3149 2809 3188 eos
2858 3132 3003 3203 ipsos
3048 3139 3379 3198 commonet,
3432 3137 3496 3186 ut

1898 3224 1970 3278 sit
1994 3223 2267 3278 sollicitus
2295 3223 2361 3278 de
2394 3223 2568 3277 salute
2605 3222 2850 3292 ipsorum
2886 3238 2899 3285 ;
2941 3227 2994 3275 et
3030 3219 3160 3291 quia
3194 3218 3367 3289 plebis
3397 3233 3496 3273 so-

1821 3276 1864 3336 Ο
1901 3313 2007 3368 lius
2036 3327 2198 3368 causa
2235 3311 2464 3382 epistola
2493 3309 2773 3376 scribitur,
2813 3308 2937 3363 ideo
2968 3323 3078 3361 non
3127 3307 3195 3362 ad
3225 3313 3492 3362 rectorem

1897 3401 2141 3472 ipsorum
2163 3399 2431 3455 destinata
2461 3407 2562 3465 est,
2593 3396 2687 3452 sed
2725 3396 2794 3451 ad
2826 3395 3150 3451 Ecclesiam.
3183 3395 3312 3449 Post
3340 3393 3492 3449 enim

1897 3488 2230 3562 Epaphram,
2265 3488 2357 3560 qui
2388 3487 2514 3542 illos
2543 3485 2767 3550 imbuit,
2798 3484 2890 3540 hic
2939 3483 3148 3554 accepit
3199 3481 3490 3554 regendam

1898 3595 2086 3634 eorum
2117 3577 2441 3634 Ecclesiam.

1972 3688 2153 3759 (Vers.
2208 3686 2318 3756 18.)
2384 3707 2402 3731 ι
2446 3685 2568 3756 Ipsa
2612 3681 2869 3738 salutatio
2916 3696 3035 3736 mea
3091 3696 3260 3735 manu
3311 3680 3493 3736 Pauli.

1897 3778 2164 3833 Memores
2182 3782 2353 3832 estote
2375 3773 2723 3828 vinculorum
2756 3786 3024 3825 meorum.
3049 3768 3237 3824 Gratia
3264 3767 3493 3825 Domini

1897 3865 2070 3922 nostri
2101 3865 2228 3920 Jesu
2259 3863 2463 3920 Christi
2510 3861 2816 3917 vobiscum.
2851 3885 2868 3907 ι
2911 3859 2982 3913 Ut
3026 3857 3315 3914 conﬁrmet
3363 3856 3490 3929 epi-

1897 3955 2091 4010 stolam
2125 3969 2291 4008 manu
2320 3969 2418 4007 sua
2465 3949 2826 4020 subscriptam
2875 3947 3032 4012 dicit,
3090 3962 3401 4002 memorans
3429 3954 3493 4003 ut

1898 4045 1954 4100 in
1987 4052 2167 4100 mente
2199 4042 2434 4098 habeant
2461 4041 2646 4097 exitus
2682 4037 2820 4110 ejus,
2851 4053 2987 4108 quos
3037 4035 3346 4108 patiebatur
3391 4051 3490 4107 pro

1898 4133 2072 4189 salute
2096 4131 2360 4204 gentium,
2395 4137 2448 4186 et
2473 4130 2611 4184 tales
2639 4144 2696 4183 se
2718 4126 3042 4198 praeberent,
3071 4131 3134 4181 ut
3168 4139 3281 4181 non
3319 4124 3492 4182 ferret

1897 4235 2036 4293 aegre
2074 4220 2184 4294 pati
2210 4235 2308 4291 pro
2338 4218 2426 4274 his
2455 4217 2707 4289 injurias.

190 4561 3482 4596 _____________________________________.___________.

288 4751 404 4836 IN
475 4750 829 4836 EPIST.
906 4751 1004 4838 B.
1082 4748 1410 4834 PAULI
1478 4750 1626 4834 AD
1695 4743 2822 4835 THESSALONICENSES
2891 4740 3368 4826 PRIMAM.

801 5054 1185 5114 PROLOGUS.

262 5147 333 5206 Ut
381 5147 603 5216 horum,
652 5147 708 5204 id
753 5154 854 5215 est,
905 5146 1472 5203 Thessalonicensium
1529 5149 1783 5221 exemplo

190 5238 331 5295 alios
361 5237 685 5294 exhortetur
711 5236 778 5293 ad
827 5236 955 5292 ﬁdei
1005 5237 1360 5304 incrementa,
1395 5236 1527 5293 istos
1576 5239 1780 5308 laudat,

191 5345 258 5385 eo
287 5326 433 5401 quod
465 5328 520 5383 in
573 5335 794 5400 accepta
839 5326 1010 5398 gratia
1049 5334 1446 5399 permanentes,
1494 5328 1560 5383 ad
1608 5330 1784 5401 profe-

191 5426 342 5474 ctum
375 5417 588 5490 praemii
616 5417 762 5474 aucti
793 5425 940 5485 sunt,
988 5416 1215 5473 meliora
1255 5416 1512 5472 sectando
1546 5435 1557 5472 :
1604 5417 1784 5474 horta-

191 5516 284 5564 tur
313 5523 443 5564 vero
472 5513 534 5562 ut
559 5507 626 5562 ad
661 5505 960 5578 perfectum
1002 5506 1306 5572 tenderent,
1338 5515 1398 5560 ut
1427 5522 1615 5561 eorum
1660 5506 1786 5562 vir-

193 5596 406 5654 tutibus
432 5594 662 5668 quaesita
691 5595 931 5667 dignitas
967 5603 1191 5653 caeteros
1221 5603 1562 5668 provocarat.
1597 5597 1783 5652 Tanta:

194 5685 341 5744 enim
372 5683 499 5740 fidei
526 5682 858 5739 imbiberant
885 5685 1165 5756 spiritum,
1195 5692 1259 5741 ut
1304 5702 1400 5757 spe
1444 5685 1782 5754 futurorum,

196 5775 356 5834 etiam
419 5771 628 5832 civium
683 5789 906 5830 suorum
967 5774 1324 5832 Macedonum
1382 5774 1786 5848 persecutiones

1818 5064 1866 5123 D
1897 5055 2075 5110 illatas
2104 5071 2201 5128 pro
2221 5053 2443 5108 nomine
2466 5048 2671 5108 Christi
2700 5047 2898 5104 devoto
2929 5047 3114 5103 animo
3143 5054 3482 5121 paterentur,

1891 5143 1961 5200 Ut
1991 5143 2186 5198 horum
2241 5158 2368 5213 ergo
2425 5139 2702 5206 meritum,
2734 5144 2788 5192 et
2841 5153 2993 5192 suam
3026 5154 3092 5192 ex
3124 5153 3314 5192 eorum
3347 5153 3485 5208 pro-

1893 5231 2038 5287 fectu
2072 5229 2319 5285 laetitiam
2354 5228 2552 5285 litteris
2580 5229 2776 5300 signet,
2811 5228 2887 5282 ita
2913 5227 3107 5283 scribit
3138 5225 3206 5282 ad
3235 5241 3326 5281 eos
3360 5243 3372 5280 :

2409 5369 2634 5426 CAPUT
2674 5369 2966 5426 PRIMUM.

1965 5498 2146 5570 (Vers.
2200 5498 2276 5568 1.)
2337 5521 2353 5542 ε
2411 5498 2631 5565 Paulus,
2685 5503 2738 5551 et
2777 5495 3053 5562 Silvanus,
3085 5501 3138 5549 et
3164 5491 3487 5548 Timotheus

1892 5589 2151 5645 Ecclesiae
2181 5585 2748 5643 Thessalonicensium
2799 5584 2856 5639 in
2905 5586 3017 5639 Deo
3058 5585 3216 5639 Patre
3271 5590 3486 5650 nostro,

1892 5679 2031 5734 etin
2061 5680 2298 5735 Domino
2346 5678 2472 5734 Jesu
2530 5677 2768 5740 Christo,
2820 5678 2964 5734 277
3015 5672 3189 5744 gratia
3238 5671 3398 5727 vobis
3435 5677 3490 5727 et

1896 5791 2020 5847 pax.
2058 5800 2075 5824 ι
2119 5775 2309 5832 Trium
2340 5775 2561 5848 quidem
2592 5772 2971 5844 episcoporum
3025 5769 3250 5827 nomina
3292 5765 3488 5824 littera:
