3970 6392
518 420 623 478 467

1516 418 1613 474 AD
1645 417 1879 476 OPERA
1918 417 1973 476 S.
2016 417 2350 476 AMBROSII
2385 418 2765 478 APPENDIX.

3653 409 3655 411 1
3712 423 3830 485 £68

518 543 806 603 continent
835 541 943 615 (3),
973 540 1068 598 sed
1097 554 1287 598 sensus
1323 549 1378 599 et
1425 543 1591 599 verba
1635 545 1806 601 solius
1854 543 2104 616 Apostoli
2139 545 2189 604 A
2219 546 2408 617 Itaque
2436 560 2631 617 magna
2655 545 2969 603 exhortatio
2995 553 3077 604 est
3110 547 3178 606 ad
3208 549 3541 622 profectum,
3570 567 3702 608 cum
3741 552 3841 609 si—

518 643 667 694 sunt.
725 633 866 702 Quia
918 632 1064 689 enim
1119 632 1401 688 communi
1470 634 1669 706 gaudio
1722 637 2003 691 exsultant
2059 636 2115 692 in

522 726 774 800 profectu
805 724 1052 791 illorum,
1084 737 1154 777 ex
1183 737 1456 778 consensu
1501 723 1569 779 ad
1623 723 1837 796 plebem
1887 725 2118 796 epistola

519 816 785 874 scribitur
824 815 880 870 in
907 811 1239 869 exaltatione
1269 812 1367 868 Dei
1415 811 1613 879 Patris,
1643 821 1697 868 et
1727 812 1951 868 Domini
1990 813 2117 871 Jesu

521 912 728 971 Christi
762 926 947 984 pacem
979 916 1032 965 et
1061 907 1290 980 gratiam
1322 906 1409 962 his
1439 915 1724 978 exoptans.

594 1013 778 1085 (Vers.
811 1011 866 1078 2,
898 1009 980 1080 3.)
1026 1032 1044 1055 ι
1081 1007 1294 1064 Gratias
1341 1006 1555 1078 agimus
1605 1007 1718 1062 Deo
1777 1019 1993 1077 semper
2019 1021 2118 1078 pro

520 1101 779 1161 omnibus
809 1098 986 1167 vobis,
1018 1097 1338 1154 memoriam
1371 1096 1540 1152 vestri
1573 1095 1834 1152 facientes
1878 1095 1938 1150 in
1985 1111 2118 1152 ora-

521 1188 770 1246 tionibus
800 1185 1027 1254 nostris,
1057 1185 1176 1241 sine
1216 1183 1647 1252 intermissione,
1678 1199 1948 1240 memores
1977 1199 2119 1256 ope-

519 1279 596 1334 ris
625 1277 752 1334 ﬁdei
783 1283 978 1332 vestra;
1006 1284 1062 1332 et
1085 1273 1334 1330 laborum
1383 1273 1685 1336 charitatis,
1734 1280 1788 1328 et
1829 1281 2121 1345 exspecta-

521 1367 691 1425 tionis
740 1365 964 1423 Domini
1008 1365 1186 1420 nostri
1235 1365 1389 1421 Iesus
1443 1363 1672 1431 Christi,
1705 1379 1888 1420 coram
1918 1364 2031 1419 Deo
2066 1369 2120 1418 et

522 1460 681 1514 Patre
708 1464 916 1514 nostro.
946 1480 964 1503 ι
1009 1453 1282 1522 Quoniam
1313 1453 1504 1510 omnia
1531 1453 1676 1510 bona
1724 1469 1756 1507 a
1812 1455 1921 1508 Deo
1969 1461 2117 1522 sunt,

523 1547 733 1604 idcirco
756 1547 807 1602 ei
838 1546 1077 1619 primum
1110 1543 1310 1616 gratias
1338 1543 1584 1598 referunt
1616 1542 1674 1597 in
1704 1542 1953 1613 profectu
1983 1541 2122 1598 illo-

523 1654 668 1704 rum,
702 1636 794 1709 qui
827 1634 1082 1708 dignatus
1110 1641 1192 1689 est
1222 1649 1333 1689 non
1354 1634 1533 1688 solum
1561 1632 1767 1688 donum
1799 1648 1960 1687 suum
1991 1630 2121 1686 dare

523 1725 844 1785 hominibus
871 1724 972 1781 sub
1002 1731 1222 1797 peccato
1250 1721 1587 1790 constitutis,
1619 1720 1713 1776 sed
1743 1721 1800 1777 in
1839 1721 1984 1777 ﬁlios
2021 1720 2122 1776 hos

521 1817 803 1890 adoptare,
837 1814 1004 1870 simul
1025 1813 1293 1884 adjuvans
1322 1828 1416 1867 eos
1448 1811 1516 1867 ad
1551 1810 1738 1866 omnia
1769 1811 1945 1867 exitia
1968 1811 2121 1866 tole-

2224 634 2382 691 miles
2416 635 2539 691 illos
2567 635 2739 693 factos
2767 635 2905 694 dicit
2932 645 2984 692 et
3017 637 3223 696 Christi
3255 647 3310 694 et
3342 642 3724 712 apostolorum
3759 642 3838 699 ad

2224 725 2454 780 formam
2491 726 2836 798 praebendam
2867 727 3079 784 ceteris
3109 728 3470 797 credentibus
3500 731 3615 789 illis
3644 733 3705 789 in
3739 734 3838 788 lo-

2225 817 2304 873 cis
2335 817 2538 889 quibus
2568 818 2714 874 fama
2746 819 2972 875 illorum
3007 819 3351 879 ambulabat.

2301 908 2482 979 (Vers.
2511 908 2593 980 8.)
2639 934 2658 956 ι
2687 909 2736 965 Α
2783 909 2941 966 vobis
2962 910 3109 966 enim
3159 909 3471 968 diffamatus
3519 919 3602 969 est
3644 928 3839 971 sermo

2225 998 2449 1054 Domini
2481 1013 2590 1054 non
2617 1000 2795 1054 solum
2828 999 2884 1054 in
2915 999 3238 1056 Macedonia
3261 1009 3317 1057 et
3347 1001 3406 1057 in
3461 1001 3702 1070 Achaia,
3735 1002 3840 1059 sed

2227 1095 2279 1144 et
2307 1087 2363 1142 in
2393 1103 2613 1144 omnem
2647 1090 2828 1146 locum
2858 1089 2998 1146 ﬁdes
3030 1097 3234 1159 vestra,
3266 1106 3387 1164 quae
3420 1099 3501 1148 est
3529 1094 3597 1149 ad
3626 1094 3837 1160 Deum,

2227 1179 2507 1250 processit.
2541 1204 2558 1226 ιι
2598 1179 2726 1236 Tale
2755 1186 2836 1235 est
2862 1179 2986 1248 hoc,
3019 1181 3178 1252 quale
3208 1189 3263 1237 et
3312 1181 3452 1237 illud
3505 1183 3574 1240 ad
3617 1184 3844 1241 Roma-

2226 1287 2346 1340 nos,
2374 1288 2498 1328 cum
2526 1271 2663 1328 dicit
2699 1289 2711 1328 :
2759 1295 2777 1318 ε
2811 1271 2952 1338 Quia
2994 1271 3136 1328 ﬁdes
3182 1279 3367 1328 vestra
3411 1273 3746 1345 praedicatur
3777 1273 3841 1330 in

2227 1365 2486 1420 universo
2527 1362 2735 1418 mundo
2765 1363 2942 1433 (Rom.
2980 1380 3020 1431 ι,
3049 1363 3129 1434 8).
3163 1388 3182 1413 ι
3225 1364 3329 1421 Sed
3360 1364 3417 1420 in
3451 1365 3539 1422 his
3563 1367 3840 1439 amplius,

2227 1453 2356 1527 quia
2385 1470 2494 1509 non
2525 1453 2700 1508 solum
2733 1451 2888 1519 ﬁdes,
2915 1451 3011 1509 sed
3057 1467 3195 1525 opus
3236 1453 3366 1510 ﬁdei
3417 1455 3639 1512 illorum
3697 1470 3842 1528 per-

2227 1543 2381 1598 venit
2411 1543 2466 1598 in
2489 1558 2708 1598 omnem
2740 1544 2942 1600 locum.

2303 1631 2723 1703 (Vers.9,10.)
2791 1654 2811 1678 ι
2863 1633 2937 1688 lta
2989 1640 3052 1688 ut
3103 1648 3215 1689 non
3261 1649 3480 1690 necesse
3531 1633 3844 1690 habeamus

2229 1737 2329 1778 nos
2357 1721 2574 1795 aliquid
2607 1721 2813 1794 eloqui.
2846 1723 2951 1794 Ipsi
2988 1722 3132 1777 enim
3165 1722 3231 1778 de
3261 1723 3423 1779 nobis
3464 1723 3841 1780 annuntiant.

2229 1811 2444 1884 qualem
2479 1809 2773 1867 introitum
2805 1810 3162 1868 habuerimus
3186 1811 3254 1868 ad
3283 1829 3382 1868 vos
3414 1831 3425 1868 :
3467 1821 3521 1869 et
3548 1812 3842 1885 quomodo

523 1907 713 1975 randa,
745 1916 808 1963 ut
855 1905 1138 1978 digniores
1184 1901 1338 1959 ﬁant.
1383 1901 1750 1969 Quamobrem
1805 1900 2117 1957 meminisse
2147 1909 2194 1972 Β
2232 1903 2484 1959 conversi
2541 1904 2674 1960 estis
2716 1903 2783 1958 ad
2835 1905 3009 1960 Deum
3064 1904 3132 1959 ab
3162 1902 3348 1968 idolis,
3377 1904 3445 1960 ad
3474 1903 3839 1960 serviendum

523 1999 720 2054 borum
755 1995 949 2052 dicunt
977 2010 1034 2050 se
1074 1994 1130 2048 in
1161 1991 1501 2048 orationibus
1548 1991 1682 2058 suis,
1720 2007 1782 2046 eo
1813 1991 1959 2064 quod
1989 2007 2119 2046 cre-

524 2086 838 2142 brescerent
867 2083 923 2138 in
960 2099 1122 2155 opere
1153 2081 1280 2137 ﬁdei
1308 2081 1517 2138 caeteris
1546 2082 1810 2137 Ecclesiis
1848 2099 1860 2137 ;
1899 2090 1960 2138 ut
1981 2088 2122 2137 nutu

524 2176 625 2232 Dei
674 2173 1000 2248 perﬁcerent
1047 2189 1185 2244 opus
1230 2181 1493 2244 coeptum,
1539 2173 1777 2245 prompti
1817 2171 1872 2226 in
1937 2170 2121 2227 studio

525 2263 835 2332 charitatis,
866 2270 919 2318 et
947 2261 1241 2334 patientiae,
1270 2272 1322 2317 et
1342 2263 1453 2334 spei
1486 2262 1757 2318 adventus
1779 2261 1859 2332 (4)
1891 2260 2120 2318 Domini

526 2362 655 2410 ante
683 2356 879 2422 Deum,
910 2353 1001 2425 qui
1029 2351 1282 2424 dignatus
1311 2358 1391 2407 est
1419 2351 1622 2406 Filium
1646 2367 1807 2407 suum
1835 2351 2121 2407 incarnare

528 2460 629 2516 pro
661 2443 835 2499 salute
865 2441 1123 2498 humana.
1156 2440 1427 2498 Placitum
1457 2438 1604 2496 enim
1621 2439 1720 2496 Dei
1748 2447 1850 2508 est,
1882 2440 1927 2496 si
1957 2438 2121 2512 proﬁ-

526 2533 704 2590 ciatur
733 2532 792 2588 in
822 2531 1060 2589 Christo.

600 2632 781 2702 (Vers.
814 2629 867 2698 4,
919 2631 1001 2703 5.)
1049 2655 1067 2678 ι
1096 2629 1363 2697 Scientes,
1407 2628 1604 2685 fratres
1659 2629 1847 2687 dilecti
1899 2646 1931 2686 a
1984 2633 2118 2702 Deo,

526 2722 850 2779 electionem
880 2729 1140 2788 vestram,
1173 2719 1304 2792 quia
1331 2719 1692 2792 Evangelium
1725 2728 1976 2777 nostrum
2011 2738 2120 2778 non

529 2811 638 2868 fuit
663 2811 730 2866 ad
762 2827 860 2866 vos
890 2810 947 2866 in
979 2809 1148 2866 verbo
1179 2810 1379 2878 solum,
1413 2808 1506 2865 sed
1537 2818 1590 2866 et
1619 2809 1676 2866 in
1706 2810 1934 2878 virtute,
1967 2819 2021 2868 et
2065 2811 2122 2867 in

530 2899 740 2972 Spiritu
771 2905 978 2965 sancto,
1005 2905 1059 2954 et
1087 2898 1144 2952 in
1175 2897 1522 2970 plenitudine
1569 2900 1762 2967 multa,
1797 2899 1942 2957 sicut
1970 2899 2123 2955 scitis

529 2988 716 3062 quales
757 2988 1026 3044 fuerimus
1064 2987 1122 3041 in
1180 2987 1338 3042 vobis
1385 2988 1556 3043 vestri
1599 3003 1779 3043 causa.
1813 3012 1832 3035 ι
1877 2988 2126 3046 Humiles

531 3097 587 3137 se
617 3080 787 3137 fuisse
817 3079 962 3135 inter
990 3095 1082 3134 eos
1137 3077 1469 3149 signiﬁcant,
1503 3086 1564 3133 ut
1611 3078 1720 3133 illis
1768 3078 1999 3133 formam
2032 3078 2123 3135 da-

529 3178 651 3226 rent
697 3166 1152 3234 mansuetudinis,
1203 3181 1310 3221 non
1356 3165 1502 3238 quod
1550 3167 1848 3236 defuerint,
1903 3184 2024 3240 quae
2056 3167 2124 3224 ad

2229 1997 2342 2052 Deo
2374 1995 2502 2050 vivo
2527 2002 2582 2050 et
2609 2009 2762 2062 vero,
2791 2001 2844 2049 et
2870 1993 2937 2048 ad
2969 1991 3402 2065 exspectandum
3461 1993 3670 2048 Filium
3713 1991 3841 2064 ejus

2230 2085 2298 2142 de
2355 2086 2528 2151 caelis,
2559 2099 2720 2156 quem
2780 2083 3070 2138 suscitavit
3121 2099 3152 2138 a
3199 2085 3442 2141 mortuis
3497 2084 3704 2151 Iesum,
3739 2083 3839 2156 qui

2231 2175 2436 2246 eripuit
2488 2191 2590 2229 nos
2644 2173 2712 2228 ab
2765 2172 2846 2227 ira
2892 2172 3168 2227 veniente.
3203 2198 3222 2220 ι
3261 2172 3352 2229 Sic
3409 2187 3723 2245 peragrasse
3753 2172 3838 2229 di-

2231 2272 2364 2322 cunt
2393 2265 2591 2319 famam
2642 2261 2906 2317 introitus
2950 2261 3033 2316 sui
3083 2268 3136 2316 et
3163 2261 3605 2318 conversationis
3637 2277 3834 2319 eorum

2229 2369 2353 2410 cum
2385 2350 2773 2425 praedicatione
2803 2349 3115 2421 Evangelii,
3149 2357 3212 2405 ut
3269 2366 3380 2406 non
3426 2360 3568 2408 esset
3613 2367 3838 2408 necesse

2229 2460 2292 2500 ea
2320 2443 2502 2500 dicere
2535 2460 2547 2498 :
2583 2440 2921 2513 superfluum
2955 2448 3036 2496 est
3066 2439 3211 2496 enim
3248 2457 3310 2496 ea
3367 2441 3492 2509 fari,
3548 2458 3668 2514 quas
3699 2451 3840 2499 nota

2229 2542 2376 2592 sunt.
2410 2532 2494 2588 Ad
2541 2546 2733 2587 omnes
2779 2529 2924 2585 enim
2976 2529 3035 2585 in
3092 2530 3331 2586 circuitu
3380 2539 3724 2604 pervenerat,
3757 2530 3839 2588 ita

2229 2633 2292 2681 ut
2323 2630 2377 2679 et
2406 2619 2802 2677 annuntiarent
2831 2618 3049 2675 caeteris
3087 2635 3194 2691 qua
3225 2619 3520 2676 devotione
3567 2637 3837 2694 suscepe-

2231 2719 2354 2769 rant
2383 2711 2679 2784 apostolos.
2738 2710 2809 2764 Et
2855 2709 2982 2784 quia
3019 2709 3087 2764 ad
3126 2708 3333 2778 omnia,
3373 2725 3493 2783 qua
3541 2709 3838 2767 audierant

2231 2807 2298 2863 ab
2355 2806 2452 2872 eis,
2516 2805 2735 2860 fuerant
2810 2803 3196 2876 promptiores,
3264 2803 3636 2875 relinquentes
3699 2802 3836 2859 deos

2233 2906 2524 2952 mortuos:
2557 2899 2939 2965 exspectarent
2986 2899 3164 2947 autem
3210 2891 3492 2950 Christum
3542 2891 3610 2947 de
3653 2890 3830 2959 caelis,

2234 3003 2397 3060 quem
2455 2985 2710 3041 humanae
2759 2983 2954 3040 salutis
2998 2999 3160 3040 causa
3207 2989 3484 3038 mortuum
3517 2981 3832 3050 audierant,

2234 3086 2287 3134 et
2317 3077 2675 3133 resurrexisse
2705 3075 2828 3132 devi
2870 3083 2922 3132 ta
2951 3085 3147 3143 morte,
3178 3083 3231 3131 et
3260 3091 3383 3132 cum
3415 3090 3577 3132 carne
3607 3090 3834 3130 assum-

2233 3176 2387 3240 ptum
2423 3167 2480 3222 in
2510 3167 2678 3222 caelos
2710 3165 2961 3221 ministra
2992 3165 3156 3234 nube,
3193 3164 3260 3221 ad
3299 3165 3681 3222 confusionem
3705 3180 3829 3238 pru-

533 3263 696 3320 ﬁdem
731 3263 857 3319 illos
890 3261 1262 3326 hortarentur,
1310 3257 1581 3330 magnalia
1615 3277 1626 3315 :
1677 3257 1806 3330 quia
1859 3259 2124 3315 doctrinae
2158 3267 2202 3328 ί]
2233 3258 2482 3316 dentium
2518 3255 2734 3322 mundi,
2775 3255 2869 3328 qui
2898 3255 3338 3312 consideratione
3369 3255 3554 3310 habita
3580 3255 3832 3311 munda-

530 3353 858 3425 evangelicaa
882 3350 1051 3407 robur
1079 3346 1258 3402 virtus
1286 3347 1575 3417 praestabat
1602 3349 1882 3419 signorum
1907 3356 1960 3404 et
1991 3365 2127 3420 pro-

528 3440 830 3514 digiorum,
861 3440 918 3495 in
948 3435 1159 3508 Spiritu
1192 3442 1401 3502 sancto,
1433 3434 1487 3490 id
1526 3443 1625 3501 est,
1659 3453 1768 3492 non
1810 3434 1868 3492 in
1901 3436 2126 3510 phanta-

529 3530 632 3599 sia,
663 3529 757 3586 sed
788 3529 845 3584 in
873 3526 1102 3582 veritate
1131 3524 1519 3598 plenitudinis,
1573 3534 1633 3582 ut
1680 3526 1821 3582 nulli
1879 3527 2127 3583 necessi-

529 3619 630 3675 tati
662 3617 874 3672 deesset
922 3614 1194 3669 auxilium
1232 3633 1245 3682 ;
1305 3614 1399 3670 sed
1449 3615 1900 3687 superabundans
1953 3617 2126 3688 gratia

528 3703 811 3760 videretur
853 3711 906 3758 et
954 3700 1012 3756 in
1063 3701 1334 3769 doctrina,
1395 3709 1448 3758 et
1501 3701 1560 3758 in
1603 3704 2042 3773 conversatione,
2073 3714 2127 3762 et

531 3794 590 3852 in
618 3793 783 3866 aegris
813 3792 1091 3859 curandis,
1124 3799 1187 3848 ut
1214 3791 1515 3865 perfectum
1549 3809 1690 3864 opus
1720 3793 1958 3866 Spiritus
1987 3813 2125 3852 san—

529 3883 603 3941 cti
635 3889 916 3955 appareret
946 3882 1004 3937 in
1035 3880 1606 3937 Thessalonicensium
1661 3883 1940 3952 Ecclesiis,
1974 3892 2035 3940 ut
2066 3885 2124 3941 in

529 3975 686 4030 nullo
739 3988 795 4028 se
851 3971 1094 4028 minores
1146 3971 1396 4027 videntes
1453 3971 1766 4028 Iudaeorum
1835 3974 2119 4044 Ecclesiis,

530 4064 827 4138 gauderent
856 4063 914 4119 in
944 4062 1090 4119 dono
1117 4061 1238 4130 Dei,
1273 4062 1366 4134 qui
1421 4063 1715 4137 participes
1761 4063 1889 4120 illos
1945 4065 2123 4122 facere

528 4154 784 4229 dignatus
813 4162 893 4210 est
921 4153 1305 4226 promissionis
1335 4152 1590 4208 Ahrahaa.

601 4253 785 4326 (Vers.
815 4253 869 4319 6,
903 4252 982 4321 7.)
1015 4278 1033 4298 ε
1062 4253 1133 4306 Εῑ
1160 4267 1260 4305 vos
1279 4250 1583 4307 imitatores
1603 4251 1780 4308 nostri
1811 4251 1940 4310 facti
1966 4253 2119 4323 estis,

528 4351 582 4400 et
633 4343 808 4416 ipsius
862 4341 1108 4410 Domini,
1155 4341 1515 4414 suscipientes
1564 4342 1794 4399 verbum
1848 4343 1920 4398 in.
1979 4360 2121 4415 pres-

527 4450 654 4490 sura
685 4433 856 4488 multa
885 4449 1007 4488 cum
1029 4430 1226 4501 gaudio
1261 4431 1497 4502 Spiritus
1526 4434 1722 4497 sancti,
1754 4433 1829 4489 ita
1857 4441 1918 4489 ut
1957 4433 2120 4490 fueri-

524 4524 598 4582 tis
635 4541 734 4580 vos
763 4525 1077 4596 exemplum
1125 4523 1387 4578 omnibus
1433 4522 1785 4579 credentibus
1832 4524 1888 4579 in
1933 4523 2122 4581 Mace-

2232 3363 2452 3415 norum,
2482 3346 2662 3403 carnis
2701 3353 2975 3414 naturam,
3007 3346 3135 3420 quia
3165 3349 3344 3418 gravis
3372 3353 3472 3412 est,
3506 3352 3704 3417 putant
3719 3361 3832 3401 non

2234 3456 2390 3513 posse
2420 3438 2562 3506 ﬁeri,
2593 3444 2654 3493 ut
2685 3438 3010 3494 sustollatur
3054 3437 3110 3491 in
3141 3437 3327 3493 caalos.
3383 3436 3500 3493 Hoc
3541 3435 3743 3492 aﬂ'ectu
3769 3436 3831 3492 ﬁt

2233 3531 2470 3605 Spiritus
2516 3530 2714 3598 sancti,
2763 3537 2826 3586 ut
2876 3530 3200 3586 erubescant
3244 3528 3530 3601 terrigenas
3575 3526 3830 3601 pruden-

2233 3635 2334 3685 tes.

2753 3717 2898 3776 278
2953 3713 3181 3771 CAPUT
3227 3715 3296 3770 II.

2305 3813 2487 3886 (Vers.
2532 3813 2585 3879 1,
2617 3811 2696 3883 2.)
2749 3810 2890 3884 «Ipsi
2923 3811 3068 3865 enim
3101 3809 3274 3876 scitis,
3307 3809 3504 3866 fratres
3534 3800 3828 3868 introitum

2231 3913 2480 3962 nostrum
2513 3902 2579 3959 ad
2611 3901 2863 3976 vos,quia
2890 3917 3001 3956 non
3031 3900 3208 3956 inanis
3238 3899 3476 3966 fuit-,sed
3505 3909 3632 3957 ante
3656 3903 3831 3959 multa

2231 3993 2395 4067 passi,
2413 4001 2466 4049 et
2491 3989 2843 4049 contumeliis
2871 3987 3222 4054 affecti,sicut
3249 3989 3423 4057 scitis,
3446 3989 3498 4044 in
3527 3989 3825 4064 Philippis,

2229 4095 2419 4145 exerta
2444 4087 2690 4143 libertate
2707 4085 2790 4140 usi
2820 4099 3010 4139 sumus
3033 4081 3088 4137 in
3110 4083 3220 4138 Deo
3249 4090 3438 4137 nostro
3460 4083 3739 4151 loquendo
3756 4083 3827 4141 ad

2229 4195 2332 4233 vos
2352 4175 2713 4245 Evangelium
2738 4172 2835 4230 Dei
2851 4173 2905 4228 in
2929 4188 3122 4244 magno
3143 4173 3484 4229 certamine.»
3504 4174 3659 4231 Hanc
3681 4191 3827 4248 pres-

2230 4283 2435 4331 suram,
2469 4280 2631 4337 quam
2668 4279 2815 4319 nunc
2868 4270 3156 4329 memorat,
3198 4279 3387 4335 passus
3417 4272 3498 4320 est
3527 4264 3583 4321 in
3617 4265 3827 4339 Philip-

2228 4357 2312 4429 pis
2339 4371 2462 4410 cum
2494 4353 2627 4420 Sila,
2659 4361 2881 4426 propter
2931 4351 3186 4423 spiritum
3237 4353 3536 4426 pythonem
3596 4372 3759 4428 quem
3792 4375 3827 4414 a
3899 4347 3908 4356 ’

2228 4445 2411 4518 puella
2439 4442 2670 4514 ejecerat
2701 4442 2844 4513 (Act.
2878 4459 2996 4509 xvr,
3032 4441 3240 4512 16-24),
3263 4442 3408 4514 quod
3425 4442 3537 4514 jam
3570 4461 3670 4501 suo
3700 4446 3826 4503 loco

2227 4534 2438 4590 dictum
2471 4541 2572 4588 est.
2622 4531 2723 4589 Cui
2786 4547 3052 4603 pressura:
3097 4547 3206 4587 non
3257 4532 3439 4599 cessit,
3485 4531 3576 4587 sed
3624 4531 3826 4589 fortior

523 4615 689 4671 donia
721 4622 775 4670 et
804 4613 859 4670 in
890 4613 1116 4669 Achaia.
1152 4637 1169 4660 ι
1209 4611 1409 4682 Cupidi
1435 4610 1800 4679 credulitatis,
1834 4613 2034 4684 probra
2063 4620 2118 4669 et
2148 4624 2196 4683 1)
2225 4624 2484 4680 inventus
2512 4629 2612 4686 est,
2645 4621 2777 4676 dum
2809 4619 2970 4676 audet
2991 4620 3307 4692 praedicare,
3335 4637 3435 4677 nec
3462 4621 3608 4693 loqui
3635 4622 3820 4691 timet,

523 4700 755 4776 injurias
783 4720 816 4759 a
835 4703 1052 4760 civibus
1080 4699 1196 4757 suis
1241 4700 1380 4772 passi
1429 4701 1737 4756 tolerarunt
1787 4700 1988 4758 ﬁducia
2019 4703 2118 4758 fu-

521 4802 794 4851 turorum.
845 4793 1000 4851 Unde
1057 4789 1242 4847 aemuli
1286 4789 1553 4846 dicuntur
1606 4792 2000 4863 apostolorum,
2062 4801 2116 4849 et

522 4884 696 4956 ipsius
725 4884 970 4951 Domini,
1001 4883 1129 4956 quia
1165 4889 1218 4937 et
1245 4880 1516 4937 Dominus
1563 4880 1750 4937 eadem
1801 4899 1991 4954 passus
2035 4891 2118 4940 est

525 4989 557 5028 a
586 4973 809 5040 Judaais,
839 4980 893 5028 et
920 4973 1151 5046 apostoli
1193 4980 1477 5045 sequentes
1506 4969 1667 5028 ﬁdem
1698 4973 1820 5039 Dei,
1852 4990 2115 5046 persecu-

521 5061 699 5116 tiones
749 5059 892 5131 passi
951 5069 1099 5128 sunt,
1143 5085 1162 5108 ‹
1214 5061 1510 5132 gaudentes
1556 5063 1685 5136 quia
1731 5062 1884 5135 digni
1937 5063 2112 5121 habiti

519 5157 649 5207 sunt
676 5165 776 5223 pro
805 5148 1029 5205 nomine
1073 5149 1296 5206 Domini
1341 5153 1704 5209 contumelias
1734 5154 1844 5226 pati
1874 5153 2017 5225 (Act.
2053 5172 2111 5224 v,

520 5239 636 5312 41),
677 5262 696 5288 ι
748 5237 984 5295 scientes
1022 5255 1119 5312 pro
1148 5238 1236 5294 his
1267 5256 1463 5314 magna
1490 5242 1607 5300 fore
1636 5242 1860 5318 praemia
1914 5261 2111 5318 repro-

522 5331 718 5397 missa;
752 5329 982 5386 idoneus
1012 5328 1159 5385 enim
1190 5346 1382 5387 servus
1421 5330 1700 5404 probatur,
1751 5334 1970 5408 quando
2006 5352 2105 5408 pro

516 5433 700 5476 amore
730 5417 942 5475 domini
974 5419 1059 5474 sui
1088 5417 1343 5476 inimicos
1374 5419 1491 5493 ejus
1539 5421 1788 5478 offendit.
1831 5422 2001 5496 Cujus
2033 5424 2109 5481 rei

514 5523 804 5577 memores,
851 5508 1023 5582 gavisi
1054 5518 1182 5568 sunt
1218 5527 1310 5583 spe
1339 5510 1722 5586 promissionis
1750 5512 1808 5569 in
1837 5530 2108 5587 pressura.

573 5715 927 5799 .(3)‘.A.merb.
959 5725 1025 5799 et.
1060 5735 1189 5777 mss.
1229 5735 1341 5778 non
1387 5719 1566 5794 pauci,
1612 5721 1971 5799 episcoporum
2018 5741 2110 5785 no-

509 5786 649 5846 mine
674 5786 860 5844 litterae
885 5789 1244 5849 continentur.

2225 4729 2318 4784 spe
2347 4711 2537 4782 utique
2567 4709 2825 4783 promissi
2856 4709 3092 4782 praemii,
3123 4715 3183 4763 ut
3213 4717 3268 4765 et
3311 4707 3370 4763 hi
3412 4710 3589 4765 securi
3639 4720 3824 4768 essent

2224 4802 2283 4857 in
2335 4798 2844 4874 persecutionibus,
2912 4797 3206 4870 gaudentes
3286 4804 3506 4869 propter
3575 4799 3822 4855 futuram

2228 4891 2554 4948 mercedem.
2591 4887 2818 4959 Signum
2849 4903 2976 4958 ergo
3007 4886 3192 4942 devoti
3232 4893 3286 4942 et
3328 4885 3508 4943 ﬁdelis
3555 4887 3820 4960 praedica-

2223 4981 2360 5038 toris
2397 4979 2503 5036 hoc
2531 4977 2667 5037 dicit
2691 4993 2830 5044 esse,
2878 4977 2925 5032 si
2983 4977 3041 5032 in
3084 4993 3340 5050 pressura
3387 4976 3539 5050 loqui
3585 4977 3818 5034 verbum

2222 5071 2321 5128 Dei
2351 5087 2461 5127 non
2491 5070 2704 5138 timeat,
2739 5069 2956 5124 inanem
2990 5067 3146 5123 illum
3196 5067 3531 5141 signiﬁcans,
3565 5067 3659 5142 qui
3712 5076 3818 5125 ter-

2221 5177 2344 5218 rore
2373 5161 2628 5235 prresenti
2663 5160 3022 5216 formidinem
3054 5158 3267 5233 patitur
3311 5158 3670 5232 praedicandi.
3708 5158 3817 5228 Qui

2221 5251 2369 5308 enim
2408 5266 2661 5307 securum
2707 5257 2788 5307 est
2831 5250 2898 5308 de
2955 5249 3221 5323 promissa
3270 5264 3385 5323 spe,
3417 5265 3530 5306 non
3553 5248 3721 5318 cedit,
3753 5254 3813 5304 ut

2221 5347 2535 5400 coronetur.

2295 5431 2477 5503 (Vers.
2504 5429 2558 5496 3,
2597 5428 2678 5500 4.)
2722 5451 2740 5474 ι
2791 5429 2928 5485 Nam
2990 5425 3306 5485 exhortatio
3356 5436 3547 5485 nostra
3582 5442 3695 5485 non
3739 5444 3809 5484 ex

2219 5521 2462 5586 fallacia,
2493 5534 2669 5592 neque
2695 5533 2766 5576 ex
2803 5516 3179 5586 immunditia,
3212 5533 3388 5592 neque
3414 5517 3472 5575 in
3502 5517 3677 5586 idolo,
3717 5516 3812 5574 sed

2293 5727 2372 5802 (4)
2400 5727 2665 5786 Nonnulli
2695 5745 2854 5798 mss.,
2880 5732 2928 5784 et
2955 5725 3078 5802 ﬁdei
3106 5727 3383 5803 adventus,
3415 5733 3522 5787 etc.
