3970 6372
128 413 256 472 469

1134 409 1494 470 COMMENT.
1536 408 1610 464 IN
1644 408 1863 465 EPIST.
1903 410 1926 466 Ι
1959 409 2056 464 AD
2095 409 2427 470 THESSAL.

3339 410 3453 469 470

130 537 297 595 sicut
343 537 559 612 probati
606 553 800 596 sumus
848 551 881 594 a
929 540 1078 604 Deo;
1123 546 1187 594 ut
1231 536 1544 595 crederetur
1582 534 1742 592 nobis
1769 535 1822 597 Α
1857 533 2245 592 laboraverunt
2277 553 2472 593 manus
2493 538 2628 594 ista.
2655 563 2676 587 ι
2713 540 2868 598 Unde
2897 548 2951 596 et
2979 541 3038 596 in
3067 539 3174 598 alia
3211 538 3450 610 epistola

129 626 512 700 Evangelium
546 669 565 692 ,
623 627 700 682 ita
756 627 1034 700 loquimur
1067 670 1085 693 ,
1141 643 1252 682 non
1311 634 1373 681 ut
1429 625 1748 682 hominibus

130 714 450 786 placentes,
481 716 572 772 sed
609 717 742 784 Deo,
776 715 872 788 qui
910 715 1100 788 probat
1129 715 1296 771 corda
1325 722 1531 770 nostra.
1567 740 1584 761 ι
1634 716 1747 771 Hoc

130 813 375 877 propter
405 805 883 878 pseudoapostolos
913 805 1066 866 dicit.
1110 804 1204 878 qui
1251 805 1308 860 in
1338 805 1466 861 dolo
1497 814 1551 861 et
1582 806 1748 860 falla-

129 892 236 949 cia
292 893 666 966 prazdicabant
723 911 832 950 non
895 893 1095 960 missi,
1165 903 1225 949 ut
1279 894 1746 950 circumvenirent

127 990 341 1053 gentes
392 983 460 1039 ad
515 983 866 1040 serviendum
921 982 1025 1056 legi
1060 982 1350 1039 factorum.
1406 984 1512 1039 Iste
1561 991 1744 1038 autem

129 1070 387 1133 electum
443 1090 500 1130 se
546 1081 600 1129 et
658 1074 883 1129 missum
949 1074 1244 1146 praedicare
1313 1074 1502 1129 multis
1556 1073 1747 1145 probat

133 1159 338 1228 rebus,
381 1162 509 1235 quia
553 1171 607 1218 et
651 1162 708 1218 in
740 1163 1006 1235 pressuris
1044 1163 1239 1219 fortior
1278 1163 1537 1220 inventus
1556 1172 1657 1232 est,
1691 1171 1744 1218 et

132 1251 203 1308 in
237 1253 659 1310 conversatione
688 1252 1187 1326 irreprehensibilts
1220 1272 1231 1309 :
1266 1264 1327 1310 ut
1357 1254 1498 1309 nihil
1520 1263 1656 1309 esset
1687 1253 1746 1308 in

131 1339 275 1410 hoc,
323 1342 470 1414 quod
521 1343 705 1399 minus
753 1345 866 1401 Deo
915 1345 1197 1402 videretur
1253 1345 1505 1415 dignum,
1553 1359 1746 1415 prose—

131 1431 448 1504 quentibus
474 1431 666 1504 signis.
703 1432 935 1500 Quidam
959 1435 1106 1490 enim
1139 1443 1379 1508 quaestus
1403 1450 1565 1491 causa
1591 1433 1743 1490 Chri-

133 1527 297 1574 stum
356 1519 773 1591 praedicabant,
832 1521 1009 1578 favori
1077 1523 1365 1578 hominum
1423 1525 1743 1592 servientes,

132 1607 278 1680 quia
309 1617 363 1666 et
399 1610 456 1665 in
487 1612 765 1684 arguendo
800 1613 1138 1670 remissiores
1167 1624 1353 1679 erant;
1382 1615 1582 1687 quippe
1620 1630 1746 1670 cum

131 1713 250 1755 nec
299 1701 599 1757 auctoritas
650 1708 810 1768 esset,
869 1710 922 1758 et
980 1702 1037 1758 in
1097 1702 1456 1759 tribulatione
1513 1702 1742 1771 infirmi,

133 1787 280 1861 quia
310 1805 420 1847 non
465 1807 533 1847 ex
576 1791 760 1860 corde,
793 1791 888 1850 sed
931 1792 988 1847 in
1026 1792 1241 1849 fallacia
1283 1801 1398 1849 erat
1425 1810 1603 1849 sermo
1646 1809 1748 1848 eo-

1856 624 1992 680 dicit
2022 644 2034 681 :
2082 651 2099 672 -
2130 627 2233 692 Qui
2287 644 2394 683 non
2434 629 2664 698 laborat,
2711 647 2811 686 nec
2844 629 3152 685 manducet.
3186 653 3204 675 ι
3247 629 3316 684 Et
3344 629 3448 685 hoc

1856 723 2048 771 contra
2088 717 2590 790 pseudoapostolos,
2623 728 2684 776 ut
2715 720 2806 792 qui
2838 721 2999 777 otiosi
3032 718 3445 786 manducarent,

1856 805 2131 875 praedicat.
2159 822 2243 861 res
2287 822 2340 861 se
2391 807 2668 878 fingebant
2710 825 2842 865 esse.
2881 811 2949 866 Ut
2977 825 3104 880 ergo
3133 808 3447 878 exemplum

1855 892 2033 961 daret,
2083 896 2543 968 quemadmodum
2587 899 2940 970 gubernanda
2984 901 3056 954 sit
3108 898 3222 952 vita
3278 896 3449 954 Chri—

1857 982 2054 1048 stiana,
2097 993 2150 1038 et
2205 983 2421 1040 ﬁctores
2471 988 2740 1058 proderet.
2801 989 2973 1044 labori
3029 987 3314 1043 insistebat
3337 985 3454 1042 hu-

1859 1087 2040 1139 mano,
2103 1074 2376 1132 offuscans
2430 1078 2915 1150 pseudoapostolos
2964 1097 2975 1134 :
3027 1085 3285 1150 praeterea
3322 1075 3453 1148 quia

1857 1161 1951 1234 qui
1989 1162 2155 1219 labori
2208 1164 2493 1233 insistunt,
2541 1183 2572 1222 a
2629 1170 2785 1224 malis
2831 1167 3256 1241 cogitationibus
3285 1166 3451 1223 decli-

1858 1262 2012 1319 nant,
2037 1264 2366 1326 occupantes
2421 1257 2667 1314 animum
2723 1276 2921 1329 suum,
2991 1266 3046 1316 et
3097 1276 3130 1314 a
3191 1256 3451 1332 periculis

1857 1341 2228 1412 prohibentes.

1932 1433 2112 1502 (Vers.
2151 1437 2235 1503 l0,
2271 1437 2354 1502 ll,
2392 1436 2505 1508 l2.)
2552 1461 2569 1482 ε
2607 1437 3039 1495 Praedicavimus
3081 1435 3238 1493 vobis
3256 1437 3452 1494 Evan-

1857 1521 2056 1592 gelium
2091 1523 2208 1588 Dei,
2244 1541 2340 1580 vos
2370 1533 2532 1581 testes
2560 1527 2708 1594 estis,
2741 1535 2795 1582 et
2847 1529 3008 1596 Deus,
3058 1543 3221 1601 quam
3266 1531 3453 1581 sancte

1856 1620 1910 1668 et
1957 1611 2124 1684 juste,
2164 1622 2217 1668 et
2272 1614 2390 1669 sine
2445 1617 2666 1687 querela
2725 1617 3011 1674 vobiscum
3053 1618 3147 1690 qui
3200 1615 3448 1683 creditis,

1856 1700 2163 1757 conversati
2216 1718 2407 1758 sumus
2461 1704 2604 1759 sicut
2651 1705 2805 1760 scitis
2851 1724 2862 1760 :
2912 1713 2965 1761 et
3021 1705 3297 1778 quomodo
3325 1719 3452 1778 erga

1856 1805 2303 1866 unumquemque
2352 1800 2616 1859 vestrum,
2648 1803 2708 1849 ut
2741 1802 2891 1867 pater
2921 1793 3065 1850 filios
3105 1810 3252 1860 suos,
3283 1791 3452 1848 obse-

131 1893 293 1934 rum.
346 1878 540 1936 Omnis
582 1880 728 1937 enim
773 1881 868 1954 qui
919 1881 1132 1954 aliquid
1173 1881 1290 1938 sine
1318 1898 1412 1956 spe
1466 1884 1598 1955 agit,
1628 1892 1748 1939 orta
1778 1899 1821 1961 B
1856 1888 2070 1935 crantes
2107 1898 2221 1945 vos.
2254 1889 2306 1936 et
2331 1881 2699 1950 consolantes,
2731 1893 2783 1938 et
2808 1883 3140 1938 obtestantes
3166 1881 3233 1939 ad
3257 1881 3362 1939 hoc
3390 1887 3452 1936 ut

131 1970 511 2030 tribulatione
539 1973 870 2031 succumbit.

219 2059 409 2126 (Vers.
440 2062 521 2135 5.)
570 2088 588 2110 ι
615 2063 803 2137 Neque
848 2063 996 2124 enim
1031 2081 1270 2139 unquam
1306 2063 1362 2120 in
1402 2065 1570 2123 verbo
1599 2065 1747 2123 adu-

136 2149 377 2207 lationis
413 2154 720 2209 conversati
767 2171 978 2219 sumus,
1033 2155 1176 2211 sicut
1232 2155 1405 2223 scitis,
1457 2172 1631 2230 neque
1688 2158 1744 2213 in

133 2240 495 2296 occasionem
547 2242 811 2299 avaritiae.
853 2245 998 2300 Deus
1042 2245 1198 2300 testis
1248 2252 1351 2300 est.
1382 2270 1400 2291 -
1437 2246 1595 2302 Nunc
1623 2262 1745 2317 ape-

137 2329 221 2387 rit
254 2331 401 2404 quod
456 2348 619 2405 supra
669 2333 1025 2408 significavit,
1075 2351 1198 2392 cum
1258 2334 1440 2392 dicit:
1489 2361 1506 2384 ι
1537 2337 1655 2392 Non
1687 2338 1743 2393 in

134 2419 436 2477 occasione
461 2422 730 2492 avaritiae,
757 2450 774 2471 ι
818 2425 989 2480 Deum
1021 2424 1155 2481 dans
1186 2431 1400 2490 testem,
1427 2426 1558 2500 quia
1599 2425 1744 2482 istud

133 2525 214 2566 ex
249 2510 413 2568 corde
440 2511 693 2582 faciebat,
717 2530 828 2570 non
872 2514 929 2570 in
962 2514 1263 2587 hypocrisi,
1291 2516 1445 2590 quasi
1486 2526 1745 2573 contem-

136 2616 288 2657 nens
337 2617 526 2673 pauca,
576 2612 638 2660 ut
698 2604 836 2661 forte
895 2606 1051 2678 plura
1103 2605 1450 2662 offerrentur.
1478 2607 1631 2664 Unde
1693 2614 1746 2662 et

139 2690 302 2764 ipsos
315 2693 601 2761 convenit,
618 2694 851 2751 scientes
865 2711 928 2752 ac
947 2696 1238 2767 probantes
1259 2698 1387 2768 quia
1409 2697 1546 2752 nulli
1571 2698 1746 2752 fuerat

137 2777 445 2849 adulatus;
477 2782 683 2854 pseudo
731 2784 878 2838 enim
933 2784 1165 2856 apostoi
1219 2784 1450 2843 formam
1500 2786 1746 2842 avaritia)

139 2869 271 2927 dari
319 2870 425 2928 sibi
479 2872 762 2944 optabant,
797 2881 859 2929 ut
905 2874 1022 2947 ipsa
1069 2875 1374 2943 occasione,
1425 2875 1556 2931 dum
1590 2892 1747 2934 veros

139 2960 430 3033 apostolos
485 2961 672 3016 omnia
728 2961 880 3018 illata
936 2961 1127 3019 vident
1184 2963 1462 3035 accipere,
1527 2973 1748 3037 possent

142 3049 258 3122 ipsi
321 3049 440 3106 sine
493 3049 706 3107 invidia
767 3051 1133 3126 simpliciores
1201 3053 1453 3110 homines
1531 3054 1748 3127 deprae-

140 3137 295 3196 dari.
1519 3147 1522 3150 ’

226 3227 411 3299 (Vers.
445 3229 500 3297 6,
523 3229 602 3302 7.)
647 3254 666 3279 ι
698 3231 810 3289 Nec
838 3239 1141 3305 quaerentes
1169 3249 1238 3289 ex
1268 3232 1589 3292 hominibus
1618 3237 1746 3309 glo-
1776 3256 1820 3319 ο

137 3317 312 3386 riam,
343 3334 517 3390 neque
558 3336 588 3376 a
617 3320 793 3389 vobis,
829 3337 1002 3394 neque
1034 3322 1100 3378 ab
1129 3323 1273 3390 aliis,
1306 3341 1430 3380 cum
1463 3341 1744 3396 possemus

138 3405 293 3479 apud
316 3423 412 3464 vos
429 3409 580 3464 oneri
599 3425 713 3465 esse
747 3410 852 3481 (5),
885 3419 946 3466 ut
972 3411 1177 3470 Christi
1208 3413 1459 3483 apostoli.
1483 3439 1500 3461 ι
1536 3415 1597 3470 In
1628 3423 1746 3469 tan-

140 3501 268 3550 tum
317 3505 506 3569 gravat
559 3499 1142 3570 pseudoapostolorum
1183 3516 1423 3569 causam,
1464 3510 1526 3557 ut
1572 3520 1627 3559 se
1652 3503 1743 3558 ab-

141 3601 319 3642 nuere
348 3586 516 3655 dicat,
548 3603 672 3643 cum
709 3589 896 3644 liceret
925 3588 1008 3644 illi
1040 3589 1299 3662 obsequia
1337 3593 1632 3664 requirere,
1679 3593 1746 3649 ad

139 3675 594 3748 comprimendos
642 3693 735 3732 eos
787 3676 987 3749 quibus
1034 3693 1136 3733 nec
1192 3677 1422 3734 facultas
1477 3690 1615 3747 erat,
1647 3699 1748 3739 nec

139 3763 348 3838 pudor,
379 3772 434 3820 et
463 3772 646 3821 tamen
682 3765 944 3822 honorem
981 3766 1086 3824 sibi
1122 3766 1416 3838 poscebant
1448 3787 1460 3824 :
1504 3785 1559 3824 se
1597 3772 1745 3828 enim

139 3853 338 3928 potius
367 3870 528 3926 quam
563 3856 661 3912 Dei
706 3855 1014 3912 doctrinam
1047 3857 1432 3914 commendare
1464 3861 1743 3916 volebant.

142 3944 449 4016 A;.ostolus
477 3952 683 4012 autem,
712 3945 808 4020 qui
857 3947 1085 4018 gloriam
1122 3963 1232 4002 non
1265 3947 1330 4003 ad
1366 3965 1623 4020 praesens,
1654 3951 1746 4006 sed

143 4033 206 4090 in
259 4033 446 4090 futuro
485 4035 814 4109 requirebat,
848 4051 902 4092 se
941 4035 1206 4092 humilem
1255 4036 1510 4104 faciebat,
1543 4047 1603 4093 ut
1645 4039 1745 4095 Dei

145 4123 468 4195 prredicatio
497 4127 849 4182 exaltaretur.

225 4221 409 4294 (Vere.
463 4220 544 4294 8.)
614 4248 632 4269 ι
686 4222 792 4280 Sed
863 4223 1074 4281 fuimus
1148 4225 1366 4298 parvuli
1437 4224 1495 4283 in
1565 4227 1747 4284 medio

145 4318 420 4378 vestrum,
455 4321 714 4386 tanquam
754 4313 801 4369 si
858 4315 1049 4370 nutrix
1080 4315 1261 4371 foveat
1301 4315 1446 4373 ﬁlios
1473 4333 1638 4385 suos;
1671 4319 1748 4374 ita

146 4399 526 4458 desiderantes
578 4417 677 4456 vos
708 4444 724 4468 ,
779 4401 1033 4474 cupimus
1090 4403 1362 4476 impartiri
1421 4407 1579 4463 vobis
1634 4424 1746 4464 non

147 4490 331 4546 solum
365 4489 727 4561 Evangelium
775 4490 896 4559 Dei,
927 4492 1019 4547 sed
1064 4492 1226 4548 etiam
1271 4495 1482 4550 animas
1511 4503 1744 4560 nostras,

1856 1969 2148 2026 anibuletis
2208 1969 2371 2043 digne
2424 1972 2554 2037 Deo,
2608 1970 2702 2042 qui
2742 1973 2964 2028 vocavit
3017 1988 3115 2028 vos
3175 1970 3232 2027 in
3289 1985 3450 2027 suum

1856 2077 2082 2130 regnum
2115 2067 2168 2114 et
2205 2059 2458 2130 gloriam.
2506 2061 2794 2116 Manifesta
2837 2069 2968 2116 sunt
3005 2061 3120 2117 haec
3155 2080 3168 2119 :
3210 2076 3449 2118 commo-

1857 2156 1950 2205 net
1979 2149 2124 2204 enim
2158 2148 2285 2204 illos
2313 2147 2590 2222 quomodo
2619 2149 2954 2207 crediderint
3003 2168 3058 2207 se
3096 2149 3448 2224 praedicante,

1859 2241 2000 2299 279
2030 2245 2082 2292 et
2111 2237 2328 2310 qualem
2378 2253 2502 2294 eum
2544 2237 2752 2294 fuerint
2785 2238 3017 2312 experti,
3048 2248 3102 2296 et
3143 2255 3265 2313 qua:
3302 2255 3450 2313 prae-

1857 2343 2014 2406 cepta
2059 2331 2271 2389 dederit
2318 2333 2416 2400 eis,
2466 2341 2526 2389 ut
2575 2333 2730 2408 digni
2779 2336 2973 2393 fierent
3012 2337 3144 2404 Deo,
3182 2335 3277 2410 qui
3323 2335 3450 2392 illos

1855 2422 2075 2480 vocavit
2103 2422 2170 2479 de
2223 2423 2384 2479 terris
2433 2423 2502 2480 ad
2538 2425 2723 2494 caelos,
2759 2434 2818 2482 ut
2863 2427 3164 2484 exsuscitet
3194 2425 3441 2483 Iustitiam

1856 2512 2103 2569 illorum.

1930 2601 2110 2672 (Vers.
2149 2600 2258 2670 l3.)
2305 2624 2323 2648 ι
2354 2600 2590 2673 Ideoque
2619 2609 2673 2658 et
2705 2618 2802 2658 nos
2841 2603 3040 2676 gratias
3079 2603 3292 2674 agimus
3333 2604 3447 2660 Deo

1857 2689 1974 2746 sine
2025 2688 2454 2756 intermissione,
2489 2691 2632 2762 quod
2683 2707 2808 2745 cum
2852 2691 3199 2762 accepissetis
3227 2708 3259 2746 a
3290 2691 3448 2747 nobis

1856 2777 2084 2833 verbum
2116 2777 2339 2832 auditus
2384 2777 2503 2842 Dei,
2537 2778 2854 2849 suscepistis
2903 2778 3042 2834 illud
3075 2795 3184 2835 non
3231 2788 3293 2835 ut
3331 2797 3448 2836 ver-

1855 2867 1987 2923 bum
2020 2867 2329 2932 hominum,
2379 2866 2472 2922 sed
2518 2865 2660 2923 sicut
2709 2877 2790 2924 est
2839 2883 2987 2934 vere,
3038 2869 3265 2924 verbum
3323 2870 3446 2938 Dei,

1857 2957 2004 3031 quod
2051 2965 2103 3013 et
2147 2965 2405 3027 operatur
2435 2958 2489 3012 in
2546 2956 2706 3013 vobis
2748 2958 2843 3030 qui
2887 2958 3220 3016 credidistis.
3260 2986 3278 3008 ι
3336 2961 3449 3017 Deo

1857 3048 2056 3119 gratias
2107 3046 2373 3112 referunt,
2432 3047 2527 3120 qui
2575 3046 2787 3119 aperuit
2842 3063 3061 3104 sensum
3114 3048 3337 3105 illorum
3379 3049 3447 3106 ad

1856 3136 2234 3209 recipiendum
2265 3135 2624 3208 Evangelium
2648 3152 2829 3192 suum.
2850 3136 3036 3192 Gloria
3058 3137 3204 3194 enim
3240 3138 3450 3211 praedi-

1857 3227 2100 3282 cantium
2159 3234 2257 3292 est,
2328 3225 2548 3298 quando
2608 3224 2892 3282 audientes
2956 3226 3116 3284 facile
3177 3227 3446 3297 credunt;

1856 3325 2006 3374 tanta
2030 3315 2176 3371 enim
2209 3314 2502 3370 devotione
2532 3324 2854 3386 receperunt
2893 3316 3143 3385 verbum,
3167 3325 3228 3372 ut
3255 3317 3447 3390 proba-

1852 3413 1976 3462 rent
2003 3421 2059 3461 se
2082 3404 2418 3461 intellexisse
2453 3403 2549 3460 Dei
2581 3419 2694 3458 esse
2725 3403 3051 3460 doctrinam.

1928 3504 2109 3575 (Vera.
2148 3501 2232 3569 1ft,
2268 3503 2352 3568 15,
2392 3500 2502 3572 16.)
2547 3525 2564 3548 ι
2597 3500 2706 3556 Vos
2748 3501 2917 3568 enim,
2959 3502 3174 3570 fratres,
3206 3503 3445 3562 imitato-

1853 3612 1939 3651 res
1969 3595 2096 3650 facti
2129 3593 2261 3649 estis
2302 3592 2672 3647 Ecclesiarum
2704 3592 2803 3648 Dei
2843 3609 2961 3664 quae
2989 3601 3118 3648 sunt
3149 3592 3207 3649 in
3236 3594 3443 3665 Judwa,

1854 3684 1910 3740 in
1943 3683 2164 3740 Christo
2215 3683 2343 3738 Jesu
2381 3700 2392 3737 :
2432 3680 2560 3754 quia
2601 3681 2785 3737 eadem
2832 3681 2975 3753 passi
3017 3681 3148 3738 estis
3191 3689 3244 3737 et
3291 3699 3389 3739 vos
3416 3701 3450 3740 a

1853 3770 2260 3830 contribulibus
2290 3770 2488 3826 vestris
2511 3770 2615 3841 (6),
2649 3771 2792 3826 sicut
2822 3777 2876 3826 et
2905 3787 3003 3825 nos
3033 3769 3137 3842 ipsi
3161 3787 3192 3825 a
3219 3771 3444 3840 Judmis,

1854 3863 1949 3936 qui
1975 3869 2028 3918 et
2049 3860 2347 3917 Dominum
2379 3860 2777 3916 interemerunt
2803 3859 3009 3925 Jesum,
3048 3867 3102 3914 et
3131 3859 3444 3931 prophetas,

1853 3962 1908 4010 et
1931 3971 2029 4009 nos
2069 3952 2335 4025 persecuti
2366 3959 2515 4020 sunt,
2546 3961 2599 4007 et
2629 3953 2741 4007 Deo
2770 3967 2881 4006 non
2913 3951 3146 4022 placent,
3191 3945 3245 4008 et
3273 3951 3447 4008 omni-

1853 4044 1957 4100 bus
1989 4042 2312 4098 hominibus
2363 4041 2742 4106 adversantur,
2789 4040 3147 4112 prohibentes
3176 4057 3277 4097 nos
3323 4058 3450 4113 gen-

1853 4131 2002 4187 tibus
2047 4131 2220 4203 loqui,
2277 4137 2340 4185 ut
2390 4131 2706 4197 salventur,
2762 4128 2832 4185 ad
2885 4128 2988 4184 hoc
3042 4138 3104 4186 ut
3161 4129 3451 4202 suppleant

1855 4227 2073 4292 peccata
2094 4236 2191 4276 sua
2220 4234 2435 4290 semper
2469 4238 2480 4274 2
2510 4219 2604 4275 sd
2639 4217 2889 4289 pervenit
2919 4217 3002 4274 ira
3029 4219 3125 4274 Dei
3166 4234 3329 4292 super
3358 4233 3450 4274 eos

1854 4328 2026 4384 usque
2065 4311 2121 4366 in
2172 4311 2357 4366 linem.
2394 4336 2412 4358 ι
2453 4313 2532 4366 De
2581 4311 2860 4382 impietate
2909 4317 3071 4383 atque
3126 4309 3451 4368 credulitate

1854 4402 2103 4475 queritur
2150 4400 2520 4456 difﬁdentiam
2573 4399 2906 4466 Iudaeorum,
2967 4400 3060 4472 qui
3113 4415 3222 4456 non
3269 4399 3448 4455 solum

1854 4507 1965 4546 suae
2021 4490 2214 4546 salutis
2274 4489 2486 4546 inimici
2543 4497 2692 4554 sunt,
2727 4506 2917 4544 verum
2977 4489 3138 4544 etiam
3189 4490 3447 4556 aliorum,

149 4579 282 4653 quia
314 4579 625 4636 charissimi
656 4579 815 4636 nobis
845 4604 863 4628 ι
907 4580 1034 4638 facti
1063 4581 1212 4638 estis.
1232 4581 1464 4638 Tantum
1488 4584 1742 4640 affectum
1772 4621 1821 4680 D
1857 4580 2214 4651 prohibentes
2235 4595 2302 4635 ne
2330 4580 2573 4636 credant.
2605 4586 2657 4634 et
2682 4578 2820 4634 salvi
2854 4579 3004 4674 fiant,
3029 4577 3096 4632 ab
3125 4577 3284 4680 initio
3315 4592 3450 4680 par—

151 4669 354 4727 habere
386 4687 442 4727 se
470 4671 616 4728 circa
641 4671 766 4726 illos
786 4672 1025 4728 ostendit
1058 4675 1265 4746 (quem,
1297 4673 1425 4746 quia
1456 4690 1614 4730 verus
1643 4686 1742 4746 est,

152 4777 265 4818 non
335 4759 519 4816 verbis
586 4761 758 4833 magis
813 4778 975 4834 quam
1047 4764 1211 4819 rebus
1263 4763 1555 4834 probatum
1626 4767 1749 4821 vult

154 4849 330 4908 videri
359 4867 372 4904 :
404 4858 580 4922 potest
605 4850 749 4906 enim
783 4850 840 4906 in
873 4851 1055 4907 verbis
1085 4853 1252 4908 latere
1286 4853 1550 4924 fallacia),
1584 4862 1642 4909 ut
1664 4854 1751 4910 his

154 4939 636 4996 exhortationibus
666 4940 944 5012 provocati
993 4957 1213 4998 omnem
1248 4958 1467 4998 sensum
1500 4959 1660 4998 suum
1691 4941 1750 4998 in

156 5028 451 5086 dilectione
483 5029 744 5086 haberent
771 5039 946 5102 apost.

231 5119 412 5191 (Vers.
459 5119 540 5192 9.)
586 5145 605 5166 ε
649 5119 980 5177 Meministis
1031 5121 1200 5188 enim,
1235 5120 1448 5190 fratres,
1507 5121 1749 5179 laborem

158 5219 405 5266 nostrum
434 5218 488 5266 et
524 5210 923 5282 fatigationem,
954 5218 1115 5282 nocte
1148 5227 1211 5266 ac
1239 5210 1327 5268 die
1366 5221 1654 5285 operantes
1680 5215 1749 5270 ad

158 5298 283 5369 hoc,
317 5317 384 5358 ne
418 5318 576 5376 quem
603 5311 844 5359 vestrum
867 5319 1233 5373 gravaremns.
1267 5329 1284 5352 ιι
1331 5304 1444 5362 Hoc
1473 5315 1572 5375 est,
1601 5307 1748 5380 quod

159 5389 296 5448 dicit
339 5390 398 5447 in
445 5391 598 5449 Actis
627 5394 999 5465 apostolorum
1035 5411 1047 5450 :
1091 5417 1109 5439 ι
1142 5392 1362 5461 Omnia,
1396 5395 1594 5468 inquit,
1627 5391 1747 5470 qua:

161 5479 300 5538 mihi
353 5488 408 5539 et
463 5479 532 5538 iis
584 5482 680 5556 qui
734 5491 864 5540 sunt
917 5500 1130 5542 mecum
1172 5484 1396 5541 fuerunt
1425 5487 1746 5556 necessaria,

233 5685 315 5756 (5)
346 5683 472 5739 Vet.
504 5679 882 5756 edit.,_lz_ono_ri
908 5699 1042 5748 esse;
1074 5685 1256 5752 Rom.,
1288 5682 1346 5740 in
1375 5686 1568 5741 honore
1604 5701 1750 5749 esse;

164 5751 360 5815 melius
384 5771 515 5814 mss.
550 5767 614 5810 ac
644 5751 774 5811 Gill.
804 5752 863 5810 in
893 5770 1090 5829 marg.,
1122 5751 1271 5813 oneri
1294 5772 1417 5814 esse.

1856 4669 2082 4734 ricidaa;
2127 4670 2212 4723 vel
2241 4669 2480 4724 Domino
2512 4666 2658 4722 enim
2692 4665 2973 4722 communi
3004 4681 3222 4736 parcere
3250 4663 3452 4719 debue-
3517 4713 3520 4716 .

1857 4767 2001 4825 rant,
2032 4758 2128 4830 qui
2170 4757 2450 4813 conservis
2474 4763 2527 4812 et
2569 4755 2876 4828 praepositis
2902 4754 3017 4809 suis
3045 4769 3154 4809 non
3186 4768 3448 4826 peperce-

1859 4855 1992 4903 runt
2025 4865 2036 4902 :
2072 4856 2133 4902 ut
2187 4849 2499 4919 repleantur
2529 4853 2742 4917 peccata
2770 4859 2982 4910 eorum,
3025 4843 3078 4898 in
3113 4850 3348 4909 tantum,
3380 4858 3451 4898 ne

1857 4936 2155 5009 aliquando
2197 4935 2626 4992 misericordiam
2664 4932 2924 5004 consequi
2958 4939 3288 4988 mereantur.
3321 4931 3449 4989 Ideo

1860 5026 2369 5082 Thessalonicenses
2397 5041 2428 5079 a
2456 5022 2672 5078 civibus
2703 5020 2817 5077 suis
2845 5020 3033 5077 eadem
3081 5037 3267 5094 passos
3313 5020 3452 5076 dicit

1858 5118 2102 5174 imitatos
2155 5115 2473 5189 patientiam
2523 5120 2858 5182 sanctorum,
2905 5121 2959 5170 et
3005 5113 3228 5168 Domini
3275 5110 3449 5168 nostri

1856 5209 1983 5264 Jesu
2013 5205 2219 5264 Christi
2254 5223 2265 5259 :
2298 5202 2456 5275 cujus
2475 5203 2696 5260 sceleris
2722 5209 2971 5259 auctores
2999 5202 3216 5259 inlucit
3234 5201 3450 5258 Iudaeos

1857 5306 1918 5354 ut
1957 5307 2010 5353 et
2053 5302 2256 5370 quanta
2301 5293 2474 5364 gloria
2519 5292 2673 5365 digni
2731 5295 2863 5360 sint,
2922 5292 3018 5364 qui
3077 5309 3172 5362 pro
3226 5288 3446 5347 nomine

1856 5387 2078 5445 Domini
2113 5385 2416 5458 patiuntur,
2448 5390 2502 5439 et
2552 5400 2672 5455 quas
2724 5383 2867 5440 ultio
2912 5379 3124 5438 infestis
3172 5386 3224 5434 et
3261 5376 3450 5434 infidis

1858 5483 2158 5552 praeparata
2187 5474 2280 5543 sit,
2311 5475 2681 5546 dignoscatur.

1928 5680 2010 5753 (6)
2043 5680 2200 5737 Rom.
2233 5677 2390 5747 edit.,
2422 5683 2469 5734 et
2496 5693 2584 5736 vos
2621 5696 2656 5734 a
2702 5672 3001 5728 concivibus
3044 5672 3244 5729 vestris.
