3970 6400
530 455 629 512 471

1540 437 1636 494 AD
1675 432 1910 492 OPERA
1947 431 2003 488 S.
2044 427 2376 487 AMBROSII
2406 423 2789 483 APPENDIX.

3729 417 3831 477 472

604 579 787 653 (Vers.
827 574 917 641 17,
952 572 1066 642 18.)
1120 592 1139 617 ι
1179 567 1287 626 Nos
1328 574 1532 632 autem,
1564 562 1779 628 fratres,
1818 555 2047 653 desolati
2089 571 2121 610 a
2149 557 2200 616 A
2233 552 2372 621 liati,
2403 558 2466 608 ut
2513 549 2845 653 verberibus.
2879 556 2935 606 et
2962 547 3224 653 lincu‘lis
3269 544 3702 653 subjicerentur.
3741 544 3831 653 ‘Ad

529 645 689 728 vobis
713 666 781 723 ad
809 673 1026 736 tempus
1068 659 1241 726 horae,
1289 655 1447 721 facie,
1479 669 1590 709 non
1621 649 1805 716 corde,
1843 645 2122 703 abundan-

530 761 644 820 tius
688 756 1073 813 festinavimus
1120 750 1316 806 faciem
1357 753 1594 801 vestram
1627 740 1814 796 videre
1859 738 1916 794 in
1948 737 2124 792 multo

530 851 823 912 desiderio.
855 848 1196 919 Quapropter
1224 839 1507 896 voluimus
1545 833 1733 890 venire
1769 831 1838 887 ad
1865 834 2125 900 vos,'ego

532 944 740 1001 luidem
784 940 1006 1004 Paulus,
1037 943 1091 991 et
1139 932 1304 991 semel
1351 937 1404 985 et
1437 929 1657 993 iterum,
1687 924 1781 979 sed
1830 919 2126 993 impedivit

533 1051 632 1091 nos
661 1032 905 1088 Satanas.
946 1053 964 1074 ι
1015 1029 1133 1086 Non
1163 1021 1370 1088 animo,
1411 1017 1504 1074 sed
1534 1029 1760 1088 corpore
1783 1010 2032 1066 divulsos
2069 1023 2126 1063 se

533 1125 732 1181 dicunt
773 1119 840 1176 ab
887 1118 1001 1184 eis;
1051 1112 1290 1171 charitas
1333 1109 1480 1165 enim
1523 1123 1633 1162 non
1681 1102 1971 1167 dividitur,
2025 1115 2126 1156 nec

533 1219 815 1286 separatur
873 1227 883 1265 :
947 1205 1042 1263 sed
1096 1210 1318 1277 propter
1371 1197 1630 1270 majorem
1705 1190 2126 1286 instructionem

533 1278 698 1360 etiam
749 1298 946 1356 faciem
1001 1310 1189 1350 eorum
1228 1305 1425 1362 cupere
1480 1303 1535 1342 se
1582 1285 1776 1342 dicunt
1825 1279 2031 1335 videre.
2064 1278 2128 1332 In

533 1393 696 1450 rebus
725 1391 872 1448 enim
893 1386 1103 1445 divinis
1121 1381 1388 1439 deﬁciunt
1404 1376 1625 1434 articuli
1641 1368 2126 1446 comprehendere,

533 1501 654 1560 quae
682 1487 912 1556 possunt
939 1477 1089 1544 dici;
1127 1490 1228 1530 nec
1273 1469 1420 1526 enim
1459 1466 1662 1560 sufﬁcit
1689 1464 1809 1560 dies
1822 1462 1995 1560 stylo
2041 1459 2129 1516 his

534 1552 656 1649 qua:
677 1552 787 1629 una
814 1570 950 1625 hora
983 1570 1209 1640 possunt
1235 1559 1519 1632 depromi;
1552 1563 1613 1612 ut
1638 1570 1748 1610 non
1779 1552 1955 1609 dicam
1986 1566 2128 1624 qua:-

534 1648 658 1721 dam
727 1676 843 1718 esse
895 1657 1130 1730 mystica
1170 1649 1452 1723 religionis
1492 1654 1713 1713 nostrae,
1744 1660 1864 1716 quae
1910 1648 2131 1730 propter

534 1753 780 1811 carnales
835 1729 1044 1814 sensus,
1103 1759 1171 1799 ne
1219 1739 1538 1797 scandalum
1594 1733 1874 1808 patiantur
1899 1775 1915 1801 ,
1970 1729 2132 1787 facile

534 1839 805 1914 publicari
844 1853 955 1894 non
987 1834 1220 1891 debeant
1261 1848 1272 1886 :
1304 1829 1434 1902 quia
1472 1842 1583 1884 non
1614 1823 1871 1880 omnibus
1899 1819 2133 1914 dicenda

2232 658 2395 716 quam
2428 658 2541 698 rem
2573 641 2941 697 excusandam
2962 637 3316 695 Timotheum
3345 642 3574 693 missum
3600 642 3831 691 testatur

2233 731 2490 787 idoneum
2549 730 2867 798 doctorem,
2916 729 3011 803 qui
3069 727 3381 783 ostenderet
3447 725 3580 782 hinc
3636 724 3831 779 meriat

2233 839 2474 881 crescere
2516 821 2868 888 Christianis,
2901 822 2946 876 si
2995 837 3094 894 pro
3142 819 3367 876 nomine
3412 813 3636 873 Domini
3688 813 3830 886 passi

2235 915 2434 986 gratias
2457 921 2636 985 agant,
2656 928 2686 966 a
2707 929 2815 986 quo
2844 909 3011 982 hujus
3041 909 3120 966 rei
3151 909 3457 967 mercedem
3487 917 3826 982 exspectant,

2234 1003 2508 1075 simulque
2539 1018 2723 1074 preces
2765 1001 2877 1055 Deo
2907 1000 3223 1067 funderent,
3261 1007 3322 1055 ut
3368 999 3591 1055 stabiles
3627 1007 3827 1055 essent.

2234 1093 2406 1161 Quam
2474 1091 2905 1164 persecutionem
2975 1091 3182 1148 idcirco
3247 1106 3303 1146 se
3366 1106 3619 1162 passuros
3683 1105 3832 1161 prae-

2235 1185 2573 1252 dicaverant,
2631 1191 2694 1238 ut
2749 1199 2844 1255 per
2899 1181 2957 1237 id
3005 1181 3153 1254 quod
3209 1180 3606 1253 praascientiam
3665 1177 3833 1250 hujus

2237 1272 2314 1328 rei
2362 1271 2561 1328 habere
2608 1289 2664 1328 se
2720 1277 3192 1344 protestarentur,
3253 1285 3407 1341 posse
3475 1285 3531 1324 se
3596 1269 3835 1340 eﬁ'ugere

2236 1371 2290 1418 et
2344 1362 2619 1419 declinare
2666 1360 2765 1416 bas
2811 1359 3043 1432 injurias
3100 1359 3464 1432 approbarent
3518 1377 3530 1415 :
3581 1359 3673 1416 sed
3705 1358 3836 1430 quia

2238 1469 2358 1525 spes
2405 1468 2600 1524 magna
2641 1453 2699 1508 in
2739 1449 2826 1506 his
2871 1457 2974 1518 est,
3017 1449 3141 1505 ideo
3181 1449 3319 1506 dicit
3372 1449 3554 1505 illatas
3608 1447 3835 1504 sufferre

2238 1543 2458 1615 quidem
2492 1543 2743 1599 libenter.

2314 1640 2494 1711 (Vers.
2544 1641 2626 1710 5.)
2673 1665 2691 1688 ι
2720 1638 2848 1696 Ideo
2886 1645 2940 1695 et
2987 1655 3086 1711 ego
3138 1654 3248 1695 non
3295 1639 3533 1712 amplius
3573 1640 3836 1710 tolerans,

2240 1729 2366 1786 misi
2395 1730 2465 1786 ad
2495 1730 2597 1786 hoc
2616 1737 2685 1786 .ut
2716 1745 3103 1801 cognoscerem
3136 1727 3302 1784 ﬁdem
3335 1737 3596 1798 vestram,
3631 1745 3702 1786 ne
3732 1745 3840 1802 quo

2242 1820 2406 1875 modo
2433 1819 2789 1875 attentaverit
2837 1835 2935 1874 vos
2964 1819 3058 1873 ille
3107 1825 3367 1886 tentator,
3401 1826 3454 1873 et
3503 1817 3691 1873 inanis
3747 1817 3840 1873 ﬁat

535 1906 663 1988 sunt
683 1929 891 1997 omnia,
913 1925 1008 1982 sed
1031 1941 1128 1998 pro
1149 1919 1582 1992 uniuscujusque
1604 1922 1767 1987 captu
1794 1909 2127 1967 moderanda
2160 1924 2206 1984 Β
2244 1909 2397 1965 labor
2455 1917 2654 1965 vester.
2688 1935 2706 1958 ι
2768 1909 2920 1965 Istud
2967 1915 3190 1981 propter
3245 1907 3509 1980 quosdam
3563 1906 3703 1962 dicit
3744 1907 3840 1980 qui

536 2027 665 2077 sunt
711 2020 878 2085 dicta,
927 2016 1089 2071 aliter
1142 2009 1393 2077 rudibus,
1432 2008 1590 2064 aliter
1616 2003 1882 2061 fundatis.
1924 2001 2135 2059 Idcirco

536 2107 827 2184 praesentia
878 2104 1126 2178 corporis
1156 2099 1492 2172 requiritur;
1543 2095 1673 2170 quia
1726 2093 1806 2150 sic
1851 2092 2136 2165 perﬁcitur

537 2182 742 2256 veritas
769 2195 1074 2255 charitatis.
1099 2190 1366 2261 Quamvis
1397 2188 1545 2244 enim
1585 2184 1823 2243 charitas
1851 2199 1962 2238 non
1994 2182 2136 2238 divi-

537 2290 720 2357 datur,
751 2285 1087 2343 desiderium
1137 2290 1320 2338 tamen
1365 2277 1498 2334 facit
1542 2275 1790 2331 absentia
1841 2273 2130 2346 corporis:

538 2376 776 2449 denique
831 2373 1020 2429 osculo
1080 2379 1134 2427 et
1187 2367 1446 2440 amplexu
1509 2365 1820 2421 animorum
1885 2363 2136 2433 expletur

539 2467 814 2521 voluntas.
847 2461 949 2520 Cui
985 2461 1063 2516 rei
1111 2456 1506 2530 impedimento
1540 2452 1732 2510 asserit
1777 2451 1944 2507 fuisse
1988 2452 2137 2506 Sata-

538 2571 688 2622 nam,
719 2552 815 2627 qui
861 2552 1025 2607 etiam
1082 2547 1343 2621 apostolis
1388 2544 1578 2600 obvias
1607 2559 1802 2598 manus
1839 2540 2132 2608 tendebat;

538 2661 608 2700 ne
646 2641 895 2698 veritatis
938 2639 1077 2694 ratio
1129 2634 1450 2692 hominibus
1479 2631 1828 2705 panderetur.
1861 2629 2135 2686 Accende-

537 2734 632 2790 bat
675 2731 822 2787 enim
874 2727 1208 2800 perﬁdorum
1259 2733 1488 2790 mentes,
1514 2729 1574 2776 ut
1603 2737 1695 2776 eos
1722 2718 2046 2774 verberibus
2073 2735 2138 2774 ac

538 2821 780 2880 vinculis
835 2817 1181 2881 detinerent;
1218 2829 1287 2868 ne
1333 2814 1686 2884 loquerentur
1732 2807 1962 2863 verbum
2011 2806 2132 2863 Dei.

539 2911 813 2968 Dixerunt
894 2906 1041 2962 enim
1119 2903 1353 2975 majores
1417 2900 1730 2956 Judaaorum
1803 2895 2065 2969 apostolis
2120 2914 2131 2952 :

555 3027 574 3049 ι
602 3001 795 3057 Nonne
823 2995 1202 3070 praecipientes
1251 2989 1706 3046 denuntiavimus
1749 2987 1926 3053 vobis,
1964 3002 2032 3040 ne
2062 2985 2139 3040 lo-

543 3085 850 3163 queremini
889 3085 948 3139 in
993 3083 1217 3139 nomine
1247 3081 1372 3135 Jesu
1425 3079 1525 3133 ulli
1562 3077 1851 3132 hominum
1903 3075 2044 3145 (Act.
2077 3091 2133 3142 v,

542 3179 634 3252 28)
661 3179 689 3235 ‘I
718 3201 735 3224 ›
771 3175 875 3233 Sed
905 3173 1034 3248 quia
1061 3171 1208 3245 quod
1233 3187 1340 3225 non
1369 3176 1450 3224 est
1489 3185 1519 3222 a
1547 3169 1680 3234 Deo,
1719 3173 1860 3222 stare
1890 3181 2000 3221 non
2031 3181 2139 3238 po-

542 3274 669 3336 test,
700 3265 1083 3322 dissolvuntur
1119 3258 1513 3332 impedimenta
1543 3258 1776 3312 Satanae.

616 3357 798 3430 (Vers.
836 3354 921 3422 19,
949 3352 1064 3424 20.)
1115 3377 1131 3398 -
1166 3350 1296 3417 Quae
1323 3356 1405 3404 est
1453 3347 1599 3403 enim
1647 3352 1834 3401 nostra
1871 3359 2009 3417 spes,
2041 3351 2137 3400 aut

543 3445 823 3521 gaudium,
870 3449 966 3498 aut
1014 3455 1217 3498 corona
1264 3437 1499 3508 gloria?
1546 3436 1739 3492 Nonne
1792 3451 1891 3489 vos
1951 3449 2136 3489 coram

540 3538 779 3597 Domino
809 3542 998 3591 nostro
1044 3533 1170 3588 Iesu
1222 3529 1443 3587 Christo
1478 3526 1534 3581 in
1565 3526 1806 3582 adventu
1833 3524 1950 3596 ejus
1969 3524 1998 3579 ?
2027 3523 2140 3580 Vos

542 3630 688 3687 enim
720 3627 853 3684 estis
883 3624 1056 3696 gloria
1101 3627 1288 3676 nostra
1330 3625 1382 3674 et
1411 3617 1692 3690 gaudium.
1725 3642 1743 3663 -
1785 3613 2138 3670 Manifestum

544 3726 626 3774 est
669 3717 798 3789 quia
844 3713 1106 3788 perfectio
1135 3711 1534 3783 discipulorum
1566 3707 1824 3779 gaudium
1855 3713 1908 3760 et
1939 3719 2141 3758 corona

545 3804 792 3879 magistri
821 3813 920 3860 est.
970 3803 1039 3857 Hi
1091 3800 1238 3857 enim
1285 3807 1435 3867 sunt,
1463 3797 1557 3872 qui
1609 3795 1821 3851 labores
1860 3794 2139 3848 fructuum

546 3911 771 3953 suorum
801 3893 1004 3950 edituri
1037 3899 1201 3957 sunt;
1244 3889 1456 3944 fructus
1501 3885 1648 3942 enim
1678 3882 1945 3956 magistri,
1979 3881 2138 3936 disci-

547 3986 711 4060 pulus
749 3992 831 4040 est
884 3981 1166 4049 obediens,
1198 3978 1355 4051 cujus
1411 3978 1542 4034 dum
1601 3975 1745 4031 bona
1796 3973 2141 4029 conversatio

549 4075 767 4150 proﬁcit
812 4072 1092 4145 magistro,
1141 4070 1355 4126 fructus
1387 4069 1472 4124 sui
1501 4066 1614 4123 edit
1670 4064 1932 4122 laborem.
1965 4060 2142 4117 Labor

549 4164 698 4222 enim
731 4161 991 4234 discipuli
1025 4161 1082 4217 in
1112 4174 1274 4233 opere
1298 4159 1444 4214 bono
1463 4171 1721 4214 coronam
1745 4153 1839 4210 dat
1859 4152 2140 4224 magistro,

540 4253 732 4330 judice
760 4251 1001 4312 Christo.

1157 4335 1385 4393 CAPUT
1425 4335 1519 4391 III.

624 4433 805 4506 (Vers.
842 4430 977 4503 1-4.)
1027 4453 1044 4476 ε
1088 4427 1300 4485 Idcirco
1322 4425 1434 4499 jam
1483 4438 1594 4481 non
1633 4421 1872 4496 amplius
1908 4422 2143 4478 toleran-

551 4533 653 4593 tes,
687 4523 958 4596 optimum
1004 4519 1270 4576 duximus
1297 4526 1360 4573 ut
1391 4514 1622 4570 Athenis
1663 4515 1768 4570 soli
1811 4512 2144 4585 relinquere-

2244 2005 2464 2070 possent
2493 1997 2677 2054 seduci
2707 1997 2909 2054 astutia
2936 1996 3169 2064 Satanae,
3209 1995 3339 2068 quia
3384 1994 3443 2050 in
3489 1995 3641 2050 omni
3681 1996 3841 2067 plebe

2244 2096 2323 2145 est
2354 2105 2477 2161 pars
2505 2087 2664 2143 ﬁrma
2707 2095 2761 2144 et
2805 2087 3045 2155 inﬁrma,
3075 2101 3306 2158 quorum
3357 2099 3520 2140 causa
3567 2084 3841 2141 sollicitus

2245 2183 2380 2244 erat,
2430 2192 2497 2232 ne
2543 2176 2819 2232 amitteret
2852 2175 3093 2231 fructum
3141 2171 3486 2230 credulitatis
3523 2188 3732 2228 eorum.
3767 2173 3838 2226 Et

2245 2263 2373 2335 quia
2401 2263 2612 2320 diutius
2641 2281 2829 2336 passus
2855 2280 2964 2319 non
3011 2271 3092 2319 est
3121 2261 3329 2336 nescire
3377 2278 3432 2316 se
3473 2261 3603 2333 quid
3634 2261 3841 2317 certius

2244 2363 2492 2425 ageretur
2520 2355 2664 2411 circa
2706 2354 2852 2421 illos,
2886 2352 3038 2408 misit
3074 2333 3427 2407 Timotheum
3461 2349 3777 2423 episcopum
3810 2367 3843 2405 a

2245 2457 2300 2497 se
2329 2452 2592 2512 creatum,
2623 2460 2654 2498 a
2675 2459 2782 2516 quo
2811 2449 2991 2515 posset
3020 2450 3229 2498 certum
3260 2439 3419 2496 scire.

2318 2541 2498 2612 (Vers.
2561 2541 2615 2609 6,
2659 2542 2710 2608 7,
2765 2541 2847 2613 8.)
2911 2565 2930 2588 ι
2975 2540 3138 2595 Modo
3185 2546 3366 2594 autem
3423 2555 3546 2596 cum
3599 2541 3843 2597 venisset

2246 2630 2570 2687 Timotheus
2616 2630 2685 2686 ad
2726 2647 2826 2686 nos
2871 2645 2902 2684 a
2939 2629 3118 2698 vobis,
3161 2637 3216 2685 et
3261 2629 3640 2686 annuntiasset
3680 2630 3844 2686 nobis

2245 2721 2406 2777 ﬁdem
2443 2727 2495 2776 et
2542 2720 2867 2777 charitatem
2905 2727 3145 2774 vestram
3181 2738 3192 2776 :
3235 2728 3290 2776 et
3329 2719 3587 2793 quoniam
3637 2737 3840 2778 memo-

2245 2811 2382 2865 riam
2441 2809 2616 2866 nostri
2674 2809 2890 2865 habetis
2935 2809 3134 2865 bonam
3195 2827 3428 2882 semper,
3469 2810 3842 2867 desiderantes

2246 2916 2346 2956 nos
2374 2899 2584 2968 videre,
2614 2899 2758 2958 sicut
2787 2909 2840 2956 et
2871 2917 2971 2955 nos
2999 2917 3215 2974 quoque
3245 2918 3343 2956 vos
3379 2918 3390 2955 :
3427 2899 3548 2956 ideo
3579 2901 3841 2957 consola-

2245 2991 2450 3046 tionem
2495 3007 2684 3046 sumus
2712 2991 2916 3063 adepti,
2955 2989 3173 3059 fratres,
3206 2991 3264 3046 in
3295 2990 3452 3048 vobis
3481 3007 3642 3064 super
3687 2992 3842 3047 omni

2247 3081 2567 3138 necessitate
2614 3091 2667 3138 et
2713 3098 2964 3155 pressura
3009 3090 3195 3138 nostra
3239 3099 3334 3156 per
3383 3090 3617 3138 vestram
3650 3081 3839 3148 ﬁdem,

2247 3171 2505 3244 quoniam
2538 3188 2686 3228 nunc
2707 3172 2969 3240 vivimus,
2993 3172 3040 3228 si
3065 3189 3162 3228 vos
3179 3172 3442 3229 steteritis
3471 3173 3528 3228 in
3559 3172 3829 3229 Christo.»

2246 3261 2558 3315 Declaravit
2595 3277 2695 3316 cur
2723 3261 2891 3317 alacri
2935 3279 3186 3318 sermone
3216 3261 3418 3318 scribat
3447 3262 3514 3318 ad
3543 3277 3636 3316 eos
3671 3280 3681 3316 :
3717 3260 3844 3316 ideo

2247 3349 2418 3419 enim,
2477 3351 2676 3406 nuntio
2729 3350 3006 3416 veniente,
3046 3359 3101 3407 et
3158 3350 3474 3406 ﬁrmitatem
3530 3349 3849 3405 devotionis

2247 3441 2468 3498 illorum
2529 3442 2585 3497 in
2635 3442 2741 3498 ﬁde
2790 3450 2842 3498 et
2889 3441 3184 3500 dilectione
3228 3443 3477 3515 Apostoli
3509 3441 3845 3510 declarante,

2248 3532 2404 3586 laetus
2433 3531 2610 3588 factus
2640 3530 2707 3586 de
2755 3532 3036 3588 communi
3067 3531 3381 3600 concordia,
3414 3531 3608 3588 scribit
3655 3531 3724 3586 ad
3756 3546 3849 3586 eos

2249 3636 2500 3676 securum
2531 3619 2738 3676 habens
2768 3620 3010 3679 fructum
3045 3620 3170 3677 ﬁdei
3192 3629 3246 3677 et
3277 3621 3434 3677 bonae
3463 3621 3850 3678 conversatio-

2249 3726 2337 3765 ms
2357 3725 2568 3764 eorum.

2325 3807 2506 3879 (Vers.
2547 3805 2602 3873 9,
2634 3805 2745 3875 10.)
2792 3829 2811 3852 ι
2839 3805 3012 3871 Quam
3058 3806 3205 3860 enim
3236 3808 3529 3880 gratiarum
3563 3807 3841 3864 actionem

2250 3911 2538 3969 possumus
2585 3897 2787 3950 referre
2813 3895 2926 3949 Deo
2955 3894 3021 3950 de
3053 3895 3211 3950 vobis
3247 3913 3409 3967 super
3437 3897 3589 3953 omni
3623 3899 3846 3971 gaudio,

2250 4001 2358 4058 quo
2389 3983 2688 4057 gaudemus
2718 3992 2937 4056 propter
2957 4001 3054 4040 vos
3085 4001 3265 4040 coram
3297 3987 3410 4041 Deo
3441 3997 3657 4056 nostro,
3692 3997 3847 4046 nocte

2251 4076 2448 4148 dieque
2528 4075 2998 4130 abundantissime
3081 4082 3298 4131 orantes
3331 4119 3346 4144 ,
3421 4085 3484 4133 ut
3564 4080 3850 4136 videamus

2250 4165 2446 4222 faciem
2494 4173 2755 4231 vestram,
2795 4173 2848 4220 et
2891 4167 3260 4237 suppleamus,
3311 4181 3430 4238 quae
3481 4167 3683 4223 desunt
3724 4169 3849 4225 ﬁdei

2251 4265 2466 4313 vestrae.
2499 4281 2518 4304 ι
2565 4255 2714 4313 Nihil
2759 4255 2896 4312 dicit
2945 4263 3057 4311 tam
3104 4257 3357 4329 dignum,
3408 4260 3554 4330 quod
3599 4259 3853 4316 sufﬁcere

2252 4345 2424 4419 possit
2463 4345 2528 4402 ad
2577 4345 3077 4418 compensationem
3134 4346 3416 4418 acquisita
3468 4349 3658 4403 salutis
3708 4365 3852 4420 gen-

2250 4437 2413 4492 tium.
2472 4437 2543 4490 Et
2599 4435 2858 4508 quoniam
2917 4443 3281 4507 provexerant
3339 4453 3393 4491 se
3447 4438 3852 4509 perseverantia

2254 4523 2402 4592 ﬁdei,
2435 4533 2487 4580 et
2534 4532 2658 4580 actu
2702 4525 2832 4579 vitae
2882 4523 3149 4592 melioris,
3180 4525 3354 4596 magis
3400 4541 3460 4579 ac
3492 4524 3665 4596 magis
3696 4527 3848 4598 cupit

552 4631 716 4672 mur:
751 4620 806 4668 et
858 4610 1110 4667 misimus
1163 4605 1514 4662 Timotheum
1550 4605 1771 4661 fratrem
1795 4610 2071 4714 nostrujmﬁ
2093 4609 2146 4657 et
2181 4654 2223 4714 Ο
2255 4632 2346 4670 eos
2401 4615 2608 4683 videre,
2643 4624 2704 4670 ιη
2759 4631 2822 4670 ea
2879 4631 2998 4687 quae
3046 4614 3113 4670 ad
3173 4614 3564 4686 perfectionem
3620 4613 3845 4670 illorum

660 4703 690 4714 νο
733 4703 744 4714 ι
1056 4700 1066 4709 ο
1129 4697 1221 4714 ἢκ·
1257 4697 1300 4714 ομ
1339 4696 1482 4714 n,_-,_
1507 4693 1632 4714 ,,-12-
1671 4692 1874 4714 ηι...ε-.;
1940 4710 1956 4714 -
2089 4709 2142 4714 Α-
2359 4704 2392 4714 Α.
2517 4712 2523 4714 Α
2675 4704 2712 4714 «ι.
2858 4712 2865 4714 .
3260 4712 3267 4714 .
3447 4702 3500 4714 ⁸1⁸
3576 4710 3586 4714 -

551 4703 874 4778 participem
920 4700 1100 4773 operis
1127 4697 1224 4753 Dei
1255 4697 1310 4751 in
1337 4693 1639 4766 Evangelio
1671 4692 1899 4759 Christi,
1935 4691 2003 4748 ad
2041 4691 2146 4749 hoc

553 4801 615 4851 ut
643 4802 696 4849 et
726 4810 824 4848 vos
870 4790 1180 4856 conﬁrmet,
1213 4793 1267 4842 et
1293 4785 1614 4858 deprecetur
1667 4799 1766 4856 pro
1805 4782 1911 4838 ﬁde
1941 4791 2142 4850 vestra,

553 4899 622 4940 ne
653 4883 776 4955 quis
804 4887 1091 4937 moveatur
1118 4879 1178 4933 in
1207 4877 1297 4932 his
1338 4876 1621 4948 pressuris.
1656 4873 1764 4945 Ipsi
1796 4872 1943 4927 enim
1994 4871 2146 4927 scitis

558 4973 689 5046 quia
729 4971 796 5028 ad
853 4971 960 5027 hoc
1009 4968 1174 5042 positi
1241 4983 1469 5034 sumus;
1526 4981 1653 5020 nam
1701 4972 1754 5020 et
1811 4979 1935 5019 cum
2001 4961 2148 5033 apud

557 5079 656 5118 vos
712 5078 954 5129 eramus,
1021 5056 1453 5133 prredicebamus
1518 5055 1677 5111 vobis
1740 5070 1992 5126 passuros
2049 5070 2148 5109 nos

557 5167 863 5227 pressuram
899 5151 998 5224 (7),
1031 5150 1172 5205 sicut
1228 5149 1435 5205 factum
1476 5154 1580 5214 est,
1628 5153 1682 5202 et
1731 5145 1901 5202 scitis.
1937 5169 1954 5193 ι
1998 5144 2146 5200 Desi-

555 5243 694 5300 derii
756 5257 922 5314 supra
980 5238 1268 5296 memorati
1331 5254 1519 5294 causas
1585 5236 1873 5308 expressit.
1938 5234 2148 5292 Idcirco

556 5333 704 5390 enim
734 5336 1027 5404 praesentes
1055 5345 1170 5384 esse
1198 5326 1342 5399 apud
1372 5343 1464 5382 eos
1508 5325 1784 5393 volebant,
1831 5332 1892 5380 ut
1938 5325 2149 5380 animos

517 5495 521 5498 .
557 5438 745 5478 eorum
779 5420 1082 5486 ﬁrmarent,
1104 5434 1173 5473 ne
1202 5417 1324 5489 quis
1355 5433 1420 5472 ex
1454 5415 1541 5471 his
1571 5414 1887 5472 scandalum
1928 5422 2150 5488 patere-

554 5518 646 5566 tur
701 5511 768 5567 de
816 5507 1084 5582 pressuris
1137 5507 1535 5579 apostolorum,
1577 5509 1720 5567 280
1750 5513 1812 5560 ut
1860 5505 1954 5578 qui
2000 5513 2151 5560 tanta

556 5605 709 5679 signa
737 5605 996 5672 facerent,
1037 5602 1332 5677 aliquando
1361 5601 1776 5659 inﬁrmarentur
1812 5618 1824 5658 :
1858 5601 1937 5658 ita.
1968 5600 2148 5658 humi-

629 5794 711 5866 (7)
743 5793 1006 5853 Nonnulli
1035 5809 1189 5865 mss,
1214 5809 1472 5868 passuros
1498 5809 1589 5850 vos
1612 5806 1945 5864 pressuram.

2255 4704 2554 4777 pertinent,
2628 4704 2892 4770 ediscant,
2970 4712 3309 4759 sacramenta
3384 4702 3594 4759 scilicet
3663 4719 3846 4759 rerum

2254 4795 2628 4867 spiritalium,
2669 4811 2788 4867 quae
2833 4793 2992 4850 facile
3033 4794 3302 4866 publicari
3351 4811 3461 4849 non
3507 4794 3710 4850 debent
3744 4814 3755 4851 :
3793 4803 3850 4851 ut

2255 4885 2459 4942 scirent
2515 4885 2640 4959 quis
2691 4894 2745 4941 et
2796 4901 2957 4958 quam
3017 4885 3322 4942 immensus
3377 4893 3459 4940 est
3513 4885 3627 4953 ille,
3688 4901 3846 4958 quem

2250 4975 2492 5048 judicem
2537 4975 2844 5047 sperabant.
2879 4974 3047 5030 Aliud
3078 4981 3159 5030 est
3209 4974 3354 5029 enim
3388 4972 3550 5028 ﬁdem
3583 4973 3846 5046 accipere,

2256 5073 2310 5121 et
2339 5063 2491 5120 aliud
2522 5063 2926 5137 expositionem
2949 5062 3074 5119 ﬁdei
3111 5081 3122 5118 :
3153 5065 3324 5119 altera
3362 5062 3508 5118 enim
3549 5063 3849 5136 disputatio

2257 5162 2338 5210 est
2368 5153 2434 5209 de
2463 5161 2659 5208 natura
2686 5153 2861 5209 Patris
2891 5161 2944 5209 et
2975 5152 3124 5220 Filii,
3157 5160 3210 5207 et
3238 5147 3344 5206 alia
3375 5151 3442 5208 de
3464 5152 3712 5224 personis
3745 5153 3848 5224 (8).

2257 5247 2415 5302 Pater
2446 5243 2722 5317 ingenitus
2760 5253 2860 5313 est,
2893 5242 3070 5298 Filius
3107 5258 3240 5296 vero
3288 5241 3506 5314 genitus
3536 5261 3547 5298 :
3583 5251 3847 5315 quantum

2257 5335 2324 5391 ad
2356 5351 2612 5407 personas
2657 5333 2918 5405 pertinet,
2968 5330 3250 5388 diversum
3305 5329 3548 5400 videtur,
3596 5349 3722 5389 cum
3783 5332 3850 5387 sit

2258 5424 2548 5481 individua
2578 5424 2760 5479 unitas
2793 5430 3040 5488 naturae;
3073 5420 3260 5476 unitas
3307 5421 3453 5475 enim
3486 5437 3597 5477 non
3630 5420 3688 5477 in
3721 5438 3850 5495 per—

2256 5528 2389 5568 sona
2430 5520 2531 5578 est,
2564 5511 2656 5566 sed
2685 5511 2742 5566 in
2767 5510 3076 5566 substantia
3108 5527 3119 5565 :
3153 5507 3391 5581 Spiritus
3419 5516 3599 5564 autem
3632 5518 3852 5566 sanctus

2258 5617 2368 5660 non
2422 5600 2656 5674 degener
2709 5606 2950 5672 putetur,
3009 5597 3138 5671 quia
3198 5597 3394 5654 tertius
3451 5598 3696 5670 ponitur.
3749 5598 3850 5666 Qui

2329 5788 2411 5860 (8)
2443 5790 2599 5848 Rom.
2632 5786 2788 5858 edit,
2820 5793 2870 5845 et
2892 5787 3022 5845 Filii
3049 5793 3097 5846 et
3125 5787 3363 5862 Spiritus
3391 5785 3579 5845 sancti.
