3970 6358
223 411 326 471 473

1218 412 1578 470 COMMENT.
1622 414 1694 470 IN
1731 413 1946 471 EPIST.
1989 415 2012 472 I
2048 417 2145 473 AD
2174 416 2506 475 THESSAL.

3411 419 3516 479 Mi

216 556 344 613 ergo
375 539 444 597 de
486 536 729 596 secunda
770 553 1004 612 persona
1033 555 1142 595 non
1190 539 1439 612 ambigit,
1489 539 1733 598 admittit
1761 549 1814 598 et
1841 543 1889 602 A
1921 541 2127 614 spernit
2155 542 2292 611 haec,
2328 559 2437 598 non
2469 542 2751 600 hominem
2795 546 3024 617 spernit,
3052 546 3148 603 sed
3186 548 3382 616 Deum,
3417 538 3514 622 qui

215 630 459 686 tertiam.

291 720 478 792 (Vers.
531 721 645 791 11.)
704 745 722 766 -
751 721 870 792 Ipse
908 735 1039 776 vero
1076 721 1222 776 Deus
1252 727 1306 776 et
1333 720 1492 776 Pater
1520 729 1726 789 noster,
1759 730 1814 779 et

217 810 489 868 Dominus
509 819 694 867 noster
721 811 874 866 Jesus
894 809 1144 867 Christus
1175 810 1374 882 dirigat
1399 811 1545 866 viam
1569 821 1814 868 nostram

218 899 286 956 ad
308 917 423 956 vos.
459 925 477 949 ›
521 901 736 972 [ntegro
765 898 957 955 ordine
988 899 1090 956 iter
1115 917 1274 956 suum
1305 900 1522 972 disponi
1553 903 1812 974 postulat,

219 992 461 1064 primum
513 1009 545 1048 a
591 993 704 1046 Deo
751 991 926 1058 Patre,
974 991 1102 1063 quia
1131 991 1200 1046 ab
1258 991 1374 1063 ipso
1417 1001 1546 1048 sunt
1590 993 1811 1048 omnia:

219 1079 420 1136 deinde
474 1097 506 1136 a
560 1080 797 1136 Domino
837 1081 962 1136 Jesu
1019 1080 1258 1147 Christo,
1324 1098 1416 1152 per
1473 1097 1632 1153 quem
1688 1087 1817 1137 sunt

220 1170 430 1238 omnia,
464 1177 526 1225 ut
564 1169 741 1226 virtus
787 1179 948 1243 atque
995 1170 1343 1243 providentia
1385 1171 1560 1226 Patris
1604 1177 1656 1224 et
1686 1169 1816 1225 Filii

219 1259 521 1316 adventum
570 1259 689 1331 ejus
730 1261 1097 1330 commendet,
1128 1270 1182 1318 et
1228 1269 1289 1317 ut
1325 1259 1675 1332 acceptabilis
1723 1260 1818 1317 ﬁat

219 1349 575 1406 audientibus
602 1366 678 1418 se,
711 1360 763 1406 et
805 1350 1199 1422 impedimenta
1235 1351 1443 1407 diaboli
1473 1351 1819 1406 solverentur

223 1439 292 1496 ad
323 1440 673 1512 dirigendum
703 1441 808 1497 iter
831 1441 969 1513 ejus.

295 1530 478 1600 (Vers.
505 1530 592 1598 12,
627 1530 739 1601 13.)
783 1556 801 1578 ι
826 1532 940 1588 Vos
968 1539 1148 1588 autem
1175 1532 1446 1588 Dominus
1466 1531 1814 1604 multiplicet,

227 1627 283 1675 et
315 1617 596 1676 abundare
626 1619 788 1676 faciat
804 1620 1070 1677 charitate
1099 1621 1156 1677 in
1186 1623 1423 1679 invicem
1455 1621 1512 1678 in
1540 1639 1658 1690 vos,
1688 1629 1741 1677 et
1761 1621 1818 1677 in

222 1725 414 1766 omnes
469 1710 574 1782 (9),
623 1710 766 1768 sicut
822 1719 877 1767 et
924 1728 1024 1768 nos
1078 1712 1136 1768 in
1187 1729 1286 1769 vos
1321 1713 1389 1769 ad
1445 1713 1823 1770 conﬁrmanda

223 1802 393 1858 corda
443 1810 625 1858 vestra
681 1803 1060 1875 irreprehensa
1104 1804 1162 1860 in
1219 1806 1581 1862 sanctimonia
1637 1821 1819 1862 coram

1921 632 2073 688 dedit
2116 633 2383 706 Spiritum
2442 640 2692 690 sanctum
2744 633 2800 688 in
2859 633 3037 690 nobis.
3096 657 3114 681 ι
3188 635 3259 691 Ut
3314 637 3516 694 fortius

1922 721 2186 793 astringat
2227 722 2295 778 ad
2343 739 2424 790 ea,
2469 740 2589 796 quae
2619 722 2799 792 docet,
2849 723 2946 778 Dei
2994 724 3297 795 interponit
3335 741 3513 798 perso-

1924 827 2050 866 nam
2094 813 2232 882 (10),
2291 811 2509 868 dicens:
2575 812 2742 867 «Non
2796 810 3075 868 hominem
3135 812 3363 884 spernit,
3419 813 3516 887 qui

1923 902 2165 973 praeterit
2222 909 2507 974 praecepta,
2558 901 2652 957 sed
2697 904 2892 958 Deum.
2925 926 2942 948 -
2996 903 3166 970 Quem
3224 901 3347 958 ideo
3381 901 3519 960 dicit

1925 991 2188 1062 Spiritum
2238 1000 2485 1048 sanctum
2522 992 2681 1048 nobis
2723 991 2957 1059 dedisse,
3015 999 3078 1046 ut
3123 999 3307 1048 sancte
3357 991 3517 1047 viva-

1925 1097 2068 1148 mus,
2110 1081 2238 1154 quia
2294 1082 2350 1136 in
2389 1098 2614 1154 corpore
2655 1082 2878 1138 subdito
2935 1081 3173 1154 peccatis
3217 1096 3326 1137 non
3366 1080 3517 1137 habi-

1925 1177 2004 1226 tat
2032 1170 2269 1242 Spiritus
2298 1181 2518 1228 sanctus
2550 1173 2702 1243 (Sap.
2743 1190 2782 1238 1,
2812 1171 2893 1242 4).

1999 1260 2180 1329 (Vers.
2233 1261 2289 1329 9,
2338 1261 2449 1331 10.)
2509 1284 2529 1308 ι
2571 1262 2648 1317 De
2695 1260 2983 1317 affectione
3011 1267 3192 1315 autem
3253 1259 3521 1315 fraterni-

1926 1351 2054 1407 tatis
2102 1369 2211 1408 non
2261 1351 2526 1408 habemus
2570 1351 2944 1410 necessitatem
2994 1349 3271 1407 scribendi
3321 1349 3518 1416 vobis;

1927 1439 2032 1511 ipsi
2061 1441 2208 1496 enim
2243 1458 2275 1496 a
2302 1442 2415 1496 Deo
2443 1441 2621 1497 edocti
2653 1441 2785 1498 estis
2814 1441 2882 1497 ad
2928 1441 3033 1496 hoc
3061 1449 3123 1496 ut
3151 1456 3250 1496 vos
3280 1439 3520 1494 invicem

1927 1530 2171 1602 diligatis
2215 1531 2396 1600 (Joan.
2429 1548 2526 1599 xv,
2561 1533 2674 1601 17).
2700 1555 2720 1578 ι
2776 1561 2847 1572 -
2888 1554 2907 1576 ι
2941 1530 3078 1586 Nam
3107 1537 3162 1585 et
3206 1527 3312 1584 hoc
3342 1527 3524 1583 facitis

1929 1621 1986 1676 in
2031 1637 2222 1676 omnes
2276 1620 2469 1676 fratres
2519 1637 2615 1692 per
2667 1620 2982 1675 universam
3041 1617 3435 1674 Macedoniam.
3490 1639 3510 1663 ι

1929 1711 2108 1767 Etiam
2150 1711 2256 1767 hoc
2302 1727 2425 1767 cum
2470 1711 2645 1767 facere
2693 1710 2818 1766 illos
2857 1708 3060 1775 laudat,
3092 1714 3406 1765 commonet
3449 1714 3526 1762 ta-

1930 1819 2056 1860 men
2098 1807 2160 1857 ut
2203 1801 2530 1873 propensius
2567 1800 2623 1856 id
2668 1808 2852 1874 agant:
2917 1815 3054 1872 quos
3101 1797 3249 1852 enim
3281 1796 3350 1851 ab
3406 1795 3526 1867 ipso

222 1891 338 1947 Deo
369 1897 422 1948 et
449 1891 610 1947 Patre
651 1901 842 1948 nostro
873 1893 929 1948 in
973 1893 1214 1949 adventu
1242 1895 1465 1950 Domini
1493 1894 1664 1950 nostri
1694 1896 1818 1950 Jesu
1849 1906 1896 1967 Β
1930 1899 2043 1953 Deo
2081 1893 2272 1952 doctos
2325 1894 2482 1962 dicit,
2523 1890 2886 1965 promptiores
2926 1904 3040 1946 esse
3069 1886 3266 1944 debere
3309 1886 3366 1941 in
3404 1884 3526 1941 fra-

232 1977 439 2036 Christi
488 1996 612 2036 cum
663 1980 922 2038 omnibus
961 1982 1164 2038 sanctis
1207 1983 1339 2039 suis.
1374 2008 1392 2031 ι
1442 1985 1511 2040 Ut
1561 1983 1821 2055 gaudium

225 2084 411 2136 suum,
460 2084 570 2141 quo
617 2068 684 2124 de
728 2070 807 2126 eis
847 2071 1066 2142 gaudet,
1107 2075 1352 2129 cumulet
1380 2073 1635 2130 omnibus
1663 2073 1825 2129 bonis

224 2157 584 2228 multiplicari
615 2158 742 2215 illos
783 2169 1007 2232 exoptat
1040 2179 1052 2228 ;
1087 2169 1148 2217 ut
1196 2163 1424 2219 veniens
1462 2161 1529 2217 ad
1559 2179 1670 2229 eos,
1703 2163 1824 2234 plus

225 2242 474 2301 inveniat
502 2245 558 2300 in
587 2245 686 2313 eis,
719 2247 866 2320 quod
923 2249 1082 2304 laude
1110 2249 1338 2322 dignum
1370 2251 1460 2318 sit,
1493 2266 1655 2322 quam
1678 2249 1825 2304 aTi-

227 2333 452 2390 motheo
481 2335 764 2392 audierat:
817 2345 879 2393 ut
922 2338 1427 2412 irreprehensibiles
1471 2340 1825 2396 inveniantur

227 2438 356 2478 cum
396 2423 600 2480 sanctis
650 2423 708 2479 in
751 2424 1016 2483 charitate
1045 2427 1145 2484 Dei
1175 2429 1370 2497 Patris,
1401 2438 1455 2486 et
1498 2429 1556 2484 in
1585 2428 1825 2485 adventu

228 2513 454 2568 Domini
484 2513 659 2570 nostri
685 2515 811 2571 Jesu
841 2516 1069 2585 Christi,
1099 2535 1223 2574 cum
1252 2519 1478 2590 coeperit
1499 2524 1625 2572 ante
1655 2515 1826 2572 tribu-

230 2601 324 2656 nal
382 2600 500 2672 ejus
570 2605 906 2662 examinatio
968 2607 1216 2680 singulos
1273 2606 1593 2679 approbare.
1651 2608 1825 2661 Deum

230 2702 391 2749 vocat
457 2703 679 2768 propter
735 2706 997 2754 terrorem
1053 2698 1352 2769 majestatis
1403 2699 1550 2771 ejus:
1612 2699 1826 2752 Patrem

235 2797 368 2837 vero
397 2791 619 2856 pr0pter
660 2784 1077 2857 benignitatem,
1111 2803 1218 2858 qua
1261 2787 1518 2858 dignatur
1545 2785 1826 2843 credentes

233 2869 342 2926 sibi
369 2871 627 2944 adoptare
661 2873 716 2928 in
745 2873 912 2941 ﬁlios,
946 2873 1094 2947 quod
1123 2879 1181 2930 in
1202 2874 1444 2930 adventu
1471 2875 1696 2932 Domini
1717 2891 1826 2930 ma-

234 2959 603 3018 nifestabitur.

859 3089 1086 3147 CAPUT
1114 3091 1208 3147 IV.

311 3185 495 3258 (Vers.
536 3187 614 3260 1.)
661 3212 679 3234 ‹
709 3186 865 3254 Quod
896 3197 1140 3260 superest
1169 3188 1374 3262 itaque,
1407 3188 1620 3256 fratres,
1663 3205 1828 3260 roga—

237 3290 360 3331 mus
404 3293 502 3332 vos
548 3285 601 3334 et
639 3278 986 3335 obsecramus
1028 3280 1084 3335 in
1119 3281 1356 3336 Domino
1383 3280 1530 3346 Jesu,
1563 3289 1623 3335 ut
1651 3295 1835 3352 quem-
1869 3259 1912 3320 Ο

237 3364 538 3423 admodum
570 3370 855 3442 accepistis
892 3387 923 3425 a
972 3369 1131 3426 nobis
1176 3370 1411 3442 qualiter
1450 3377 1696 3442 oporteat
1742 3385 1839 3424 vos

242 3453 543 3522 ambulare,
591 3464 646 3512 et
692 3458 906 3529 placere
950 3460 1085 3525 Deo,
1136 3457 1279 3514 sicut
1323 3465 1375 3512 et
1405 3457 1721 3525 ambulatis,
1778 3466 1841 3514 ut

241 3547 536 3604 abundetis
564 3551 756 3623 magis.
792 3577 811 3601 ι
871 3553 986 3608 Hoc
1013 3560 1115 3620 est,
1159 3551 1305 3624 quod
1347 3567 1510 3623 supra
1539 3550 1680 3617 dixi,
1712 3549 1842 3624 quia

247 3639 386 3698 281
457 3637 525 3692 ad
587 3639 980 3696 cumulandum
1041 3639 1302 3712 gaudium
1379 3656 1539 3695 suum
1600 3655 1842 3696 crescere

244 3732 374 3789 illos
426 3735 550 3790 vult
599 3734 658 3790 in
715 3735 877 3792 bonis
921 3737 1178 3810 operibus
1233 3737 1536 3795 secundum
1588 3737 1844 3794 mandata

243 3823 566 3894 apostolica.

317 3910 502 3978 (Vers.
538 3911 693 3984 2-6.)
740 3936 758 3960 ε
782 3913 945 3971 Scitis
973 3915 1120 3972 enim
1152 3932 1272 3989 qua;
1302 3926 1571 3989 praecepta
1599 3917 1844 3974 dederim

247 3999 409 4056 vobis
439 4017 535 4072 per
568 4002 866 4060 Dominum
902 4013 1150 4060 nostrum
1195 4007 1399 4062 Jesum.
1439 4007 1574 4062 Nam
1621 4007 1738 4062 haec
1766 4015 1848 4063 est

247 4090 508 4145 voluntas
555 4091 653 4146 Dei
703 4093 1064 4150 sanctiﬁcatio
1113 4103 1312 4163 vestra,
1363 4095 1634 4151 abstinere
1674 4112 1772 4151 vos
1817 4111 1849 4152 a

251 4177 643 4247 fornicatione,
676 4189 732 4236 et
765 4181 903 4238 scire
934 4200 1381 4257 unumquemque
1412 4194 1655 4240 vestrum
1686 4201 1846 4241 suum

254 4284 353 4324 vas
381 4267 658 4341 possidere
681 4270 736 4325 in
761 4271 1126 4328 sanctimonia
1154 4283 1208 4328 et
1237 4273 1475 4330 honore:
1513 4291 1623 4330 non
1654 4273 1710 4328 in
1735 4291 1848 4346 pas-

251 4355 406 4412 sione
438 4355 721 4424 desiderii,
751 4359 894 4415 sicut
923 4368 976 4415 et
1007 4370 1192 4432 gentes
1213 4377 1331 4433 quae
1364 4362 1618 4433 ignorant
1644 4363 1845 4417 Deum:

248 4451 304 4500 et
334 4455 394 4501 ut
423 4462 492 4502 ne
521 4447 645 4519 quis
671 4449 1133 4521 supergrediatur,
1164 4467 1339 4524 neque
1368 4450 1762 4508 circumveniat
1792 4449 1851 4505 in

252 4535 476 4606 negotio
501 4535 725 4593 fratrem
757 4539 1214 4611 suum,quoniam
1246 4540 1452 4596 vindex
1484 4547 1566 4596 est
1583 4540 1852 4596 Dominus

250 4622 317 4680 de
347 4623 436 4680 his
459 4625 717 4683 omnibus
744 4671 756 4692 ,
777 4628 921 4684 sicut
949 4636 1002 4684 et
1032 4629 1388 4701 praediximus
1417 4629 1594 4698 vobis,
1624 4638 1676 4686 et
1703 4629 1850 4686 testi-
1890 4627 1938 4685 D

252 4715 407 4771 ﬁcati
438 4733 650 4774 sumus.
679 4743 697 4766 ι
739 4719 1005 4786 Quamvis
1035 4721 1218 4776 laudet
1247 4738 1339 4778 eos
1369 4720 1423 4776 in
1455 4728 1571 4777 tota
1599 4719 1845 4791 epistola,

250 4811 437 4860 tamen
485 4815 800 4864 commonet
844 4826 912 4864 ne
944 4809 1128 4882 aliqua
1167 4809 1520 4883 subreptione
1561 4810 1627 4864 ad
1656 4808 1850 4864 illicita

253 4892 627 4961 deducantur,
659 4903 712 4951 et
745 4897 1030 4954 incurrant
1059 4899 1385 4968 vindictam,
1415 4915 1575 4971 quam
1598 4897 1849 4953 ultricem

253 4982 527 5038 malorum
575 4983 922 5042 didicerunt:
969 4987 1204 5044 scientes
1253 4987 1357 5044 hoc
1399 4989 1510 5043 Deo
1543 4988 1774 5060 placere,
1807 4986 1852 5041 si

253 5086 489 5142 corpora
517 5089 616 5129 sua
663 5073 1097 5131 incontaminata
1126 5075 1461 5144 custodiant,
1506 5075 1598 5131 sed
1645 5083 1698 5132 et
1726 5090 1852 5131 cum

255 5161 521 5218 fratribus
575 5163 905 5238 simpliciter
969 5173 1148 5238 agant,
1224 5181 1291 5221 ne
1341 5165 1549 5222 similes
1603 5163 1855 5238 gentibus

251 5251 492 5320 inventi,
525 5253 838 5327 adoptionis
869 5254 1090 5310 nomine
1117 5253 1460 5311 abdicantur.

329 5340 512 5413 (Vers.
547 5342 600 5412 7,
629 5343 712 5416 8.)
760 5369 777 5391 ι
805 5343 926 5401 Non
957 5342 1104 5398 enim
1124 5343 1344 5399 vocavit
1373 5359 1474 5398 nos
1501 5343 1646 5398 Deus
1677 5341 1733 5396 in
1756 5341 1856 5397 im-

256 5431 614 5502 munditiam,
663 5432 760 5490 sed
795 5433 850 5489 in
895 5433 1335 5490 sanctimoniam.
1385 5432 1726 5505 Quapropter
1763 5429 1856 5505 qui

328 5576 410 5649 (9)
448 5577 606 5634 Rom.
635 5575 793 5649 edit.,
823 5576 878 5631 in
907 5593 998 5631 nos
1027 5583 1074 5632 et
1111 5578 1167 5632 in
1195 5593 1368 5634 omnes
1389 5584 1491 5649 ,jet
1520 5583 1644 5649 post
1669 5577 1855 5647 paulo,

255 5647 418 5719 corda
461 5654 635 5702 vestra
663 5648 1149 5719 irreprehensibilia
1173 5667 1195 5716 ,'
1225 5655 1336 5705 vet.
1369 5648 1501 5704 edit.
1521 5647 1594 5706 ac
1625 5664 1754 5703 mss.
1796 5653 1860 5704 ut

251 5717 310 5774 in
358 5725 561 5796 textu,
597 5718 708 5775 nisi
751 5717 898 5792 quod
955 5720 1012 5778 in
1075 5738 1204 5779 mss.
1264 5719 1591 5796 quibusdam
1637 5719 1856 5792 legitur,

255 5789 417 5846 corda
447 5795 653 5846 nostra.

1933 1995 2091 2043 terna
2143 1985 2440 2042 dilectione
2486 1983 2779 2055 signiﬁcat.
2829 1983 3056 2053 Propter
3109 1979 3336 2034 multam
3375 1976 3526 2033 enim

1935 2077 2255 2134 charitatem
2307 2077 2453 2131 Deus
2497 2075 2756 2130 misertus
2799 2080 2880 2128 est
2921 2069 3118 2136 nostri,
3152 2067 3310 2140 cujus
3349 2066 3527 2125 imita-

1935 2173 2081 2222 tores
2109 2165 2309 2232 eﬁ'ecti,
2353 2181 2465 2220 non
2503 2161 2782 2218 immerito
2811 2161 3097 2234 adoptatos
3143 2173 3242 2213 nos
3275 2155 3530 2214 ostendi-

1937 2272 2060 2311 mus
2089 2272 2119 2310 a
2149 2257 2260 2310 Deo
2293 2254 2350 2310 in
2379 2253 2543 2309 ﬁlios.

2013 2353 2193 2426 (Vers.
2233 2354 2344 2424 11.)
2390 2378 2408 2400 ι
2440 2354 2736 2410 Hortamur
2763 2357 2944 2406 autem
2973 2365 3091 2416 vos,
3127 2348 3342 2415 fratres,
3361 2345 3532 2402 abun-

1936 2445 2066 2501 dare
2117 2445 2311 2516 magis,
2357 2453 2410 2500 et
2443 2445 2578 2500 eniti
2619 2442 2919 2516 quiescere,
2962 2447 3018 2496 et
3063 2446 3305 2494 vestrum
3355 2452 3531 2507 nego-

1937 2539 2077 2594 tium
2114 2555 2291 2609 agere,
2332 2546 2386 2594 et
2420 2537 2631 2611 operari
2672 2535 2927 2591 manibus
2955 2531 3170 2597 vestris,
3203 2529 3346 2586 sicut
3374 2526 3534 2584 vobis

1938 2631 2327 2703 praecepimus:
2371 2637 2432 2684 ut
2460 2630 2688 2685 honeste
2717 2625 3011 2681 ambuletis
3049 2621 3118 2678 ad
3149 2637 3242 2677 eos
3271 2620 3362 2692 qui
3398 2617 3533 2674 foris

1939 2727 2085 2788 sunt,
2120 2727 2173 2774 et
2218 2717 2426 2774 nullius
2464 2716 2797 2772 desiderium
2845 2714 2917 2770 sit
2945 2713 3002 2768 in
3042 2709 3220 2765 vobis.
3251 2733 3268 2755 ι
3327 2709 3532 2763 Iterum

1938 2808 2123 2863 eadem
2195 2807 2466 2873 hortatur,
2525 2813 2589 2860 ut
2644 2803 2768 2859 data
2821 2817 2983 2874 opera
3037 2796 3317 2854 abundent
3371 2793 3533 2850 bonis

1939 2896 2152 2953 actibus
2176 2914 2189 2963 ;
2224 2903 2285 2952 ut
2311 2895 2459 2951 enim
2478 2893 2749 2965 signiﬁcet
2773 2907 2899 2946 vere
2919 2891 3024 2945 hoc
3042 2905 3178 2953 esse,
3199 2885 3343 2960 quod
3358 2885 3536 2958 placet

1939 2987 2053 3042 Deo
2084 2986 2224 3056 (11),
2273 2984 2585 3057 frequenter
2615 2982 2721 3037 hoc
2749 2987 2953 3036 monet.
3003 2976 3236 3033 Iustitiae
3265 2975 3411 3030 enim
3444 2969 3538 3027 via

1940 3075 2177 3150 tenenda
2214 3084 2314 3143 est,
2345 3083 2407 3129 ut
2444 3073 2512 3128 ad
2545 3069 2976 3128 misericordiam
3004 3067 3128 3139 jure
3158 3067 3440 3121 veniatur:
3473 3068 3536 3118 ut

1940 3166 2034 3240 qui
2074 3173 2204 3221 sunt
2255 3164 2544 3221 inferiores
2574 3161 2902 3229 substantia,
2954 3158 3208 3214 manibus
3249 3153 3531 3210 laborent:

1948 3265 2010 3312 ut
2038 3257 2153 3328 ipsa
2183 3255 2488 3311 intentione
2517 3253 2784 3309 tollantur
2823 3267 2854 3306 a
2889 3248 3103 3322 vulgari
3131 3244 3534 3320 inquietudine,

1947 3355 2001 3402 et
2028 3363 2195 3418 prava
2224 3346 2576 3418 cogitatione,
2618 3349 2679 3398 ut
2722 3341 3015 3413 disciplina
3051 3353 3240 3396 eorum
3270 3336 3436 3392 etiam
3470 3333 3539 3390 ab

1950 3435 2266 3491 inﬁdelibus
2296 3435 2568 3501 laudetur,
2603 3440 2658 3488 et
2689 3429 2976 3505 provocari
3008 3428 3074 3484 ad
3107 3427 3268 3483 ﬁdem
3302 3425 3534 3498 possint.

2023 3532 2204 3603 (Vers.
2258 3533 2342 3600 12,
2379 3531 2492 3602 13.)
2554 3556 2570 3577 α
2597 3529 2867 3584 Nolumus
2915 3536 3094 3583 autem
3134 3541 3232 3581 vos
3264 3523 3537 3594 ignorare,

1949 3619 2164 3688 fratres,
2197 3621 2264 3676 de
2294 3619 2362 3676 iis
2385 3621 2479 3694 qui
2511 3619 2830 3686 dormiunt;
2862 3634 2930 3673 ne
2960 3612 3363 3672 contristemini
3396 3610 3538 3681 (12),

1951 3709 2094 3766 sicut
2139 3717 2192 3764 et
2221 3709 2404 3765 caeteri
2437 3710 2531 3782 qui
2579 3724 2728 3781 spem
2771 3724 2882 3764 non
2914 3705 3136 3761 habent.
3169 3705 3304 3760 Nam
3337 3702 3383 3758 si
3413 3717 3542 3758 cre-

1952 3799 2136 3856 dimus
2180 3797 2326 3869 quod
2356 3799 2510 3853 Jesus
2540 3805 2789 3853 mortuus
2830 3805 2911 3853 est
2941 3804 2993 3852 et
3027 3793 3348 3859 resurrexit,
3381 3792 3460 3847 sic
3489 3798 3544 3848 et

1952 3890 2098 3945 Deus
2123 3887 2248 3943 illos
2287 3887 2380 3958 qui
2423 3886 2787 3955 dormierunt,
2819 3902 2915 3958 per
2942 3885 3124 3940 Jesuin
3157 3881 3391 3938 adducet
3418 3896 3542 3935 cum

1954 3993 2040 4045 eo,
2073 4003 2090 4026 ι
2151 3976 2438 4033 Manifesta
2475 3983 2556 4031 est
2598 3975 2760 4044 ratio,
2805 3975 2936 4047 quia
2966 3973 3011 4028 si
3052 3969 3377 4029 resurrectio
3415 3984 3544 4025 cre-

1955 4065 2106 4122 ditur
2137 4074 2477 4122 mortuorum
2510 4065 2715 4131 futura,
2748 4079 2857 4119 non
2879 4071 3008 4119 sunt
3040 4060 3280 4135 lugendi,
3304 4059 3397 4132 qui
3420 4074 3543 4114 cum

1957 4157 2114 4229 signo
2151 4156 2330 4212 crucis
2367 4162 2588 4210 exeunt.
2623 4153 2867 4225 Lugendi
2913 4161 3093 4207 autem
3128 4166 3254 4207 vere
3291 4159 3419 4206 sunt
3453 4149 3548 4204 in-

1958 4246 2164 4314 ﬁdeles,
2200 4245 2293 4318 qui
2343 4245 2474 4301 hinc
2521 4249 2805 4298 transeunt
2849 4242 2907 4297 in
2951 4240 3276 4314 gehennam,
3310 4246 3372 4294 ut
3421 4235 3550 4293 edi-

1959 4344 2111 4393 scant
2142 4352 2333 4391 verum
2383 4351 2496 4390 esse
2541 4334 2686 4408 quod
2716 4332 2935 4390 credere
2984 4331 3299 4387 noluerunt.
3335 4329 3550 4385 Fideles

1959 4436 2139 4482 autem
2168 4433 2449 4496 resurgent
2476 4424 2543 4480 ad
2575 4425 2824 4496 gloriam,
2858 4429 2918 4478 ut
2941 4420 3036 4493 qui
3065 4421 3123 4476 in
3161 4420 3362 4476 saeculo
3393 4416 3547 4474 stulti

1960 4516 2138 4572 habiti
2194 4523 2323 4570 sunt
2371 4523 2592 4586 prOpter
2634 4512 2818 4579 ﬁdem,
2868 4511 3161 4566 videantur
3211 4507 3544 4582 prudentes:

1966 4603 2330 4678 providerunt
2358 4603 2504 4658 enim
2533 4601 2637 4657 sibi
2669 4600 2918 4673 gloriam.
2953 4598 3018 4653 Hi
3049 4605 3178 4654 sunt
3205 4597 3298 4670 qui
3331 4611 3425 4668 per
3453 4596 3551 4651 Je-

1957 4712 2099 4762 sum,
2146 4693 2202 4749 id
2247 4702 2348 4759 est,
2402 4693 2503 4748 sub
2555 4708 2647 4762 spe
2687 4689 2812 4746 ﬁdei
2854 4687 3019 4759 hujus
3066 4694 3346 4751 exeuntes,
3381 4684 3550 4741 addu-

1958 4793 2153 4841 centur
2189 4798 2314 4838 cum
2344 4797 2408 4836 eo
2445 4780 2502 4836 in
2544 4779 2784 4834 adventu
2825 4775 2978 4847 ejus:
3031 4784 3092 4832 ut
3133 4773 3201 4830 ab
3231 4774 3551 4831 hominibus
3596 4842 3597 4845 η

1961 4873 2272 4928 videantur.
2305 4870 2441 4927 Cum
2493 4877 2673 4924 tamen
2721 4867 2834 4938 ipse
2863 4864 3110 4920 defuncti
3155 4880 3438 4922 excessum
3472 4865 3551 4921 lu-

1963 4963 2201 5035 gendum
2233 4958 2543 5033 prohibeat,
2575 4957 2689 5028 ipse
2728 4953 2858 5010 alibi
2890 4953 3026 5012 dicit
3052 4973 3062 5010 :
3112 4979 3130 5001 ι
3159 4954 3236 5010 Ne
3265 4954 3550 5011 tristitiam

1962 5051 2218 5107 haberem
2270 5048 2529 5121 (Philipp.
2564 5063 2623 5114 ιι,
2669 5044 2784 5118 27).
2811 5069 2830 5093 ι
2887 5044 2992 5102 Sed
3025 5043 3141 5118 jam
3172 5061 3271 5101 suo
3320 5044 3440 5101 loco
3469 5060 3552 5101 so-

1964 5142 2140 5196 lutum
2163 5145 2262 5194 est.

2038 5247 2219 5320 (Vers.
2274 5244 2496 5317 14-17.)
2573 5269 2589 5292 ι
2638 5245 2753 5302 Hoc
2797 5241 2945 5300 enim
3003 5242 3163 5300 vobis
3213 5241 3448 5298 dicimus
3495 5240 3554 5297 in

1965 5336 2133 5394 verbo
2162 5334 2408 5404 Domini,
2439 5331 2568 5406 quia
2596 5348 2695 5389 nos
2722 5330 2817 5406 qui
2846 5329 3109 5396 vivimus,
3145 5329 3240 5403 qui
3268 5327 3555 5385 subrelicti

1965 5443 2158 5484 sumus
2189 5426 2248 5483 in
2288 5425 2589 5482 adventum
2619 5422 2864 5492 Domini,
2897 5436 3009 5477 non
3037 5419 3434 5494 praeveniamus
3465 5434 3557 5475 eos

2069 5571 2157 5646 10)
2187 5568 2374 5646 Codex
2403 5565 2599 5646 Laudz,
2621 5565 2720 5646 De}
2743 5565 3029 5646 interponit
3054 5563 3376 5646 doctrinam.

2069 5571 2157 5646 10)
2187 5571 2374 5629 Codex
2403 5571 2599 5635 Laud.,
2621 5571 2720 5622 Dei
2743 5571 3029 5637 interponit
3056 5571 3376 5620 doctrinam.

2041 5571 2155 5715 iit)
2204 5643 2364 5715 Idem,
2399 5639 2522 5697 cod.
2556 5637 2749 5704 Laud.,
2802 5637 3086 5710 signiﬁcat,
3116 5641 3164 5692 et
3197 5653 3314 5692 vere
3341 5639 3434 5692 hoc
3461 5642 3554 5704 est,

1967 5713 2295 5789 (ΙαρᾀΡιίέεθί
2324 5713 2466 5789 De";
2637 5786 2645 5789 _
2963 5786 2971 5789 _
3015 5779 3026 5789 .

2043 5781 2159 5860 (12)
2194 5787 2351 5843 Rom.
2383 5782 2542 5851 edit.,
2590 5786 2647 5836 ut
2674 5799 2779 5839 non
2808 5781 2922 5838 sitis
2955 5781 3144 5836 tristes.
