3970 6374
461 386 567 446 l575

1467 385 1564 442 AD
1602 382 1839 442 OPERA
1875 383 1932 442 S.
1973 383 2314 443 AMBROSII
2352 384 2733 444 APPENDIX.

3654 395 3768 455 470

457 513 552 588 qui
597 510 965 568 dormierunt.
1015 509 1288 579 Quoniam
1320 510 1436 584 ipse
1484 509 1753 570 Dominus
1780 527 1834 567 in
1870 511 2052 584 jussu,
2079 511 2318 580 Aritus,
2367 514 2830 586 quemadmodum
2875 514 3038 572 dolor
3080 488 3272 588 partus
3326 521 3659 591 prregnanti,
3708 533 3772 584 et

454 611 508 661 et
548 619 685 660 voce
726 601 1064 674 archangeli,
1094 609 1148 657 et
1177 601 1309 658 tuba
1347 601 1442 659 Dei
1474 601 1768 658 descendet
1796 601 1863 658 de
1890 603 2050 672 coelo,

455 701 509 751 et
537 692 596 750 bi
632 691 727 765 qui
760 692 817 749 in
865 689 1088 749 Christo
1117 693 1316 749 mortui
1350 700 1498 757 sunt,
1529 701 1813 764 resurgent
1849 692 2048 762 primi:

453 784 654 842 deinde
683 800 785 840 nos
799 783 891 857 qui
917 782 1182 849 vivimus,
1199 784 1292 856 qui
1313 784 1697 856 relinquimur,
1721 799 1964 840 unacuin
1990 785 2051 840 il-

454 876 525 934 lis
553 875 836 950 rapiemur
866 875 922 932 in
953 875 1198 931 nubibus
1225 875 1443 931 obviam
1474 875 1711 932 Domino
1744 873 1796 930 in
1827 891 1971 942 aera,
1999 881 2054 931 et

453 965 534 1023 sic
565 981 782 1038 semper
808 980 932 1021 cum
970 964 1208 1021 Domino
1237 963 1460 1021 erimus.
1485 964 1662 1031 Quare
1686 964 2051 1022 consolamini

458 1072 557 1113 vos
585 1056 824 1112 invicem
856 1054 912 1110 in
945 1054 1032 1111 his
1061 1054 1261 1111 verbis.
1287 1079 1304 1101 -
1349 1054 1521 1110 Sensu
1561 1054 1783 1110 Domini
1817 1054 1961 1128 loqui
1993 1071 2051 1112 se

458 1145 767 1218 proﬁtetur,
791 1161 914 1199 cum
947 1143 1112 1201 dicit:
1155 1170 1173 1191 ε
1204 1144 1320 1202 Hoc
1347 1143 1506 1200 vobis
1533 1142 1772 1200 dicimus
1802 1144 1858 1200 in
1883 1144 2051 1202 verbo

456 1233 701 1292 Domini.
727 1258 746 1280 ι
803 1233 874 1290 Ut
920 1231 1067 1290 enim
1111 1232 1275 1288 fidam
1305 1249 1454 1305 spem
1503 1233 1620 1302 (l3)
1651 1241 1702 1288 et
1735 1240 1903 1288 ratam
1937 1235 2048 1304 glo-

453 1322 588 1379 riam
634 1321 1057 1379 resurrectionis
1104 1322 1308 1378 sanctis
1354 1322 1632 1394 promissa
1687 1320 2047 1391 demonstret,

451 1409 701 1469 ordinem
734 1410 938 1482 ipsum,
974 1410 1251 1484 quomodo
1282 1411 1466 1465 futura
1502 1410 1594 1478 sit,
1626 1412 1876 1481 exponit,
1908 1420 2049 1468 nutu

447 1499 659 1573 judicis
711 1500 942 1568 Christi,
989 1509 1178 1558 sancto
1213 1501 1423 1572 Spiritu
1466 1501 1789 1558 intimante:
1845 1510 1902 1559 ut
1935 1503 2050 1574 ipsa

449 1606 542 1664 spe
570 1591 664 1666 qui
694 1590 889 1648 charos
913 1607 1012 1647 suo
1047 1589 1446 1662 praemiserunt,
1479 1606 1592 1647 non
1621 1590 1846 1648 doleant
1896 1592 2049 1648 addi-

447 1688 660 1737 scentes
713 1678 844 1751 quia
885 1679 943 1734 in
989 1679 1231 1736 adventu
1259 1679 1482 1736 Domini
1507 1679 1716 1753 priores
1764 1690 2048 1755 resurgent

447 1769 542 1844 qui
583 1769 642 1826 in
672 1767 893 1827 Christo
933 1770 1268 1828 moriuntur.
1303 1772 1421 1844 Ipse
1467 1773 1614 1829 enim
1647 1773 1898 1833 Christus
1942 1776 2044 1833 Do-

2163 621 2273 660 non
2295 604 2574 677 effugient.
2603 629 2620 651 -
2666 605 2778 662 Hoc
2804 613 2883 661 est
2905 605 3047 676 quod
3076 606 3128 662 in
3161 608 3461 679 Evangelia
3488 611 3772 671 Dominus

2165 693 2380 750 locutus
2402 703 2503 762 est,
2537 693 2726 750 dicens
2756 712 2769 750 :
2817 720 2835 741 ι
2864 694 3120 766 Vigilatc,
3150 697 3280 769 quia
3313 699 3537 756 nescitis
3567 701 3762 760 horam

2162 801 2268 858 qua
2298 784 2566 842 Dominus
2593 795 2772 842 vester
2799 792 3064 842 venturus
3092 795 3173 842 est
3205 789 3400 856 (Marc.
3430 806 3556 859 xui,
3588 793 3704 865 33).
3729 816 3751 842 ι

2162 876 2233 931 Ει
2282 876 2479 932 iterum
2526 893 2538 932 :
2602 899 2621 923 ε
2664 877 2720 932 Si
2770 877 2894 949 quis
2948 877 3106 933 vobis
3158 877 3365 936 dixerit
3411 899 3423 938 :
3475 883 3615 941 Ecce
3667 884 3770 943 hic

2161 963 2436 1032 Christus,
2503 972 2596 1021 aut
2651 981 2773 1022 ecce
2823 964 2959 1032 illic,
3017 967 3191 1022 nolite
3247 968 3468 1027 credere
3537 973 3761 1044 (Matth.

2159 1071 2320 1122 χχιιι,
2351 1054 2466 1123 23).
2499 1079 2517 1102 ι
2580 1054 2777 1111 Subito
2807 1071 2950 1110 enim
2989 1063 3043 1111 et
3070 1072 3139 1111 ex
3172 1055 3446 1129 insperato
3477 1061 3767 1132 apparebit

2159 1144 2301 1200 sicut
2343 1144 2652 1200 coruscatio
2696 1153 2919 1214 apparet
2947 1145 3016 1200 ab
3045 1145 3257 1202 oriente
3302 1146 3359 1203 in
3391 1149 3763 1220 occidentem,

2160 1232 2364 1290 habens
2419 1250 2602 1291 secum
2663 1232 2921 1289 militiam
2976 1234 3255 1290 exercitus
3311 1237 3408 1292 Dei
3457 1238 3634 1296 Patris
3689 1238 3765 1296 ad

2159 1322 2523 1395 perditionem
2578 1322 2890 1378 antichristi
2947 1331 3002 1378 et
3057 1325 3359 1380 satellitum
3422 1327 3558 1400 ejus.
3615 1326 3762 1386 Cum

2156 1410 2301 1466 enim
2334 1411 2509 1466 securi
2542 1411 2746 1466 fuerint
2795 1409 2982 1482 perﬁdi
3015 1410 3084 1466 de
3117 1429 3283 1485 regno
3311 1415 3540 1485 diaboli,
3574 1416 3764 1474 inter-

2157 1497 2314 1554 fectis
2343 1498 2567 1568 sanctis,
2596 1498 2653 1554 id
2682 1506 2786 1566 est,
2817 1499 3009 1555 Enoch
3038 1507 3092 1554 et
3123 1500 3268 1568 Elia,
3297 1503 3402 1559 laeti
3426 1505 3492 1560 de
3526 1506 3764 1564 victoria

2157 1588 2396 1644 invicem
2445 1588 2552 1646 sibi
2585 1589 2864 1644 mittentes
2903 1604 3149 1654 munera,
3185 1589 3329 1646 sicut
3366 1592 3505 1649 dicit
3535 1597 3764 1668 Apoca-

2158 1676 2331 1751 lypsis
2364 1678 2550 1750 (Apoc.
2587 1694 2666 1746 xi,
2699 1677 2728 1732 7
2774 1707 2844 1718 --
2872 1677 2986 1746 10),
3025 1684 3160 1733 tunc
3190 1678 3304 1734 illis
3345 1681 3529 1738 subito
3571 1683 3765 1742 veniet

2156 1768 2477 1841 repentinus
2506 1768 2780 1824 interitus.
2823 1768 2883 1824 In
2910 1765 3151 1823 adventu
3188 1767 3334 1824 enim
3367 1785 3468 1826 suo
3503 1771 3765 1830 Christus

451 1857 637 1916 minus
674 1859 961 1917 voluntate
995 1860 1195 1928 Patris,
1251 1862 1406 1932 quasi
1461 1864 1672 1936 primus
1704 1867 1931 1938 angelus
1974 1865 2042 1922 de
2071 1877 2117 1939 Β
2157 1857 2258 1915 hos
2282 1875 2473 1915 omnes
2505 1856 2819 1932 disperdet;
2849 1863 2910 1912 ut
2940 1854 3192 1913 videntes
3215 1858 3414 1928 sancti,
3446 1861 3597 1933 quod
3626 1877 3758 1919 eva-

447 1951 696 2010 exercitu
751 1956 895 2015 282
949 1952 1156 2010 caelesti
1219 1953 1361 2025 (14),
1419 1955 1564 2012 sicut
1616 1957 1931 2014 continetur
1986 1959 2044 2016 in

447 2049 783 2124 Apocalypsi
832 2050 1060 2109 Joannis
1114 2053 1347 2124 apostoli
1403 2054 1592 2126 (Apoc.
1657 2072 1760 2123 xu,
1817 2057 1894 2126 7),
1938 2055 2044 2113 de-

446 2153 576 2197 scen
601 2146 674 2196 .et
710 2139 778 2196 de
815 2141 953 2198 cmlo
993 2141 1062 2199 ad
1103 2141 1400 2216 gerendum
1433 2142 1638 2201 bellum
1680 2144 1906 2201 nomine
1943 2145 2040 2201 Dei

445 2236 638 2286 contra
671 2229 1080 2288 antichristum.
1115 2231 1238 2300 Quo
1265 2233 1565 2300 exstincto,
1601 2232 1760 2304 jussu
1805 2233 1923 2304 ejus
1962 2251 2040 2290 re-

446 2327 670 2390 surgant
716 2321 938 2379 mortui.
986 2322 1102 2380 Hoc
1129 2332 1210 2381 est
1257 2339 1386 2396 ergo
1414 2323 1471 2379 in
1511 2322 1642 2380 tuba
1669 2323 1766 2379 Dei
1807 2323 2043 2381 descen-

445 2407 594 2476 dere,
627 2409 852 2468 nomine
888 2411 984 2468 Dei
1019 2411 1223 2469 bellum
1251 2428 1434 2484 gerere
1464 2431 1477 2468 :
1514 2419 1595 2468 est
1633 2411 1802 2480 enim,
1837 2421 1897 2468 ut
1927 2413 2041 2486 ipse

445 2499 592 2556 dixit
617 2500 687 2558 ad
737 2501 921 2559 Iesum
969 2502 1147 2560 ﬁlium
1187 2504 1335 2560 Nave
1380 2503 1560 2571 (Iosue
1587 2519 1643 2570 v,
1693 2501 1806 2573 14),
1845 2503 1959 2560 dux
1987 2513 2041 2562 et

443 2591 700 2666 princeps
742 2594 1020 2652 exercitus
1072 2593 1315 2662 Domini,
1359 2601 1580 2666 propter
1608 2595 1756 2666 quod
1796 2595 2040 2652 archan—

444 2681 598 2753 gelus
636 2682 859 2741 dicitur.
912 2683 1050 2744 Cum
1088 2695 1270 2740 autem
1303 2683 1360 2739 in
1399 2681 1530 2738 tuba
1586 2683 1685 2740 Dei
1722 2683 2035 2754 descendet,

442 2772 590 2828 Deus
616 2780 718 2842 est,
740 2775 870 2847 quia
904 2784 1199 2847 utrumque
1229 2772 1515 2830 continent
1547 2771 1865 2846 Scripturae,
1895 2773 2039 2831 sicut

443 2859 501 2916 in
549 2861 764 2931 Exodo,
810 2879 972 2938 quem
1026 2861 1278 2934 angelum
1333 2860 1392 2918 in
1449 2861 1670 2918 flamma
1723 2865 2036 2935 apparuisse

441 2950 618 3024 Moysi
649 2954 901 3030 legimus,
927 2951 1113 3009 statim
1145 2951 1322 3021 ipsum
1351 2949 1408 3006 in
1434 2950 1697 3025 subjectis
1725 2969 1841 3010 esse
1863 2955 2036 3012 Deum

439 3043 806 3114 agnoscimus,
875 3041 933 3097 id
990 3047 1092 3108 est,
1153 3038 1357 3096 Filium
1409 3042 1529 3111 Dei,
1584 3041 1800 3099 dicente
1847 3043 2034 3100 eadem

438 3129 766 3204 Scriptura:
827 3153 846 3177 ι
890 3130 962 3187 Ει
1002 3129 1284 3198 accedens,
1331 3129 1534 3204 inquit,
1577 3132 1794 3206 Moyses
1835 3133 2039 3190 avertit

2155 1950 2348 2016 serint,
2382 1947 2708 2021 glorientur.

2227 2057 2408 2127 (Vers.
2442 2055 2497 2122 4,
2543 2056 2624 2126 5.)
2680 2078 2698 2102 ι
2724 2053 2836 2111 Vos
2881 2061 3084 2113 autem.
3116 2055 3334 2124 fratres,
3382 2070 3493 2111 non
3531 2055 3666 2112 estis
3696 2057 3754 2114 in

2153 2144 2416 2212 tenebris,
2447 2152 2508 2201 ut
2539 2160 2636 2198 vos
2661 2143 2778 2200 dies
2809 2144 2900 2199 ille
2929 2152 3189 2217 tanquam
3223 2145 3312 2199 fur
3342 2143 3748 2216 apprehendat;

2151 2248 2342 2289 omnes
2371 2232 2517 2289 enim
2550 2248 2650 2288 vos
2679 2231 2779 2288 ﬁlii
2814 2231 3039 2287 luminis
3068 2232 3200 2288 estis
3237 2241 3292 2287 et
3321 2231 3427 2287 lilii
3455 2231 3564 2288 diei
3591 2250 3604 2289 :
3639 2248 3751 2289 non

2151 2322 2282 2378 estis
2310 2323 2487 2378 noctis
2530 2337 2705 2394 neque
2753 2323 3124 2377 tenebrarum.
3159 2345 3178 2367 ι
3221 2320 3283 2376 In
3313 2320 3558 2378 tenebris
3599 2321 3747 2395 igno-

2150 2414 2387 2468 rantiam
2443 2409 2716 2482 significat
2767 2417 2822 2465 et
2875 2408 3247 2477 mendacium,
3304 2411 3358 2465 in
3419 2409 3511 2468 die
3563 2419 3749 2468 autem

2149 2501 2434 2559 scientiam
2481 2511 2536 2558 et
2570 2501 2877 2557 veritatem.
2911 2499 3122 2556 Idcirco
3161 2498 3503 2558 Christianos
3534 2517 3643 2557 non
3690 2501 3750 2559 in

2147 2589 2390 2646 tenebris
2433 2605 2548 2646 esse
2601 2588 2758 2654 dicit,
2795 2588 3025 2661 gentiles
3074 2596 3256 2645 autem
3301 2590 3388 2645 vel
3439 2588 3752 2647 incredulos

2147 2679 2367 2737 Iudaeos
2397 2678 2541 2734 ﬁlios
2577 2679 2924 2734 tenebrarum
2955 2696 2967 2735 :
3002 2678 3133 2750 quia
3159 2679 3400 2736 cultores
3426 2688 3555 2736 sunt
3589 2695 3750 2736 men-

2147 2768 2310 2825 dacii.
2341 2769 2708 2836 Quamobrem
2741 2768 2930 2824 ﬁdeles
2960 2784 3182 2826 securos
3211 2785 3326 2826 esse
3353 2769 3550 2828 debere
3578 2768 3744 2844 signi-

2060 2864 2073 2874 ‘
2146 2858 2306 2916 ﬁcat:
2339 2859 2468 2931 quia
2489 2875 2599 2915 non
2625 2861 2879 2932 ignorant
2906 2858 3154 2915 futurum
3176 2857 3475 2914 adventum
3495 2857 3744 2927 Domini,

2145 2948 2239 3005 sed
2269 2957 2585 3021 exspectant
2614 2948 2866 3018 solliciti,
2897 2956 2958 3004 ut
2986 2947 3196 3004 veniat.
3225 2948 3330 3015 Qui
3370 2955 3554 3006 autem
3581 2949 3752 3022 igno—

2146 3046 2270 3094 rant
2323 3037 2634 3094 difﬁdentes
2681 3037 2748 3093 de
2803 3054 2890 3106 eo,
2939 3046 3158 3112 repente
3205 3037 3332 3094 illos
3380 3037 3753 3112 apprehendat

2145 3127 2506 3200 improvidos,
2536 3134 2590 3182 et
2624 3125 2941 3184 interﬁciet.

438 3237 518 3289 se,
549 3222 679 3295 quia
706 3236 815 3286 non
833 3219 1013 3292 potuit
1027 3219 1374 3278 considerare
1395 3221 1450 3277 in
1483 3222 1673 3280 faciem
1710 3222 1802 3279 Dei
1829 3222 2032 3295 (Exod.

2218 3236 2400 3307 (Vers.
2433 3234 2608 3306 6-11.)
2674 3235 2896 3306 «Igitur
2941 3249 3050 3290 non
3100 3231 3460 3304 dormiamus,
3507 3235 3651 3293 sicut
3689 3246 3746 3296 et

437 3328 523 3380 iu,
555 3313 634 3382 6).
664 3337 683 3360 ι
740 3311 887 3367 Deus
924 3325 1052 3382 ergo
1079 3317 1181 3378 est,
1216 3311 1345 3385 quia
1383 3313 1560 3370 Filius
1609 3314 1708 3371 Dei
1754 3329 1915 3371 verus
1952 3320 2034 3369 est

435 3402 608 3458 Deus:
663 3398 782 3455 dux
835 3406 1020 3456 autem
1075 3409 1130 3457 et
1187 3402 1446 3476 princeps
1492 3403 1638 3470 ideo,
1680 3404 1810 3478 quia
1865 3414 2033 3478 caput

435 3489 682 3546 omnium
721 3495 822 3557 est,
867 3489 996 3563 quia
1021 3507 1116 3564 per
1145 3490 1322 3564 ipsum
1370 3493 1575 3549 omnia.
1605 3495 2033 3567 Resurgentibus

435 3593 562 3651 ergo
590 3575 802 3648 primis,
833 3578 927 3650 qui
951 3578 1007 3635 in
1039 3578 1261 3638 Christo
1291 3581 1494 3637 mortui
1526 3591 1674 3649 sunt,
1706 3582 1904 3640 deinde
1934 3601 2033 3641 nos

433 3666 526 3738 qui
559 3663 825 3734 vivimus,
858 3667 1138 3739 rapiemur
1165 3685 1277 3725 una
1313 3686 1438 3726 cum
1471 3670 1586 3727 illis
1616 3669 1818 3743 bajulis
1859 3673 2033 3729 nubi-

432 3752 534 3810 bus
563 3751 782 3811 obviam
813 3753 1033 3814 Christo
1064 3755 1122 3812 in
1151 3773 1274 3814 aera
1298 3775 1310 3814 :
1337 3765 1398 3814 ut
1422 3774 1546 3815 cum
1573 3760 1812 3816 Domino
1841 3777 2031 3818 omnes

433 3840 659 3898 veniant
689 3842 756 3899 ad
784 3845 1060 3917 praelium,
1083 3855 1138 3902 et
1164 3862 1301 3920 quos
1331 3846 1626 3916 occiderat,
1649 3847 1832 3905 videat
1851 3850 2026 3919 vivos;

433 3930 564 4003 quia
591 3931 738 3989 sicut
765 3933 1003 3992 Domino
1040 3935 1320 3993 famulata:
1347 3946 1478 3994 sunt
1515 3936 1707 4006 nubes,
1742 3939 1818 3996 ita
1849 3945 1903 3995 et
1941 3939 2028 3998 his

431 4035 568 4093 quos
596 4021 789 4080 fratres
835 4041 966 4082 suos
1011 4025 1270 4100 dignatus
1298 4033 1381 4084 est
1422 4029 1715 4101 appellare.
1781 4055 1798 4077 ε
1837 4031 1907 4086 Ει
1949 4031 2030 4088 sic

429 4126 643 4184 semper
672 4129 798 4170 cum
824 4114 1065 4172 Domino
1094 4116 1333 4174 erimus:
1372 4141 1391 4164 ν
1442 4116 1500 4174 in
1539 4118 1656 4192 ipso
1689 4120 1836 4176 enim
1867 4128 2028 4194 raptu

431 4217 578 4258 mors
624 4203 913 4276 proveniet
961 4213 1014 4260 et
1063 4206 1218 4279 quasi
1259 4224 1356 4281 per
1390 4225 1662 4282 soporem,
1711 4219 1769 4266 ut
1816 4226 2028 4282 egressa

427 4290 611 4348 anima
658 4293 714 4348 in
745 4305 1025 4352 momento
1071 4298 1351 4356 reddatur.
1384 4299 1521 4358 Cum
1564 4301 1710 4357 enim
1742 4302 2021 4370 tollentur,

429 4380 757 4452 morientur,
787 4392 848 4440 ut
868 4387 1250 4458 pervenientes
1285 4387 1354 4444 ad
1385 4389 1705 4459 Dominum,
1739 4391 2026 4464 praesentia

426 4469 651 4528 Domini
695 4473 968 4547 recipiant
1011 4476 1259 4534 animas:
1311 4479 1440 4552 quia
1478 4497 1604 4536 cum
1651 4482 1765 4538 Deo
1819 4481 2024 4538 mortui

2146 3323 2350 3394 caeteri,
2383 3323 2476 3379 sed
2506 3323 2819 3396 vigilemus,
2852 3331 2906 3378 et
2934 3323 3103 3380 sobrii
3136 3325 3308 3381 simus
3363 3325 3428 3380 Hi
3467 3326 3612 3382 enim
3643 3325 3741 3400 qui

2141 3413 2447 3481 dormiunt,
2472 3421 2631 3470 nocte
2652 3413 2965 3470 dormiunt:
2998 3423 3051 3469 et
3072 3414 3164 3487 qui
3189 3413 3558 3484 inebriantur,
3581 3423 3743 3474 nocte

2141 3512 2271 3561 sunt
2299 3505 2459 3561 ebrii.
2492 3505 2602 3561 Nos
2629 3515 2809 3561 autem
2841 3505 2934 3577 qui
2965 3505 3074 3561 diei
3105 3521 3315 3572 sumus,
3345 3503 3516 3560 sobrii
3546 3505 3739 3576 simus,

2141 3595 2320 3651 induti
2355 3595 2632 3652 thoracem
2678 3593 2807 3651 ﬁdei
2838 3602 2892 3650 et
2934 3593 3238 3654 charitatis.
3287 3601 3342 3649 et
3386 3595 3590 3666 galeam
3623 3595 3742 3668 spei

2140 3685 2352 3752 salutis,
2384 3683 2515 3758 quia
2553 3701 2664 3740 non
2712 3684 2897 3757 posuit
2928 3699 3026 3738 nos
3073 3684 3218 3740 Deus
3246 3682 3304 3738 in
3345 3681 3508 3750 iram,
3539 3682 3632 3738 sed
3679 3683 3737 3740 in

2139 3774 2559 3846 acquisitionem
2593 3773 2785 3829 salutis
2811 3789 2905 3846 per
2942 3772 3241 3828 Dominum
3275 3780 3522 3828 nostrum
3553 3773 3737 3830 Jesum

2139 3863 2439 3930 Christum,
2473 3864 2566 3934 qui
2591 3870 2839 3918 mortuus
2867 3869 2948 3918 est
2969 3876 3067 3932 pro
3089 3861 3280 3918 nobis:
3313 3871 3374 3920 ut
3402 3862 3520 3920 sive
3548 3863 3739 3937 vigile-

2139 3969 2282 4022 mus,
2304 3951 2422 4008 sive
2448 3952 2810 4019 dormiamus,
2842 3949 3008 4006 simul
3039 3965 3164 4005 cum
3195 3949 3294 4008 illo
3316 3951 3588 4010 vivamus.
3609 3954 3739 4008 Pro-

2137 4050 2258 4114 pter
2282 4041 2427 4115 quod
2459 4038 2831 4098 exhortamini
2862 4039 3123 4106 invicem,
3156 4047 3210 4094 et
3239 4039 3506 4097 aediﬁcate
3537 4044 3738 4099 alteru-

2137 4138 2306 4199 trum,
2337 4131 2479 4187 sicut
2533 4137 2586 4185 et
2631 4129 2832 4186 facitis.
2892 4151 2911 4175 σ
2944 4133 3206 4200 Apertum
3245 4136 3326 4184 est
3367 4129 3515 4201 quod
3557 4131 3730 4188 dicit:

2135 4229 2446 4279 commonet
2467 4220 2636 4286 enim,
2667 4233 2735 4274 ne
2757 4217 2932 4274 securi
2955 4217 3020 4274 de
3051 4219 3274 4275 nomine
3303 4218 3626 4289 Salvatoris,
3645 4237 3734 4278 ne-

2136 4311 2401 4383 gligenter
2456 4324 2727 4380 agamus;
2783 4307 3014 4383 ideoque
3073 4308 3252 4365 tribus
3309 4311 3734 4382 propugnaculis

2134 4416 2234 4458 nos
2256 4398 2459 4454 muniri
2488 4397 2707 4466 debere,
2738 4396 2794 4452 id
2816 4406 2918 4466 est,
2949 4395 3099 4466 fidei,
3131 4405 3183 4453 et
3205 4399 3730 4472 spei,etcharitatis.

2133 4491 2275 4547 Dum
2304 4487 2449 4543 enim
2494 4486 2628 4542 ﬁdes
2674 4494 2878 4556 manet,
2925 4503 3072 4560 spem
3118 4488 3350 4545 excitat:
3401 4505 3524 4562 spes
3550 4498 3733 4546 autem

425 4575 542 4618 8586
579 4577 692 4663 ξιοιξ
713 4653 724 4663 0
747 4573 996 4663 possunt.
1047 4591 1066 4614 ι
1104 4567 1294 4640 Itaque
1339 4569 1702 4626 consolamini
1745 4587 1844 4627 v03
1882 4571 2022 4626 invi°
2057 4605 2104 4663 ι)
2135 4579 2440 4635 necessario
2470 4577 2708 4633 sollicita
2737 4584 2818 4632 est
2844 4576 2911 4633 de
2942 4575 3328 4649 promissione,
3361 4594 3461 4636 nec
3489 4579 3727 4635 dormit:

424 4667 541 4709 cem
574 4652 634 4710 in
669 4652 758 4710 his
806 4653 1011 4712 verbis.
1039 4679 1058 4703 -
1115 4656 1230 4713 Hac
1267 4673 1361 4729 spe
1389 4658 1659 4715 consolari
1698 4674 1755 4716 se
1785 4658 2025 4716 invicem

417 4737 578 4812 jubet
618 4757 732 4813 eos,
775 4744 868 4818 qui
913 4744 1095 4803 adhuc
1134 4761 1284 4804 more
1335 4747 1528 4819 gentili
1570 4747 1864 4806 charorum
1901 4765 2022 4806 suo-

423 4845 547 4886 rum
586 4847 870 4892 excessum
908 4833 1176 4908 putabant
1205 4835 1526 4907 lugendum.

1051 4982 1284 5041 CAPUT
1313 4983 1383 5040 V.

497 5105 680 5178 (Vers.
733 5105 786 5173 1,
829 5107 884 5176 2,
922 5107 1005 5180 3.)
1047 5110 1126 5167 De
1173 5111 1514 5184 temporibus
1555 5117 1739 5169 autem
1789 5118 1845 5169 et
1891 5127 2021 5169 mo-

423 5195 644 5264 mentis,
693 5195 908 5266 fratres,
952 5213 1062 5254 non
1108 5207 1190 5256 est
1219 5216 1436 5258 necesse
1476 5202 1633 5259 vobis
1671 5201 1870 5258 scribi:
1915 5202 2020 5275 ipsi

421 5288 570 5347 enim
619 5288 919 5361 diligenter
975 5289 1148 5359 scitis,
1191 5294 1321 5366 quia
1361 5293 1479 5352 dies
1527 5292 1774 5362 Domini,
1821 5304 1883 5352 ut
1926 5295 2017 5350 fur

421 5387 611 5449 noctu,
655 5379 732 5436 ita
764 5381 968 5439 veniet.
1004 5380 1141 5440 Cum
1191 5384 1337 5440 enim
1371 5384 1648 5441 dixerint:
1691 5386 1801 5442 Pax
1830 5395 1885 5443 et
1926 5402 2023 5443 se-

421 5467 628 5526 curitas
662 5470 803 5543 (l5),
843 5481 976 5531 tunc
1013 5473 1338 5547 repentinus
1379 5475 1459 5532 eis
1487 5477 1840 5549 superveniet
1883 5477 2021 5534 inte-

523 5601 586 5660 13
637 5601 764 5685 Mss.
794 5605 1026 5680 aliquot,
1062 5607 1127 5667 Ut
1169 5609 1310 5666 enim
1374 5609 1510 5678 dem,
1539 5627 1700 5682 spem,
1732 5618 1838 5670 etc.

491 5602 611 5743 (At;
641 5673 792 5731 Edit.
826 5693 956 5734 mss.
988 5681 1268 5743 nonnulli,
1296 5609 1528 5743 faustus
1558 5683 1656 5740 Dei
1699 5701 1818 5740 cum

454 5744 465 5754 .
491 5672 610 5744 (14)
641 5673 792 5755 Edit.
826 5672 956 5734 mss.
988 5672 1268 5750 nonnulli,
1296 5672 1528 5753 Angelus
1558 5672 1656 5740 Dei
1685 5672 1818 5740 'cum
1856 5701 2020 5741 exer-

417 5751 525 5801 ettu
549 5746 760 5802 calcati.

2135 4668 2376 4727 charitas
2407 4675 2587 4723 autem
2619 4667 2879 4723 devotum
2910 4667 3068 4722 offert
3097 4668 3211 4724 Deo
3237 4686 3247 4724 :
3283 4667 3427 4725 nihil
3460 4669 3607 4724 enim
3642 4668 3730 4726 ad-

2134 4775 2351 4815 versum
2411 4756 2657 4814 admittit
2719 4756 2981 4814 charitas.
3022 4756 3232 4814 Idcirco
3279 4757 3425 4814 enim
3485 4769 3732 4816 mortuus

2133 4857 2214 4906 est
2253 4865 2350 4922 pro
2381 4848 2540 4904 nobis
2569 4847 2840 4906 Dominus
2887 4847 3042 4903 Jesus
3089 4857 3144 4905 et
3173 4849 3493 4918 resurrexit,
3525 4857 3587 4906 ut
3614 4850 3729 4906 sive

2133 4939 2446 5011 vigilemus,
2492 4937 2595 4994 hoc
2638 4944 2739 5006 est,
2788 4937 3066 5006 vivamus,
3116 4938 3232 4995 sive
3265 4938 3622 5006 dormiamus,
3673 4939 3730 4996 id

2133 5037 2232 5098 est,
2265 5029 2587 5096 moriamur,
2631 5043 2744 5084 una
2778 5044 2900 5084 cum
2938 5027 3036 5084 illo
3067 5035 3266 5084 aeterna
3308 5029 3425 5084 vita
3459 5030 3725 5086 fruamur.

2133 5119 2248 5176 Hoc
2287 5125 2367 5174 est
2415 5117 2562 5191 quod
2609 5134 2772 5190 supra
2815 5117 2982 5186 dixit,
3013 5119 3142 5190 quia
3173 5117 3360 5174 ﬁdeles
3403 5117 3461 5174 in
3490 5119 3730 5176 adventu

2131 5207 2351 5264 Domini
2384 5215 2494 5262 tam
2548 5207 2773 5276 mortui,
2824 5211 2968 5269 283
3015 5223 3178 5280 quam
3219 5205 3335 5262 vivi
3370 5206 3588 5263 obviam
3629 5209 3730 5264 tol-

2132 5305 2316 5362 lentur
2329 5305 2590 5374 Domino,
2612 5314 2665 5362 et
2681 5322 2893 5379 semper
2904 5305 3095 5361 vivent
3110 5321 3235 5361 cum
3253 5320 3337 5360 eo.
3358 5305 3419 5361 In
3439 5303 3546 5361 hoc
3564 5303 3730 5361 medi-

2129 5397 2358 5453 tandum
2389 5397 2569 5466 docet,
2595 5405 2657 5453 ut
2679 5395 2918 5454 invicem
2947 5412 3002 5452 se
3034 5395 3091 5452 in
3121 5395 3227 5452 isto
3248 5391 3523 5451 aedificent
3542 5410 3724 5454 sensu.

2202 5487 2383 5557 (Vers.
2439 5486 2527 5555 l2,
2578 5486 2691 5556 13.)
2736 5509 2756 5533 ι
2789 5486 3067 5558 Rogamus
3115 5492 3296 5541 autem
3342 5500 3460 5553 vos,
3510 5483 3724 5553 fratres,

2127 5685 2164 5757 ﬁ
2203 5613 2355 5742 (1ξέ),
2352 5613 2558 5671 Omnes
2583 5610 2718 5669 edit.
2764 5617 2819 5667 et
2848 5610 3072 5684 quidam
3105 5626 3259 5680 mss.,
3291 5610 3480 5679 dicent,
3522 5625 3639 5680 pax
3682 5615 3730 5665 et

2168 5703 2270 5742 rm:
2362 5728 2374 5742 .

2168 5703 2355 5742 rmtm
2362 5728 2374 5742 .
