3970 6368
207 443 324 501 477

209 577 279 626 ut
334 563 677 639 cognoscatis
724 577 817 620 eos
861 557 957 632 qui
1008 555 1259 612 laborant
1301 550 1359 606 in
1389 547 1548 605 vobis
1579 545 1720 620 (16),
1765 553 1820 602 et
1852 548 1903 608 Α
1938 548 2032 610 let,
2084 555 2195 597 non

205 635 462 731 praesunt
511 653 669 710 vobis
699 652 758 708 in
792 648 1072 714 ‘Domino,
1109 653 1164 702 et
1191 647 1416 698 monent
1444 655 1579 695 vos:
1623 645 1684 692 ut
1716 635 1828 691 illis

209 729 499 803 summum
557 743 822 798 honorem
884 734 1131 793 habeatis
1187 732 1244 788 in
1291 729 1558 785 charitate
1607 732 1828 798 propter

210 852 388 910 opera
426 835 703 908 ipsorum:
759 844 945 903 paceni
992 825 1187 882 habete
1236 822 1379 878 inter
1409 835 1527 875 vos.
1563 817 1678 874 Hoc
1722 821 1823 878 est,

214 904 376 1000 quod
430 904 570 980 dicit
620 929 674 978 et
741 920 800 975 in
856 915 964 972 alia
1015 912 1248 987 epistola
1306 911 1363 982 (Ι
1419 907 1552 964 Tim.
1597 922 1655 975 v,
1711 904 1824 974 17),

213 992 575 1088 presbyteros
622 1007 832 1082 duplici
876 1006 1085 1062 honore
1133 997 1505 1088 honorandos,
1539 994 1635 1068 qui
1668 992 1829 1048 labo-

215 1085 349 1161 rant
394 1085 454 1158 in
481 1099 650 1157 verbo
687 1097 974 1155 doctrinas.
1027 1094 1212 1149 Potest
1257 1086 1404 1146 enim
1442 1085 1625 1158 pigere
1677 1097 1826 1151 eum,

216 1192 320 1265 qui
353 1189 594 1262 inopiam
627 1187 854 1261 patitur,
894 1180 1224 1240 exercitium
1253 1178 1450 1242 facere,
1483 1171 1630 1247 quod
1657 1169 1832 1244 prosit

216 1259 598 1338 audientibus.
629 1259 813 1344 ‘Quid
877 1273 1026 1329 enim
1094 1269 1314 1343 prodest
1372 1265 1638 1321 honorem
1711 1259 1831 1315 sine

219 1371 412 1427 fructu
463 1369 701 1425 habere:
753 1372 848 1422 aut
909 1361 1043 1437 quid
1097 1373 1369 1432 magnum.
1405 1361 1488 1410 est
1538 1351 1733 1408 oﬁ'erre
1777 1345 1827 1403 ei

218 1459 488 1527 carnalia,
519 1457 616 1531 qui
663 1455 862 1512 tribuit
892 1449 1163 1525 spiritalia
1182 1449 1210 1504 ?
1247 1445 1402 1503 Sicut
1432 1441 1580 1499 enim
1619 1437 1830 1516 divitiae

221 1548 616 1622 negligentiam
647 1547 869 1620 pariunt
914 1541 1126 1608 salutis,
1179 1539 1255 1594 ita
1282 1543 1489 1609 egestas
1510 1531 1642 1586 dum
1672 1537 1832 1585 satu-

221 1647 337 1704 rari
369 1644 584 1720 quaerit,
617 1659 648 1698 a
671 1641 892 1714 justitia
919 1638 1162 1694 declinat
1239 1634 1382 1690 Hinc
1432 1630 1686 1686 Salomon
1731 1637 1833 1679 nec

222 1735 397 1794 nimis
467 1732 700 1791 divitem
768 1745 825 1786 se
897 1727 1034 1799 petit
1109 1723 1251 1790 ﬁeri,
1321 1738 1422 1778 nec
1487 1724 1829 1790 egestuosum

226 1827 420 1898 (Prov.
454 1839 594 1889 xxx,
625 1821 707 1891 8).
739 1821 856 1875 Hoc
885 1817 1064 1888 ipsum
1099 1821 1280 1869 tamen
1316 1811 1372 1866 in
1417 1806 1683 1865 charitate
1712 1803 1830 1859 ﬁeri

1213 421 1578 486 COMMENT.
1620 419 1690 476 IN
1730 415 1948 475 EPIST.
1990 415 2012 472 Ι
2051 413 2147 470 AD
2184 407 2515 468 THESSAL.

3424 389 3529 450 478

2247 532 2426 592 audiri
2474 527 2744 604 patienter
2789 525 3005 592 debere,
3046 521 3142 580 sed
3169 519 3356 579 omnia
3379 515 3530 574 dicta

1933 633 2260 702 examinari,
2290 639 2343 686 et
2385 630 2464 685 sic
2487 622 2763 700 judicari:
2801 637 2870 678 ne
2917 620 3057 676 forte
3087 618 3313 689 gratiam
3345 616 3528 672 datam

1935 729 2092 788 fratri
2155 726 2285 782 dum
2339 724 2623 791 respuunt,
2686 710 2896 769 auctori
2961 714 3283 780 repugnent.
3332 704 3532 762 Omnia

1934 837 2062 893 ergo
2109 834 2230 891 quae
2279 812 2563 876 dicuntur,
2609 801 2888 880 probanda
2935 806 3145 866 monet,
3174 807 3229 854 et
3260 795 3530 871 quidquid

1935 890 2211 970 sobrieiet
2257 907 2393 962 bene
2441 902 2642 959 dictam
2695 896 2881 961 fuerit,
2939 890 3313 948 retinendum.
3361 891 3531 958 Quaa-

1936 1020 2152 1077 cunque
2197 1000 2346 1056 enim
2398 993 2768 1067 apostolorum
2800 987 2854 1044 et
2892 984 3063 1060 ipsius
3099 982 3324 1040 Domini
3367 979 3532 1038 dictis

1936 1071 2272 1166 congruunt,
2333 1103 2398 1143 ea
2445 1085 2582 1140 bene
2630 1082 2778 1138 dicta
2819 1077 3071 1135 habenda
3117 1083 3248 1130 sunt
3291 1080 3347 1130 et
3391 1071 3534 1127 reti-

1937 1187 2156 1247 nenda:
2189 1185 2258 1240 ab
2291 1181 2380 1238 his
2432 1187 2614 1235 autem
2661 1193 2782 1249 quae
2812 1173 3039 1230 inimica
3074 1170 3202 1227 ﬁdei
3251 1168 3529 1234 videntur,

1939 1276 2350 1338 abstinendum.
2387 1271 2537 1330 Solet
2583 1266 2732 1324 enim
2779 1264 3008 1337 spiritus
3038 1260 3233 1320 mundi
3265 1257 3534 1314 fallaciter

1940 1381 2094 1458 quasi
2146 1396 2240 1452 per
2288 1373 2652 1432 imitationem
2699 1369 2882 1426 dicere
2926 1367 3091 1431 bona,
3133 1369 3188 1418 et
3216 1360 3360 1416 inter
3389 1353 3536 1412 284

1939 1452 2056 1530 haec
2080 1469 2445 1527 subinducere
2473 1482 2659 1536 prava,
2685 1471 2748 1519 ut
2773 1476 2865 1533 per
2895 1459 3014 1516 hinc
3055 1469 3176 1529 qua
3205 1452 3350 1508 bona
3381 1455 3532 1515 sunt,

1939 1569 2158 1633 accepto
2200 1559 2445 1614 ferantur
2481 1562 2536 1610 et
2582 1554 2756 1609 mala:
2811 1556 2872 1604 ut
2923 1546 3052 1619 quia
3095 1543 3264 1600 unius
3309 1538 3536 1613 spiritus

1939 1651 2088 1708 dicta
2124 1655 2410 1722 putantur,
2447 1659 2558 1699 non
2607 1632 3093 1710 discernantur_ab
3126 1630 3365 1688 invicem
3395 1646 3406 1682 :
3442 1625 3537 1682 sed

1939 1757 2036 1815 per
2076 1717 2142 1795 id“
2179 1736 2324 1810 quod
2375 1733 2587 1789 licitum
2635 1737 2740 1796 est,
2798 1722 3214 1783 commendetur
3273 1717 3535 1774 illicitum

1940 1831 2264 1891 auctoritate
2281 1825 2541 1891 nominis,
2566 1840 2676 1880 non
2696 1820 2905 1876 ratione
2923 1815 3165 1873 virtutis.
3184 1812 3372 1870 Solent
3387 1809 3535 1866 enim

223 1915 448 1982 debere’
495 1919 558 1970 ut
589 1905 1012 1966 honoriﬁcentia
1052 1900 1350 1961 sacerdotis
1398 1915 1508 1954 non
1539 1897 1606 1952 de
1634 1895 1834 1992 tim?”
1861 1917 1907 1977 B
1943 1924 2043 1981 sub
2096 1921 2466 1992 apostolorum
2517 1912 2741 1970 nomine
2777 1916 2829 1965 et
2863 1906 3033 1981 ipsius
3060 1901 3280 1960 Domini
3313 1897 3539 1956 infanda

227 2007 406 2080 magis
450 2005 544 2070 sit,
593 2003 686 2059 sed
733 2002 801 2058 de
847 2015 1064 2056 amore:
1117 2004 1179 2052 ut
1227 1995 1391 2051 etiam
1440 1993 1524 2048 illi
1556 1987 1824 2063 proﬁciat,

227 2097 327 2171 qui
380 2095 532 2152 facit.
593 2095 696 2151 Res
741 2093 889 2149 enim
937 2107 1058 2163 quae
1085 2095 1278 2161 sponte
1316 2103 1426 2142 non
1457 2087 1538 2153 ﬁt,
1570 2084 1638 2140 ad
1664 2082 1827 2140 affec-

228 2195 350 2244 tum
390 2201 500 2242 non
544 2183 833 2256 pervenit;
885 2179 1140 2254 quamvis
1183 2177 1252 2233 ad
1295 2192 1531 2250 przesens
1579 2171 1831 2246 proﬁciat

229 2275 496 2344 sumenti,
526 2273 668 2330 nihil
719 2280 901 2328 tamen
936 2268 1181 2344 proderit
1225 2267 1283 2324 in
1318 2269 1506 2324 futuro
1537 2263 1708 2321 danti.
1759 2263 1830 2318 Et

231 2373 363 2448 quia
392 2371 661 2429 dissensio
689 2370 864 2426 multa
888 2373 1108 2443 generat
1131 2366 1294 2433 mala,
1318 2361 1576 2437 paciﬁcos
1603 2375 1696 2416 eos
1715 2372 1832 2414 esse

229 2462 507 2520 hortatur.

311 2554 492 2625 (Vere.
527 2548 732 2622 14-17.)
770 2572 789 2597 ς
819 2548 1092 2620 Rogamus
1119 2561 1252 2601 vero
1285 2559 1404 2611 vos,
1451 2541 1668 2608 fratres,
1699 2553 1833 2595 cor-

236 2652 402 2726 ripite
450 2649 744 2723 inquietos,
789 2646 1154 2706 consulamini
1199 2641 1596 2717 pusillanimes,
1641 2640 1836 2712 opitu-

146 2791 163 2805 .
237 2751 434 2808 lamini
476 2749 734 2817 inﬁrmis,
779 2747 1048 2819 patientes
1097 2750 1268 2799 estote
1299 2740 1366 2796 ad
1395 2755 1603 2794 omnes.
1638 2736 1835 2794 Videte

235 2864 307 2906 ne
340 2849 464 2921 quis
503 2845 708 2902 malum
739 2859 838 2915 pro
869 2841 1014 2897 malo
1043 2837 1210 2895 alicui
1243 2835 1468 2892 reddat:
1501 2834 1594 2890 sed
1623 2849 1837 2905 semper

235 2944 386 3020 quod
425 2943 631 2998 bonum
675 2947 758 2996 est
804 2935 1116 3003 sectamini,
1160 2940 1214 2989 et
1260 2932 1318 2988 in
1370 2930 1633 2998 invicem,
1681 2939 1736 2987 et
1777 2928 1834 2983 in

235 3050 451 3092 omnes.
486 3032 711 3103 Semper
740 3027 968 3100 gaudete
1008 3027 1065 3082 in
1096 3023 1357 3086 Domino,
1397 3022 1516 3077 sine
1546 3018 1838 3074 intermis-

236 3128 392 3186 sione
423 3129 592 3190 orate,
628 3122 686 3177 in
715 3118 974 3176 omnibus
1000 3116 1202 3191 gratias
1226 3114 1388 3188 agite.
1423 3113 1548 3169 Haec
1577 3120 1658 3166 est
1689 3109 1836 3164 enim

237 3219 498 3274 voluntas
545 3213 642 3271 Dei
691 3212 748 3268 in
793 3209 1015 3268 Christo
1043 3208 1171 3263 Jesu
1211 3205 1268 3260 in
1311 3201 1571 3259 omnibus
1598 3199 1777 3256 vobis.
1806 3222 1823 3246 ι

237 3307 510 3378 Quoniam
539 3317 758 3361 necesse
785 3309 867 3358 est
896 3299 1158 3374 quosdam
1204 3297 1261 3353 in
1302 3295 1457 3368 plebe
1485 3309 1600 3351 esse
1629 3291 1840 3347 immo—
1867 3277 1912 3338 C
1947 3274 2045 3332 tati

237 3407 441 3474 destos,
491 3402 754 3476 quosdam
799 3407 980 3456 autem
1008 3395 1405 3469 pusillanimes,
1446 3393 1553 3448 hoc
1596 3397 1700 3457 est,
1755 3388 1838 3446 ti-

240 3499 440 3565 midos,
490 3495 754 3569 quosdam
800 3507 932 3547 vero
975 3488 1082 3546 ﬁde
1121 3485 1407 3543 inﬁrmos:
1461 3482 1691 3554 ideoque
1738 3481 1838 3538 hos

239 3591 336 3664 qui
366 3585 633 3646 moderati
662 3589 793 3640 sunt
823 3583 940 3655 (17)
973 3588 1029 3636 et
1056 3578 1447 3652 magnanimes,
1473 3583 1528 3631 et
1567 3575 1674 3631 ﬁde
1701 3574 1841 3630 fun-

239 3684 380 3750 dati,
409 3683 664 3739 hortatur
693 3693 818 3735 cum
850 3691 1030 3748 prece,
1062 3683 1124 3730 ut
1153 3673 1240 3730 his
1272 3672 1582 3738 consulant,
1612 3677 1674 3726 ut
1704 3685 1838 3742 pos-

241 3774 355 3830 sint
401 3770 692 3845 proﬂcere,
739 3767 1060 3824 sufferentes
1103 3779 1214 3829 eos,
1255 3778 1324 3818 ne
1361 3762 1406 3817 si
1449 3762 1736 3821 retributio
1775 3763 1838 3823 ﬁt

243 3863 544 3930 malorum,
577 3857 788 3932 pejores
817 3873 874 3914 se
902 3857 1056 3915 ﬁant.
1082 3854 1294 3912 Idcirco
1323 3852 1464 3909 nihil
1493 3853 1646 3910 aliud
1676 3872 1839 3929 quam

240 3959 446 4016 bonum
492 3955 814 4013 sectandum
857 3952 1133 4017 hortatur,
1181 3966 1293 4006 non
1337 3951 1516 4005 solum
1569 3951 1626 4006 in
1674 3967 1841 4008 causa

241 4048 497 4114 fratrum,
541 4044 634 4101 sed
682 4051 735 4100 et
782 4043 841 4098 in
886 4041 1163 4098 omnium.
1215 4040 1449 4096 Possunt
1498 4040 1646 4096 enim
1679 4039 1841 4096 bonis

243 4137 498 4211 operibus
544 4133 747 4190 attrahi
798 4131 1047 4188 inﬁdeles
1093 4129 1162 4185 ad
1201 4129 1608 4198 credulitatem,
1635 4147 1705 4186 ex
1735 4146 1843 4203 qua

241 4244 454 4300 semper
496 4226 792 4299 gaudeatur
838 4224 895 4278 in
943 4222 1202 4289 Domino,
1232 4221 1335 4276 hoc
1365 4228 1468 4287 est,
1499 4220 1558 4276 in
1604 4221 1836 4277 bonum-

241 4316 524 4374 Orandum
571 4324 760 4371 autem
803 4313 922 4368 sine
971 4309 1414 4366 intermissione:
1455 4309 1656 4366 sedula
1692 4310 1840 4366 enim

241 4429 430 4488 preces
460 4417 758 4484 provocant
789 4409 1034 4464 animum
1069 4405 1276 4478 judicis
1305 4405 1372 4461 ad
1401 4405 1636 4462 dandam
1670 4405 1842 4463 mise-

244 4501 560 4561 ricordiam.
606 4501 667 4557 In
699 4498 956 4554 omnibus
979 4508 1111 4551 vero
1139 4495 1355 4551 actibus
1382 4494 1542 4551 bonis
1569 4498 1681 4552 Deo
1711 4513 1842 4568 gra-

243 4596 349 4653 tias
377 4593 632 4668 agendas,
663 4593 759 4666 qui
792 4591 933 4648 hanc
969 4589 1168 4648 tribuit
1195 4588 1505 4646 doctrinam
1535 4587 1593 4644 in
1621 4587 1841 4646 Christo

246 4687 273 4743 J
281 4702 375 4742 esu
407 4684 644 4742 Domino
673 4689 882 4738 nostro.

319 4777 499 4850 (Vers.
546 4774 769 4846 18-22.)
817 4796 834 4820 ι
878 4771 1146 4844 Spiritum
1211 4766 1384 4824 nolite
1449 4768 1838 4842 exstinguere:

247 4867 559 4943 prophetiae
608 4866 783 4922 nolite
838 4879 1114 4938 aperuere.
1167 4858 1367 4918 Omnia
1397 4859 1658 4932 probate:
1697 4862 1843 4937 quod

247 4963 452 5018 bonum
501 4967 602 5026 est,
645 4965 857 5015 tenete:
907 4955 975 5012 ab
1006 4953 1158 5012 omni
1197 4953 1377 5026 specie
1406 4953 1546 5009 mala
1575 4953 1842 5011 abstinete

246 5073 364 5112 vos.
396 5078 432 5114 ι,
459 5052 575 5110 Hoc
601 5050 757 5118 dicit,
806 5055 871 5106 ut
905 5063 1017 5104 non
1049 5047 1208 5104 facile
1248 5045 1413 5102 alicui
1455 5062 1548 5119 per
1586 5046 1842 5119 spiritum

249 5143 494 5220 loquenti
539 5139 903 5200 interdicatur
957 5136 1354 5210 (exstinguitur
1403 5137 1571 5206 enim,
1612 5138 1658 5194 si
1690 5137 1843 5194 inci-

247 5237 449 5314 pientis
476 5236 626 5310 loqui
657 5235 842 5291 fervor
871 5229 1310 5291 contradictione
1339 5230 1553 5301 sopitur
1582 5227 1752 5306 [l8]),
1773 5246 1843 5286 ne

247 5331 386 5390 forte
416 5346 528 5388 non
572 5329 944 5400 intelligentes
980 5323 1090 5381 dici
1138 5324 1206 5380 ab
1252 5338 1316 5379 eo
1348 5321 1637 5394 spiritalia,
1683 5323 1864 5397 inju-

247 5422 383 5480 riam
429 5419 635 5479 faciant
677 5417 906 5491 Spiritui
951 5423 1161 5484 sancto,
1194 5423 1248 5471 et
1277 5420 1501 5486 peccent
1549 5429 1644 5485 per
1674 5413 1841 5486 igno—

247 5515 476 5573 rantiam
506 5531 518 5570 :
545 5527 723 5586 neque
751 5512 988 5588 aliquem
1019 5511 1114 5586 qui
1152 5510 1305 5584 quasi
1336 5509 1645 5582 Scripturas
1674 5524 1840 5565 reve-

319 5655 434 5727 (16)
467 5656 624 5714 Rom.
650 5653 808 5721 edit.,
849 5653 942 5727 qui
970 5653 1220 5712 laborant
1245 5652 1384 5709 inter
1410 5667 1520 5708 eos.
1569 5651 1643 5708 Et
1672 5650 1836 5719 infra,

242 5745 424 5803 paceni
449 5728 626 5803 hgbete
642 5743 757 5781 cum
784 5726 875 5782 eis.

283 5880 289 5885 _
313 5799 436 5929 £17)
480 5798 630 5855 Edit.
678 5814 742 5855 ac
796 5815 924 5854 mss.
973 5796 1250 5877 nonnulli,
1305 5795 1654 5929 qui'modesti
1690 5800 1833 5854 sunt.

283 5889 310 5928 n
335 5886 396 5928 ra
423 5886 553 5928 vero
580 5868 755 5929 codex
777 5867 974 5929 Laud..
1004 5885 1204 5929 more:
1231 5884 1285 5927 εο
1334 5874 1535 5929 amant.

250 5867 396 5932 Infra
417 5867 553 5928 vero
580 5868 755 5929 codex
777 5867 974 5938 Laud,
999 5867 1204 5942 pejores
1231 5884 1285 5927 εο
1307 5867 1535 5942 faciant.

1873 4651 1922 4710 D

1939 2015 2134 2072 docere
2166 2018 2223 2066 et
2252 2009 2480 2064 adversa
2504 2023 2515 2061 :
2560 2004 2792 2073 ideoque
2814 2017 2846 2054 o
2909 1998 3001 2052 nia
3029 1992 3308 2067 probanda
3331 1995 3535 2055 monet,

1941 2105 2070 2177 quia
2125 2117 2236 2158 non
2277 2103 2505 2171 possunt
2559 2091 2778 2164 eloquia
2828 2084 3052 2144 Domini
3117 2097 3232 2138 esse
3298 2079 3535 2135 diversa.

1942 2167 2084 2250 llinc
2140 2197 2223 2246 est
2269 2167 2415 2242 unde
2444 2191 2498 2240 et
2539 2178 2766 2238 Joannis
2792 2173 3023 2249 apostoli
3063 2170 3326 2244 epistola:
3375 2193 3393 2215 ι
3420 2167 3539 2224 Νο-

1943 2284 2062 2351 lite,
2108 2276 2312 2351 inquit,
2345 2272 2496 2330 omni
2520 2270 2740 2343 spiritui
2772 2266 3030 2323 credere:
3061 2261 3153 2318 sed
3184 2260 3408 2333 probate
3431 2256 3539 2329 spi-

1942 2345 2102 2438 ritus,
2128 2367 2172 2426 si
2187 2345 2273 2423 Iex
2307 2368 2415 2422 Deo
2445 2364 2557 2418 sint
2589 2361 2645 2430 (Ι
2668 2359 2825 2414 Joan.
2854 2371 2931 2421 ιν,
2967 2354 3046 2424 1),
3076 2375 3096 2399 ι
3139 2349 3267 2423 quia
3291 2347 3338 2405 si
3369 2345 3544 2403 multa

1940 2435 2097 2521 bona.
2138 2459 2304 2524 dicat,
2370 2455 2428 2511 in
2481 2453 2668 2523 aliquo
2729 2452 2910 2502 autem
2970 2440 3114 2514 quod
3165 2438 3292 2495 ﬁdei
3335 2435 3543 2494 adver-

1944 2571 2063 2610 sum
2098 2559 2199 2618 est,
2236 2553 2467 2620 promat,
2493 2542 2698 2599 sciatur
2728 2553 2837 2594 non
2869 2549 2984 2591 esse
3031 2528 3270 2602 Spiritus
3299 2533 3538 2583 sanctus.

1943 2644 2093 2702 Nihil
2142 2640 2290 2696 enim
2345 2634 2545 2691 erroris
2593 2633 2650 2687 in
2679 2627 2888 2701 Spiritu
2926 2629 3115 2679 sancto
3145 2619 3347 2692 poterit
3379 2633 3542 2687 repe-

1945 2733 2066 2791 riri.
2107 2730 2210 2785 Sed
2238 2743 2332 2799 per
2365 2720 2691 2780 exercitium
2725 2712 2908 2785 eloqui
2961 2708 3207 2782 quaedam
3248 2703 3538 2776 spiritalia,

1947 2820 2191 2896 quaedam
2225 2790 2355 2871 vero
2388 2807 2650 2870 carnalia,
2695 2803 2824 2877 quia
2853 2798 3035 2856 omnis
3065 2810 3219 2852 error
3245 2790 3398 2850 carni
3435 2790 3543 2847 de-

1947 2879 2190 2986 putatur,
2237 2912 2333 2962 ant
2369 2908 2515 2960 certe
2543 2899 2854 2954 commento
2884 2887 3120 2963 quodam
3154 2881 3368 2940 astutia)
3399 2879 3544 2936 bona

1949 2970 2106 3076 ﬁngit
2137 3018 2147 3056 :
2182 3006 2243 3055 ut
2273 2995 2361 3052 his
2391 2993 2593 3049 inserat
2635 2985 2795 3049 mala,
2828 2981 2972 3038 sicut
3002 2992 3163 3050 supra
3195 2970 3495 3030 memoravi
3524 2987 3536 3026 :

1947 3061 2410 3168 quemadmodum
2459 3081 2518 3138 in
2557 3079 2840 3143 Montano,
2887 3078 2940 3128 et
2987 3066 3257 3132 Priscilla,
3287 3071 3341 3119 et
3370 3061 3542 3118 Maxi-

1952 3151 2106 3242 milla
2126 3177 2408 3257 prophetis
2443 3169 2899 3245 cataphrygarum
2930 3161 3158 3235 spiritus
3195 3152 3390 3257 mundi
3421 3151 3543 3251 imi.

2052 3240 2154 3331 one
2193 3240 2424 3344 quadam
2453 3240 2586 3320 boni
2619 3240 2904 3316 simulavit
2932 3270 2943 3310 :
2977 3259 3039 3307 ut
3066 3264 3162 3322 per
3201 3244 3374 3302 multa
3400 3240 3543 3298 veri-

1950 3370 2177 3437 similia,
2209 3380 2422 3424 necnon
2442 3368 2496 3418 et
2521 3373 2671 3423 vera,
2701 3350 3029 3409 mentiretur
3053 3361 3109 3403 se
3131 3356 3246 3400 esse
3272 3338 3542 3413 Spiritum

1948 3469 2220 3520 sanctum.

2024 3577 2206 3651 (Vera.
2266 3571 2384 3643 23.)
2428 3592 2447 3617 ι
2475 3569 2594 3640 Ipse
2639 3537 2821 3621 autem
2868 3560 3012 3615 Deus
3045 3551 3193 3629 pacis
3237 3545 3542 3650 sanctiﬁcat

1950 3638 2050 3726 vos
2096 3683 2192 3740 per
2243 3659 2429 3719 omnia
2476 3638 2764 3732 perfectos,
2820 3657 2884 3707 ut
2923 3649 3131 3718 integer
3179 3638 3407 3714 spiritus
3451 3653 3540 3693 ve-

1952 3772 2082 3832 ster,
2132 3768 2187 3817 et
2246 3757 2450 3822 anima,
2481 3761 2538 3810 et
2573 3764 2771 3822 corpus
2798 3746 2915 3802 sine
2953 3739 3173 3815 querela
3201 3737 3257 3792 in
3302 3734 3542 3789 adventu

1951 3824 2172 3914 Domini
2230 3849 2405 3909 nostri
2443 3847 2569 3903 Jesu
2599 3840 2803 3902 Christi
2843 3843 3111 3898 servetur.
3142 3855 3161 3878 ι
3205 3829 3350 3884 Deus
3396 3824 3544 3898 pacis

1952 3945 2205 4004 Christus
2237 3951 2318 3998 est
2351 3958 2363 3996 :
2417 3938 2496 3995 ait
2525 3934 2671 3992 enim
2699 3950 2712 3988 :
2768 3956 2786 3979 ι
2815 3930 3006 3986 Pacem
3040 3936 3214 3978 meam
3261 3916 3332 3974 do
3363 3914 3541 3981 vobis,

1952 4053 2140 4111 pacem
2196 4049 2370 4089 meam
2429 4029 2682 4100 relinquo
2729 4019 2889 4076 vobis
2948 4015 3129 4087 (Joan.
3180 4025 3302 4075 xiv,
3343 4005 3460 4076 27).
3510 4027 3530 4050 ι

1953 4097 2165 4204 Ouippe
2215 4143 2338 4184 cum
2389 4097 2748 4192 omnia—quat
2795 4111 2960 4170 habet
3016 4107 3193 4171 Pater,
3227 4099 3356 4158 Filii
3409 4097 3543 4165 sint,

1955 4193 2118 4282 hunc.
2165 4219 2506 4280 sanctiﬁcare
2557 4231 2657 4271 nos
2711 4214 2863 4283 optat
2891 4200 3209 4276 Apostolus,
3239 4203 3302 4252 ut
3352 4210 3453 4250 nos
3483 4193 3545 4248 il-

1953 4322 2149 4378 lustret
2179 4317 2379 4390 pietate
2403 4306 2710 4370 clementiae
2742 4320 2872 4368 suae,
2895 4305 2950 4354 et
2977 4309 3196 4353 omnem
3219 4295 3398 4346 actum
3426 4285 3542 4357 (19)

1951 4378 2203 4466 nostrum
2259 4407 2458 4479 dirigat
2506 4403 2564 4459 in
2597 4397 2953 4474 perfectione,
2984 4398 3046 4447 ut
3076 4389 3286 4458 integer
3324 4381 3397 4438 sit
3439 4378 3546 4452 spi-

1951 4503 2094 4560 ritus
2141 4502 2302 4559 datus
2348 4476 2528 4554 nobis.
2563 4496 2717 4551 Tunc
2753 4489 2898 4548 enim
2933 4487 3142 4553 integer
3177 4487 3280 4547 est,
3311 4476 3355 4533 si
3387 4476 3544 4532 bona

1951 4593 2082 4649 vitae
2139 4590 2473 4654 studeamus,
2529 4585 2767 4642 animam
2827 4576 3088 4634 habentes
3148 4566 3433 4632 mundam,
3490 4571 3544 4620 et

1950 4701 2149 4758 corpus
2199 4683 2317 4739 sine
2371 4677 2610 4752 querela,
2643 4680 2705 4728 ut
2752 4676 2902 4725 totus
2931 4666 3095 4721 homo
3133 4659 3205 4717 sit
3247 4655 3538 4730 perfectus.

1951 4779 2135 4836 Potest
2180 4778 2327 4833 enim
2367 4787 2566 4841 corpus
2597 4763 2862 4822 mundum
2900 4775 3036 4823 esse,
3069 4764 3122 4813 et
3151 4753 3335 4809 anima
3362 4749 3542 4823 inqui-

1952 4869 2070 4925 nari
2126 4883 2222 4942 per
2279 4864 2482 4920 malum
2531 4858 2867 4930 cogitatum:
2903 4849 3132 4923 ideoque
3175 4845 3434 4919 spiritum
3484 4843 3585 4899 in“

1952 4939 2176 5017 homine
2224 4953 2491 5014 mundum
2531 4948 2667 5006 dicit
2695 4961 2810 5004 esse
2839 4943 3056 5002 debere.
3087 4941 3146 5000 Si
3186 4947 3368 4996 autem
3401 4939 3546 4995 mala

1956 5054 2069 5110 vita
2103 5052 2192 5108 vel
2239 5045 2498 5120 cogitatio
2547 5039 2868 5106 intercedat,
2903 5051 3014 5093 non
3053 5032 3160 5092 erit
3196 5031 3408 5105 integer
3436 5029 3541 5102 spi-

1951 5144 2112 5210 ritus,
2165 5141 2294 5216 quia
2339 5134 2540 5194 deserit
2593 5132 2875 5190 hominem
2927 5125 3168 5202 peccatis
3213 5121 3540 5182 obnoxium.

1949 5237 2091 5292 Dum
2119 5211 2266 5289 enim
2293 5227 2549 5287 dissentit
2577 5224 2761 5282 anima
2788 5229 2842 5278 et
2878 5234 3096 5292 corpus,
3126 5211 3378 5289 quamvis
3425 5211 3543 5267 sine

1952 5341 2113 5381 sensu
2145 5322 2238 5390 sit,
2271 5317 2436 5378 alieni
2465 5317 2533 5373 ab
2568 5331 2632 5373 eo
2671 5313 3006 5372 efﬁciuntur.
3045 5315 3100 5364 et
3128 5305 3282 5362 velut
3313 5298 3544 5375 perdens

1950 5431 2060 5482 eos,
2094 5428 2204 5470 non
2226 5389 2346 5468 erit
2389 5409 2599 5481 integer
2651 5404 2880 5478 spiritus
2910 5419 2924 5458 :
2959 5398 3027 5457 ad
3056 5397 3162 5454 hoc
3203 5393 3352 5450 enim
3381 5389 3544 5449 datur

1948 5478 2188 5573 homini,
2218 5511 2281 5561 ut
2324 5478 2540 5558 maneat
2590 5496 2648 5552 in
2684 5510 2770 5562 eo,
2814 5499 2870 5549 et
2917 5488 2991 5547 sit
3019 5483 3175 5560 quasi
3207 5489 3373 5558 caput
3399 5478 3539 5554 ejus.

2017 5648 2136 5793 £18)
2169 5646 2296 5703 Mss.
2330 5643 2558 5716 aliquot,
2590 5635 3000 5696 contradictione
3025 5632 3261 5706 rapitur.

2046 5721 2133 5791 19)
2167 5719 2368 5776 Omnes
2394 5714 2554 5784 edit.,
2583 5719 2631 5772 et
2656 5728 2806 5769 omne
2838 5714 3056 5774 votum;
3084 5719 3261 5763 omne:

2046 5703 2133 5791 19)
2167 5719 2368 5776 Omnes
2394 5703 2557 5784 edit.,
2583 5719 2631 5772 et
2656 5728 2806 5769 omne
2838 5714 3056 5774 votum;
3084 5703 3277 5763 omnes
3305 5717 3460 5767 mea,
3490 5703 3539 5754 et

1943 5809 2146 5854 omnem
2172 5795 2370 5849 actum.
