3970 6362
451 423 556 480 479

1465 421 1562 480 ΑΙ)
1602 421 1837 480 OPERA
1889 421 1943 478 S.
1987 422 2318 480 AMBROSII
2355 421 2736 492 APPENDIX.

3651 428 3766 486 480

451 551 665 619 Integer
712 563 840 620 ergo
877 563 992 604 non
1045 547 1173 617 erit,
1202 546 1332 622 quia
1376 546 1558 620 perdit
1587 548 1850 616 membra,
1905 549 2039 606 dum
2068 552 2119 612 Α
2151 548 2348 617 stiana,
2403 557 2597 607 caetera
2652 548 2893 606 carnalia
2946 556 3094 617 sunt,
3141 550 3271 622 quia
3315 549 3588 626 quidquid
3634 553 3765 610 sine

451 637 658 696 recedit
708 636 776 694 ab
832 654 897 694 eo
947 636 1115 694 homo
1159 653 1224 694 ea
1266 653 1431 712 agens
1477 654 1598 712 quae
1647 638 1764 696 odit
1809 639 2048 712 Spiritus

451 735 691 784 εαηθῐιιε.

528 816 709 888 (Vers.
747 814 838 884 24,
869 814 984 886 25.)
1025 841 1042 862 ‹
1070 814 1276 871 Fidelis
1305 824 1385 872 est
1416 815 1562 872 enim
1617 817 1782 886 Deus,
1815 818 1910 891 qui
1956 835 2050 875 vo-

452 905 602 961 cavit
645 921 763 972 vos,
797 903 891 977 qui
922 911 975 959 et
1003 902 1185 959 faciet.
1215 905 1453 972 Fratres,
1481 912 1630 961 orate
1680 921 1778 979 pro
1808 906 1985 964 nobis.
2019 934 2037 956 -

454 992 698 1051 Fidelem
736 995 911 1050 Deum
966 991 1103 1048 dicit
1147 991 1205 1047 in
1254 993 1538 1066 promissis
1583 995 1718 1064 suis,
1762 1003 1823 1052 ut
1874 996 2050 1054 securi

455 1084 523 1140 de
570 1082 798 1156 praemio
851 1089 997 1138 recte
1046 1089 1354 1138 versentur.
1408 1083 1480 1138 Et
1530 1083 1660 1156 quia
1706 1085 1799 1158 qui
1853 1085 2052 1142 vivunt

448 1173 612 1246 juxta
653 1172 1033 1245 Evangelium,
1083 1172 1243 1229 facile
1288 1180 1546 1246 poterunt
1597 1174 1886 1248 impetrare
1932 1193 2051 1250 quae

453 1264 758 1336 postulant,
799 1262 1008 1320 idcirco
1037 1279 1192 1319 orare
1232 1281 1325 1320 eos
1351 1281 1450 1337 pro
1477 1281 1533 1321 se
1573 1263 1862 1335 hortatur;
1895 1267 2053 1324 facile

451 1352 600 1409 enim
634 1351 794 1408 multi
830 1351 1128 1425 impetrant
1157 1353 1305 1426 quod
1335 1354 1666 1411 desiderant.

525 1444 704 1516 (Vers.
759 1444 874 1516 26.)
927 1470 946 1493 ι
989 1445 1233 1502 Salutate
1274 1445 1472 1502 fratres
1535 1462 1724 1503 omnes
1760 1447 1820 1504 in
1867 1449 2054 1504 osculo

453 1541 663 1591 sancto.
701 1558 720 1582 ι
765 1533 962 1591 Sancta
1015 1535 1203 1591 oscula
1241 1541 1372 1590 sunt
1416 1533 1477 1591 in
1513 1535 1841 1593 salutatione
1898 1535 2055 1594 Chri-

2155 637 2376 695 Christo
2407 639 2488 707 ﬁt,
2519 641 2736 696 carnale
2766 645 2868 707 est,
2907 654 2970 694 ac
3007 655 3104 712 per
3146 637 3252 696 hoc
3281 647 3336 696 et
3366 643 3616 699 mortale.
3648 641 3764 712 Qui

2159 727 2305 782 enim
2336 737 2615 784 auctorem
2643 729 2771 783 vita:
2803 728 3130 796 contemnit,
3153 727 3210 783 in
3238 738 3412 786 morte
3441 739 3542 787 est.

2233 819 2415 892 (Vers.
2448 818 2564 890 27.)
2603 843 2621 866 ι
2641 818 2852 890 Adjuro
2868 835 2967 874 vos
2995 834 3090 891 per
3109 819 3431 889 Dominum,
3457 829 3520 877 ut
3548 823 3765 896 legatur

2160 909 2390 982 epistola
2420 910 2537 967 haec
2566 910 3138 966 omnibusfratribus.
3174 936 3192 958 ι
3233 911 3508 985 Astringit
3552 929 3664 983 eos,
3696 921 3765 970 ut

2161 999 2388 1055 solliciti
2418 999 2531 1055 sint
2559 999 2627 1055 ad
2660 999 2942 1072 legendam
2983 1000 3273 1072 epistolam
3318 1003 3533 1059 cunctis
3561 1003 3765 1059 fratri-

2159 1087 2281 1156 bus,
2316 1096 2376 1144 ut
2405 1096 2737 1161 cognoscant
2765 1096 2820 1144 et
2855 1088 3042 1145 laudes
3079 1097 3133 1146 et
3161 1089 3570 1149 admonitiones
3609 1109 3758 1161 suas,

2161 1194 2257 1250 per
2281 1195 2416 1247 quas
2448 1179 2584 1234 ﬁant
2612 1179 2862 1252 perfecti.

2237 1268 2418 1340 (Vers.
2465 1268 2581 1340 28.)
2629 1294 2646 1316 ι
2681 1269 2869 1325 Gratia
2905 1268 3130 1325 Domini
3175 1271 3347 1328 nostri
3384 1273 3511 1329 Jesu
3549 1271 3762 1332 Christi

2163 1357 2472 1413 vobiscum.
2502 1384 2520 1406 -
2569 1357 2660 1414 Sic
2689 1358 2815 1414 illos
2848 1357 2908 1414 in
2936 1357 3098 1414 bonis
3129 1360 3387 1431 operibus
3430 1363 3552 1418 vult
3580 1361 3762 1434 proﬁ-

2163 1463 2302 1516 cere,
2347 1457 2408 1504 ut
2453 1449 2625 1519 gratia
2668 1448 2893 1505 Domini
2938 1448 3111 1505 nostri
3136 1449 3264 1506 Jesu
3295 1450 3501 1509 Christi
3533 1468 3764 1525 perma-

2164 1544 2289 1592 neat
2317 1536 2375 1592 in
2404 1537 2483 1593 eis
2513 1537 2571 1592 in
2604 1546 2892 1594 aeternum.

456 1839 570 1926 1N
651 1837 1001 1925 EPIST.
1079 1838 1176 1925 B.
1256 1837 1581 1926 PAULI
1659 1839 1806 1924 AD
1887 1839 3019 1930 THESSALONICENSES
3095 1843 3745 1936 SECUNDAM.

1054 2159 1438 2219 PROLOGUS.

524 2253 793 2322 Quoniam
841 2251 899 2311 in
952 2252 1139 2328 prima
1189 2251 1420 2325 epistola
1446 2247 1516 2304 ad
1542 2245 2053 2304 Thessalonicenscs

453 2343 582 2402 data
615 2344 760 2400 inter
785 2350 980 2401 cetera
1007 2343 1171 2400 etiam
1193 2341 1260 2398 de
1283 2339 1524 2395 adventu
1554 2335 1777 2394 Domini
1803 2336 2050 2410 quaedam

452 2431 778 2504 scripsit,-et
807 2431 874 2488 de
910 2430 1307 2488 resurrectione
1337 2436 1673 2495 sanctorum,
1705 2443 1857 2485 nunc
1885 2427 2049 2483 aliam

453 2519 646 2577 scribit
675 2519 742 2576 ad
763 2537 874 2588 eos,
899 2520 956 2575 in
978 2535 1083 2592 qua
1102 2515 1396 2589 signiﬁcat,
1429 2515 1557 2571 licet
1586 2515 1816 2573 obscure
1849 2517 2050 2591 (neque

453 2608 598 2666 enim
647 2617 832 2682 aperte
884 2607 1067 2680 potuit
1105 2604 1390 2674 scribere),
1428 2603 1495 2658 de
1544 2603 1846 2662 abolitione
1895 2608 2047 2679 regni

452 2697 709 2766 Romani,
741 2706 795 2754 et
824 2697 892 2754 de
918 2692 1232 2751 antichristi
1259 2691 1578 2765 apparentia
1599 2702 1652 2750 et
1674 2693 2046 2769 damnatione,

452 2795 507 2844 et
534 2786 603 2844 de
631 2784 990 2861 quorumdam
1023 2781 1256 2838 fratrum
1283 2781 1690 2854 inquietudine.

973 2924 1200 2983 CAPUT
1237 2925 1531 2983 PRIMUM.

526 3054 707 3125 (Vers.
745 3049 888 3121 1-3.)
934 3074 951 3096 ι
974 3050 1196 3119 Paulus,
1227 3057 1280 3106 et
1330 3049 1606 3119 Silvanus,
1637 3058 1690 3107 et
1727 3050 2050 3112 Timotheus

453 3139 713 3200 EOCIesiaa
741 3139 1310 3196 Thessalonicensium
1344 3139 1403 3195 in
1431 3141 1543 3196 Deo
1570 3140 1728 3196 Patre
1756 3151 1963 3210 nostro,
1996 3151 2050 3199 et

452 3230 511 3287 in
540 3228 776 3286 Domino
803 3229 930 3285 Jesu
974 3228 1216 3286 Christo.
1250 3229 1439 3286 Gratia
1470 3228 1626 3285 vobis
1653 3237 1708 3286 et
1736 3247 1842 3302 pax
1871 3248 1901 3286 a
1936 3233 2049 3289 Deo

450 3324 607 3380 Patre
637 3331 847 3393 nostro,
870 3331 925 3380 et
957 3324 1193 3381 Domino
1221 3325 1348 3380 Jesu
1377 3323 1615 3381 Christo.
1641 3351 1659 3373 ι
1701 3325 2050 3384 Solemnihus

450 3412 633 3469 verbis
663 3413 856 3470 scribit
885 3413 953 3469 ad
981 3430 1110 3470 eos:
1141 3413 1306 3469 solito
1355 3414 1503 3470 enim
1536 3431 1686 3471 more
1731 3432 2048 3475 sermonum

451 3509 614 3576 caput
659 3503 977 3560 continetur
1017 3503 1300 3574 epistolae:
1347 3510 1401 3558 et
1444 3503 1587 3558 idem
1617 3503 1720 3577 ipsi
1754 3513 1865 3561 tres
1895 3514 2043 3576 sunt,

449 3607 686 3665 quorum
731 3592 957 3648 nomine
1007 3591 1289 3661 scribitur,
1324 3591 1465 3648 sicut
1513 3600 1567 3647 et
1613 3593 1792 3665 prima
1819 3595 2052 3668 epistola

452 3681 511 3751 (Ι
542 3681 716 3738 Thess.
749 3698 790 3749 ι,
832 3680 909 3752 1).

538 3795 556 3819 ε
585 3769 800 3828 Gratias
845 3784 1001 3842 agere
1051 3767 1312 3826 debemus
1343 3771 1459 3826 Deo
1496 3785 1709 3842 semper
1754 3769 1822 3828 de
1870 3773 2045 3844 vobis,

451 3862 667 3932 fratres,
715 3861 858 3918 sicut
899 3861 1128 3932 dignum
1169 3870 1270 3930 est,
1330 3861 1588 3936 quoniam
1621 3866 2052 3935 superexcrescit

450 3952 587 4008 ﬁdes
609 3959 808 4020 vestra,
842 3959 895 4007 et
921 3951 1325 4024 multiplicatur
1345 3951 1587 4008 charitas
1617 3952 2050 4026 uniuscujusque

452 4053 693 4103 vestrum
721 4044 970 4102 omnium
1001 4045 1058 4100 in
1081 4062 1180 4101 vos
1209 4045 1469 4102 invicem.
1497 4071 1514 4092 ι
1549 4046 1662 4100 Deo
1691 4061 1746 4101 se
1775 4045 2050 4102 debitores

451 4134 518 4193 de
548 4135 744 4192 borum
777 4135 1026 4208 profectu
1057 4133 1112 4189 in
1137 4133 1433 4206 gratiarum
1455 4134 1669 4190 actione
1700 4135 2045 4206 proﬁtentur,

451 4231 505 4282 et
553 4233 614 4282 ut
656 4241 767 4281 non
816 4225 1198 4298 qualecunque
1246 4240 1360 4280 esse
1398 4222 1645 4280 debitum
1702 4225 2044 4282 ostenderet:

465 4337 484 4360 ι
520 4314 675 4371 Sicut
707 4312 936 4386 dignum
967 4320 1069 4378 est,
1101 4337 1120 4360 ι
1161 4314 1260 4381 ait,
1291 4322 1354 4369 ut
1383 4329 1481 4386 pro
1509 4321 1621 4368 tam
1653 4313 1874 4370 inﬁnito
1902 4313 2048 4372 dono

453 4418 676 4476 magnas
733 4402 934 4474 gratias
985 4400 1296 4458 referendas
1351 4403 1464 4458 Deo
1514 4409 1858 4458 testarentur.
1921 4404 2049 4460 Post

451 4499 727 4566 acceptam
779 4491 926 4548 enim
983 4497 1126 4554 285
1175 4492 1408 4564 primam
1450 4493 1738 4566 epistolam
1794 4493 2048 4550 meliores

452 4607 587 4661 esse,
631 4608 794 4666 quam
839 4591 1076 4660 fuerant,
1110 4589 1488 4662 perstiterunt,
1537 4589 1615 4646 ita
1655 4598 1718 4646 ut
1761 4589 1820 4646 in
1849 4607 1912 4646 eo
1945 4607 2048 4648 co-

453 4680 594 4754 piosi
624 4690 677 4738 et
696 4681 1039 4738 abundantes
1059 4680 1400 4749 viderentur,
1423 4680 1568 4753 quod
1593 4688 1716 4754 post
1744 4680 1967 4737 Domini
1994 4687 2048 4737 et

452 4771 552 4828 Dei
578 4767 928 4830 devotionem
978 4771 1246 4829 habemus
1274 4772 1616 4842 mandatum,
1647 4780 1709 4829 ut
1755 4771 2048 4845 diligamus

455 4875 555 4917 nos
584 4861 820 4921 invicem
855 4863 1037 4935 (Joan.
1067 4880 1190 4931 xm,
1223 4862 1337 4935 34).

528 4949 710 5018 (Vers.
743 4951 800 5020 4,
829 4952 911 5023 5.)
958 4977 976 5000 ι
1003 4953 1085 5008 Ita
1113 4960 1174 5008 ut
1202 4970 1301 5008 nos
1329 4951 1434 5026 ipsi
1465 4952 1533 5009 de
1562 4951 1720 5008 vobis
1749 4951 2045 5024 gloriemur

457 5036 515 5092 in
538 5037 800 5094 Ecclesiis
828 5041 926 5096 Dei
970 5057 1068 5112 pro
1099 5041 1363 5112 patientia
1399 5049 1580 5098 vestra
1608 5049 1661 5098 et
1687 5041 1794 5098 ﬁde
1826 5042 1883 5098 in
1916 5059 2046 5098 om-

454 5125 621 5183 nibus
677 5127 1150 5200 persecutionibus
1206 5131 1403 5187 vestris
1459 5140 1513 5188 et
1567 5131 1855 5204 pressuris,
1914 5147 2049 5204 quas

453 5215 741 5275 sustinetis
786 5216 843 5273 in
874 5219 1187 5291 exemplum
1213 5217 1349 5291 justi
1384 5221 1584 5294 judicii
1613 5223 1735 5290 Dei,
1768 5222 1824 5277 in
1855 5220 1961 5278 hoc
1986 5229 2050 5277 ut

451 5306 604 5380 digni
637 5306 952 5364 habeamini
993 5323 1159 5380 regno
1187 5309 1307 5377 Dei,
1339 5326 1437 5383 pro
1472 5327 1580 5383 quo
1630 5317 1684 5367 et
1713 5309 1987 5383 patimini.
2017 5335 2035 5359 ι

453 5397 694 5456 Gloriam
727 5415 843 5457 esse
876 5415 1030 5455 suam
1063 5397 1121 5455 in
1148 5398 1346 5456 horum
1388 5401 1806 5457 conversatione
1839 5408 1892 5456 et
1918 5416 2051 5472 per-

453 5486 732 5544 secutione
757 5489 994 5546 tolerata
1023 5495 1274 5556 testatur,
1304 5487 1359 5544 in
1390 5495 1602 5544 tantum
1633 5499 1694 5545 ut
1723 5489 1867 5560 apud
1896 5497 2050 5544 caete-

452 5592 539 5633 ras
568 5577 843 5636 Ecclesias
871 5581 1126 5653 exempla
1152 5594 1345 5636 eorum
1376 5579 1748 5651 proferantur,
1781 5586 1843 5634 ut
1868 5577 2052 5634 imita-

2072 4874 2120 4933 D

2077 2144 2127 2204 A
2158 2142 2309 2199 tione
2360 2159 2548 2200 eorum
2588 2153 2835 2202 crescant
2880 2147 2938 2204 in
2969 2147 3265 2206 devotione
3293 2148 3608 2222 passionum
3659 2169 3764 2225 pro

2162 2229 2406 2300 Christo,
2447 2241 2500 2289 et
2537 2242 2854 2291 mereantur
2879 2237 3138 2309 consequi
3183 2255 3301 2312 quae
3333 2239 3600 2311 promissa
3629 2249 3765 2298 sunt

2161 2321 2386 2387 sanctis,
2428 2320 2486 2377 in
2525 2322 2613 2377 die
2636 2321 2773 2394 justi
2811 2323 3011 2396 judicii
3045 2325 3166 2395 Dei,
3197 2325 3356 2398 cujus
3385 2344 3570 2385 amore
3602 2347 3764 2387 mun-

2159 2408 2288 2464 dum
2329 2426 2584 2481 spernere
2623 2429 2736 2468 non
2766 2413 3109 2471 dubitarunt.
3145 2417 3278 2488 Ipsae
3315 2417 3462 2473 enim
3493 2435 3766 2491 pressura

2159 2501 2410 2572 exempla
2435 2508 2565 2556 sunt
2592 2501 2908 2559 futurorum
2950 2505 3271 2562 meritorum
3308 2506 3365 2562 in
3397 2505 3484 2563 his
3531 2507 3623 2581 qui
3653 2525 3758 2581 pa-

2158 2587 2393 2656 tiuntur,
2425 2591 2495 2646 ad
2519 2591 2748 2663 gloriam
2775 2609 2787 2647 :
2821 2592 2879 2648 in
2925 2593 3039 2649 illis
3087 2601 3269 2650 autem
3297 2595 3392 2668 qui
3425 2611 3762 2672 persequun-

2159 2685 2268 2746 tur,
2296 2678 2362 2734 ad
2403 2678 2793 2751 perditionem.

2232 2767 2414 2838 (Vers.
2447 2768 2585 2841 6-9.)
2633 2793 2652 2816 σ
2693 2768 2977 2843 Siquidem
3014 2770 3226 2844 justum
3262 2780 3344 2829 est
3386 2774 3529 2847 apud
3582 2775 3761 2834 Deum
3823 2776 3837 2788 '

2157 2855 2460 2913 retribuere
2497 2857 2595 2926 eis,
2642 2859 2736 2933 qui
2785 2876 2884 2916 vos
2929 2861 3272 2934 deprimunt,
3305 2880 3655 2936 pressuram:
3703 2875 3764 2924 et

2158 2945 2316 3002 vobis
2345 2947 2438 3020 qui
2471 2948 2820 3006 aﬂlictionem
2852 2952 3158 3021 sustinetis,
3193 2953 3436 3027 requiem
3469 2955 3761 3015 nobiscum

2159 3035 2217 3091 in
2260 3036 2596 3093 revelatione
2639 3039 2865 3095 Domini
2905 3041 3031 3096 Jesu
3079 3042 3146 3098 de
3199 3044 3337 3098 coelo
3374 3061 3499 3100 cum
3551 3045 3764 3118 angelis

2159 3123 2384 3181 virtutis
2413 3125 2528 3198 ejus
2577 3126 2634 3182 in
2685 3129 2808 3199 igne
2837 3128 3072 3186 ﬂammae
3125 3131 3309 3188 dantis
3338 3131 3644 3192 vindictam
3699 3135 3763 3192 in

2159 3229 2250 3269 eos
2302 3214 2396 3287 qui
2452 3231 2562 3271 non
2613 3228 2889 3275 noverunt
2936 3220 3136 3289 Deum,
3187 3229 3242 3277 et
3272 3222 3329 3278 in
3365 3239 3456 3279 eos
3494 3224 3586 3296 qui
3641 3239 3761 3280 non

2158 3303 2465 3360 obaudiunt
2516 3305 2818 3378 Evangelio
2861 3309 3086 3364 Domini
3130 3311 3304 3367 nostri
3353 3312 3478 3368 Jesu
3527 3311 3759 3381 Christi,

2159 3391 2252 3464 qui
2293 3409 2479 3464 poenas
2522 3397 2739 3450 solvent
2781 3395 2840 3450 in
2887 3397 3173 3454 interitum
3227 3407 3489 3456 aeternum
3536 3416 3567 3454 a
3614 3400 3756 3459 facie

2078 3511 2124 3571 B
2159 3481 2404 3550 Domini,
2434 3491 2488 3539 et
2515 3500 2547 3538 a
2578 3485 2752 3557 gloria
2779 3487 3003 3544 virtutis
3024 3487 3160 3559 ejus.
3193 3513 3212 3537 ι
3257 3488 3527 3555 Quoniam
3557 3505 3761 3546 exem-

2160 3571 2312 3642 plum
2338 3571 2474 3644 justi
2500 3573 2700 3646 judicii
2729 3576 2829 3632 Dei
2866 3593 3126 3649 apparere
3153 3578 3301 3636 dixit
3323 3578 3441 3635 sive
3469 3580 3526 3634 in
3556 3579 3756 3649 bonos,

2159 3658 2275 3716 sive
2307 3661 2362 3718 in
2395 3664 2585 3732 malos,
2641 3665 2847 3722 idcirco
2891 3666 3214 3723 subsecutus
3259 3666 3378 3723 ait:
3425 3691 3442 3714 ι
3474 3667 3760 3740 Siquidem

2153 3748 2368 3822 justum
2415 3759 2498 3807 est
2543 3752 2688 3824 apud
2724 3755 2920 3821 Deum,
2952 3778 2970 3800 -
3016 3761 3078 3809 ut
3112 3754 3305 3811 reddat
3340 3755 3642 3829 unicuique
3678 3773 3760 3813 se-

2159 3839 2401 3896 cundum
2445 3858 2606 3914 opera
2648 3859 2764 3899 sua.
2811 3842 2955 3909 Quid
2986 3851 3095 3898 tam
3121 3842 3356 3913 justum,
3392 3861 3554 3918 quam
3589 3853 3649 3900 ut
3699 3843 3762 3900 hi

2158 3929 2253 4002 qui
2284 3930 2342 3986 in
2393 3933 2594 3989 saeculo
2623 3931 2942 4004 deprimunt
2970 3931 3164 4001 bonos,
3195 3940 3249 3989 et
3282 3941 3534 3990 extorres
3563 3950 3656 3990 eos
3684 3933 3762 3990 fa-

2157 4020 2314 4075 ciunt
2365 4020 2862 4092 persecutionibus,
2905 4021 2962 4076 in
3011 4020 3198 4076 futuro
3253 4020 3440 4076 eadem
3479 4023 3764 4093 patiantur

2159 4124 2278 4180 quae
2324 4108 2567 4165 faciunt:
2611 4109 2694 4165 illi
2725 4115 2908 4164 autem
2939 4115 3001 4164 ut
3033 4109 3146 4164 sint
3177 4108 3234 4163 in
3280 4108 3470 4180 requie
3500 4125 3629 4164 cum
3661 4127 3761 4168 cae-

2157 4196 2291 4252 teris
2319 4196 2542 4265 sanctis,
2573 4197 2665 4269 qui
2714 4196 2783 4252 de
2825 4212 3022 4266 magna
3055 4196 3415 4253 tribulatione
3446 4197 3753 4269 venientes,

2157 4301 2385 4356 regnum
2430 4285 2703 4357 accipient
2747 4294 3014 4342 aeternum
3046 4287 3102 4340 in
3133 4286 3377 4343 adventu
3421 4286 3647 4344 Domini
3692 4288 3760 4346 de

2157 4375 2339 4430 coelo:
2389 4390 2515 4430 cum
2563 4375 2791 4447 coeperit
2835 4376 3024 4432 venire
3075 4393 3201 4432 cum
3251 4377 3460 4433 caelesti
3510 4377 3762 4435 exercitu

2156 4479 2255 4518 suo
2301 4470 2355 4518 et
2399 4463 2654 4520 ministro
2696 4467 2819 4538 igne
2856 4465 2925 4521 ad
2955 4465 3198 4522 dandum
3232 4465 3540 4523 vindictam
3579 4467 3638 4523 in
3669 4483 3760 4539 pa-

2156 4566 2342 4622 ganos,
2376 4552 2471 4625 qui
2510 4554 2766 4626 ignorant
2793 4557 2968 4611 Deum
3006 4555 3223 4611 Patrem
3271 4571 3385 4612 esse
3432 4555 3561 4612 Jesu
3597 4554 3762 4612 Chri-

2155 4641 2246 4710 sti,
2304 4650 2359 4698 et
2406 4643 2644 4713 Iudaeos,
2701 4645 2796 4717 qui
2845 4645 3091 4702 dicentes
3125 4661 3183 4701 se
3228 4645 3404 4701 Deum
3451 4643 3615 4713 scire,
3645 4660 3761 4701 non

2157 4731 2387 4788 credunt
2432 4733 2734 4806 Evangelio
2788 4733 3013 4802 Christi,
3064 4734 3212 4807 quod
3259 4733 3412 4789 dedit
3467 4732 3553 4788 illi
3600 4733 3764 4790 Pater

2159 4825 2324 4894 Deus,
2352 4833 2414 4882 ut
2447 4827 2682 4883 traderet
2711 4825 2884 4882 servis
2917 4827 3080 4883 suis?
3111 4827 3258 4894 Quos
3288 4841 3478 4882 omnes
3509 4841 3765 4897 praesen-

2159 4924 2236 4982 tia
2265 4925 2512 4992 Domini,
2563 4933 2616 4982 et
2665 4925 2838 4997 gloria
2867 4923 3169 4997 majestatis
3198 4923 3316 4995 ejus
3360 4923 3505 4996 ignis
3541 4931 3762 4999 exuret,

2152 5024 2215 5072 ut
2275 5015 2486 5074 debitas
2539 5016 2767 5073 reddant
2805 5032 2990 5088 pcnnas
3045 5014 3306 5070 interitus
3362 5015 3420 5070 in
3466 5021 3759 5071 aeternum,

2155 5130 2368 5187 semper
2399 5114 2669 5187 patientes
2699 5114 2839 5187 (20),
2881 5129 2995 5170 non
3024 5120 3207 5169 tamen
3239 5112 3458 5184 penitus
3485 5111 3767 5170 deﬁcien-

2156 5219 2238 5267 tes
2263 5229 2273 5267 :
2309 5218 2370 5266 ut
2396 5212 2509 5283 ipsa
2534 5227 2693 5283 pmna
2742 5209 2866 5265 illos
2896 5207 3134 5281 quodam
3165 5206 3330 5263 modo
3369 5214 3591 5279 generet
3621 5223 3765 5264 sem-

2157 5320 2271 5376 per,
2295 5320 2402 5376 quo
2432 5311 2848 5359 consumantur.

2232 5392 2413 5464 (Vers.
2469 5392 2582 5462 10.)
2626 5390 2808 5448 «Cum
2855 5387 3069 5444 venerit
3118 5385 3411 5443 clariﬁcari
3458 5385 3515 5442 in
3555 5387 3769 5443 sanctis

2160 5485 2296 5551 suis,
2354 5495 2407 5542 et
2457 5484 2740 5541 miriﬁcari
2793 5483 2850 5537 in
2908 5481 3165 5538 omnibus
3225 5480 3321 5552 qui
3382 5478 3764 5549 crediderunt,

2161 5578 2291 5650 quia
2318 5576 2482 5633 ﬁdem
2528 5574 2724 5632 habuit
2764 5571 3144 5630 testimonium
3195 5577 3444 5625 nostrum
3471 5583 3634 5640 super
3663 5585 3770 5626 vos

527 5711 645 5784 (20)
687 5714 783 5787 ⁸Ιιεει
830 5731 956 5771 mss.
993 5715 1177 5786 plures
1231 5713 1607 5787 potioresque:
1671 5713 1804 5770 edit.
1850 5729 1980 5769 vero
2031 5713 2285 5770 cuinaliis
2359 5727 2488 5769 mss.
2551 5707 2901 5784 quibusdam,
2960 5720 3161 5778 semper
3227 5703 3519 5761 sentientes.
3576 5700 3768 5760 Minus

453 5783 766 5843 commode.
