3970 6362
239 355 340 412 481

1215 351 1579 413 COMMENT.
1622 355 1692 412 IN
1729 355 1945 413 EPIST.
1986 357 2036 414 II
2075 355 2170 416 AD
2209 357 2542 418 THESSAL.

3425 366 3531 426 482

238 480 299 535 in
348 479 436 534 die
487 480 582 535 illa
630 478 902 536 adventus
928 480 1174 538 Domini.
1207 503 1225 527 ι
1265 481 1551 554 Duplicem
1591 483 1916 545 continetA
1944 485 2132 541 Sciens
2185 486 2330 542 enim
2371 495 2664 543 venturum
2716 489 3013 546 Dominum
3072 491 3141 548 ad
3187 509 3242 549 se
3290 495 3531 567 compri-

237 585 460 626 sensum
487 588 499 626 :
527 569 783 627 adveniet
804 571 950 627 enim
991 570 1188 645 punire
1225 573 1420 641 malos,
1450 581 1504 629 et
1533 572 1837 644 gloriﬁcare

234 658 434 716 bonos.
491 660 609 733 Ipse
647 661 793 717 enim
837 663 1021 718 clarus
1068 669 1120 718 et
1166 661 1434 717 mirabilis
1474 661 1754 718 videbitur
1777 662 1835 716 in

233 765 332 805 eos
372 749 466 823 qui
493 750 725 807 credunt
750 751 1004 823 exemplo
1032 759 1088 808 et
1118 750 1245 806 fidei
1271 751 1670 822 apostolorum,
1709 767 1833 807 cum

233 837 451 896 fuerint
507 841 774 910 coronati,
805 841 1186 898 testimonium
1220 840 1482 897 reddente
1518 841 1629 896 illis
1656 841 1835 895 Evan~

235 929 383 1000 gelio
422 929 479 985 in
527 929 616 987 die
660 931 919 998 Domini;
990 947 1210 986 severus
1240 939 1420 987 autem
1468 929 1748 1002 apparebit
1779 931 1834 984 in

242 1016 594 1086 incredulos,
624 1035 747 1075 cum
782 1020 1000 1075 internis
1031 1020 1205 1092 poenis
1234 1020 1494 1076 coarctari
1546 1017 1831 1090 cmperint.

232 1104 452 1162 Corona
506 1106 652 1163 enim
709 1107 1105 1181 discipulorum
1155 1109 1401 1180 magistri
1433 1115 1513 1164 est
1550 1109 1741 1179 gloria,
1781 1115 1835 1162 et

232 1195 440 1251 veritas
473 1195 591 1267 ejus
619 1196 1029 1254 incredulorum
1056 1205 1136 1254 est
1169 1214 1348 1270 puana,
1382 1198 1512 1270 quia
1541 1197 1688 1271 quod
1703 1215 1834 1271 prae-

232 1283 542 1354 dicabatur,
571 1302 681 1342 non
708 1287 1049 1344 credebatur.

311 1384 492 1457 (Vers.
545 1386 629 1454 11,
687 1385 800 1458 12.)
868 1413 886 1436 ι
928 1389 989 1443 In
1037 1404 1146 1460 quo
1173 1395 1227 1443 et
1252 1403 1472 1444 oramus
1497 1402 1709 1459 semper
1736 1403 1834 1459 pro

231 1472 416 1542 vobis,
459 1483 516 1530 ut
567 1492 665 1532 vos
721 1476 916 1548 dignos
962 1477 1158 1534 habeat
1209 1477 1496 1535 vocatione
1536 1493 1633 1532 sua
1691 1478 1834 1531 Deus

230 1573 438 1634 noster,
487 1572 541 1620 et
590 1565 816 1638 impleat
843 1566 996 1622 omni
1038 1567 1246 1639 placito
1274 1565 1557 1632 bonitatis,
1590 1572 1644 1619 et
1672 1580 1833 1635 opere

230 1651 365 1710 ﬁdei
416 1655 472 1710 in
517 1655 758 1712 virtute:
803 1656 880 1713 ita
915 1665 976 1713 ut
1020 1656 1350 1713 clariﬁcetur
1378 1669 1580 1710 nomen
1609 1652 1833 1709 Domini

231 1744 412 1800 nostri
464 1745 590 1801 Jesu
642 1745 849 1803 Christi
880 1746 937 1801 in
967 1745 1147 1816 vobis,
1180 1754 1233 1802 et
1259 1762 1358 1800 vos
1388 1743 1446 1798 in
1481 1743 1599 1815 ipso
1627 1759 1834 1799 secun—

227 1832 363 1888 dum
397 1835 626 1906 gratiam
659 1836 756 1892 Dei
784 1836 958 1893 nostri
1001 1845 1055 1892 et
1095 1836 1319 1893 Domini
1350 1835 1476 1890 Jesu
1506 1832 1737 1890 Christi.

233 1920 454 1979 Gaudio
478 1923 631 1980 addit
659 1932 713 1980 et
733 1941 938 1997 preces,
970 1933 1032 1981 ut
1063 1925 1191 1998 quia
1214 1923 1398 1981 devoti
1447 1931 1598 1992 sunt,
1630 1922 1832 1995 digne-

228 2018 326 2067 tur
362 2012 507 2068 Deus
556 2012 817 2084 adjuvare
864 2032 976 2084 eos,
1016 2023 1077 2070 ut
1107 2014 1390 2087 perficiant
1426 2029 1565 2086 opus
1592 2019 1829 2084 ereptum

227 2101 300 2158 ad
331 2102 636 2160 claritatem
687 2105 910 2160 Domini
951 2105 1130 2161 nostri
1155 2106 1283 2161 Iesu
1321 2103 1569 2169 Christi;
1612 2109 1673 2157 ut
1700 2117 1833 2174 per-

227 2191 542 2247 severantia
588 2191 994 2264 discipulorum
1043 2193 1423 2250 testimonium
1454 2192 1527 2248 sit
1569 2190 1831 2262 magistro

229 2278 303 2335 ad
333 2280 585 2351 gloriam.
623 2282 939 2338 Auctoritas
980 2282 1125 2337 enim
1157 2280 1405 2354 magistri
1434 2281 1491 2336 in
1523 2279 1832 2351 discipulo-

228 2383 354 2423 rum
409 2375 491 2424 est
536 2366 759 2440 ﬁducia,
803 2386 931 2428 cum
975 2387 1033 2427 se
1062 2370 1122 2427 in
1164 2377 1387 2444 accepta
1415 2369 1590 2443 gratia
1620 2368 1832 2425 faciunt

229 2456 533 2530 digniores.

849 2565 1078 2625 CAPUT
1117 2565 1187 2622 II.

310 2671 490 2744 (Vers.
538 2671 684 2744 1-4.)
749 2698 767 2722 ι
823 2674 1098 2746 Rogamus
1127 2680 1310 2729 autem
1343 2688 1462 2741 vos,
1489 2671 1704 2740 fratres,
1733 2685 1831 2742 per

229 2759 537 2819 adventum
595 2762 817 2818 Domini
875 2763 1050 2819 nostri
1093 2763 1221 2819 Jesu
1257 2761 1487 2830 Christi,
1527 2769 1582 2817 et
1629 2767 1829 2816 nostrae

225 2851 672 2923 congregationis
702 2851 760 2906 in
792 2852 976 2920 illum,
1009 2869 1076 2907 ne
1101 2851 1261 2907 facile
1290 2850 1623 2906 moveamini
1661 2863 1829 2905 asen-

228 2955 298 2997 su
344 2947 550 3009 vestro,
599 2955 774 3012 neque
823 2940 1254 3006 conturbemini,
1302 2955 1478 3013 neque
1533 2955 1628 3012 per
1657 2937 1830 3010 spiri-

161 3083 170 3088 _
230 3037 377 3098 tum,
424 3045 600 3101 neque
653 3045 749 3101 per
777 3029 1028 3098 verbum,
1059 3045 1234 3102 neque
1263 3045 1360 3102 per
1389 3029 1677 3100 epistolam
1709 3035 1828 3084 tan-

230 3133 397 3192 quam
446 3134 476 3174 a
532 3117 693 3174 nobis
734 3119 978 3187 missam,
1022 3119 1176 3192 quasi
1221 3118 1386 3174 instet
1432 3118 1550 3174 dies
1582 3115 1826 3173 Domini.

1947 574 2224 643 mendum,
2259 592 2455 630 nomen
2489 575 2606 646 ejus
2633 576 2736 633 sibi
2773 579 3094 650 usurpabit;
3127 589 3180 636 et
3211 590 3270 636 ut
3301 600 3528 655 regnum

1945 665 2071 738 ejus-
2106 682 2296 722 verum
2350 683 2465 724 esse
2522 667 2792 736 videatur,
2843 668 3073 725 attrahit
3126 686 3308 727 secum
3341 673 3434 745 qui
3462 673 3531 731 si-

1943 756 2058 810 mul
2115 773 2236 812 cum
2293 772 2356 812 eo
2416 765 2670 828 pereant:
2715 757 2792 814 ita
2843 765 2905 815 ut
2940 757 2996 812 in
3029 756 3194 813 domo
3226 760 3445 817 Domini
3476 761 3533 818 in

1943 843 2070 900 sede
2099 844 2280 900 sedeat
2313 845 2537 912 Christi,
2573 857 2626 904 et
2657 846 2834 919 ipsum
2867 849 3040 905 Deum
3088 865 3143 905 se
3174 858 3394 919 asserat,
3423 867 3534 908 non

1943 933 2145 989 Filium
2178 934 2295 990 Dei.
2335 936 2488 992 Unde
2512 937 2568 992 in
2599 938 2900 1009 Evangelio
2929 938 2998 995 ad
3025 939 3240 996 Judmos
3267 940 3535 997 Dominus

1942 1024 2054 1080 ait:
2121 1048 2139 1069 ε
2187 1025 2302 1095 Ego
2348 1025 2473 1081 veni
2522 1027 2575 1081 in
2609 1029 2833 1084 nomine
2859 1028 3034 1084 Patris
3066 1028 3192 1097 mei,
3226 1036 3280 1084 et
3309 1045 3417 1084 non
3450 1045 3534 1085 me

1943 1116 2255 1188 recepistis:
2288 1117 2333 1172 si
2363 1118 2504 1174 alius
2530 1120 2742 1176 venerit
2773 1120 2830 1176 in
2860 1119 3084 1176 nomine
3113 1137 3230 1190 suo,
3265 1121 3424 1178 illum
3450 1137 3533 1179 ac-

1941 1204 2158 1276 cipietis
2192 1205 2370 1275 (Joan.
2410 1224 2464 1274 ν,
2515 1205 2630 1279 43).
2681 1233 2700 1256 ι
2758 1209 3123 1276 Quamobrem
3152 1226 3220 1266 ex
3248 1209 3536 1267 circumci-

1941 1293 2114 1360 sione,
2159 1302 2253 1349 aut
2302 1294 2687 1353 circumcisum
2746 1297 2903 1353 illum
2961 1297 3148 1355 venire
3204 1298 3533 1371 sperandum

1943 1390 2042 1449 est,
2072 1390 2134 1436 ut
2170 1383 2240 1438 sit
2262 1383 2466 1440 Iudaeis
2503 1385 2762 1441 credendi
2793 1386 2876 1442 illi
2921 1387 3143 1443 fiducia.
3189 1387 3377 1460 Itaque
3405 1404 3531 1444 cum

1943 1471 2522 1530 Thessalonicensibus
2569 1475 2761 1532 scribit
2807 1477 3124 1548 Apostolus,
3157 1476 3316 1535 docet
3345 1490 3536 1533 omnes

1942 1561 1999 1616 in
2031 1578 2086 1616 re
2120 1562 2500 1635 hujuscemodi
2529 1573 2718 1621 cautos
2747 1581 2861 1621 esse
2889 1565 3105 1623 debere.

2016 1662 2198 1734 (Vers.
2225 1663 2280 1729 5,
2312 1663 2392 1735 6.)
2439 1689 2457 1711 ι
2495 1666 2697 1732 Annon
2727 1665 3058 1722 meministis
3084 1662 3230 1738 quod
3249 1681 3333 1720 me
3353 1661 3535 1722 adhuc

1939 1750 2084 1823 apud
2142 1769 2241 1808 vos
2297 1761 2508 1824 agente,
2564 1753 2682 1811 haec
2719 1752 2966 1811 dicebam
3026 1754 3233 1812 vobis?
3286 1754 3358 1810 Et
3385 1771 3534 1812 nunc

1799 1858 1817 1882 ι
1862 1851 1908 1911 Β
1940 1841 2073 1914 quid
2129 1842 2247 1916 (22)
2279 1843 2543 1915 detineat,
2576 1845 2766 1904 scitis:
2800 1846 2869 1902 ad
2901 1846 3007 1904 hoc
3036 1854 3098 1903 ut
3127 1847 3400 1903 reveletur
3436 1845 3531 1902 ille

1942 1927 2000 1985 in
2031 1949 2129 1988 suo
2165 1942 2427 2007 tempore.
2464 1961 2482 1983 ι
2526 1936 2642 1992 Hoc
2669 1952 2950 2008 superesse
2980 1935 3138 2005 dicit,
3168 1944 3230 1992 ut
3259 1935 3533 1992 reveletur

1942 2023 2055 2091 ille,
2089 2023 2182 2095 qui
2212 2032 2338 2080 ante
2367 2023 2665 2081 Dominum
2696 2034 2962 2082 venturus
2989 2035 3090 2082 est:
3126 2035 3186 2081 ut
3210 2023 3324 2097 jam
3355 2037 3530 2098 spere-

1940 2118 2033 2166 tur
2061 2121 2114 2168 et
2143 2113 2413 2170 Dominus
2447 2122 2733 2182 venturus,
2759 2113 2905 2186 quod
2937 2130 3099 2186 supra
3128 2113 3285 2187 quasi
3312 2113 3414 2169 sub
3443 2125 3533 2170 ve-

1941 2199 2144 2257 lamine
2201 2200 2378 2258 factus
2424 2213 2529 2272 est,
2579 2203 2806 2260 dicens:
2857 2227 2876 2250 ι
2903 2202 3020 2258 Nisi
3055 2201 3266 2258 venerit
3299 2200 3533 2259 defectio

1940 2289 2214 2360 primum:
2266 2315 2284 2338 ι
2329 2307 2492 2364 quam
2543 2292 2698 2364 regni
2729 2290 2962 2348 Romani
2995 2290 3350 2347 abolitionem
3378 2307 3532 2363 supe-

1940 2378 2055 2434 rius
2113 2380 2525 2452 intelligendam
2559 2381 2880 2449 memoravi,
2915 2387 2976 2436 ut
3005 2397 3131 2437 cum
3161 2379 3443 2449 defecerit,
3479 2387 3531 2436 et

1939 2468 2154 2524 venerit
2197 2469 2578 2539 antichristus,
2627 2477 2763 2527 tunc
2788 2468 3059 2526 adventus
3089 2469 3317 2526 Domini
3344 2467 3533 2524 venire

1939 2558 2212 2616 credatur.

2014 2655 2194 2727 (Vers.
2220 2656 2300 2728 7.)
2347 2682 2365 2704 ι
2395 2657 2532 2714 Nam
2553 2657 2877 2730 mysterium
2901 2655 3015 2730 jam
3045 2665 3303 2730 operatur
3330 2655 3530 2728 iniqui-

1939 2746 2087 2813 tatis,
2121 2753 2333 2802 tantum
2365 2754 2426 2802 ut
2448 2746 2542 2819 qui
2575 2762 2722 2803 nunc
2752 2754 2923 2814 tenet,
2957 2753 3159 2814 teneat,
3178 2743 3532 2820 quoadusque

1937 2835 2004 2892 de
2035 2835 2215 2891 medio
2245 2836 2359 2894 ﬁat.
2385 2863 2403 2884 ι
2447 2834 2769 2909 Mysterium
2799 2836 3110 2910 iniquitatis
3137 2851 3169 2891 a
3198 2836 3412 2892 Nerone
3448 2835 3531 2893 in-

1939 2932 2156 2998 ceptum
2187 2933 2289 2994 est,
2320 2925 2415 2998 qui
2443 2927 2560 2982 zelo
2586 2925 2859 2983 idolorum
2912 2926 3188 2998 apostolos
3230 2925 3528 2995 interfecit,

1938 3014 2234 3088 instigante
2262 3025 2412 3089 patre
2442 3034 2542 3073 suo
2571 3015 2815 3086 diabolo,
2836 3032 3009 3090 usque
3037 3015 3104 3072 ad
3127 3015 3528 3073 Diocletianum

1938 3113 1992 3161 et
2020 3106 2320 3163 novissime
2350 3106 2653 3175 Iulianum,
2685 3105 2780 3179 qui
2810 3113 2924 3162 arte
2955 3104 3187 3179 quadam
3219 3111 3274 3160 et
3301 3103 3533 3162 subtili-

230 3206 314 3263 Ne
363 3207 486 3280 quis
533 3224 635 3263 vos
681 3207 906 3264 seducat
934 3208 1047 3264 ullo
1075 3208 1261 3276 modo,
1294 3207 1556 3282 quoniam
1585 3205 1694 3262 nisi
1725 3220 1831 3260 ve-
1862 3235 1905 3296 C
1935 3204 2048 3253 tate
2076 3205 2307 3270 coeptam
2335 3195 2764 3296 persecutionem
2798 3196 3024 3268 implere
3049 3211 3167 3295 non.
3188 3193 3534 3296 potuit;quia

233 3297 380 3353 nerit
430 3296 668 3353 defectio
726 3297 990 3368 primum,
1049 3305 1103 3353 et
1149 3299 1424 3353 revelatus
1471 3295 1638 3352 fuerit
1662 3294 1830 3350 homo

235 3383 334 3439 ille
380 3385 609 3456 peccati,
641 3385 792 3441 filius
819 3384 1147 3457 perditionis
1179 3384 1322 3458 (2t),
1353 3386 1447 3456 qui
1487 3383 1827 3450 adversatur,

234 3482 291 3531 et
349 3477 642 3532 extollitur
692 3492 858 3548 supra
908 3492 1071 3532 omne
1118 3476 1264 3548 quod
1309 3475 1514 3532 dicitur
1542 3478 1707 3543 Deus,
1737 3482 1832 3530 aut

235 3563 386 3638 quod
429 3565 667 3621 colitur:
721 3565 800 3620 ita
846 3573 908 3620 ut
949 3565 1008 3620 in
1040 3566 1246 3635 templo
1274 3565 1372 3621 Dei
1402 3564 1606 3632 sedeat,
1637 3571 1831 3619 osten-

235 3661 362 3710 tans
411 3669 468 3710 se
523 3653 730 3724 ipsum,
782 3652 936 3725 quasi
983 3653 1056 3709 sit
1096 3655 1260 3710 Deus.
1293 3678 1312 3702 ι
1351 3653 1612 3710 Obsecrat
1637 3667 1730 3707 eos
1762 3666 1831 3707 ne

237 3742 442 3798 leviter
485 3747 540 3799 et
581 3741 740 3798 facile
792 3742 859 3798 de
890 3743 1132 3800 adventu
1161 3743 1316 3817 quasi
1346 3741 1689 3799 imminentis
1725 3744 1830 3798 Do-

238 3831 380 3888 mini
428 3832 744 3904 opinionem
788 3832 1127 3905 reciperent:
1185 3840 1240 3888 et
1269 3833 1399 3888 talia
1428 3832 1523 3888 dat
1553 3830 1826 3898 mandata,

239 3927 304 3977 ut
332 3921 542 3978 etiamsi
574 3936 670 3994 per
697 3921 954 3994 spiritum
1000 3921 1202 3994 aliquis
1237 3923 1388 3978 velut
1418 3921 1681 3994 propheta
1716 3919 1829 3975 fue-

239 4010 315 4066 rit
356 4011 593 4079 locutus,
633 4010 780 4068 credi
835 4011 886 4066 ei
917 4027 1028 4067 non
1059 4010 1252 4067 debeat
1277 4029 1288 4066 :
1323 4027 1498 4084 neque
1527 4011 1573 4066 si
1604 4024 1699 4081 per
1727 4015 1831 4063 tra-

237 4107 444 4158 ctatum
483 4107 578 4156 aut
605 4117 701 4172 per
729 4101 1015 4172 epistolam
1046 4101 1271 4157 nomine
1299 4101 1439 4156 forte
1459 4099 1830 4174 apostolorum

239 4189 520 4261 scriptam,
593 4206 875 4247 assensum
954 4195 1098 4253 286
1184 4191 1563 4247 tribuendum.
1643 4185 1832 4245 Solent

240 4288 390 4343 enim
441 4287 904 4359 tergiversatores,
956 4296 1018 4344 ut
1060 4288 1275 4357 fallant,
1307 4289 1412 4345 sub
1441 4290 1665 4348 nomine
1692 4292 1832 4350 clari

239 4373 481 4447 alicujus
513 4375 619 4430 viri
649 4376 933 4447 epistolam
967 4377 1190 4449 ﬁngere,
1223 4385 1284 4432 ut
1312 4379 1612 4437 auctoritas
1657 4380 1830 4436 nomi-

239 4465 332 4521 nis
378 4464 548 4536 possit
595 4465 978 4522 commendare
1025 4466 1171 4539 quod
1209 4482 1306 4539 per
1338 4483 1394 4524 se
1453 4469 1630 4540 ipsum
1664 4470 1832 4542 recipi

241 4569 355 4611 non
407 4558 605 4626 posset.
657 4553 772 4610 Hoc
815 4553 958 4622 ideo,
1011 4568 1076 4610 ue
1118 4556 1234 4627 ipsa
1263 4556 1671 4627 perturbatione
1699 4558 1832 4615 dum
1864 4591 1912 4650 Β

241 4642 453 4701 incauti
493 4642 897 4711 invenirentur,
927 4651 1147 4716 possent
1176 4643 1361 4702 seduci
1390 4645 1459 4701 ad
1495 4647 1832 4704 adorandum

242 4735 550 4804 diabolum,
607 4736 704 4809 qui
752 4735 960 4792 idcirco
990 4734 1110 4792 haec
1131 4735 1382 4808 jactabit,
1414 4744 1476 4792 ut
1507 4737 1608 4794 sub
1636 4738 1835 4795 Salva-

246 4823 383 4883 toris
437 4822 663 4880 nomine
708 4839 996 4896 apparens,
1024 4841 1086 4881 ac
1117 4824 1311 4881 fallens
1347 4834 1584 4894 sanctos,
1614 4827 1750 4882 velit
1778 4843 1834 4884 se

244 4912 484 4982 adorari,
515 4921 576 4970 ut
605 4913 843 4986 decipiat
871 4913 1152 4972 credentes
1197 4915 1256 4970 in
1308 4914 1610 4972 Christum.
1643 4917 1746 4974 Sed
1774 4927 1836 4976 ut

246 5003 430 5060 locum
476 5012 570 5058 aut
615 5002 958 5058 occasionem
987 5002 1239 5070 fallendi,
1275 5018 1436 5074 quam
1475 5019 1533 5060 se
1561 5011 1715 5076 putat
1744 5004 1834 5060 ha-

242 5092 394 5161 bere,
453 5108 563 5148 non
624 5092 821 5148 habeat
874 5091 1384 5164 impudentissimus
1425 5093 1670 5163 Satanas,
1695 5103 1833 5150 tem-

246 5199 351 5257 pus
387 5189 440 5238 et
467 5181 622 5254 signa
650 5181 919 5237 adventus
945 5182 1167 5236 Domini
1207 5181 1536 5253 designavit,
1568 5184 1696 5256 quia
1724 5200 1834 5239 non

243 5271 401 5346 prius
429 5271 615 5325 veniet
645 5271 935 5338 Dominus,
967 5287 1129 5343 quam
1162 5271 1312 5342 regni
1343 5272 1572 5328 Romani
1599 5273 1835 5330 defectio

245 5357 358 5419 ﬁat,
395 5368 449 5417 et
478 5369 732 5434 appareat
759 5360 1244 5433 antichristus,qui
1275 5359 1568 5418 interﬁciet
1596 5371 1832 5432 sanctos,

246 5450 464 5508 reddita
512 5453 774 5509 Romanis
803 5451 1076 5520 libertate,
1115 5451 1216 5507 sub
1245 5468 1344 5509 suo
1376 5461 1558 5509 tamen
1589 5454 1831 5510 nomine.

349 5640 410 5699 21
473 5641 632 5698 Rom.
666 5642 822 5712 edit.,
852 5644 1002 5698 homo
1039 5644 1359 5715 iniquitatis,
1389 5646 1535 5718 ﬁlius
1567 5647 1828 5702 interitus.

321 5644 442 5793 ὃς)
474 5713 709 5783 Quidam
735 5731 890 5785 ωδε..
919 5716 1026 5772 hac
1050 5716 1358 5775 dicebantur
1385 5720 1530 5776 vobis
1547 5721 1576 5778 ?
1614 5721 1690 5777 Et
1703 5735 1828 5776 num

1941 3288 2172 3360 desuper
2216 3304 2551 3344 concessum'
2586 3303 2696 3343 non
2730 3286 2926 3342 fuerat.
2960 3287 3056 3343 His
3082 3285 3228 3341 enim
3261 3283 3532 3341 ministris

1943 3379 2121 3433 utitur
2153 3376 2398 3445 Satanas,
2427 3385 2488 3433 ut
2515 3376 2737 3430 interim
2776 3375 2879 3431 sub
2911 3375 3072 3431 turba
3100 3373 3326 3430 deorum
3357 3371 3426 3428 ad
3449 3388 3528 3429 se-

1943 3465 2221 3523 ducendos
2276 3465 2530 3521 homines
2583 3464 2749 3520 unius
2799 3463 2914 3520 veri
2957 3463 3057 3520 Dei
3087 3461 3529 3519 manifestatione

1943 3555 2159 3621 illudat,
2191 3554 2436 3627 quandiu
2465 3555 2678 3611 steterit
2703 3570 2929 3628 regnum
2952 3555 3281 3623 Romanum,
3304 3553 3410 3611 hoc
3423 3561 3524 3624 est,

1941 3645 2092 3718 quod
2120 3642 2292 3701 dicit:
2347 3668 2366 3691 ι
2396 3645 2580 3700 Donec
2607 3643 2675 3700 de
2706 3643 2888 3700 medio
2915 3641 3055 3700 ﬁat.»

2016 3743 2342 3818 (Vers.8,9.)
2361 3744 2454 3800 «Et
2470 3751 2602 3801 tunc
2635 3742 2967 3800 revelabitur
2995 3741 3088 3798 ille
3119 3740 3342 3814 iniquus
3367 3756 3530 3814 quem

1943 3834 2212 3890 Dominus
2239 3833 2394 3889 Jesus
2420 3833 2714 3890 interﬁciet
2733 3831 2897 3905 spirit
2925 3849 2961 3887 u
2989 3829 3102 3886 oris
3127 3829 3294 3898 sui,et
3319 3827 3538 3885 destrue

1944 3923 2310 3980 illustratione
2337 3927 2639 3994 praesentiae
2668 3938 2778 3978 suae
2802 3939 2812 3976 :
2842 3918 3001 3992 cujus
3030 3927 3112 3976 est
3138 3917 3408 3974 adventus
3435 3934 3530 3974 se-

1943 4013 2184 4071 cundum
2215 4012 2584 4086 operationem
2617 4013 2852 4080 Satanae,
2883 4010 2942 4066 in
2978 4010 3129 4066 omni
3160 4015 3448 4082 potestate,
3477 4015 3532 4064 et

1945 4103 2116 4178 signis
2143 4111 2198 4159 et
2235 4103 2502 4175 portentis
2532 4101 2824 4158 mendacii.
2851 4126 2868 4148 ι
2925 4100 3053 4156 Post
3080 4099 3354 4157 defectum
3381 4098 3530 4171 regni

1944 4195 2176 4251 Romani
2220 4193 2596 4266 appariturum
2639 4191 3030 4249 antichristum
3053 4190 3209 4260 dicit,
3252 4189 3394 4248 sicut
3422 4204 3530 4245 me-
3566 4229 3571 4234 η

1945 4291 2214 4340 moratum
2263 4291 2364 4339 est.
2412 4282 2724 4339 Novissimo
2773 4279 2920 4338 enim
2950 4287 3193 4354 tempore
3220 4279 3400 4337 sciens
3420 4277 3532 4334 dia.

1944 4371 2104 4429 holus
2160 4371 2449 4428 imminere
2496 4370 2601 4428 sibi
2649 4371 2970 4438 interitum;
3021 4369 3311 4426 deficiente
3349 4375 3530 4424 autem

1945 4477 2112 4534 regno
2153 4461 2420 4528 Romano,
2467 4468 2521 4516 et
2576 4459 2670 4515 ille
2699 4460 2766 4516 de
2794 4459 2947 4515 caelis
2977 4459 3226 4515 mittetur
3252 4457 3528 4515 deorsum.

1945 4548 2220 4623 projectus
2249 4552 2305 4606 in
2333 4559 2530 4606 terram
2566 4549 2732 4621 (sicut
2757 4546 2965 4604 dictum
2995 4553 3077 4602 est
3113 4547 3171 4602 in
3200 4546 3533 4617 Apocalypsi

1943 4639 2169 4696 Joannis
2184 4635 2795 4712 apostoli),subornabit
2807 4634 2913 4691 sibi
2931 4634 2987 4690 in
3015 4650 3124 4706 quo
3153 4642 3207 4690 et
3243 4648 3338 4704 per
3368 4648 3528 4706 quem

1942 4737 2097 4810 signa
2144 4736 2392 4810 quaedam
2439 4734 2666 4790 virtutis
2713 4731 2983 4805 permissu
3006 4728 3145 4802 justi
3174 4727 3272 4786 Dei
3304 4727 3529 4795 faciens,

1943 4843 2000 4884 se
2037 4825 2387 4884 commendet
2438 4831 2502 4879 ut
2543 4823 2819 4888 adoretur,
2871 4819 3026 4892 quasi
3057 4819 3128 4874 sit
3149 4819 3315 4875 Deus.
3348 4818 3529 4875 Imita-
3591 4853 3595 4856 -

1941 4915 2096 4972 bitur
2151 4915 2298 4971 enim
2340 4915 2535 4979 Deum,
2583 4919 2644 4966 ut
2672 4909 2816 4965 sicut
2847 4905 3022 4964 Filius
3051 4906 3146 4964 Dei
3177 4902 3529 4963 divinitatem

1943 5022 2096 5062 suam
2131 5003 2296 5059 homo
2325 5008 2486 5057 natus
2516 4999 2602 5054 vel
2632 4998 2809 5055 factus
2838 4997 3010 5069 signis
3037 5013 3106 5060 ac.
3129 4995 3430 5053 virtutibus
3443 4994 3532 5052 de-

1944 5092 2310 5160 monstravit;
2345 5091 2422 5146 ila
2453 5097 2506 5146 et
2534 5090 2757 5146 Satanas
2787 5088 2844 5143 in
2877 5086 3102 5143 homine
3139 5085 3440 5159 apparebit,
3471 5091 3532 5140 ut

1945 5181 2248 5238 virtutibus
2295 5178 2565 5236 mendacii
2614 5177 2864 5236 ostendat
2892 5193 2948 5234 se
2976 5179 3174 5245 Deum,
3204 5177 3346 5232 sicut
3369 5189 3532 5246 supra

1945 5270 2154 5328 dictum
2195 5279 2295 5326 est.
2325 5267 2608 5325 Revelatio
2640 5283 2768 5322 vero
2801 5265 3050 5339 mysterii
3076 5264 3386 5337 iniquitatis
3414 5261 3531 5321 haec

1945 5367 2026 5416 est
2050 5379 2064 5428 ;
2088 5376 2213 5416 cum
2243 5358 2390 5415 enim
2417 5357 2728 5434 apparuerit
2763 5355 3144 5422 antichristus,
3174 5358 3532 5425 cognoscetur

1947 5452 2060 5525 ipse
2110 5467 2225 5507 esse
2264 5449 2416 5523 quasi
2469 5464 2658 5504 eorum
2691 5447 2852 5516 Deus,
2883 5461 3019 5518 quos
3065 5443 3216 5516 prius
3245 5449 3385 5498 nutu
3414 5439 3530 5513 ejus

474 5713 709 5783 Quidam
735 5731 890 5785 ωδε..
919 5716 1026 5772 hac
1050 5713 1358 5775 dicebantur
1385 5713 1530 5776 uobis
1547 5721 1576 5778 ?
1614 5721 1690 5777 Et
1703 5735 1840 5776 nunc
1871 5719 2010 5776 latet.
2037 5717 2194 5788 Quia,
2226 5725 2332 5775 etc.
