3970 6402
529 383 634 441 483

1565 377 1663 438 ΑΙ)
1704 381 1939 441 OPERA
1977 381 2031 440 S.
2074 376 2408 441 AMBROSII
2437 377 2818 442 APPENDIX.

3715 377 3833 439 484

516 515 580 563 ut
624 505 754 563 deos
782 504 957 564 coluit
984 506 1206 581 vulgus,
1237 523 1470 580 quorum
1522 487 1592 563 sit
1621 507 1734 580 ipse
1775 507 1985 578 primus
2013 517 2108 565 aut
2135 510 2186 570 Α
2219 517 2318 578 est,
2366 508 2490 565 ideo
2549 526 2659 565 non
2708 508 2985 566 dubitavit
3028 507 3209 582 primo
3233 507 3535 565 Dominum
3565 516 3831 564 nostrum

515 613 790 667 summus,
820 596 967 670 quod
991 597 1272 669 signorum
1306 597 1607 653 virtutibus
1631 597 1795 654 faciet
1825 599 2109 655 credibile.

514 685 644 745 Ideo
671 704 803 744 vero
832 694 1084 761 portenta
1117 687 1384 744 mendacii
1417 690 1580 757 dixit,
1613 689 1744 762 quia
1776 688 1879 744 hoc
1905 686 1972 744 se'
1992 691 2112 745 vult

513 782 664 840 credi
697 799 793 856 per
821 781 996 854 signa,
1029 784 1174 856 quod
1201 800 1309 839 non
1342 793 1456 852 est;
1491 793 1551 841 ut
1581 785 1818 856 decipiat
1849 803 1985 859 quos
2007 786 2108 842 cir-

513 881 912 928 cumventurus
939 880 1020 928 est
1045 890 1057 928 2
1098 873 1242 945 quod
1273 874 1477 930 sanctis
1507 875 1629 932 ideo
1658 875 1982 949 praedictum
2003 883 2107 945 est,

515 969 579 1017 ut
608 962 786 1018 sciant
815 963 948 1036 quid
978 971 1225 1019 caveant.

584 1049 769 1123 (Vers.
806 1053 1034 1124 lO.)-Et
1064 1052 1119 1108 in
1153 1052 1302 1108 omni
1337 1051 1556 1110 fallacia
1587 1054 1996 1128 iniquitatis,iis
2012 1059 2107 1131 qui

509 1149 758 1214 pereunt:
784 1159 881 1214 pro
908 1160 971 1199 eo
992 1142 1137 1216 quod
1161 1141 1513 1202 dilectionem
1532 1147 1783 1204 veritatis
1805 1165 1912 1203 non
1929 1166 2106 1206 susce-

507 1239 725 1303 perunt,
755 1231 822 1287 ad
846 1231 952 1288 hoc
985 1239 1042 1287 ut
1068 1232 1206 1288 salvi
1238 1232 1450 1291 ﬁerent.
1502 1261 1520 1283 ι
1565 1237 1637 1292 Iis
1667 1237 1802 1294 dicit
1832 1238 2103 1296 fallaciam

506 1319 824 1392 iniquitatis
865 1321 1241 1394 prodigiorum
1285 1323 1402 1396 ejus
1433 1325 1714 1397 proﬁcere,
1746 1328 1838 1401 qui
1873 1330 2102 1401 perituri

506 1419 653 1479 sunt;
688 1409 817 1485 quia
843 1411 989 1467 enim
1020 1412 1270 1468 veritatis
1299 1414 1625 1471 charitatem
1656 1428 2104 1494 spreverunt,per

505 1515 668 1573 quam
731 1501 931 1557 salvari
989 1509 1280 1576 potuerant
1325 1505 1590 1576 apostolis
1651 1507 2099 1580 praedicantibus,

503 1589 694 1646 traditi
738 1599 867 1647 sunt
904 1591 1161 1649 diabolo:
1222 1595 1473 1651 nolentes
1501 1597 1651 1652 enim
1679 1598 1908 1670 salvari,
1937 1599 2102 1658 dese-

504 1689 705 1738 runtur
733 1699 764 1737 a
789 1683 922 1742 Deo.

576 1771 756 1843 (Vers.
793 1773 907 1845 11.)
966 1799 985 1823 ι
1029 1775 1102 1832 Et
1139 1775 1347 1834 idcirco
1388 1777 1571 1835 mittet
1597 1779 1708 1836 illis
1737 1781 1884 1836 Deus
1913 1797 2097 1854 opera-

2221 601 2402 656 Jesum
2459 600 2738 657 Christum
2788 615 3097 667 nominare,
3149 598 3348 654 deinde
3393 599 3568 654 Deum
3601 598 3829 653 Patrem

2220 701 2470 748 nostrum
2531 692 2851 764 dignatione
2886 690 3024 762 ejus,
3053 707 3162 746 non
3189 689 3418 746 veritate
3442 697 3689 746 naturai:
3726 689 3828 762 qui

2220 783 2276 840 in
2315 792 2530 840 tantum
2588 784 2786 840 dilexit
2828 801 2949 853 nos,
2994 791 3056 840 ut
3103 783 3306 840 Filium
3345 799 3505 839 suum
3535 782 3692 838 daret
3722 797 3826 853 pro

2219 874 2579 944 nobis(Joan.
2615 893 2698 943 In,
2742 875 2857 946 16),
2890 875 3062 930 Deum
3095 891 3193 946 pro
3225 873 3565 940 hominibus,
3589 888 3688 945 pro
3708 888 3827 927 ser-

2219 967 2305 1020 vis
2329 965 2652 1032 Dominum,
2681 981 2778 1037 pro
2798 964 3077 1037 adoptivis
3106 963 3309 1020 Filium
3339 978 3555 1028 verum;
3587 969 3650 1016 ut
3672 977 3823 1017 mors

2216 1054 2331 1127 ejus
2379 1056 2493 1112 vita
2538 1066 2723 1112 nostra
2768 1056 2859 1122 sit,
2893 1063 2945 1111 et
2978 1055 3309 1111 resurrectio
3342 1053 3460 1126 ejus
3484 1052 3818 1125 justiﬁcatio

2215 1155 2438 1214 nostra;
2471 1146 2744 1202 secundus
2781 1154 2960 1202 autem
2990 1146 3259 1203 adventus
3287 1145 3405 1217 ejus
3439 1145 3656 1217 requies
3686 1143 3819 1199 vitae

2214 1246 2435 1306 nostrae,
2466 1245 2520 1294 et
2545 1239 2716 1310 gloria
2752 1237 2808 1292 in
2839 1245 3101 1292 aeternum
3129 1255 3142 1304 ;
3177 1243 3239 1292 ut
3271 1237 3374 1292 ista
3403 1252 3525 1308 spes
3553 1233 3821 1291 consola-

2218 1327 2292 1383 tio
2335 1328 2408 1383 sit
2452 1327 2800 1400 praesentium
2838 1343 3233 1399 pressurarum,
3267 1342 3364 1397 per
3399 1341 3564 1398 quam
3595 1321 3816 1380 fundati

2212 1425 2519 1475 crescerent
2548 1417 2607 1473 in
2639 1417 2801 1474 bouis
2827 1416 3089 1489 operibus
3127 1422 3181 1472 et
3205 1415 3476 1473 doctrina.

2844 1560 3072 1618 CAPUT
3099 1562 3192 1618 ΙΙΙ.

2284 1687 2468 1759 (Vers.
2504 1689 2553 1757 1,
2597 1685 2681 1761 2.)
2713 1713 2731 1735 ι
2775 1685 2933 1755 Quod
2961 1687 3235 1760 reliquum
3263 1694 3365 1755 est,
3406 1685 3625 1755 fratres,
3659 1693 3819 1742 orate

2208 1795 2308 1851 pro
2334 1779 2515 1848 nobis,
2546 1789 2608 1836 ut
2637 1779 2867 1836 verbum
2899 1778 3121 1835 Domini
3153 1785 3336 1834 currat
3365 1785 3421 1833 et
3447 1776 3818 1845 clariﬁcetur,

502 1861 706 1918 tionem
758 1863 978 1930 erroris,
1012 1865 1068 1920 in
1103 1863 1209 1921 hoc
1251 1875 1315 1923 ut
1344 1869 1568 1924 credant
1616 1869 1939 1938 mendacio;
1971 1887 2097 1943 qua-
2127 1879 2174 1941 Β
2208 1869 2350 1925 sicut
2397 1877 2452 1925 et
2501 1869 2647 1941 apud
2694 1885 2811 1938 vos,
2861 1876 2915 1924 et
2957 1876 3018 1924 ut
3049 1867 3346 1924 liberemur
3373 1865 3440 1922 ab
3469 1866 3820 1938 importunis

502 1960 662 2010 tenus
678 1952 997 2026 judicentur
1017 1973 1206 2014 omnes
1227 1959 1318 2031 qui
1343 1975 1453 2016 non
1483 1959 1835 2017 crediderunt
1852 1962 2095 2033 veritati,

502 2041 597 2098 sed
651 2054 1044 2102 consenserunt
1091 2046 1395 2122 iniquitati.
1429 2075 1448 2097 ι
1494 2050 1752 2122 Operatio
1781 2053 1986 2108 erroris
2014 2060 2094 2108 est

501 2127 654 2188 falsis
685 2131 849 2190 ﬁdem
893 2137 1258 2206 committere,
1304 2145 1367 2194 ut
1407 2138 1498 2212 qui
1529 2140 1834 2197 claritatem
1867 2141 2095 2200 luminis

500 2223 644 2284 287
691 2221 836 2279 diem
868 2239 980 2282 esse
1020 2227 1332 2284 consentire
1362 2230 1681 2298 noluerunt,
1715 2237 1914 2302 putant
1944 2239 2094 2288 tene-

498 2318 779 2380 brasdiem
807 2321 915 2382 dici
947 2323 1164 2382 debere:
1195 2331 1256 2382 ut
1291 2325 1504 2400 possint
1528 2329 1868 2402 propensiori
1889 2331 2093 2388 delicto

497 2410 575 2468 rei
628 2411 780 2480 facti,
812 2414 930 2469 sine
959 2416 1398 2473 contradictione
1429 2417 1679 2476 damnari
1707 2420 1958 2479 veritatis
1988 2421 2091 2478 ini-

497 2501 650 2570 mici,
684 2503 922 2562 fautores
946 2516 1126 2564 autem
1158 2508 1490 2582 iniquitatis.

570 2595 750 2668 (Vers.
787 2599 872 2665 12,
907 2599 1020 2672 13.)
1077 2625 1095 2649 ι
1125 2602 1234 2658 Nos
1264 2617 1394 2658 vero
1419 2602 1681 2660 debemus
1709 2605 1910 2676 gratias
1935 2621 2091 2678 agere

495 2684 608 2741 Deo
637 2701 849 2760 semper
871 2687 938 2746 de
960 2689 1140 2759 vobis,
1172 2690 1366 2747 fratres
1395 2691 1583 2748 dilecti
1614 2710 1645 2748 a
1673 2695 1930 2764 Domino,
1961 2697 2091 2769 quia

495 2777 789 2847 assumpsit
817 2794 915 2833 vos
943 2779 1089 2834 Deus
1116 2796 1147 2835 a
1177 2780 1456 2854 principio
1484 2782 1550 2838 ad
1582 2784 1834 2841 salutem.
1869 2784 1926 2840 in
1968 2802 2089 2841 san-

494 2862 884 2922 ctiﬁcationem
936 2869 1185 2940 spiritus,
1231 2879 1284 2926 et
1339 2871 1502 2928 ﬁdem
1534 2873 1805 2942 veritatis,
1836 2872 1892 2929 in
1923 2890 2085 2946 quam

495 2954 775 3011 revocavit
820 2973 919 3013 vos
953 2974 1049 3028 per
1090 2960 1452 3032 Evangelium
1499 2971 1746 3018 nostrum
1772 2965 1829 3019 in
1851 2965 2086 3036 acquisi-

493 3043 645 3100 tione
675 3045 860 3118 glorias
891 3049 1111 3104 Domini
1134 3052 1306 3106 nostri
1336 3053 1462 3108 Jesu
1493 3053 1719 3110 Christi.
1755 3082 1773 3104 ι
1819 3057 1932 3112 Hoc
1967 3057 2086 3114 loco

495 3134 832 3204 prascientia
865 3135 957 3193 Dei
990 3147 1261 3210 personat,
1287 3142 1415 3213 quia
1445 3144 1550 3198 scit
1587 3144 1835 3199 omnium
1876 3155 2086 3202 mentes

2206 1965 2261 2014 et
2288 1975 2521 2032 nequam
2555 1958 2895 2028 hominibus;
2921 1975 3028 2014 non
3051 1958 3198 2015 enim
3223 1957 3470 2014 omnium
3500 1964 3583 2012 est
3612 1955 3804 2013 ﬁdes.-

2204 2051 2283 2106 De
2313 2059 2509 2108 caetero
2538 2051 2805 2108 orandum
2840 2051 3112 2120 hortatur,
3144 2057 3206 2106 ut
3234 2048 3493 2121 dignetur
3521 2047 3668 2102 Deus
3698 2045 3815 2101 do-

2203 2140 2436 2196 ctrinam
2487 2158 2638 2197 suam
2691 2140 3020 2212 infatigabili
3053 2156 3218 2196 cursu
3245 2137 3505 2208 dirigere,
3533 2143 3588 2190 et
3618 2143 3814 2190 trans-

2207 2229 2434 2285 fundere
2463 2247 2558 2303 per
2586 2247 2647 2287 os
2686 2231 2933 2302 Apostoli
2964 2230 3049 2285 sui
3079 2229 3132 2284 in
3163 2243 3322 2284 aures
3348 2225 3721 2294 audientium,
3752 2233 3814 2280 et

2203 2328 2264 2375 ut
2292 2327 2661 2392 compesceret
2690 2327 2745 2376 et
2771 2319 2983 2375 sedaret
3014 2319 3282 2373 malorum
3325 2315 3611 2372 hominum
3643 2313 3815 2370 sedi-

2203 2410 2403 2478 tiones,
2455 2411 2548 2483 qui
2586 2409 2846 2466 diﬁ'idunt
2893 2407 3136 2474 veritati,
3183 2417 3239 2463 et
3286 2405 3549 2479 loquendi
3600 2403 3812 2461 ﬁducia

2201 2508 2470 2558 cresceret
2517 2502 2780 2574 Apostolo
2825 2500 2896 2557 ad
2941 2497 3059 2571 ejus
3097 2499 3360 2566 fructum,
3409 2504 3464 2553 et
3491 2495 3811 2553 conversio-

2201 2608 2327 2648 nem
2363 2591 2687 2648 multorum.

2277 2682 2456 2753 (Vers.
2486 2681 2567 2754 3.)
2605 2707 2623 2729 ι
2654 2680 2861 2739 Fidelis
2885 2688 3067 2738 autem
3089 2680 3257 2748 Deus,
3289 2677 3384 2750 qui
3414 2676 3654 2734 stabiliet
3683 2692 3807 2745 eos,

2199 2782 2252 2829 et
2308 2773 2582 2829 custodiet
2618 2789 2651 2828 a
2702 2773 2866 2829 malo.
2907 2797 2927 2821 ι
2965 2770 3256 2840 .Quoniam
3285 2771 3431 2826 Deus
3460 2766 3722 2823 ﬁdelibus
3751 2775 3808 2821 et

2198 2862 2356 2919 bonae
2408 2862 2537 2919 vita
2589 2854 2910 2920 hominibus
2973 2861 3246 2918 auxilium
3299 2875 3458 2916 suum
3493 2873 3603 2914 non
3633 2855 3808 2912 defu-

2197 2959 2382 3008 turum
2436 2953 2494 3010 in
2546 2952 2866 3010 necessitate
2918 2951 3172 3024 promisit
3221 2948 3290 3006 ad
3317 2946 3801 3006 conﬁrmationem

2199 3041 2444 3111 illorum,
2487 3042 2526 3098 ii
2556 3051 2738 3099 autem
2769 3054 2881 3102 tam
2914 3045 2970 3098 in
2996 3043 3103 3099 ﬁde
3132 3057 3296 3115 quam
3326 3041 3385 3096 in
3416 3054 3581 3111 opere
3609 3036 3804 3093 aemuli

2195 3137 2349 3184 erant
2406 3129 2716 3202 bonorum,
2767 3131 2975 3190 idcirco
3035 3131 3253 3187 ﬁdelem
3309 3131 3482 3186 Deum
3543 3127 3684 3184 dicit
3742 3127 3804 3183 in

492 3230 618 3280 ante
648 3225 991 3284 nativitatem
1024 3245 1213 3286 eorum
1243 3250 1258 3299 ;
1295 3249 1396 3290 nec
1424 3232 1570 3290 enim
1615 3235 1745 3292 latet
1777 3237 1954 3306 illum,
1991 3239 2084 3312 qui

2206 3219 2488 3290 promissis
2537 3219 2680 3293 ejus,
2734 3219 2865 3293 quia
2911 3218 3263 3292 providentia
3311 3217 3435 3291 ejus
3481 3225 3620 3275 esset
3647 3215 3802 3274 circa

489 3313 752 3371 credituri
799 3326 948 3375 sunt.
997 3319 1209 3377 Idcirco
1259 3338 1287 3377 a
1316 3323 1590 3396 principio
1619 3325 1722 3381 scit
1763 3326 1861 3382 hos
1899 3326 2089 3384 ﬁdeles

489 3415 604 3469 ore,
639 3402 729 3478 qui
782 3406 1066 3465 credentes
1104 3420 1459 3481 augmentum
1513 3411 1638 3469 ﬁlei
1685 3414 1918 3484 faciunt,
1977 3434 2089 3474 non

487 3489 941 3561 fdetrimentum;
974 3497 1298 3557 sanctiﬁcati
1327 3502 1472 3557 enim
1506 3519 1600 3575 per
1627 3503 1790 3560 ﬁdem
1840 3506 2089 3564 veritatis

485 3581 770 3658 Evangelii
803 3587 929 3642 Filii
957 3589 1075 3645 Dei.
1115 3591 1479 3664 acquiruntur
1509 3593 1574 3649 ad
1605 3604 1956 3667 augmentum
1975 3599 2084 3669 glo-

488 3671 584 3727 riae
633 3676 877 3747 corporis
925 3677 1155 3747 Christi,
1197 3683 1340 3736 sicut
1381 3691 1435 3738 et
1467 3683 1523 3738 in
1559 3684 1668 3739 alia
1695 3685 1925 3756 epistola
1954 3687 2031 3742 ait
2065 3703 2077 3741 :

483 3767 546 3815 ut
597 3770 863 3832 crescant,
918 3763 1122 3836 inquit,
1190 3770 1378 3825 omnia
1437 3769 1496 3826 in
1542 3771 1941 3828 incrementum
1987 3774 2082 3829 Dei

485 3849 715 3920 (Coloss.
769 3867 831 3920 ιι,
866 3852 978 3925 19).
1032 3854 1358 3931 Quicunque
1387 3857 1560 3927 enim,
1597 3859 1812 3918 deserto
1836 3863 2078 3933 diabolo,

480 3936 806 4012 confugiunt
849 3941 917 3998 ad
972 3941 1132 3998 ﬁdem
1181 3944 1418 4016 Christi,
1477 3958 1833 4020 augmentum
1869 3952 2082 4008 faciunt

479 4027 592 4084 Deo
642 4029 702 4084 in
760 4047 987 4104 corpore
1044 4033 1275 4105 Christi,
1310 4037 1408 4111 qui
1447 4037 1601 4110 prius
1643 4039 1885 4097 fecerant
1913 4041 2077 4098 detri-

478 4125 747 4174 mentum.

551 4208 734 4280 (Vers.
771 4209 884 4284 14.)
929 4237 948 4261 ε
975 4213 1184 4287 Itaque,
1227 4215 1444 4285 fratres,
1474 4225 1639 4286 state,
1673 4225 1728 4275 et
1754 4227 1936 4277 tenete
1967 4228 2072 4278 tra-

474 4297 716 4358 ditiones
765 4311 999 4373 nostras,
1052 4321 1186 4378 quas
1217 4306 1514 4378 didicistis,
1547 4310 1666 4366 sive
1696 4326 1792 4384 per
1817 4312 2069 4382 verbum,

474 4389 591 4446 sive
636 4408 732 4465 per
783 4394 1072 4466 epistolam
1102 4405 1371 4454 nostram.
1404 4424 1422 4447 ι
1483 4400 1553 4456 Ut
1598 4401 1944 4473 praescientia
1973 4402 2071 4459 Dei

471 4490 692 4537 moneat
741 4484 798 4539 in
843 4485 1075 4542 salutem
1112 4487 1358 4557 illorum,
1413 4488 1621 4547 idcirco
1661 4491 1717 4546 in
1771 4492 2069 4551 traditione

2199 3324 2292 3365 COS
2300 3353 2311 3365 .

2274 3399 2453 3472 (Vers.
2483 3398 2565 3471 lt.)
2610 3423 2629 3447 ι
2659 3398 3003 3456 Conﬁdimus
3029 3405 3214 3456 autem
3248 3399 3306 3454 in
3336 3397 3573 3455 Domino
3605 3395 3673 3453 de
3701 3411 3798 3452 vo-

2198 3491 2305 3560 bis,
2360 3493 2621 3566 quoniam
2682 3509 2803 3566 quae
2844 3492 3220 3565 praecepimus,
3274 3500 3328 3548 et
3380 3489 3583 3558 facitis,
3612 3497 3666 3545 et
3704 3488 3800 3544 fa-

2196 3583 2374 3638 cietis.
2416 3608 2434 3629 -
2503 3583 2730 3655 Propter
2777 3582 2923 3656 quod
2971 3582 3168 3639 mereri
3199 3581 3346 3650 illos,
3378 3589 3440 3638 ut
3468 3579 3564 3636 Dei
3591 3578 3799 3635 defen-

2195 3672 2349 3728 sione
2392 3679 2540 3727 totus
2582 3673 2824 3743 praestari
2856 3673 3194 3730 conﬁderet:
3228 3671 3436 3728 idcirco
3464 3687 3529 3726 ea
3553 3685 3674 3743 quae
3714 3669 3798 3724 il-

2194 3761 2261 3816 lis
2306 3761 2656 3833 przecipiebat
2703 3764 2760 3818 in
2815 3762 3038 3818 nomine
3077 3761 3326 3830 Domini,
3353 3760 3473 3817 ﬁeri
3503 3757 3712 3816 abillis
3741 3766 3798 3814 et

2193 3851 2380 3905 futura
2410 3866 2524 3906 esse
2547 3867 2657 3906 non
2695 3850 2934 3907 dubitat.

2265 3940 2446 4012 (Vers.
2490 3941 2572 4012 5.)
2619 3964 2637 3987 ι
2673 3941 2942 3996 Dominus
2971 3947 3152 3996 autem
3181 3940 3385 4013 dirigat
3413 3938 3580 3998 corda
3606 3947 3793 3996 vestra

2194 4030 2253 4086 in
2301 4028 2601 4086 dilectione
2642 4030 2764 4099 Dei,
2795 4039 2849 4087 et
2895 4030 3160 4102 patientia
3188 4029 3396 4086 Christi
3431 4030 3574 4102 (23).
3609 4055 3629 4079 ι
3675 4028 3794 4084 Hoc

2187 4119 2301 4174 illis
2347 4127 2601 4191 exorptat
2637 4135 2672 4175 a
2703 4122 2838 4189 Deo,
2879 4120 3026 4195 quod
3055 4137 3167 4177 non
3196 4119 3428 4193 ambigit
3455 4136 3617 4192 posse
3640 4136 3793 4193 pra-

2183 4208 2350 4276 stari;
2400 4215 2463 4264 ut
2508 4209 2566 4264 in
2621 4210 2722 4266 Dei
2765 4210 3031 4268 cbaritate
3058 4227 3153 4268 cor
3181 4226 3372 4266 eorum
3401 4208 3696 4282 proﬁceret
3719 4207 3794 4265 ad

2183 4297 2613 4371 exspectandum
2673 4301 2971 4359 adventum
3023 4300 3269 4370 Domini,
3317 4307 3381 4354 ut
3416 4299 3792 4356 condemnato

2180 4387 2386 4444 saaculo
2445 4386 2587 4461 (24),
2647 4388 2990 4447 desideretur
3033 4389 3307 4446 adventus
3333 4387 3452 4460 ejus
3475 4387 3571 4462 qui
3598 4403 3791 4444 saecu-

2179 4477 2296 4532 lum
2324 4477 2481 4535 vicit.

467 4570 762 4646 Evangelii
821 4573 1078 4630 standum
1121 4592 1184 4633 ac
1225 4579 1682 4649 perseverandum
1732 4589 1965 4651 monet;
2006 4591 2068 4638 ut

2255 4566 2437 4639 (Vers.
2495 4567 2576 4642 6.)
2639 4592 2658 4617 ι
2698 4569 3103 4626 Denuntiamus
3135 4575 3315 4625 autem
3347 4565 3528 4634 vobis,
3558 4564 3784 4635 fratres,

471 4662 701 4721 solliciti
722 4664 855 4733 sint,
881 4681 950 4723 ne
976 4664 1189 4722 desidia
1218 4677 1272 4724 et
1298 4667 1414 4724 otio
1434 4676 1712 4744 torpentes
1737 4671 1797 4727 in
1813 4671 2071 4744 operibus

466 4751 589 4821 Dei,
641 4769 754 4810 non
803 4755 1071 4828 impleant
1105 4757 1251 4829 quod
1281 4767 1584 4831 coeperunt.
1617 4761 1708 4817 Sic
1740 4760 1887 4816 enim
1921 4777 2070 4832 prae-

471 4839 576 4895 scit
606 4845 825 4900 credere
855 4853 910 4901 et
939 4862 1096 4918 posse
1126 4863 1368 4918 manere,
1395 4849 1440 4904 si
1468 4849 1659 4906 crebra
1687 4848 2066 4906 admonitione

465 4929 774 4999 pulsentur.

541 5017 722 5090 (Vers.
776 5021 863 5079 l5:
912 5021 1024 5094 16.)
1081 5048 1101 5072 ι
1156 5025 1274 5098 Ipse
1321 5037 1502 5085 autem
1553 5029 1824 5086 Dominus
1876 5037 2064 5087 noster

2181 4657 2241 4713 in
2285 4659 2510 4716 nomine
2560 4661 2783 4718 Domini
2827 4660 3000 4718 nostri
3029 4664 3158 4718 .lesu
3186 4659 3412 4728 Christi,
3437 4656 3650 4715 secerni
3681 4673 3784 4713 vos

2181 4748 2250 4805 ab
2293 4748 2446 4805 omni
2501 4749 2669 4806 fratre
2720 4749 3150 4822 intemperanter
3196 4748 3537 4813 ambulante,
3580 4755 3634 4803 et
3664 4761 3782 4802 non

2178 4838 2480 4895 secundum
2536 4839 2892 4896 traditionem
2939 4855 3103 4912 quam
3132 4838 3421 4911 accepistis
3447 4853 3479 4893 a
3516 4835 3700 4892 nobis.
3745 4861 3766 4883 ι

2175 4929 2453 4995 Quoniam
2483 4928 2540 4984 in
2585 4929 2736 4984 omni
2758 4929 2916 5000 plebe
2951 4945 3061 4984 non
3083 4945 3274 4984 omnes
3293 4927 3612 4986 obedientes
3640 4933 3779 4983 sunt

2171 5018 2340 5075 verbo
2391 5019 2678 5087 doctrina,
2729 5033 2842 5074 non
2886 5018 3039 5090 legis,
3075 5018 3171 5074 sed
3227 5035 3386 5074 suum
3420 5015 3685 5090 placitum
3718 5023 3776 5071 et

461 5105 620 5163 Iesus
659 5107 933 5173 Christus,
975 5119 1030 5167 et
1061 5114 1206 5170 Deus
1233 5132 1296 5172 ac
1325 5118 1484 5174 Pater
1512 5128 1718 5188 noster,
1745 5120 1842 5193 qui
1862 5121 2061 5179 dilexit

2206 5114 2462 5170 onsilium
2509 5121 2833 5187 sequentes;
2885 5120 3107 5185 propter
3149 5111 3254 5169 hoc
3279 5108 3673 5167 declinandum
3704 5107 3776 5164 ab

461 5212 582 5263 nos,
617 5203 672 5254 et
711 5196 866 5255 dedit
891 5201 1325 5259 consolationem
1367 5217 1650 5276 aeternam,
1692 5219 1746 5265 et
1776 5227 1925 5282 spem
1958 5213 2057 5268 bo-

459 5303 587 5344 nam
619 5286 679 5345 in
710 5289 903 5363 gratia,
937 5291 1257 5347 consoletur
1285 5297 1453 5353 corda
1480 5307 1682 5366 vestra,
1715 5307 1768 5356 et
1813 5301 2056 5358 stabiliat

458 5375 518 5434 in
567 5380 721 5437 omni
767 5398 931 5456 opere
960 5389 1014 5438 et
1041 5383 1210 5438 verbo
1239 5383 1403 5441 bono.
1432 5411 1451 5435 ι»
1499 5390 1773 5457 Quoniam
1814 5393 1973 5448 Pater
1999 5399 2054 5448 et

458 5466 635 5527 Filius
678 5487 790 5530 una
833 5473 1039 5543 virtus,
1095 5489 1312 5549 unaque
1372 5475 1636 5537 divinitas
1662 5490 1718 5539 et
1745 5481 2049 5539 substantia

529 5687 838 5773 (23)_Rotn.
868 5689 1024 5764 edit.,
1052 5692 1113 5750 in
1139 5690 1461 5750 dilectionem
1487 5693 1669 5767 Dei,et
1693 5700 2044 5770 exspectatio-

451 5777 570 5820 nem
602 5763 822 5819 Christi.

2170 5205 2240 5262 iis
2270 5204 2536 5278 praecipit,
2568 5213 2631 5261 ut
2660 5212 2992 5278 cognoscant
3020 5201 3341 5274 semetipsos
3369 5215 3572 5257 errare.

2239 5296 2422 5368 (Vers.
2463 5297 2513 5365 7,
2546 5297 2600 5363 8,
2633 5298 2714 5368 9.)
2752 5295 2898 5367 «1ρεὶ
2928 5295 3077 5352 enim
3107 5292 3261 5351 scitis
3298 5288 3771 5365 quemadmodum

2168 5386 2413 5443 debeatis
2452 5385 2664 5442 imitari
2715 5403 2836 5454 nos,
2883 5385 3144 5457 quoniam
3188 5399 3299 5440 non
3328 5383 3767 5453 intemperanter

2159 5476 2411 5534 viximus
2455 5476 2601 5533 inter
2649 5492 2770 5546 vos,
2815 5491 2992 5550 neque
3037 5474 3206 5548 gratis
3247 5488 3445 5547 panem
3473 5469 3695 5527 edimus
3736 5485 3771 5525 a

2225 5696 2344 5771 (24)
2381 5696 2533 5756 Edit.
2567 5712 2693 5755 cum
2729 5694 2918 5770 paucis
2950 5711 3104 5764 mss.,
3135 5698 3196 5749 ut
3222 5696 3514 5763 contempto
3542 5692 3770 5750 saeculo.
