3970 6402
288 392 409 452 485

1285 401 1645 460 COMMENT.
1689 403 1760 460 ΙΝ
1794 403 2011 461 EPIST.
2055 405 2101 462 Il
2141 409 2237 463 AD
2275 407 2610 467 THESSAL.

3497 418 3600 478 186

283 539 568 597 quoquam
596 525 713 599 (25)
741 545 754 594 ;
805 526 900 583 sed
930 528 990 586 in
1020 527 1205 587 labore
1255 537 1309 586 et
1355 530 1692 603 fatigatione,
1745 541 1890 598 283
1922 543 1971 599 Α
2001 532 2297 605 disciplina
2325 536 2648 603 Dominica;
2681 537 2878 594 horum
2909 542 3059 598 enim
3097 554 3289 601 venter
3313 544 3462 605 Deus
3490 554 3598 618 est,

282 629 456 678 nocte
485 622 683 698 dieque
711 634 1021 697 operantes,
1052 627 1122 684 ad
1153 628 1258 685 hoc
1290 645 1358 686 ne
1405 648 1597 704 graves
1646 650 1888 690 essemus

280 712 550 786 cuiquam
583 724 826 773 vestrum
863 735 875 774 :
913 735 1022 775 non
1066 719 1194 793 quia
1240 737 1351 776 non
1397 722 1751 781 habuerimus
1782 743 1887 798 po—

282 811 571 876 testatem,
628 808 720 865 sed
796 818 856 865 ut
929 817 1293 884 nosmetipsos
1349 814 1577 871 formam
1635 816 1888 873 daremus

283 893 454 950 vobis
474 895 540 951 ad
578 897 875 955 imitandos
921 915 1040 956 nos.
1073 926 1092 948 ι
1145 901 1275 959 Illos
1330 902 1467 960 dicit
1510 921 1621 961 non
1672 907 1888 980 ignaros

284 986 476 1056 oper's
503 993 555 1040 et
584 986 785 1044 laboris
813 988 922 1056 sui,
952 1005 1112 1063 quem
1144 991 1336 1048 sedulo
1364 995 1519 1049 exitu
1561 997 1888 1066 operabatur

284 1071 434 1143 (26),
469 1090 534 1130 ne
570 1091 707 1147 pane
738 1078 1008 1151 indigeret
1037 1080 1239 1148 alieno,
1279 1091 1339 1138 ut
1383 1085 1698 1156 exemplum
1731 1086 1885 1142 daret

278 1162 366 1218 eis
394 1163 462 1220 ad
489 1164 816 1223 imitandum
867 1169 1048 1224 illum.
1097 1171 1283 1243 Neque
1332 1173 1479 1228 enim
1529 1175 1884 1247 reprehensi—

277 1248 419 1307 bilis
449 1262 606 1322 esset,
653 1255 697 1311 si
747 1273 940 1328 panem
971 1257 1039 1313 ab
1078 1258 1166 1315 his
1210 1260 1475 1334 reciperet
1521 1263 1588 1319 ad
1637 1265 1883 1337 corporis

277 1354 494 1411 curam,
527 1345 622 1415 qui
655 1346 856 1402 animis
885 1347 1110 1403 illorum
1154 1366 1329 1405 escam
1380 1351 1683 1428 spiritalem
1734 1371 1882 1426 pras-

276 1425 466 1499 bebat,
493 1447 613 1502 quas
634 1435 798 1489 etiam
830 1437 1046 1507 corpori
1066 1425 1538 1496 immortalitatem
1561 1459 1684 1498 cum
1709 1425 1882 1516 gloria

277 1528 621 1588 procuraret.
654 1522 808 1579 Tunc
837 1525 1040 1580 etenim
1073 1536 1260 1583 exerta
1290 1537 1467 1600 potest
1497 1547 1612 1586 esse
1635 1531 1877 1601 libertas,

276 1605 329 1660 si
385 1610 739 1682 semetipsum
765 1614 888 1685 quis
917 1615 1128 1671 ventris
1155 1633 1318 1673 causa
1343 1627 1440 1674 aut
1469 1620 1712 1691 pecuniis
1737 1623 1880 1677 nulli

275 1694 559 1768 subjiciat,
595 1717 696 1756 suo
746 1718 885 1774 pane
932 1711 1266 1774 contentus;
1325 1709 1567 1765 maxime
1613 1711 1764 1783 quod
1810 1711 1879 1767 ad

276 1784 499 1844 laudem
552 1791 724 1862 magis
768 1791 1004 1864 proﬁcit,
1064 1795 1110 1850 si
1149 1812 1275 1852 cum
1326 1797 1506 1868 liceat,
1560 1809 1614 1857 et
1663 1801 1735 1858 sit
1775 1819 1880 1858 su-

1997 620 2091 694 qui
2119 621 2261 679 forda
2288 639 2421 679 cura
2449 626 2751 681 necessaria
2782 627 3091 698 provident.

2074 712 2258 783 (Vers.
2305 715 2416 786 12.)
2471 739 2489 761 ι
2521 716 2618 772 His
2667 717 2836 790 igitur
2874 719 2968 792 qui
3019 718 3398 792 hujuscemodi
3445 734 3594 794 sunt,

1998 801 2410 874 denuntiamus,
2439 813 2492 861 et
2518 807 2881 864 exhortamur
2920 809 2976 865 in
3010 810 3247 868 Domino
3276 813 3402 869 Iesu
3440 814 3596 872 Chri-

2001 900 2107 961 sto,
2150 901 2210 948 ut
2238 911 2362 950 cum
2393 897 2577 969 quiete
2607 908 2900 970 operantes
2921 916 3081 956 suum
3116 916 3310 973 panem
3370 905 3596 961 mandu-

1999 990 2146 1038 cent.
2173 1007 2190 1029 ι
2239 985 2306 1039 Ut
2337 985 2414 1040 eis
2443 986 2662 1044 facilius
2708 987 2957 1055 suadeat,
3009 987 3337 1062 interposito
3373 991 3596 1049 nomine

1995 1071 2224 1126 Domini
2262 1073 2389 1129 Iesu
2419 1075 2646 1144 Christi,
2688 1078 3019 1134 exhortatur
3048 1093 3142 1135 eos
3189 1088 3250 1136 ut
3297 1080 3596 1138 obaudiant

1994 1162 2141 1231 quod
2175 1162 2253 1217 eis
2284 1163 2356 1218 sit
2393 1163 2548 1220 utile.

2068 1249 2250 1319 (Vers.
2289 1253 2372 1322 13,
2410 1254 2493 1321 Us,
2550 1256 2663 1328 15.)
2709 1282 2726 1304 ι
2758 1258 2871 1315 Vos
2907 1263 3115 1328 autem,
3159 1259 3374 1328 fratres,
3420 1260 3594 1320 nolite

1991 1336 2224 1396 deiicere
2281 1342 2338 1397 in
2392 1344 2789 1403 benefaciendo
2839 1348 2978 1420 (27).
3026 1350 3183 1417 Quod
3226 1351 3271 1407 si
3304 1353 3428 1424 quis
3479 1369 3593 1408 non

1991 1425 2178 1482 obedit
2227 1431 2395 1487 verbo
2445 1443 2635 1490 nostro
2684 1452 2780 1508 per
2828 1438 3138 1509 epistolam,
3194 1438 3344 1496 hunc
3384 1449 3590 1511 notate,

1991 1520 2046 1568 et
2094 1517 2265 1574 nolite
2314 1536 2439 1576 cum
2485 1539 2550 1578 eo
2601 1527 2937 1594 conversari,
2971 1535 3032 1582 ut
3087 1529 3396 1586 reverentia
3447 1547 3591 1587 con-

1990 1602 2260 1662 fundatur
2317 1625 2330 1663 :
2386 1617 2440 1666 et
2501 1628 2610 1668 non
2677 1615 2830 1670 velut
2885 1614 3176 1673 inimicum
3235 1619 3586 1690 existimetis,

1989 1692 2082 1748 sed
2112 1693 2401 1754 admonete
2439 1702 2712 1772 consiliis,
2751 1713 2812 1759 ut
2842 1705 3090 1763 fratrem.
3123 1733 3142 1756 ι
3185 1708 3414 1782 Propter
3443 1712 3588 1784 quod

1987 1787 2240 1856 superius
2295 1803 2744 1867 unumquemque
2794 1807 2954 1852 suum
3005 1814 3200 1871 panem
3250 1800 3584 1859 manducare

273 1883 467 1939 mendi
503 1892 762 1956 potestas,
794 1889 1115 1947 contineat:
1163 1889 1257 1949 bic
1299 1895 1425 1952 talis
1482 1897 1735 1968 prodesse
1774 1916 1884 1972 po-
1913 1906 1958 1966 B
1990 1871 2187 1930 debere
2222 1879 2501 1972 Ρτφθθρίίι
2536 1897 2603 1937 ne
2628 1883 2769 1940 Ῑοτίθ
2799 1886 3022 1958 quidam
3062 1888 3287 1946 “10mm
3335 1891 3588 1948 occasio‘

277 1981 386 2031 test
441 1977 796 2038 audientibus
836 1998 893 2038 se
933 2000 944 2039 :
983 1986 1346 2044 reverentiam
1389 1990 1545 2045 enim
1597 1990 1878 2048 habebunt

271 2071 477 2143 rigoris
504 2073 690 2147 hujus.
721 2083 776 2132 et
802 2094 864 2134 ea
891 2095 1012 2153 qua;
1041 2079 1110 2136 ab
1139 2080 1246 2140 hoc
1267 2083 1622 2156 mandantur,
1653 2095 1875 2160 praeter-

273 2165 426 2224 mitti
460 2184 572 2224 non
603 2178 882 2242 poterunt.

352 2275 534 2348 (Vers.
571 2279 683 2351 l0.)
729 2305 748 2330 ι
777 2283 911 2340 Nam
946 2303 1072 2345 cum
1121 2306 1364 2350 essemus
1410 2292 1554 2366 apud
1600 2311 1721 2362 vos,
1769 2295 1875 2354 hoc

270 2367 730 2439 praecipiebamus
760 2373 938 2444 vobis,
971 2379 1115 2450 quod
1146 2383 1190 2437 si
1210 2383 1335 2455 quis
1358 2399 1470 2440 non
1494 2386 1616 2440 vult
1635 2387 1872 2458 operari,

269 2471 378 2514 nec
423 2461 736 2520 manducet.
767 2490 786 2513 ι
853 2468 973 2524 Νοη
1017 2473 1194 2528 solum
1243 2474 1428 2532 verbis
1474 2476 1726 2546 docebat,
1778 2480 1873 2536 sed

270 2547 601 2610 hortabatur
629 2564 682 2613 et
714 2558 873 2617 factis
902 2578 914 2618 ε
952 2561 1136 2620 idonei
1188 2566 1336 2622 enim
1391 2567 1638 2639 magistri
1690 2577 1794 2635 est,
1823 2570 1869 2626 si

269 2653 337 2696 ea
367 2657 486 2714 quae
517 2645 699 2704 verbis
719 2647 896 2719 docet,
931 2654 1189 2724 operibus
1217 2659 1452 2729 expleat.
1484 2659 1638 2715 Tunc
1667 2659 1868 2716 etenim

267 2730 616 2796 addiscentes
646 2757 770 2798 vera
820 2761 934 2801 esse
980 2746 1165 2804 sciunt
1207 2765 1326 2821 quae
1373 2749 1627 2818 audiunt,
1672 2751 1716 2807 si
1761 2767 1868 2807 ne-

265 2821 398 2894 gligi
434 2823 527 2881 illa
557 2844 667 2884 non
704 2831 946 2889 viderint
975 2851 1003 2891 a
1032 2835 1275 2894 doctore.
1297 2837 1561 2904 Quamvis
1585 2841 1731 2896 enim
1757 2857 1865 2897 ma-

265 2911 467 2969 nifeste
523 2931 652 2972 tera
698 2934 812 2976 esse
858 2937 968 2978 non
1017 2924 1338 2996 ignorentur
1385 2943 1505 3002 quae
1557 2927 1862 2999 docentur;

264 3005 549 3096 tamenksi
583 3009 784 3082 negligi
812 3013 1077 3084 coeperint
1106 3031 1138 3070 a
1168 3017 1449 3087 magistro,
1473 3016 1698 3075 difﬁcile
1729 3037 1865 3092 pro-

265 3087 870 3156 ﬁcient'audientibus
903 3117 916 3155 :
951 3103 1123 3175 magis
1175 3107 1321 3162 enim
1389 3125 1556 3180 opera
1609 3087 1860 3180 suadent,

266 3195 429 3254 quam
463 3185 647 3243 verba.
671 3188 1036 3256 Quamobrem
1071 3199 1282 3270 magnis
1325 3203 1566 3272 praemiis
1596 3219 1861 3259 remune-

264 3272 423 3328 randi
471 3285 617 3344 sunt,
661 3282 757 3351 qui
805 3285 1209 3357 negligentibus
1278 3292 1576 3363 magistris,
1617 3293 1684 3350 de
1731 3295 1865 3350 solis

265 3367 452 3426 verbis
502 3374 799 3445 proﬁciunt
847 3387 960 3436 tam
1011 3382 1070 3437 in
1128 3400 1291 3456 opere
1342 3403 1502 3460 quam
1561 3388 1619 3444 in
1675 3405 1859 3446 sensu.

267 3465 464 3522 Forma
489 3484 617 3542 ergo
647 3482 758 3527 erat
790 3472 857 3528 iis
888 3475 983 3546 qui
1015 3477 1310 3536 mediocris
1339 3483 1422 3537 vel
1474 3483 1658 3539 tenuis
1706 3493 1862 3540 erant

262 3554 583 3614 suh3!anli:e
618 3559 676 3614 in
709 3561 885 3630 plebe,
943 3571 1004 3618 ut
1051 3564 1325 3624 discerent
1371 3577 1641 3641 quatenus
1687 3571 1864 3627 liber-

261 3651 426 3701 tatem
482 3662 636 3702 suam
697 3667 804 3706 non
863 3653 1199 3712 amitterent.
1239 3657 1390 3714 Unde
1445 3668 1497 3715 et
1551 3660 1855 3720 Salomon:

281 3760 298 3782 ι
335 3735 494 3796 Raro.
527 3737 728 3810 inquit,
774 3739 974 3798 inferes
1008 3744 1196 3816 pedem
1224 3747 1292 3802 ad
1321 3751 1559 3804 amicum
1592 3758 1770 3820 tuum,
1793 3769 1861 3809 ne

266 3831 540 3881 saturatos
580 3828 658 3882 tui
691 3828 869 3885 oderit
901 3841 950 3887 le
977 3833 1162 3900 (Prov.
1198 3851 1334 3904 xxv,
1371 3838 1480 3907 l7).
1513 3863 1532 3885 ι
1576 3838 1678 3906 Qui
1711 3841 1856 3897 enim

264 3908 580 3983 frequenter
609 3915 674 3970 ad
706 3916 940 3975 alienam
972 3938 1214 3980 mensam
1245 3928 1529 3994 convenit,
1547 3929 1662 3985 otio
1692 3930 1860 3988 dedi-

258 4010 348 4060 tus
375 4005 634 4066 aduletur
662 4028 882 4070 necesse
928 4023 1009 4072 est
1059 4022 1299 4090 pascenti
1348 4040 1442 4090 se;
1489 4039 1614 4080 cum
1661 4025 1857 4098 religio

257 4101 442 4148 nostra
467 4095 532 4151 ad
580 4098 884 4160 libertatem
933 4103 1187 4166 homines
1241 4111 1494 4170 advocet.
1542 4095 1854 4190 Ideoque—si

259 4190 402 4286 quis,
439 4193 640 4286 inquit,
675 4200 1006 4260 manducare
1034 4209 1264 4280 spernit,
1298 4219 1471 4269 cesset
1517 4211 1587 4269 ab
1631 4230 1793 4286 opere
1836 4233 1848 4272 :

257 4278 351 4377 sed
381 4281 727 4377 quianullus
757 4290 875 4377 sine
904 4291 1030 4349 cibo
1060 4278 1474 4371 potestvivere,
1509 4302 1600 4359 det
1630 4278 1849 4377 operam

259 4365 574 4463 laborandi;
606 4380 667 4429 ut
694 4375 928 4434 arbitrio
957 4365 1273 4443 suo‘vivens
1291 4365 1471 4446 Deum
1500 4365 1848 4463 possit'habe-

256 4471 315 4512 re
350 4457 673 4531 propitium.

329 4569 508 4641 (Vers.
549 4573 663 4647 11.)
711 4601 732 4626 ε
751 4578 1084 4640 Audivimus
1103 4585 1253 4643 enim
1271 4590 1536 4660 quosdam
1566 4593 1846 4653 ambulare

256 4665 399 4715 inter
425 4677 524 4719 vos
554 4662 1000 4741 intemperanter,
1038 4673 1180 4730 nihil
1212 4689 1518 4750 operantes,
1548 4683 1643 4739 sed
1670 4685 1849 4741 curio-

255 4762 313 4804 se
361 4761 598 4823 agentes.
627 4780 645 4803 ι
695 4757 801 4825 Qui
853 4761 1017 4818 otiosi
1063 4780 1179 4822 esse
1223 4767 1556 4840 desiderant,
1590 4771 1644 4829 id
1673 4783 1842 4847 agunt

255 4847 521 4912 quatenus
575 4849 790 4906 occasio
848 4860 1107 4910 nascatur
1159 4873 1266 4930 qua
1320 4859 1611 4918 introitum
1678 4882 1841 4922 suum

255 4927 664 4992 desiderabilem
701 4939 902 4996 faciant
940 4927 1198 5004 domibus
1242 4947 1503 5021 divitum,
1543 4953 1842 5012 ambulan—

254 5027 334 5117 tes
359 5030 507 5092 gesta
535 5033 588 5080 et
618 5028 908 5099 opiniones
929 5034 1220 5091 verborum
1253 5040 1531 5098 subtiliter
1550 5045 1838 5117 c..lligunt,

254 5107 482 5168 scientes
508 5114 640 5187 quid
683 5117 751 5175 de
792 5137 901 5194 quo
952 5125 1126 5181 velint
1173 5128 1383 5196 audire,
1419 5139 1479 5187 ut
1527 5107 1759 5192 libenter
1786 5107 1840 5194 et

254 5199 502 5270 requisiti
533 5216 842 5276 pascantur.
879 5210 1037 5278 Quod
1067 5214 1274 5273 factum
1305 5220 1465 5276 valde
1505 5222 1766 5283 abhorret
1810 5243 1842 5283 a

464 5390 625 5482 Risui.
653 5392 810 5482 edit.,
835 5413 1028 5482 partem
1053 5405 1344 5476 accepimus
1381 5425 1415 5463 a
1444 5426 1728 5482 quoquam.

323 5458 436 5550 (26)
481 5463 690 5550 iisdem
735 5458 871 5525 edit.
913 5470 1096 5545 Rom.,
1125 5458 1836 5550 gadisédiia‘éﬁiéiao

247 5533 582 5600 operabatur.

1989 1977 2113 2018 nem
2171 1968 2456 2037 parcitatis
2494 1977 2549 2026 et
2597 1972 3023 2033 inhumanitatis
3067 1986 3350 2050 captarent
3401 1995 3413 2034 :
3461 1979 3586 2036 ideo

1988 2058 2173 2110 statim
2205 2056 2438 2128 subjecit
2479 2077 2491 2116 :
2537 2085 2556 2109 ι
2583 2061 2697 2119 Vos
2724 2075 2929 2135 autem,
2980 2068 3192 2137 fratres,
3223 2069 3396 2125 nolite
3423 2067 3587 2126 defa-

1987 2144 2150 2214 tigari
2196 2145 2619 2206 benefacientes.
2653 2176 2671 2198 ι
2724 2154 2910 2228 Neque
2957 2157 3103 2212 enim
3163 2158 3222 2213 in
3278 2159 3585 2232 reprehen—

1985 2233 2198 2291 sionem
2229 2238 2403 2305 venit,
2439 2239 2532 2311 qui
2566 2239 2843 2300 humanus
2872 2254 2926 2301 et
2964 2247 3147 2318 largus
3176 2255 3298 2316 est;
3350 2249 3443 2305 sed
3492 2249 3586 2306 hic

1985 2322 2080 2394 qui
2112 2338 2236 2379 cum
2270 2333 2442 2397 possit
2483 2328 2534 2382 la
2563 2327 2748 2386 borem
2783 2332 2946 2402 ferre,
2979 2333 3038 2390 in
3084 2335 3199 2392 otio
3245 2338 3368 2392 vult
3409 2339 3582 2396 vitam

1983 2431 2160 2489 agere.
2194 2419 2366 2487 Quem
2395 2421 2442 2478 si
2467 2424 2713 2494 epistolae
2741 2428 3043 2486 auctoritas
3073 2446 3182 2486 non
3208 2433 3460 2506 corrigit,
3486 2450 3580 2490 no-

1983 2510 2216 2566 t..udum
2248 2512 2418 2583 hunc,
2457 2525 2513 2571 et
2543 2533 2645 2573 nec
2671 2520 3112 2578 conversandum
3164 2539 3290 2580 cum
3338 2540 3404 2581 eo
3433 2542 3583 2598 pras-

1981 2599 2119 2670 cipit
2145 2618 2157 2666 ;
2189 2609 2250 2656 ut
2276 2605 2558 2672 confusus,
2588 2607 2682 2677 qui
2712 2608 2781 2663 ab
2809 2610 3067 2666 omnibus
3095 2613 3351 2670 evitatur.
3390 2614 3577 2687 subji-

1981 2696 2128 2744 ceret
2152 2707 2207 2746 se
2238 2694 2526 2764 praeceptis
2561 2695 2836 2767 Apostoli.
2868 2699 3027 2766 Quod
3072 2711 3257 2758 tamen
3303 2703 3424 2759 sinc
3457 2705 3577 2761 ira-

1979 2779 2180 2834 cundia
2209 2787 2264 2834 et
2292 2783 2626 2839 contumelia
2659 2791 2779 2840 vult
2806 2787 2949 2849 ﬁeri,
2981 2798 3043 2845 ut
3092 2789 3363 2862 patienter
3408 2792 3574 2851 decli-

1977 2877 2140 2924 netur
2166 2869 2236 2926 ab
2265 2887 2329 2927 eo
2363 2890 2376 2928 :
2412 2873 2485 2928 ita
2515 2881 2720 2945 tamen,
2755 2885 2816 2932 ut
2853 2880 2897 2934 si
2934 2897 3021 2937 res
3050 2882 3239 2938 tulerit
3271 2883 3420 2957 loqui
3446 2901 3574 2943 cum

1976 2976 2061 3030 eo,
2096 2963 2430 3019 monendum
2463 2965 2643 3034 illum,
2704 2977 2766 3024 ut
2811 2973 3051 3044 patiatur
3091 2990 3148 3032 se
3201 2977 3428 3050 corripi,
3475 2995 3576 3036 nec

1975 3052 2122 3107 ultra
2153 3061 2420 3126 praecepta
2448 3057 2696 3127 Apostoli
2719 3063 3121 3120 contemnenda
3152 3082 3167 3132 ;
3211 3064 3571 3123 familiarita-

1973 3144 2081 3193 tem
2135 3156 2354 3212 quoque
2403 3142 2598 3198 tandiu
2649 3161 2774 3201 cum
2816 3161 2882 3203 eo
2923 3165 3034 3206 non
3084 3149 3572 3226 babere,quandiu

1972 3229 2276 3286 obaudiens
2305 3231 2398 3288 ﬁat
2449 3233 2589 3306 (28).
2622 3234 2758 3292 Nam
2800 3253 2845 3293 ει
2883 3239 2951 3296 ad
2981 3239 3327 3300 iracundiam
3376 3255 3568 3302 contu-

1973 3317 2154 3373 meliis
2186 3320 2501 3390 lacessatur,
2531 3322 2684 3394 pejor
2710 3341 2767 3382 se
2792 3325 2885 3383 ﬁet
2914 3346 2927 3384 :
2967 3330 3290 3386 incitabitur
3318 3333 3465 3389 enim
3499 3334 3568 3391 ad

1973 3408 2406 3478 contentionem,
2440 3418 2494 3465 et
2522 3411 2752 3483 incipiet
2789 3425 3030 3472 erratum
3087 3434 3247 3474 suum
3292 3422 3434 3477 velle
3477 3422 3566 3479 de-

1969 3495 2217 3564 fendere,
2269 3507 2390 3569 post
2441 3507 2621 3555 autem
2677 3504 2995 3562 erubescere
3034 3509 3328 3566 emendare
3368 3527 3445 3580 se,
3496 3529 3567 3571 ne

1970 3586 2118 3659 quod
2151 3585 2306 3659 prius
2324 3590 2644 3659 excusabat,
2685 3604 2870 3664 postea
2895 3595 3050 3653 fateri
3080 3598 3348 3657 videatur.

2043 3677 2226 3745 (Vers.
2257 3678 2366 3750 l6.)
2386 3705 2403 3726 ι
2422 3681 2541 3752 lpse
2561 3689 2745 3738 autem
2761 3686 2906 3742 Deus
2924 3689 3072 3758 pacis
3087 3688 3179 3744 det
3195 3689 3354 3747 vobis
3374 3706 3560 3762 pacem

1967 3780 2181 3838 semper
2210 3767 2268 3823 in
2299 3769 2450 3826 omni
2481 3769 2621 3827 loco.
2653 3773 2922 3830 Dominus
2941 3777 3013 3832 sit
3040 3793 3164 3833 cum
3193 3778 3453 3837 omnibus
3473 3796 3563 3837 vo-

1966 3852 2070 3910 bis.
2091 3880 2109 3902 ι
2153 3856 2378 3930 Semper
2405 3859 2549 3932 quod
2580 3877 2741 3918 suum
2770 3872 2872 3932 est,
2903 3865 3049 3922 bono
3079 3875 3209 3923 voto
3239 3867 3364 3924 illos
3386 3885 3563 3942 prose-

1966 3943 2177 4015 quitux,
2209 3948 2365 4018 quasi
2394 3950 2747 4007 carissimos
2774 3952 2942 4021 ﬁlios,
2972 3962 3169 4028 optans
3196 3972 3409 4030 semper
3435 3974 3561 4015 cum

1966 4035 2080 4094 illis
2104 4057 2287 4112 pacem
2324 4059 2562 4111 manere,
2596 4062 2716 4120 quae
2749 4058 2832 4106 est
2859 4049 2975 4107 dux
2995 4051 3064 4108 ad
3086 4053 3256 4109 vitam
3276 4060 3557 4112 aeternam.

1963 4137 2099 4196 Cum
2133 4138 2220 4196 his
2235 4142 2384 4198 enim
2413 4143 2686 4201 Dominus
2709 4162 2768 4202 se
2796 4162 2912 4205 esse
2937 4151 3220 4222 promisit,
3241 4155 3336 4226 qui
3352 4154 3562 4211 fuerint

1962 4229 2199 4301 paciﬁci.

2034 4320 2216 4392 (Vers.
2258 4321 2373 4395 17.)
2434 4346 2455 4373 ι
2513 4327 2636 4399 Ipsa
2691 4329 2950 4390 salutatio
2997 4348 3116 4392 mea
3167 4351 3335 4394 manu
3379 4335 3558 4409 Pauli,

1959 4410 2107 4482 quod
2138 4420 2219 4468 est
2239 4412 2458 4485 signum
2488 4416 2547 4472 in
2575 4419 2730 4475 omni
2757 4422 2989 4494 epistola
3024 4442 3036 4481 :
3073 4427 3149 4482 ita
3175 4428 3557 4486 scriba-Pro-

1957 4505 2080 4569 pter
2143 4499 2443 4575 interpolas
2469 4515 2524 4562 et
2551 4507 2951 4567 adulteratores
2978 4511 3386 4586 Scripturarum
3413 4533 3553 4574 sem-

1959 4602 2056 4658 per
2084 4603 2141 4646 se
2179 4606 2346 4648 manu
2373 4609 2473 4650 sua
2503 4598 2562 4651 in
2591 4597 2745 4652 omni
2771 4599 3003 4670 epistola
3041 4617 3141 4658 sua
3168 4604 3551 4662 salutationem

1958 4678 2304 4737 subscribere
2353 4688 2608 4752 testatur;
2659 4694 2721 4742 ut
2759 4687 2860 4742 sub
2911 4688 3136 4746 nomine
3178 4690 3296 4762 ejus
3323 4692 3556 4764 epistola

1951 4779 2174 4843 accepto
2203 4773 2336 4829 ferri
2362 4790 2475 4830 non
2503 4776 2678 4848 possit
2706 4792 2826 4850 quae
2868 4793 2982 4834 non
3023 4779 3193 4836 fuerit
3237 4797 3407 4839 manu
3434 4782 3554 4856 ejus

1947 4857 2282 4933 subscripta.
3593 4886 3595 4889 ’

2025 4949 2206 5020 (Vers.
2242 4951 2352 5023 18.)
2398 4975 2416 4999 ι
2447 4951 2634 5009 Gratia
2680 4954 2904 5011 Domini
2963 4957 3137 5014 nostri
3179 4958 3307 5018 Iesu
3337 4958 3549 5021 Christi

1948 5052 2074 5093 cum
2103 5040 2362 5096 omnibus
2391 5041 2569 5097 vobis.
2603 5066 2621 5088 ι
2666 5043 2793 5100 Haec
2821 5045 3079 5103 salutatio
3099 5066 3263 5107 manu
3294 5053 3548 5124 Apostoli

1949 5129 2262 5202 conscripta
2308 5139 2408 5198 est,
2467 5147 2575 5204 qua
2626 5134 2855 5206 gratiam
2912 5139 3139 5197 Domini
3194 5143 3368 5200 nostri
3420 5142 3549 5202 Iesu

1948 5217 2157 5276 Christi
2185 5227 2338 5292 optat
2365 5237 2482 5278 esse
2501 5239 2626 5279 cum
2652 5225 2748 5283 eis.
2779 5230 2980 5286 Amen.

2045 5409 2139 5491 3?)
2170 5412 2334 5491 Dom.
2359 5412 2517 5491 edit.,
2548 5415 2710 5473 nolite
2738 5417 3028 5490 defatigari
3056 5420 3448 5491 benefacientes.

2045 5413 2139 5484 27)
2172 5413 2334 5470 Rom.
2359 5413 2517 5484 edit.,
2548 5415 2710 5473 nolite
2738 5417 3028 5490 defatigari
3056 5420 3430 5491 benefacientes

2019 5413 2138 5556 £28)
2169 5486 2437 5542 Nonnulli
2466 5505 2622 5559 mss.,
2649 5491 2886 5562 quandiu
2917 5509 3022 5546 non
3051 5492 3289 5549 obediens
3315 5497 3430 5568 ﬁat.
