3970 6382
164 409 281 468 489

1203 409 1564 467 COMMENT.
1606 410 1676 467 IN
1712 410 1929 467 EPIST.
1969 411 1992 466 Ι
2029 413 2124 467 AD
2163 411 2455 469 TIMOTH.

3357 415 3461 473 490

138 552 276 602 tero
303 553 523 603 servata
552 546 668 619 lege
683 552 914 613 naturae,
937 559 1058 618 quae
1078 544 1353 603 Creatoris
1380 546 1749 617 cognitionem
1781 554 1831 614 Α
1866 545 2217 615 descendens,
2256 562 2476 603 carnem
2523 545 2729 619 peccati
2759 549 2966 620 accepit
3019 549 3134 620 (31)
3174 568 3185 607 :
3226 553 3461 610 terrenis

140 636 373 710 recipit,
434 645 489 693 et
548 652 663 693 non
718 652 938 709 peccare
987 633 1245 691 hortatur
1294 652 1305 690 :
1358 633 1561 706 judicii
1607 634 1753 691 diem

137 736 499 799 exspectent,
534 726 593 783 in
637 742 746 800 quo
769 724 907 797 justi
944 724 1334 781 remunerandi
1382 733 1529 793 sunt,
1578 732 1755 783 custo-

137 814 370 873 dientes
399 818 573 889 legem
616 817 943 882 naturalem,
975 830 1138 887 quam
1170 814 1216 870 si
1245 814 1548 870 humanum
1588 831 1757 887 genus

137 903 353 962 ducem
375 906 482 962 sibi
500 904 801 972 habuisset,
826 906 914 960 lex
936 904 997 959 in
1027 903 1229 959 litteris
1256 920 1351 975 per
1379 904 1605 975 Moysen
1631 903 1758 958 data

138 1010 271 1049 non
317 1001 475 1050 esset.
527 993 631 1050 Sed
685 993 813 1066 quia
862 991 1203 1065 contemptui
1251 991 1417 1048 ducta
1458 1000 1559 1060 est,
1602 992 1758 1064 quasi

137 1083 375 1139 nullius
404 1090 545 1139 esset
581 1082 947 1149 auctoritatis,
980 1080 1264 1153 Scriptura
1293 1080 1510 1136 ﬁrmata
1546 1088 1662 1146 est;
1695 1086 1757 1135 ut

138 1171 394 1228 sciretur
443 1172 591 1245 quod
647 1171 916 1228 servanda
972 1178 1132 1238 esset,
1174 1177 1228 1225 et
1265 1177 1486 1241 propter
1542 1177 1758 1240 tempus

140 1278 414 1334 praesens,
447 1268 502 1317 et
547 1261 677 1334 quia
714 1260 1081 1334 requisiturus
1118 1267 1199 1315 est
1246 1259 1305 1315 in
1351 1260 1624 1326 futurum,
1663 1256 1758 1330 qui

140 1350 310 1407 illam
341 1351 606 1420 ﬁrmavit,
636 1367 667 1406 a
695 1351 897 1424 quibus
944 1352 1210 1422 neglecta,
1262 1356 1315 1405 et
1344 1365 1376 1403 a
1422 1348 1623 1421 quibus
1652 1364 1759 1403 ser-

139 1450 285 1498 vata
314 1449 416 1497 est.
448 1443 641 1513 Itaque
687 1457 799 1496 non
829 1440 1007 1496 solum
1057 1446 1281 1512 propter
1317 1438 1489 1493 malos
1517 1445 1670 1493 actus
1706 1444 1759 1492 et

140 1533 295 1591 vitia
340 1534 590 1607 corporis
638 1535 808 1606 legem
859 1532 1045 1588 datam
1093 1532 1251 1600 dicit,
1298 1531 1392 1587 sed
1448 1538 1502 1586 et
1541 1538 1762 1603 propter

141 1621 465 1694 perﬁdiam,
521 1639 630 1696 qua
684 1620 1014 1693 spernebant
1075 1620 1432 1685 Creatorem;
1496 1626 1557 1673 ut
1624 1618 1761 1673 bene

141 1711 346 1769 vivere
377 1711 725 1769 addiscerem
751 1718 807 1767 et
842 1710 1043 1783 gratias
1072 1717 1293 1782 agerent
1324 1707 1633 1766 Conditori.

223 1841 415 1913 (Vers.
452 1841 539 1907 I2,
574 1840 660 1909 13,
697 1838 810 1911 14.)
858 1863 875 1886 ι
910 1839 983 1895 Et
1031 1837 1232 1911 gratias
1276 1853 1376 1909 ago
1412 1836 1483 1906 ei,
1532 1835 1627 1910 qui
1674 1853 1760 1892 me

139 1933 499 1989 confortavit
532 1932 590 1987 in
638 1930 858 1989 Christo
898 1930 1027 1986 Iesu
1074 1929 1314 1985 Domino
1366 1937 1574 1997 nostro,
1632 1927 1759 2001 quia
1787 1925 1834 1985 B

140 2024 382 2080 ﬁdelem
412 2040 499 2079 me
545 2020 861 2089 aestimavit,
888 2036 1098 2093 ponens
1129 2036 1215 2075 me
1254 2019 1311 2075 in
1364 2018 1754 2085 ministerium,

140 2111 289 2184 quia
317 2112 472 2184 prius
497 2128 647 2168 eram
677 2109 1052 2182 blasphemus,
1082 2117 1135 2165 et
1161 2116 1493 2181 persecutor,
1525 2114 1578 2162 et
1616 2122 1759 2161 con-

142 2200 489 2256 tumeliosus
519 2243 534 2269 ,
586 2199 679 2255 sed
729 2196 1160 2254 misericordiam
1220 2202 1545 2252 consecutus
1601 2210 1755 2260 sum;

143 2289 289 2363 quia
316 2290 577 2362 ignorans
596 2288 702 2345 feci
726 2288 973 2343 nondum
999 2285 1247 2342 credens.
1280 2282 1758 2357 Superabundavit

143 2388 341 2436 autem
372 2380 545 2452 gratia
572 2378 797 2437 Domini
826 2378 1002 2434 nostri
1046 2392 1172 2434 cum
1217 2374 1325 2431 ﬁde
1355 2382 1408 2431 et
1438 2373 1755 2442 dilectione,

144 2486 276 2543 qua:
306 2477 388 2525 est
418 2470 476 2526 in
524 2468 745 2527 Christo
773 2470 919 2525 Jesu.
952 2492 971 2515 ι
1015 2467 1243 2540 Propter
1279 2465 1426 2538 quod
1469 2464 1649 2519 omnis
1678 2464 1758 2520 in-

146 2560 417 2616 credulus
469 2558 849 2615 inﬁrmitatem
905 2556 1075 2613 animi
1125 2554 1375 2627 patitur,
1424 2554 1760 2611 constrictus

146 2650 365 2707 carnali
398 2648 629 2716 ratione,
662 2664 730 2703 ne
759 2646 946 2704 credat
974 2645 1237 2716 spiritali;
1278 2642 1486 2700 idcirco
1516 2658 1573 2699 se
1602 2642 1758 2699 Chri-

96 2749 111 2757 ’
145 2747 238 2796 sto
272 2739 476 2811 gratias
528 2738 668 2796 dicit
709 2752 887 2810 agere,
928 2735 1058 2808 quia
1095 2733 1413 2807 apparentia
1458 2733 1761 2805 majestatis

145 2846 265 2886 suae
320 2827 758 2885 imbecillitatem
818 2826 1019 2882 mentis
1074 2824 1191 2897 ejus
1249 2823 1589 2879 roboravit:
1633 2823 1761 2895 quia

149 2916 504 2990 impossibile
535 2914 761 2988 putabat
791 2931 925 2981 esse,
946 2912 1092 2985 quod
1122 2913 1190 2968 de
1218 2911 1441 2968 Domini
1473 2918 1759 2983 potestate,

146 3016 205 3064 et
255 3006 476 3078 gemina
521 3004 832 3071 nativitate,
865 3012 917 3059 et
948 3001 1365 3070 resurrectione,
1398 3010 1452 3057 et
1495 3018 1587 3074 spe
1613 3019 1762 3075 prae-

149 3095 470 3152 dicabatur.
503 3096 874 3154 Conﬁrmatus
925 3102 1108 3151 autem
1154 3094 1279 3149 talis
1330 3094 1483 3151 visus
1526 3105 1627 3163 est,
1668 3094 1761 3167 qui

150 3186 361 3259 dignus
392 3193 531 3241 esset
567 3201 628 3242 ac
671 3193 852 3258 posset
893 3202 1007 3241 esse
1051 3184 1398 3256 dispensator
1435 3184 1762 3240 sacramenti

152 3274 440 3332 Dominici
466 3293 477 3331 :
514 3285 575 3332 ut
601 3292 665 3331 ea
692 3292 823 3333 vera
843 3292 937 3347 per
967 3276 1138 3347 legem
1167 3273 1428 3342 ﬁrmaret,
1462 3289 1581 3346 quaa
1612 3274 1764 3346 prius
1797 3281 1840 3341 ο

150 3381 346 3421 amore
376 3364 511 3437 legis
539 3363 889 3422 incredibilia
909 3363 1216 3436 judicabat,
1239 3371 1292 3418 et
1322 3362 1378 3418 in
1415 3364 1760 3435 persecutio—

151 3454 326 3511 nibus
379 3455 655 3527 gauderet,
714 3471 848 3527 quas
900 3454 1051 3525 prius
1099 3452 1252 3525 quasi
1295 3450 1441 3522 jnste
1477 3453 1760 3509 credenti-

151 3552 260 3608 bus
296 3549 583 3615 inferebat,
635 3544 828 3600 dolens
857 3542 987 3615 quia
1034 3541 1257 3609 fecerat,
1286 3542 1467 3596 ‘lzetus
1496 3540 1627 3613 quia
1654 3557 1761 3613 pa-

151 3641 417 3698 tiebatur.
447 3641 678 3695 Tantam
708 3634 855 3691 enim
894 3648 1043 3703 spem
1089 3630 1358 3686 didicerat
1388 3630 1444 3685 in
1486 3645 1571 3698 eo,
1594 3646 1753 3703 quem

149 3738 284 3786 ante
316 3728 566 3801 negabat,
600 3732 662 3780 ut
707 3724 831 3795 plus
886 3720 1146 3793 gauderet
1176 3719 1234 3773 in
1286 3719 1544 3791 patiendo
1592 3736 1756 3793 quam

148 3818 313 3892 prius
342 3817 712 3873 exsultaverat
756 3811 812 3867 in
852 3809 1249 3883 persequendo.
1280 3808 1399 3863 Non
1441 3809 1589 3864 enim
1631 3827 1758 3866 ma-

152 3907 286 3963 litia
317 3907 422 3963 hoc
451 3904 661 3977 agebat,
695 3901 789 3959 sed
820 3915 1021 3967 errore,
1058 3899 1149 3955 cui
1197 3898 1357 3954 facile
1401 3907 1597 3970 potest,
1629 3915 1755 3955 cum

149 3995 453 4068 resipiscit,
498 3992 728 4065 ignosci.
779 3989 886 4057 Qui
928 3995 1111 4044 autem
1155 3987 1260 4044 scit
1298 4003 1427 4042 vera
1453 4003 1588 4056 esse,
1635 4004 1755 4061 quae

150 4091 339 4156 negat,
386 4082 480 4139 hic
517 4098 629 4138 non
670 4096 853 4137 errore
900 4077 1008 4134 hoc
1037 4076 1169 4147 agit,
1216 4076 1310 4132 sed
1345 4077 1753 4146 malevolentia,

149 4172 325 4244 hujus
362 4170 673 4228 incurabile
702 4172 905 4225 vulnus
925 4174 1007 4222 est
1040 4182 1052 4220 :
1084 4165 1297 4221 invidia
1325 4165 1472 4221 enim
1504 4167 1756 4239 compel—

150 4260 293 4317 litur
324 4261 520 4316 falsum
555 4258 829 4331 appellare
859 4254 1007 4328 quod
1037 4253 1140 4311 scit
1167 4269 1383 4309 verum.

228 4389 415 4462 (Vers.
456 4387 543 4454 15,
576 4385 690 4456 16.)
735 4407 754 4430 ι
784 4384 1070 4439 Humanus
1116 4398 1297 4438 sermo
1325 4390 1379 4438 et
1407 4380 1561 4437 omni
1590 4396 1755 4437 acce-

152 4478 345 4552 ptione
391 4474 610 4546 dignus,
664 4471 794 4546 quia
847 4470 1099 4529 Christus
1145 4475 1283 4533 291
1330 4469 1485 4526 Iesus
1514 4469 1667 4525 venit
1696 4468 1755 4524 in

152 4575 308 4632 hunc
356 4572 627 4628 mundum
684 4575 998 4641 peccatores
1043 4567 1224 4622 salvos
1276 4566 1474 4634 facere,
1514 4582 1749 4638 quorum

1864 651 1921 692 se
1971 636 2286 705 admiscuit,
2327 644 2389 692 ut
2445 652 2570 693 eum
2630 638 2905 693 caelestem
2964 639 3200 694 efﬁceret
3248 659 3259 695 :
3318 643 3460 699 mori

1865 740 1921 780 se
1960 742 2148 797 passus
2193 734 2295 796 est,
2327 734 2387 782 ut
2416 727 2577 782 illum
2614 726 2781 781 morti
2810 734 3028 783 erutum
3060 728 3311 799 paradiso
3339 731 3457 786 red.

1865 813 2020 871 deret
2049 814 2460 871 immortalem?
2492 815 2626 883 Quis
2656 816 2774 872 haec
2810 816 3076 873 beneﬁcia
3104 833 3217 872 non
3243 818 3302 873 in
3334 819 3459 875 inﬁ-

1866 902 2046 958 nitum
2077 904 2324 972 extollat,
2358 921 2477 977 quae
2494 905 2908 978 Deuspraastitit
2930 906 3166 974 homini,
3192 907 3464 963 Dominus

1865 1006 2044 1059 servo,
2081 993 2347 1050 Conditor
2374 1001 2635 1049 creaturae
2658 994 2685 1049 ?
2716 1001 2777 1049 ut
2828 996 2953 1065 plus
3009 1003 3148 1051 esset
3194 993 3376 1051 adhuc
3407 995 3463 1051 in

1865 1081 2149 1138 beneﬁciis
2177 1083 2453 1151 humanis,
2482 1101 2642 1157 quam
2668 1101 2795 1140 cum
2818 1084 2969 1152 fecit,
2994 1101 3113 1157 quae
3144 1101 3255 1141 non
3285 1093 3461 1154 erant,

1868 1180 2215 1243 posteaquam
2250 1173 2396 1229 fecit.
2433 1174 2654 1229 Etenim
2686 1173 2982 1230 derelictus
3008 1173 3076 1229 ab
3106 1172 3212 1243 his,
3244 1184 3299 1231 et
3337 1192 3465 1230 con-
3514 1188 3521 1197 '

1869 1267 2128 1331 temptus,
2160 1269 2213 1316 et
2237 1262 2594 1317 contumeliis
2624 1263 2920 1333 appetitus,
2943 1262 3158 1318 addidit
3189 1263 3256 1319 ad
3284 1264 3464 1319 bene-

1868 1345 1993 1402 ﬁcia
2033 1364 2141 1402 non
2176 1349 2492 1421 requisitus,
2524 1358 2586 1406 ut
2634 1352 2838 1423 gratior
2867 1360 3029 1419 esset,
3060 1361 3115 1407 et
3156 1354 3280 1423 plus
3300 1352 3465 1424 pra:-

1866 1435 2146 1505 ferendus,
2178 1438 2309 1494 dum
2344 1449 2579 1511 reparat,
2610 1458 2777 1514 quam
2804 1459 2931 1498 cum
2963 1442 3126 1499 fecit:
3172 1450 3236 1497 ut
3273 1449 3467 1498 osten-

1869 1525 2021 1581 deret
2049 1544 2220 1583 unum
2265 1545 2322 1584 se
2373 1546 2512 1597 esse,
2543 1530 2636 1602 qui
2680 1530 2798 1587 haec
2840 1532 3027 1587 omnia
3068 1532 3260 1603 possit.
3292 1532 3468 1603 Igitur

1868 1614 1949 1670 sic
1978 1614 2228 1672 Christus
2260 1617 2577 1688 praesidium
2626 1619 2759 1674 tulit
2794 1618 3032 1688 homini,
3062 1627 3125 1675 ut
3171 1621 3466 1691 puritatem

1870 1720 2022 1759 suam
2073 1721 2183 1759 non
2214 1704 2464 1773 violaret,
2496 1722 2598 1762 nec
2636 1706 2913 1763 amitteret
2956 1716 3303 1779 potestatem.
3345 1710 3469 1764 Ho-

1870 1794 2075 1849 minem
2131 1795 2278 1850 enim
2330 1811 2384 1851 se
2441 1796 2594 1851 nasci
2642 1796 2858 1863 voluit,
2910 1814 3008 1869 pro
3063 1805 3210 1853 certo
3259 1796 3467 1854 habens

1868 1883 2048 1938 carnis
2096 1892 2353 1940 contactu
2399 1901 2454 1940 se
2510 1883 2740 1940 minime
2778 1884 2977 1940 violari
3012 1904 3024 1940 :
3059 1885 3465 1942 conversatioui

1866 1971 2120 2028 humana:
2168 1988 2223 2027 se
2269 1972 2513 2041 miscuit,
2562 1974 2740 2030 sciens
2793 1974 3031 2045 peccatis
3084 1991 3140 2030 se
3186 1974 3466 2046 corrumpi

1866 2078 1979 2117 non
2009 2079 2167 2133 posse
2202 2081 2214 2118 :
2250 2062 2429 2118 occidi
2458 2080 2514 2119 se
2556 2080 2747 2135 passus
2776 2072 2878 2131 est,
2914 2080 3027 2119 non
3062 2062 3282 2119 nescius
3306 2080 3466 2119 mor-

1867 2158 1975 2206 tem
2010 2151 2116 2207 sibi
2160 2150 2437 2207 dominari
2484 2168 2595 2207 non
2623 2169 2801 2224 posse,
2842 2152 2937 2208 sed
2990 2168 3109 2208 eam
3140 2169 3238 2207 sua
3286 2153 3467 2225 oppri-

1869 2255 2015 2294 mere
2046 2246 2332 2310 potestate.
2365 2240 2492 2295 Ilaec
2516 2256 2643 2312 ergo
2675 2239 2858 2311 gessit,
2900 2246 2963 2295 ut
3008 2240 3196 2295 omnia
3226 2255 3281 2295 se
3310 2256 3468 2311 posse

1868 2325 2106 2383 doceret.
2150 2328 2450 2383 Humilitas
2481 2328 2627 2383 enim
2662 2329 2765 2385 ista
2790 2346 2901 2384 non
2933 2328 3001 2383 ad
3035 2327 3465 2385 diminutionem

1869 2416 1985 2487 ejus
2017 2417 2255 2487 proﬁcit,
2308 2416 2403 2472 sed
2432 2416 2501 2473 ad
2548 2417 2777 2489 gloriam
2813 2435 2826 2484 ;
2860 2426 2913 2474 et
2961 2434 3073 2473 non
3112 2418 3292 2474 solum
3326 2417 3465 2489 ejus,

1869 2518 2060 2558 verum
2110 2503 2274 2559 etiam
2330 2503 2386 2558 in
2443 2504 2623 2576 ipsum
2664 2503 3040 2571 credentium;
3091 2504 3330 2575 dignitas
3387 2513 3469 2561 est

1870 2591 2017 2646 enim
2064 2608 2285 2647 servum
2329 2608 2443 2647 esse
2492 2592 2749 2663 potentis.
2800 2593 2936 2649 Cum
2969 2601 3095 2648 ante
3139 2594 3466 2665 Apostolum

1873 2679 2034 2734 multi
2088 2680 2284 2751 utique
2332 2679 2693 2737 credidissent
2752 2681 3067 2737 Iudaeorum
3122 2698 3192 2736 ex
3250 2682 3320 2738 iis
3371 2684 3466 2755 qui

1872 2768 2050 2839 ipsum
2082 2768 2377 2823 Dominum
2435 2768 2796 2836 occiderunt;
2828 2770 3126 2842 Apostolus
3172 2779 3356 2827 tamen
3405 2780 3468 2828 ut

1871 2873 1926 2913 se
1956 2856 2233 2924 bumiliet,
2264 2856 2444 2912 adhuc
2473 2856 2664 2913 dolens
2690 2858 2757 2914 de
2787 2874 2885 2913 sua
2921 2858 3325 2927 incredulitate,
3356 2859 3467 2933 pri-

1872 2963 2022 3001 mum
2056 2962 2112 3001 se
2142 2946 2389 3001 omnium
2428 2947 2771 3018 peccantium
2802 2955 2980 3003 vocat.
3013 2948 3285 3015 Quoniam
3316 2951 3465 3006 enim

1873 3051 1981 3106 prec
2012 3032 2224 3090 caeteris
2260 3043 2601 3091 sacramento
2638 3052 2694 3091 se
2745 3035 2947 3091 imbuit
2975 3037 3293 3107 Salvatoris,
3327 3055 3467 3111 pro-

1872 3132 1997 3202 pius
2026 3130 2093 3185 ad
2146 3132 2578 3203 cognoscendam
2632 3132 3100 3204 magniﬁcentiam
3153 3132 3270 3205 ejus
3315 3150 3466 3191 acce-

1873 3221 2029 3286 dens,
2093 3228 2314 3277 accusat
2369 3238 2424 3277 se
2465 3223 2657 3296 magis,
2713 3224 2808 3295 qui
2862 3232 3077 3281 tantum
3127 3223 3260 3279 boni
3317 3223 3467 3280 tarde

1870 3311 2114 3383 agnovit,
2138 3327 2237 3367 nec
2268 3311 2435 3378 ultro,
2463 3313 2557 3367 sed
2586 3311 2961 3367 misericordia
2989 3313 3107 3384 ejus
3133 3320 3463 3383 praeventus,

1870 3410 1929 3457 ut
1962 3403 2076 3472 ipse
2122 3402 2279 3457 testis
2327 3410 2466 3458 esset
2497 3402 2810 3458 divinitatis
2847 3402 2986 3473 ejus,
3019 3418 3179 3474 quem
3220 3402 3377 3473 prius
3404 3410 3467 3457 ut

1868 3490 2150 3545 hominem
2181 3500 2465 3546 mortuum
2514 3490 2838 3545 aestimabat.
2875 3491 3003 3546 Haec
3045 3491 3320 3547 accusatio
3349 3489 3467 3561 ejus

1867 3587 1969 3647 est,
2006 3580 2122 3635 laus
2168 3596 2301 3634 vero
2355 3578 2675 3647 Salvatoris,
2725 3579 2820 3651 qui
2875 3566 2944 3635 ad
3000 3578 3313 3649 exemplum
3366 3595 3465 3634 caa-

1867 3675 2109 3722 terorum
2164 3665 2507 3723 credentium
2566 3674 2981 3740 persequentem
3034 3683 3090 3722 se
3136 3666 3354 3722 vocavit
3397 3667 3466 3723 ad

1866 3756 2115 3829 gratiam;
2140 3765 2201 3812 ut
2232 3773 2327 3830 per
2360 3756 2678 3829 patientiam
2703 3772 2856 3812 suam
2881 3766 2934 3812 et
2961 3755 3464 3828 magnanimitatem

1866 3846 1923 3902 in
1953 3864 2017 3902 eo
2056 3846 2369 3902 ostenderet
2420 3845 2652 3914 caeteris,
2712 3845 2806 3918 qui
2863 3845 3093 3902 inimico
3140 3852 3251 3900 tam
3299 3843 3466 3900 bene-

1864 3938 2026 3993 volus
2054 3936 2349 4005 exstiterit,
2395 3934 2573 4008 qualis
2616 3943 2757 3992 esset
2800 3933 3021 3991 futurus
3073 3934 3143 3990 ad
3191 3949 3247 3989 se
3275 3933 3464 3991 decur-

1865 4025 2134 4082 rentibus.

1938 4115 2121 4185 (V'ers.
2157 4113 2270 4185 17.)
2318 4139 2336 4162 ι
2376 4113 2508 4186 Regi
2556 4098 2737 4170 autem
2786 4112 3113 4168 saeculorum
3162 4109 3465 4167 immortali

1865 4213 1918 4261 et
1951 4202 2246 4271 invisibili,
2279 4203 2383 4259 soli
2412 4206 2526 4260 Deo
2554 4202 2736 4259 honor
2765 4209 2818 4259 et
2848 4200 3024 4273 gloria
3052 4201 3110 4256 in
3140 4203 3340 4258 saecula
3366 4219 3462 4258 saa-

1863 4293 2137 4360 culorum,
2204 4307 2382 4349 amen.
2414 4316 2433 4340 ι
2501 4293 2629 4349 Haec
2675 4292 2743 4347 ad
2795 4290 2893 4347 Dei
2947 4290 3124 4347 Patris
3174 4307 3462 4363 personam

1863 4380 2163 4454 pertinent,
2195 4398 2359 4454 quem
2390 4381 2764 4437 immortalem
2796 4380 2921 4437 ideo
2954 4382 3133 4436 solum
3175 4387 3229 4435 et
3271 4379 3461 4436 invisi-

1862 4470 2031 4526 bilem
2078 4471 2337 4544 appellat,
2386 4471 2518 4544 quia
2572 4470 2753 4527 omnis
2808 4469 3196 4525 immortalitas
3242 4467 3309 4523 ab
3342 4468 3461 4539 ipso

1862 4568 1963 4630 est,
1992 4568 2055 4618 ut
2107 4561 2211 4634 ipsi
2257 4561 2362 4617 soli
2396 4560 2569 4633 magis
2617 4566 2888 4631 competat
2936 4558 2995 4613 in
3037 4557 3298 4623 veritate;
3331 4557 3457 4629 quia

154 4664 368 4736 primus
397 4676 518 4718 sum
546 4676 666 4731 ego.
688 4636 796 4714 Sed
817 4657 940 4713 ideo
961 4655 1395 4712 misericordiam
1426 4636 1749 4711 consecutus
1778 4636 1826 4695 D
1859 4650 2109 4724 quisquis
2156 4650 2487 4707 immortalis
2520 4659 2620 4719 est,
2653 4665 2765 4704 non
2811 4664 2842 4703 a
2879 4664 2934 4703 se
2983 4646 3125 4703 hanc
3153 4644 3339 4712 habet,
3365 4645 3456 4701 sed

155 4762 367 4821 sum,ut
384 4752 443 4807 in
465 4766 551 4806 me
566 4750 748 4823 primo
765 4747 1075 4805 ostenderet
1094 4744 1348 4805 Christus
1360 4745 1515 4801 Jesus
1530 4760 1748 4800 omnem

157 4840 667 4915 magnanimitatem
718 4846 772 4894 et
823 4836 1144 4910 patientiam
1190 4834 1259 4890 ad
1306 4836 1621 4907 exemplum
1662 4851 1749 4891 eo-

156 4946 275 4987 rum
312 4932 453 5002 (30),
488 4929 583 5003 qui
629 4927 897 4985 credituri
942 4933 1072 4983 sunt
1127 4922 1233 4994 illi,
1280 4924 1340 4981 in
1387 4925 1556 4981 vitam
1597 4933 1749 4980 aeter-

157 5036 301 5075 nam.
336 5045 355 5068 ι
399 5018 545 5087 Quid
569 5027 682 5075 tam
714 5024 927 5090 gratum
971 5025 1191 5087 tamque
1216 5014 1546 5086 jucundum,
1582 5030 1745 5087 quam

156 5110 534 5181 peccatoribus
582 5107 981 5181 indulgentiam
1037 5104 1383 5179 praedicare?
1411 5103 1545 5171 Quis
1598 5103 1745 5158 enim

158 5199 271 5256 sine
299 5208 526 5274 peccato
554 5206 656 5269 est,
688 5208 749 5256 ut
788 5197 895 5255 hoc
928 5213 1130 5253 munus
1161 5212 1273 5252 non
1300 5211 1428 5252 cum
1459 5195 1609 5252 omni
1631 5211 1745 5268 gra-

157 5288 353 5347 tiarum
401 5289 619 5347 actione
673 5286 956 5361 suscipiat,
1015 5288 1189 5343 Deum
1237 5292 1515 5341 auctorem
1579 5283 1746 5355 hujus

156 5380 465 5450 praferens,
508 5387 562 5436 et
608 5378 932 5437 collaudans
961 5375 1020 5432 in
1050 5374 1302 5442 Christo;
1337 5373 1431 5447 qui
1462 5379 1524 5429 ut
1552 5371 1746 5428 homi-

159 5483 278 5525 nem
327 5469 567 5544 peccatis
613 5468 879 5538 ablueret,
928 5466 995 5523 de
1049 5464 1363 5521 coelestibus
1416 5464 1484 5520 ad
1530 5471 1745 5519 terrena

229 5704 342 5781 (30)
377 5705 536 5763 Rom.
568 5702 701 5762 edit.
753 5702 845 5759 hic
894 5709 948 5760 et
987 5701 1153 5771 infra,
1193 5698 1264 5758 ad
1316 5697 1742 5771 informationem

160 5790 278 5832 801³11
284 5795 352 5836 m.

468 5873 708 5932 Parnon.
746 5872 923 5931 XVII.

1857 4740 1925 4796 ab
1974 4741 2090 4796 illo.
2138 4740 2322 4797 Simili
2368 4738 2532 4796 modo
2563 4747 2616 4794 et
2660 4738 2718 4793 in
2768 4735 3069 4806 Evangelio
3122 4734 3344 4805 legitur,
3376 4734 3455 4789 di-

1856 4836 2012 4885 cente
2042 4829 2281 4885 Domino
2314 4847 2326 4886 :
2376 4854 2394 4876 ι
2429 4828 2567 4896 Quia
2607 4843 2768 4882 nemo
2814 4833 2896 4880 est
2936 4823 3134 4890 bonus,
3165 4820 3274 4877 nisi
3313 4839 3458 4878 unus

1855 4921 2001 4976 Deus
2033 4921 2227 4989 (Marc.
2260 4936 2319 4987 χ,
2350 4918 2461 4987 18).
2485 4942 2503 4965 ι
2540 4919 2609 4973 Et
2638 4916 2838 4972 iterum
2861 4914 2974 4986 ipse
2997 4912 3133 4970 dicit
3166 4932 3178 4970 :
3227 4938 3245 4962 ι
3272 4914 3458 4973 Bonus

1856 5010 2023 5069 homo
2062 5010 2130 5067 de
2161 5010 2308 5066 bono
2357 5008 2615 5065 thesauro
2662 5006 2871 5078 profert
2916 5004 3062 5061 bona
3093 5003 3307 5076 (Matth.
3350 5021 3453 5073 xn,

1855 5099 1972 5172 35).
2003 5123 2023 5147 ι
2066 5100 2237 5155 Nemo
2270 5105 2453 5152 tamen
2484 5095 2592 5151 nisi
2621 5110 2768 5151 unus
2800 5095 2947 5150 Deus
2974 5093 3152 5149 bonus
3181 5100 3293 5160 est;
3327 5093 3452 5166 quia

1856 5192 1970 5262 ipse
2017 5188 2141 5244 fons
2182 5184 2448 5242 bonitatis
2475 5191 2575 5253 est,
2621 5200 2691 5241 ex
2733 5199 2842 5257 quo
2869 5182 3053 5240 caeteri
3081 5189 3361 5255 potantur,
3392 5189 3453 5237 ut

1852 5279 1986 5335 boni
2034 5277 2164 5334 sint.
2211 5278 2330 5349 Ipse
2375 5282 2458 5331 est
2505 5282 2559 5331 et
2600 5273 2899 5330 invisibilis
2945 5273 3093 5329 solus
3134 5274 3280 5328 Deus
3324 5268 3451 5342 quia

1853 5366 1995 5423 nulli
2025 5380 2270 5437 unquam
2286 5364 2441 5420 visus
2461 5370 2574 5431 est;
2595 5361 2785 5419 omnia
2805 5360 2952 5417 enim
2978 5360 3087 5432 agit
3105 5375 3200 5430 per
3222 5356 3447 5424 Filium,

1853 5471 2016 5529 quem
2065 5453 2273 5511 idcirco
2320 5452 2502 5509 visum
2533 5452 2792 5521 dicimus,
2823 5460 2885 5508 ut
2925 5449 3055 5504 licet
3082 5447 3242 5502 aliter
3284 5461 3446 5519 quam

1929 5694 2046 5766 (31)
2105 5690 2314 5766 Eadem
2376 5690 2536 5750 Rom.
2597 5689 2756 5758 edit.,
2813 5684 3215 5744 similitudinem
3268 5678 3446 5739 carnis

1845 5764 2047 5840 peccati
2074 5764 2287 5837 accepit.

3099 5855 3163 5913 16
