3970 6358
551 412 650 473 491

1582 411 1677 469 AD
1705 401 1937 470 OPERA
1975 410 2029 470 S.
2071 409 2402 470 AMBROSII
2443 408 2820 470 APPENDIX.

3740 411 3857 472 492

547 545 648 609 est,
679 537 992 612 apparuisse
1033 545 1216 594 tamen
1264 535 1422 592 illum
1453 535 1826 610 signiﬁcemus
1857 537 1997 611 (32).
2029 538 2133 595 Ho-
2163 540 2212 599 A
2242 544 2370 594 sunt
2403 555 2414 594 :
2447 545 2510 594 ut
2563 538 2832 611 placidam
2875 545 2930 594 et
2982 509 3225 612 quietam
3270 537 3441 596 vitam
3486 537 3757 612 degamus
3793 541 3856 598 ni

547 627 952 686 noriﬁcentiam
983 643 1110 700 ergo
1146 635 1199 684 et
1230 625 1460 700 gloriam
1504 628 1618 684 Deo
1647 627 1795 683 Patri
1823 627 1881 684 in
1911 627 2139 685 veritate

545 715 887 792 pronuntiat,
944 714 1102 787 cujus
1157 715 1354 789 pietate
1388 724 1441 772 et
1493 716 1839 790 providentia
1887 716 2140 776 Christus

544 808 801 866 liberavit
829 813 1138 882 peccatores
1167 822 1236 862 ex
1265 813 1462 862 morte.

617 899 800 971 (Vers.
835 896 922 965 18,
957 896 1043 962 19,
1074 895 1190 967 20.)
1255 921 1273 944 ι
1304 896 1420 953 Hoc
1449 905 1776 971 praeceptum
1810 896 2136 956 commendo

540 987 667 1057 tibi,
708 986 790 1043 ﬁli
819 986 1122 1055 Timothee,
1160 986 1460 1043 secundum
1503 989 1868 1062 praecedentes
1892 1007 2053 1064 super
2083 999 2136 1047 te

542 1079 878 1154 prophetias,
911 1086 972 1135 ut
1003 1077 1208 1135 milites
1252 1078 1310 1134 in
1341 1078 1454 1136 illis
1482 1079 1681 1137 bonam
1730 1081 2009 1151 militiam,
2041 1081 2133 1138 ha-

538 1169 674 1226 bens
710 1168 874 1224 ﬁdem
920 1176 974 1224 et
1019 1184 1211 1241 puram
1250 1168 1666 1239 conscientiam,
1697 1187 1859 1244 quam
1907 1172 2132 1245 quidam

539 1262 882 1334 repellentes,
917 1259 1063 1317 circa
1085 1260 1251 1316 ﬁdem
1285 1261 1752 1336 naufragaverunt
1786 1279 1798 1318 :
1833 1279 1901 1319 ex
1931 1261 2133 1335 quibus

537 1358 619 1406 est
657 1351 988 1422 Hymenaeus
1024 1356 1079 1406 et
1123 1349 1459 1420 Alexander,
1500 1367 1638 1424 quos
1665 1350 1869 1408 tradidi
1897 1351 2131 1420 Satanaz,

537 1447 601 1494 ut
657 1438 871 1495 discant
912 1455 1023 1494 non
1071 1437 1468 1511 blasphemare.
1503 1464 1522 1490 ι
1563 1441 1858 1514 Postquam
1904 1441 2001 1497 Dei
2037 1439 2133 1496 Pa-

538 1529 641 1586 tris
670 1537 724 1586 et
765 1528 971 1588 Christi
1011 1529 1141 1586 Filii
1188 1529 1306 1603 ejus
1352 1547 1474 1605 quae
1519 1539 1574 1589 et
1619 1541 1824 1605 quanta
1866 1530 2134 1588 beneﬁcia

539 1620 652 1677 sint
681 1620 826 1679 circa
855 1630 1163 1695 peccatores
1191 1621 1444 1679 homines
1490 1622 1837 1692 memoravit,
1880 1622 1975 1696 qui
2006 1640 2130 1679 cum

537 1721 717 1769 essent
748 1712 1036 1786 puniendi,
1084 1729 1193 1768 non
1225 1714 1402 1769 solum
1435 1713 1650 1786 ignovit
1691 1715 1789 1784 eis,
1831 1715 1924 1770 sed
1973 1723 2027 1771 et
2046 1712 2134 1786 ju-

534 1801 818 1871 stiﬁcavit,
850 1811 903 1859 et
950 1803 1010 1860 in
1066 1803 1211 1860 ﬁlios
1253 1802 1359 1860 sibi
1407 1802 1691 1877 adoptavit
1732 1821 1744 1860 :
1782 1821 1889 1878 quo
1941 1804 2132 1860 ordine

2248 627 2398 683 omni
2430 627 2629 701 pietate
2674 636 2727 684 et
2775 627 3041 686 castitate.
3090 628 3204 683 Hoc
3252 627 3398 684 enim
3430 629 3640 686 bonum
3671 638 3758 687 est
3801 639 3860 686 et

2247 727 2526 790 acceptum
2571 735 2753 774 coram
2811 717 3037 775 salutari
3086 725 3276 774 nostro
3326 720 3459 787 Deo,
3508 719 3604 792 qui
3651 736 3859 776 omnes

2246 805 2499 863 homines
2530 809 2651 863 vult
2689 809 2872 864 salvos
2920 804 3058 876 ﬁeri,
3089 817 3144 864 et
3173 809 3230 864 in
3269 809 3606 881 agnitionem
3643 810 3858 866 verita-

2245 895 2318 951 tis
2359 896 2566 952 venire.
2617 921 2635 944 ι
2693 897 2819 953 Haec
2867 898 3054 970 regula
3083 899 3451 955 ecclesiastica
3504 907 3606 968 est,
3639 898 3861 956 tradita

2245 998 2276 1039 a
2304 985 2564 1058 magistro
2594 986 2865 1058 gentium,
2897 1002 3005 1059 qua
3050 993 3287 1042 utuntur
3315 988 3624 1044 sacerdotes
3642 988 3856 1058 nostri,

2244 1080 2306 1129 ut
2334 1090 2432 1146 pro
2461 1073 2718 1130 omnibus
2745 1075 3077 1148 supplicent,
3109 1075 3458 1148 deprecantes
3486 1094 3583 1150 pro
3624 1077 3858 1150 regibus

2244 1163 2410 1236 hujus
2447 1165 2632 1222 saeculi
2666 1183 2677 1222 :
2712 1171 2773 1220 ut
2809 1164 3081 1237 subjectas
3136 1167 3373 1226 habeant
3417 1175 3622 1241 gentes,
3664 1176 3732 1225 ut
3793 1169 3858 1224 in

2243 1270 2372 1328 pace
2421 1254 2610 1328 positi,
2647 1253 2705 1310 in
2753 1256 3156 1329 tranquillitate
3188 1257 3387 1313 mentis
3433 1265 3486 1313 et
3515 1257 3700 1332 quiete
3732 1259 3858 1314 Deo

2243 1351 2432 1399 nostro
2485 1343 2692 1399 servire
2753 1345 3046 1418 possimus.
3105 1348 3335 1405 Orantes
3390 1347 3555 1402 etiam
3612 1362 3717 1419 pro
3779 1347 3858 1402 iis

2243 1433 2445 1506 quibus
2474 1434 2728 1492 sublimis
2757 1444 2996 1508 potestas
3039 1445 3121 1494 est
3156 1438 3365 1496 credita
3397 1455 3408 1495 :
3447 1445 3509 1494 ut
3538 1439 3595 1494 in
3621 1437 3858 1510 justitia

2241 1531 2296 1580 et
2341 1524 2571 1581 veritate
2619 1525 2926 1598 gubernent
2981 1529 3399 1602 rempublicam,
3454 1528 3853 1601 suppeditante

2244 1627 2427 1667 rerum
2473 1612 2829 1682 abundantia,
2861 1621 2922 1670 ut
2963 1624 3144 1672 amota
3179 1618 3590 1688 perturbatione
3609 1617 3849 1674 seditio-

2243 1701 2353 1770 nis,
2383 1702 2637 1758 succedat
2671 1702 2895 1770 laetitia;
2927 1703 3082 1776 panis
3125 1704 3271 1760 enim
3318 1707 3609 1762 conﬁrmat
3642 1723 3764 1775 cor,
3797 1715 3857 1763 et

2243 1791 2440 1848 vinum
2473 1792 2713 1850 laetiﬁcat
2736 1801 2970 1850 mentem
3000 1794 3173 1864 (Psat.
3198 1810 3312 1861 cm,
3345 1794 3456 1865 15).
3490 1795 3853 1855 Postulantes

535 1893 800 1965 populum
831 1891 1126 1966 disciplina
1167 1892 1535 1952 ecclesiastica
1576 1893 1868 1963 imbueret,
1903 1893 1962 1949 in
2005 1892 2129 1950 sub-

2247 1895 2380 1936 vero
2418 1898 2516 1954 pro
2563 1881 2632 1937 iis
2675 1881 2771 1955 qui
2801 1881 2858 1938 in
2899 1882 3217 1938 necessitate
3248 1881 3399 1939 varia
3426 1892 3575 1953 sunt,
3604 1895 3670 1944 ut
3697 1888 3852 1946 eruti

528 1979 693 2053 jeetis
749 1982 1005 2051 ostendit,
1063 1999 1419 2060 commonens
1466 1991 1528 2039 ut
1581 1999 1790 2039 memor
1846 1982 2131 2040 electionis

535 2088 648 2129 suae
676 2079 897 2129 sanctus
938 2070 1280 2140 Timotheus,
1315 2071 1371 2128 id
1414 2070 1483 2128 ad
1522 2072 1671 2145 quod
1711 2069 2130 2144 praedestinatus

535 2168 636 2230 est,
683 2160 927 2234 impleat.
978 2161 1402 2218 Praedestinatus
1447 2170 1528 2218 est
1575 2161 1745 2230 enim,
1795 2160 2014 2234 quando
2061 2160 2128 2216 ad

533 2249 642 2307 hoc
688 2249 756 2306 ab
801 2251 1065 2324 Apostolo
1119 2259 1430 2324 assumptus
1485 2259 1588 2318 est,
1639 2257 1702 2306 ut
1757 2249 2126 2318 ordinaretur,

533 2337 735 2410 dignus
787 2338 1068 2411 judicatus
1115 2339 1336 2397 futurus
1380 2339 1696 2412 episcopus,
1752 2347 1815 2394 ut
1874 2338 2129 2412 impleret

532 2429 789 2487 militiam
828 2431 1198 2504 evangelicam
1245 2430 1304 2486 in
1349 2429 1456 2486 ﬁde
1485 2437 1539 2486 et
1577 2446 1712 2503 pura
1741 2428 2079 2486 conscientia
2111 2447 2123 2484 :

533 2519 628 2596 qui
664 2519 810 2576 enim
842 2519 1079 2578 ﬁdeliter
1107 2519 1285 2589 docet,
1318 2536 1429 2575 non
1459 2526 1637 2592 potest
1683 2519 1882 2574 malam
1924 2517 2126 2574 habere

529 2609 944 2668 conscientiam.
991 2610 1145 2676 Tunc
1187 2609 1334 2666 enim
1383 2608 1547 2665 ﬁdem
1596 2607 1820 2665 exhibet
1860 2607 2127 2681 praedica-

530 2698 700 2756 tionis
741 2716 872 2769 suae,
911 2715 958 2757 ει
1007 2715 1063 2755 se
1111 2701 1256 2762 292
1286 2696 1558 2754 abstineat
1606 2713 1637 2752 a
1681 2696 1977 2753 contrariis
2010 2714 2123 2754 om-

530 2797 726 2867 nibus;
773 2798 903 2872 quia
932 2799 1186 2872 exemplo
1215 2797 1487 2856 bonorum
1531 2815 1756 2873 operum
1787 2799 1990 2856 multos
2038 2800 2128 2855 la-

528 2888 694 2946 cessit
722 2888 791 2944 ad
822 2887 1224 2958 credulitatem,
1257 2888 1488 2946 ﬁdentes
1533 2889 1600 2946 de
1647 2906 1739 2963 spe
1766 2889 2125 2963 praedicatio-

526 2977 652 3045 nis;
702 2992 828 3031 nam
866 2975 962 3048 qui
1011 2975 1175 3030 ﬁdem
1224 2980 1456 3049 spernit,
1504 2979 1695 3052 procul
1744 2979 1913 3036 dubio
1966 2980 2122 3036 malai

527 3073 607 3120 est
663 3062 1032 3120 conscientiae.
1082 3065 1194 3119 Aut
1248 3067 1396 3121 enim
1446 3067 1737 3142 hypocrita
1770 3068 2118 3143 praedicatur,

525 3159 621 3208 aut
666 3157 886 3222 apertus
919 3149 1293 3222 blasphemus,
1336 3152 1477 3210 sicut
1523 3163 1680 3212 erant
1708 3157 2039 3230 Hymenaaus
2070 3168 2125 3216 et

2244 1977 2298 2025 et
2318 1967 2744 2036 liberati,Deum
2773 1968 3086 2026 collaudent
3117 1968 3513 2028 incolumitatis
3532 1982 3848 2034 auctorem.

2242 2058 2556 2115 lteferentes
2603 2073 2818 2132 quoque
2862 2058 3160 2130 gratiarum
3190 2059 3434 2117 actiones
3487 2079 3586 2134 pro
3613 2063 3686 2120 iis
3717 2083 3848 2140 qua:

2241 2146 2401 2202 nobis
2431 2146 2677 2219 quotidie
2712 2148 2809 2204 Dei
2832 2148 3182 2221 providentia
3202 2157 3531 2222 praestantur
3551 2152 3619 2210 ad
3642 2154 3848 2226 vitam,

2240 2242 2302 2291 ut
2331 2235 2388 2291 in
2420 2235 2508 2292 his
2532 2236 2791 2293 omnibus
2806 2237 2966 2294 Pater
2995 2239 3336 2299 collaudetur
3365 2243 3531 2313 Deus,
3577 2267 3596 2291 ι
3631 2261 3700 2301 ex
3730 2265 3849 2321 quo

2239 2331 2369 2381 sunt
2396 2325 2583 2382 omnia
2615 2326 2667 2396 (1
2701 2327 2826 2384 Cor.
2858 2344 2982 2396 vm,
3022 2329 3078 2399 6)
3113 2347 3125 2385 :
3159 2354 3178 2377 ι
3222 2338 3275 2386 et
3304 2330 3481 2386 Filius
3508 2331 3647 2404 ejus,
3693 2360 3711 2381 ι
3745 2352 3850 2408 per

2239 2427 2398 2484 quem
2457 2419 2587 2468 sunt
2641 2413 2829 2470 omnia
2887 2415 3096 2487 (1bid.),
3144 2439 3164 2465 ι
3217 2423 3278 2471 ut
3328 2417 3522 2490 sopitis
3578 2419 3890 2478 omnibus

2238 2515 2358 2573 quae
2381 2500 2512 2559 huic
2541 2500 2774 2575 imperio
2806 2503 3004 2560 infesta
3025 2511 3079 2560 et
3108 2503 3336 2562 inimica
3363 2514 3512 2576 sunt,
3543 2507 3601 2563 in
3629 2509 3843 2567 aﬁ'ectu

2239 2590 2457 2664 pietatis
2495 2598 2548 2648 et
2576 2592 2842 2650 castitatis
2887 2595 3000 2650 Deo
3045 2594 3252 2650 servire
3282 2597 3589 2669 possimus:
3622 2608 3848 2670 pertur-

2236 2679 2386 2737 batio
2417 2680 2566 2737 enim
2615 2689 2668 2738 et
2710 2682 3002 2755 captivitas
3048 2701 3150 2742 nec
3194 2685 3450 2759 pietatem
3501 2696 3706 2756 servat,
3739 2707 3849 2748 nec

2235 2770 2562 2828 castitatem.
2595 2770 2749 2827 Unde
2773 2771 2920 2828 enim
2953 2774 3094 2846 pius,
3127 2773 3223 2848 qui
3248 2774 3429 2833 nudus
3453 2777 3576 2834 est?
3605 2785 3659 2834 et
3691 2781 3850 2837 unde

2235 2865 2436 2927 castus,
2480 2859 2576 2916 ubi
2622 2859 2739 2932 (34)
2792 2862 3074 2934 potestatis
3121 2881 3232 2920 suae
3283 2881 3396 2921 non
3431 2867 3559 2923 est?
3607 2867 3679 2924 Ut
3721 2867 3849 2926 haec

2237 2967 2363 3023 ergo
2390 2951 2597 3008 servari
2620 2952 2852 3025 possint,
2882 2955 3037 3028 quies
3058 2957 3357 3014 necessaria
3389 2967 3470 3014 est
3499 2977 3511 3016 :
3545 2967 3607 3016 ut
3635 2961 3850 3035 placita

2233 3043 2348 3099 Deo
2378 3042 2678 3101 reddantur
2725 3044 3006 3119 obsequia,
3050 3048 3148 3121 qui
3199 3065 3390 3107 omnes
3437 3051 3690 3110 homines
3737 3055 3850 3112 sal-

2236 3145 2335 3185 vos
2364 3132 2484 3188 vult
2529 3131 2671 3202 ﬁeri,
2713 3141 2767 3190 et
2797 3151 3122 3207 cognoscere
3152 3138 3460 3197 veritatem.
3514 3167 3532 3190 ι
3564 3141 3696 3200 Haec
3737 3154 3846 3215 est,

522 3218 862 3305 Alexander,
890 3237 986 3311 qui
1016 3218 1325 3297 deserentes
1345 3242 1510 3300 ﬁdem
1536 3218 1786 3319 naufragi
1810 3247 1940 3304 facti
1973 3257 2121 3318 sunt,
2161 3267 2204 3328 ο
2235 3218 2439 3328 ﬁniuit,
2480 3221 2597 3328 vita
2625 3231 2850 3292 aeterna,
2977 3236 3392 3328 φὲξωδοδηίξῗ
3435 3232 3610 3328 ῗοιαίη
3641 3250 3846 3328 Ϋῗταω

526 3327 584 3383 id
616 3333 719 3392 est,
750 3324 885 3381 nudi
917 3327 1170 3397 veritate,
1191 3337 1286 3385 aut
1315 3331 1518 3403 privati
1538 3334 1671 3390 vita.
1696 3334 1842 3404 Quid
1858 3343 1939 3392 est
1970 3338 2119 3393 enim

527 3414 750 3484 veritas,
785 3415 892 3473 nisi
922 3415 1083 3476 vita?
1113 3418 1260 3487 Quos
1289 3421 1579 3480 tradidisse
1623 3441 1680 3481 se
1723 3424 1860 3482 dicit
1885 3426 2118 3497 Satanae,

527 3512 590 3562 ut
621 3506 1046 3563 emendarentur
1073 3524 1235 3565 causa
1253 3509 1629 3584 blasphemiae.
1661 3512 1909 3570 Traditio
1937 3523 2118 3571 autem

526 3592 644 3650 haec
699 3604 801 3666 est,
860 3596 992 3670 quia
1046 3608 1354 3656 commotus
1412 3602 1708 3676 Apostolus
1760 3601 2122 3676 blasphemiis

527 3698 739 3752 eorum,
785 3684 1113 3740 sententiam
1175 3687 1404 3760 protulit
1449 3691 1508 3745 in
1555 3706 1646 3746 eos
1680 3707 1692 3745 :
1723 3689 1979 3747 diabolus
2016 3708 2125 3747 au-

528 3780 638 3829 tem
673 3772 767 3846 qui
813 3773 882 3830 ad
919 3773 1026 3830 hoc
1055 3783 1276 3848 paratus
1305 3786 1407 3846 est,
1440 3786 1502 3834 ut
1540 3778 1797 3836 adversos
1826 3797 1857 3836 a
1883 3782 1996 3837 Deo
2026 3799 2127 3839 ac-

528 3859 697 3934 cipiat
753 3860 812 3918 in
867 3870 1191 3936 potestatem
1223 3907 1239 3936 ,
1294 3865 1484 3924 audita
1528 3868 1838 3939 sententia,
1895 3870 2126 3944 corripit

529 3966 621 4006 eos
655 3968 666 4006 :
699 3959 761 4008 ut
801 3950 1177 4024 intelligerent
1215 3953 1317 4013 hac
1361 3971 1524 4012 causa
1565 3973 1621 4014 se
1665 3960 1842 4031 poenis
1870 3960 2121 4033 astringi,

530 4037 661 4111 quia
705 4039 1236 4111 blasphemaverant.
1272 4043 1414 4101 Hinc
1457 4053 1556 4115 est,
1590 4047 1735 4104 unde
1773 4047 1832 4105 in
1871 4049 2128 4121 Evange-

531 4124 608 4180 lio
649 4123 857 4181 dictum
909 4135 990 4184 est
1036 4127 1181 4184 inter
1223 4137 1461 4189 caetera:
1507 4157 1526 4180 ι
1554 4134 1673 4192 1am
1721 4136 1837 4192 noli
1879 4153 2123 4210 peccare,

531 4229 600 4270 ne
627 4214 787 4287 :quid
835 4217 936 4273 tibi
983 4216 1224 4275 deterius
1281 4221 1562 4296 contingat
1611 4225 1793 4297 (Joan.
1843 4243 1902 4296 v,
1948 4227 2062 4300 14),
2095 4253 2114 4277 ι

531 4304 828 4362 ostendens
891 4323 1053 4364 causa
1129 4312 1340 4384 peccati
1417 4314 1714 4389 aliquando
1776 4317 2126 4376 inﬁrmitates

533 4391 726 4450 inferri
767 4398 1110 4470 corporibus.
1151 4400 1224 4456 Et
1270 4401 1399 4476 quia
1428 4403 1686 4462 ministro
1714 4406 1936 4464 diabolo
1962 4407 2123 4476 ﬁunt,

531 4482 831 4542 declaravit
873 4487 1164 4558 Dominus,
1210 4490 1398 4548 dicens
1444 4492 1590 4549 inter
1632 4498 1808 4553 multa
1849 4514 1862 4554 :
1927 4520 1946 4545 ι
2002 4498 2130 4554 Haec

533 4581 714 4630 autem
744 4591 869 4632 cum
915 4577 986 4633 sit
1019 4577 1136 4634 ﬁlia
1181 4579 1437 4651 Abrahae,
1475 4599 1637 4656 quam
1677 4585 1995 4659 alligaverat
2024 4588 2131 4644 Sa-

2234 3310 2430 3380 Deum,
2490 3317 2545 3368 et
2599 3327 2760 3385 quem
2819 3315 3022 3376 misisti
3078 3317 3262 3376 Jesum
3319 3319 3597 3379 Christum
3643 3323 3844 3394 (Joan.

2231 3414 2373 3468 xvn,
2408 3399 2484 3491 3).
2519 3424 2538 3448 ›
2583 3401 2639 3458 Si
2672 3403 2819 3460 Deus
2849 3405 3061 3479 utique,
3089 3407 3185 3480 qui
3227 3408 3576 3482 omnipotens
3605 3411 3846 3491 dicitur,

2232 3504 2424 3545 omnes
2470 3487 2724 3548 homines
2751 3493 2932 3551 salvos
2963 3496 3083 3553 vult
3115 3496 3256 3567 ﬁeri,
3289 3515 3400 3555 non
3429 3500 3695 3575 impletur
3723 3487 3848 3578 ejus

2236 3578 2491 3635 voluntas
2510 3579 2538 3635 ‘l
2566 3579 2672 3638 Sed
2700 3581 2759 3639 in
2789 3585 2942 3640 omni
2976 3587 3254 3646 locutione
3284 3605 3476 3648 sensus
3505 3599 3557 3647 et
3585 3594 3843 3654 conditio

2234 3666 2388 3736 latet,
2435 3669 2581 3725 unde
2637 3671 2774 3730 dicit
2823 3675 3017 3732 Petrus
3067 3680 3346 3748 apostolus
3395 3699 3406 3737 :
3458 3681 3652 3740 Omnis
3695 3685 3844 3746 Serio

2236 3763 2397 3830 ptura
2426 3757 2637 3832 indiget
2685 3761 3136 3836 interpretatione
3167 3768 3255 3839 (ΙΙ
3281 3769 3428 3826 Patr.
3473 3787 3514 3840 ι,
3555 3771 3672 3845 20).
3704 3774 3846 3832 Vult

2235 3845 2385 3902 enim
2431 3848 2577 3906 Deus
2616 3867 2806 3908 omnes
2850 3851 3103 3910 homines
3149 3855 3331 3912 salvos
3361 3857 3503 3928 ﬁeri,
3543 3859 3638 3916 sed
3677 3861 3727 3918 si
3755 3879 3844 3924 ac-

2235 3936 2433 3994 cedant
2475 3937 2544 3995 ad
2585 3955 2710 3996 eum
2745 3959 2756 3998 :
2791 3956 2904 3997 non
2960 3942 3108 3998 enim
3155 3943 3235 4001 sic
3283 3947 3428 4016 vult,
3478 3956 3540 4004 ut
3587 3951 3845 4010 nolentes

2236 4026 2520 4083 salventur
2553 4046 2564 4084 :
2598 4027 2692 4084 sed
2722 4029 2844 4086 vult
2873 4030 2999 4086 illos
3029 4031 3257 4101 salvari,
3295 4033 3343 4090 si
3390 4045 3444 4092 et
3489 4037 3595 4112 ipsi
3642 4042 3840 4100 velint.

2235 4116 2371 4173 Nam
2404 4117 2596 4189 utique
2641 4117 2736 4190 qui
2766 4118 2939 4190 legem
2981 4120 3241 4178 omnibus
3287 4122 3460 4194 dedit,
3491 4130 3714 4188 nullum
3748 4149 3844 4190 ex-

2235 4205 2382 4276 cepit
2409 4221 2440 4260 a
2478 4207 2675 4262 salute.
2705 4207 2989 4282 Numquid
3028 4209 3274 4270 medicus
3311 4230 3424 4270 non
3475 4215 3686 4277 idcirco
3718 4238 3844 4295 pro.

2237 4295 2395 4368 ponit
2440 4294 2497 4349 in
2538 4295 2780 4368 publico,
2819 4305 2882 4353 ut
2924 4315 3112 4356 omnes
3159 4318 3216 4358 se
3255 4305 3508 4363 ostendat
3551 4310 3694 4367 velle
3721 4294 3841 4369 sal-

2238 4399 2385 4452 vare,
2425 4383 2471 4440 si
2512 4393 2693 4441 tamen
2723 4387 2792 4442 ab
2823 4388 2980 4460 aegris
3006 4391 3320 4465 requiratur
3340 4395 3367 4451 ?
3394 4397 3515 4452 Non
3558 4407 3640 4456 est
3686 4403 3838 4459 enim

2238 4488 2368 4528 vera
2411 4473 2577 4542 salus,
2618 4474 2665 4530 si
2704 4476 2918 4532 nolenti
2957 4479 3237 4538 tribuatur
3278 4500 3291 4540 :
3333 4500 3435 4542 nec
3481 4489 3716 4560 gaudere
3747 4510 3841 4565 po-

2240 4569 2344 4618 test
2379 4561 2438 4618 in
2485 4572 2738 4638 percepta
2783 4567 2976 4637 salute,
3025 4569 3120 4642 qui
3173 4571 3406 4644 invitus,
3437 4575 3484 4632 si
3521 4586 3704 4635 tamen
3747 4561 3841 4656 po-

1519 4635 1637 4640 π---
1677 4635 1770 4642 ____
1811 4635 1995 4644 _.-__-
2024 4635 2093 4644 η-
2644 4635 2663 4638 -
2962 4635 2968 4637 ν
3039 4635 3059 4642 -
3390 4635 3403 4644 ο
3748 4635 3811 4656 ικ-

533 4666 688 4718 tanas
741 4661 927 4721 decem
961 4674 1014 4721 et
1068 4675 1192 4723 octo
1245 4670 1426 4740 annis,
1478 4635 1590 4730 rion
1631 4635 1876 4748 oportouit
1923 4677 2065 4735 solvi
2103 4693 2135 4733 a
2161 4635 2211 4696 Β
2243 4651 2534 4748 τοδί-,ᾠδήν
2574 4655 2783 4748 δξθθΡίί
2830 4658 3181 4748 medianam,
3223 4670 3285 4719 αι
3333 4679 3447 4721 ηοη
3496 4666 3678 4725 dium
3708 4673 3844 4745 (Ἠλία

535 4752 762 4811 vinculo
791 4754 880 4811 die
901 4755 1122 4813 Sahbati
1155 4758 1306 4831 (Luc.
1345 4776 1471 4831 xm,
1506 4762 1594 4835 16)
1614 4763 1642 4820 ?
1673 4790 1691 4814 ι

1140 4885 1368 4944 CAPUT
1405 4889 1475 4946 ΙΙ.

614 4983 798 5054 (Vera.
818 4987 952 5061 1-4.)
985 4991 1318 5052 cExhortare
1337 5013 1465 5070 ergo
1489 4995 1605 5070 (33)
1624 4997 1865 5072 primum
1881 5003 2132 5063 omnium

543 5072 664 5170 ﬁeri
713 5075 1143 5149 deprecationes,
1200 5086 1496 5158 orationes,
1547 5090 1961 5165 postulationes,
2017 5113 2132 5170 gra-

541 5163 746 5259 tiaram
798 5166 1041 5224 actiones
1089 5187 1189 5243 pro
1245 5175 1504 5234 omnibus
1545 5177 1886 5256 hominibus,
1918 5163 2133 5259 pro're-

543 5253 724 5329 gibus,
755 5263 808 5313 et
838 5271 938 5328 pro
968 5258 1226 5318 omnibus
1255 5264 1349 5336 qui
1378 5265 1436 5322 in
1465 5266 1778 5328 sublimiori
1811 5253 1934 5333 loco
1969 5278 2134 5352 positi

977 5487 1284 5561 o’mneslac
1337 5490 1468 5560 mss.
1519 5484 1796 5561 npnnulli,
1841 5505 2000 5560 quam
2041 5497 2132 5561 est,

546 5541 928 5667 apptaruisset:
971 5546 1125 5600 illum
1179 5551 1351 5602 tamen
1404 5541 1796 5625 signiﬁcemus:
1829 5541 2138 5620 ἀόὶῖἐέιὶἰέ

548 5627 640 5667 rec
667 5628 716 5667 e.

548 5627 716 5668 1⁵0οῑ6.

620 5682 926 5776 (ifilli-em.
959 5689 1118 5776 edit,
1142 5694 1420 5776 Einhartor
1447 5710 1587 5773 ergo.
1618 5699 1690 5760 Et
1718 5700 1884 5776 infra,
1909 5709 1967 5762 ut
1991 5710 2134 5764 tran-
2173 5705 2181 5708 ’

549 5755 774 5824 quitiam
800 5763 848 5812 at
876 5755 1111 5830 quietam
1135 5765 1316 5827 vitam.

2243 4739 2532 4798 medicinae
2561 4743 2815 4801 eﬁectum
2845 4745 3045 4804 habere
3074 4765 3185 4806 non
3217 4759 3415 4824 potest,
3447 4753 3558 4811 nisi
3589 4757 3655 4813 ad
3683 4739 3840 4816 illam

2242 4846 2384 4903 aeger
2433 4831 2682 4889 animum
2714 4837 3148 4897 commodaverit
3181 4857 3194 4897 :
3229 4843 3360 4916 quia
3400 4843 3518 4902 haec
3563 4847 3844 4908 medicina

2243 4936 2354 4976 non
2390 4928 2472 4978 est
2499 4925 2820 4996 corporalis,
2851 4926 2946 4984 sed
2974 4929 3262 5001 spiritalis,
3293 4949 3414 5007 quae
3444 4951 3619 5010 neque
3650 4938 3842 4997 dubiis

2242 5011 2483 5104 proﬁcit,
2514 5029 2691 5088 neque
2740 5015 2937 5076 invitis
2983 5019 3127 5092 (35).
3178 5023 3338 5080 Fides
3389 5035 3472 5084 est
3518 5028 3666 5084 enim
3717 5047 3841 5104 qua:

2243 5101 2338 5160 dat
2365 5103 2617 5175 salutem,
2658 5121 2822 5181 quam
2870 5110 2978 5168 nisi
3037 5128 3191 5169 mens
3238 5121 3356 5171 tota
3406 5101 3843 5192 susceperit—vo.

2246 5192 2479 5264 luntate,
2527 5212 2640 5253 non
2693 5200 2873 5257 solum
2920 5201 3062 5258 nihil
3107 5203 3374 5277 proderit,
3405 5207 3500 5264 sed
3541 5217 3596 5265 et
3637 5213 3841 5278 oberit.

2247 5282 2400 5341 Fidei
2454 5287 2658 5345 etenim
2718 5291 2893 5362 gratia
2947 5291 3089 5350 hanc
3145 5293 3310 5354 habet
3361 5305 3725 5375 potestatem,
3784 5318 3847 5364 ut

2247 5494 2595 5624 ubSBQCVet.
2644 5498 2776 5556 edit.
2807 5517 2870 5560 ac
2907 5519 3037 5561 mss.
3082 5502 3312 5578 aliquot,
3349 5511 3395 5563 et
3423 5507 3558 5565 unde
3603 5511 3842 5584 castitas,

2343 5609 2357 5634 ’
2389 5609 2493 5624 νῦν.

2320 5638 2434 5767 ἓῖξξὶ)
2462 5640 2667 5723 Eadem
2697 5651 2807 5701 vet.
2839 5643 2972 5728 edit.
3000 5653 3202 5728 etmss.
3236 5651 3512 5728 nonnulli,
3537 5670 3654 5730 qua:
3683 5673 3845 5732 neque

2320 5749 2321 5752 η
2359 5727 2423 5766 us
2451 5713 2678 5767 proﬁcit.
2710 5732 2871 5767 neque
2900 5719 3112 5767 silvulis-

2247 5708 2423 5767 dubiis
2445 5713 2678 5786 proﬁcit,
2710 5732 2871 5788 neque
2900 5717 3114 5777 invictis.
