3970 6368
148 412 270 476 493

1185 406 1546 476 ΕΟΜΜΕΝΤ.
1595 415 1666 475 IN
1703 414 1919 476 EPIST.
1964 408 1985 475 l
2024 416 2120 475 AD
2160 414 2447 477 TIMOTH.

3348 414 3454 483 494

149 547 380 607 devotis
404 545 509 606 sibi
543 544 790 606 divinam
840 544 1099 606 infundat
1143 547 1433 620 medelam,
1483 548 1759 608 indevotis
1790 552 1840 612 A
1871 550 2188 624 semetipsas
2225 567 2336 607 non
2360 551 2521 608 tortis
2549 549 2816 621 crinibus,
2867 560 2961 610 aut
2990 570 3145 624 auro,
3174 564 3269 614 aut
3298 573 3457 614 mar-

148 652 296 694 vero
360 638 605 695 conferat
664 639 943 706 morbum,
998 654 1096 712 per
1149 654 1311 711 quem
1369 645 1518 697 totus
1589 640 1757 697 homo

147 725 427 785 interant.

234 817 421 889 (Vers.
450 818 534 891 ὅ.)
588 844 608 867 ι
636 819 788 876 Unus
817 818 965 876 enim
1011 820 1176 887 Deus,
1217 825 1271 875 et
1298 834 1443 875 unus
1490 819 1760 877 mediator

144 906 261 963 Dei
295 917 350 966 et
378 908 667 968 hominum
723 908 890 967 homo
947 909 1199 968 Christus
1249 910 1422 967 Jesus.
1469 935 1489 960 ι
1549 910 1648 967 Dei
1704 918 1759 968 et

143 995 374 1055 Christi
413 1016 578 1056 unam
611 999 882 1073 signiﬁcat
912 1015 1027 1057 esse
1055 1000 1397 1057 voluntatem
1441 1000 1500 1056 in
1529 1002 1760 1057 salvan-

143 1084 247 1142 dis
290 1087 632 1159 hominibus,
682 1089 829 1145 unde
875 1090 1049 1146 Deum
1078 1088 1318 1159 Patrem,
1349 1089 1479 1164 quia
1524 1089 1592 1147 ab
1640 1090 1759 1164 ipso

144 1184 240 1233 est
272 1177 454 1234 omnis
486 1178 803 1248 auctoritas,
835 1195 1007 1235 unum
1056 1195 1172 1237 esse
1218 1180 1439 1248 fatetur,
1484 1187 1539 1237 et
1583 1196 1756 1237 unum

144 1268 518 1325 mediatorem
574 1270 674 1327 Dei
731 1279 785 1327 et
856 1270 1145 1327 hominum
1202 1270 1485 1329 Christum
1551 1271 1755 1329 Jesum.

142 1366 359 1424 Missus
396 1368 545 1425 enim
595 1364 740 1422 293
780 1383 812 1423 a
860 1367 1019 1425 Patre
1062 1368 1240 1425 factus
1268 1367 1474 1425 arbiter
1502 1369 1759 1427 reconci-

146 1455 320 1512 liavit
348 1457 522 1515 Deum
545 1463 600 1513 et
628 1455 904 1525 homines,
927 1457 1275 1514 reformando
1304 1473 1396 1513 eos
1424 1458 1491 1514 ad
1512 1458 1760 1531 agnitio—

144 1561 287 1602 nem
321 1544 471 1618 ejus;
502 1546 634 1619 quia
663 1544 811 1603 enim
843 1563 986 1603 unus
1023 1554 1105 1603 est
1146 1546 1262 1619 (36)
1296 1547 1455 1602 Pater
1483 1555 1536 1603 et
1562 1547 1755 1617 Filius,

142 1650 271 1691 non
318 1651 568 1710 persona,
628 1633 724 1691 sed
760 1633 1135 1691 indifferentia
1175 1642 1405 1703 naturae,
1448 1643 1512 1692 ut
1556 1634 1760 1691 arbiter

142 1733 299 1781 esset
325 1726 425 1782 Dei
454 1733 507 1781 et
536 1725 829 1782 hominum
860 1725 1036 1782 Filius
1077 1725 1198 1794 Dei,
1248 1732 1529 1799 assumpta
1571 1740 1756 1794 carne,

142 1817 328 1875 homo
358 1829 519 1877 natus
549 1829 630 1877 est
656 1839 667 1877 :
710 1828 773 1877 ut
801 1821 1072 1878 mediator
1090 1820 1189 1876 Dei
1219 1828 1273 1877 et
1311 1820 1598 1877 hominum
1622 1827 1761 1876 esset

1866 639 2075 713 garitis,
2107 648 2201 697 aut
2250 648 2400 697 veste
2447 641 2707 714 pretiosa,
2751 642 2867 711 sed,
2900 643 3045 714 quod
3076 644 3230 701 decet
3259 647 3453 703 mulie-

1866 746 1952 786 res
1984 729 2300 802 proﬁtentes
2332 731 2611 803 pietatem,
2646 747 2745 803 per
2775 748 2939 803 opera
2969 732 3132 788 bona.
3166 756 3185 779 ι
3218 734 3455 790 ~Humili

1866 818 2059 875 habitu
2110 820 2367 876 mulieres
2413 835 2568 876 orare
2618 820 2815 878 debere
2860 829 3066 889 monet,
3111 837 3223 878 non
3272 822 3331 878 in
3362 823 3459 895 ja-

1866 910 2108 979 ctantia;
2159 911 2255 985 qui
2301 911 2450 969 enim
2481 912 2603 968 vult
2630 910 2834 981 audiri,
2880 912 3148 969 inclinare
3190 929 3247 969 se
3275 912 3455 983 debet,

1866 1010 2049 1059 amota
2077 1019 2107 1059 a
2135 1020 2192 1061 se
2222 1020 2441 1078 pompa,
2471 1012 2534 1061 ut
2562 1004 2996 1063 misericordiam
3028 1005 3127 1062 Dei
3176 1015 3455 1080 provocet.

1868 1092 2101 1150 Habitus
2137 1093 2282 1149 enim
2313 1094 2582 1166 superbus
2623 1111 2723 1152 nec
2752 1094 3031 1168 impetrat,
3062 1111 3165 1151 nec
3209 1104 3357 1155 recta
3392 1095 3460 1153 de

1867 1200 1923 1241 se
1952 1183 2086 1239 facit
2113 1183 2284 1240 credi.
2317 1183 2453 1250 Quis
2481 1184 2629 1240 enim
2661 1183 3014 1257 prudentium
3041 1183 3315 1257 jactanter
3358 1203 3461 1244 or—

1867 1279 2050 1328 natam
2098 1272 2387 1329 mulierem
2443 1290 2554 1329 non
2601 1272 2871 1330 horreat?
2918 1284 3123 1348 quanto
3166 1276 3340 1350 magis
3367 1293 3460 1334 au-

1867 1368 1987 1417 ctor
2012 1363 2177 1427 Deus,
2210 1361 2303 1435 qui
2341 1379 2540 1436 corpus
2575 1380 2606 1419 a
2635 1379 2690 1419 se
2720 1362 2953 1419 liberum
2985 1365 3210 1434 factum,
3243 1365 3461 1439 obliga-

1866 1458 1985 1506 tum
2009 1450 2244 1507 metallis
2274 1451 2423 1507 videt
2448 1452 2459 1507 l
2486 1452 2622 1508 Nam
2660 1451 2889 1509 humilis
2925 1453 3148 1511 habitus
3164 1454 3321 1513 bona:
3341 1473 3463 1529 pro-

1867 1539 2091 1595 fessioni
2139 1540 2414 1614 congruit,
2475 1548 2539 1597 ut
2590 1542 2762 1614 possit
2806 1560 2915 1599 non
2963 1544 3114 1602 aliud
3179 1546 3461 1609 aestimari.

1868 1644 2032 1701 quam
2052 1630 2324 1687 cernitur:
2358 1647 2479 1703 quae
2499 1640 2680 1687 autem
2713 1632 2771 1687 in
2792 1633 2959 1689 domo
2985 1633 3084 1691 Dei
3111 1652 3237 1693 cum
3266 1652 3464 1710 pompa

1870 1736 1925 1775 se
1977 1721 2189 1776 mavult
2226 1719 2428 1789 videri,
2476 1736 2588 1776 non
2632 1722 2823 1794 utique
2871 1731 3094 1796 propter
3138 1726 3338 1796 Deum,
3368 1724 3463 1782 sed

1869 1816 2091 1882 propter
2120 1809 2372 1865 homines
2410 1811 2768 1884 consequitur
2813 1813 2960 1885 quod
2989 1813 3132 1883 vult,
3175 1821 3237 1870 ut
3265 1815 3464 1887 glorio-

143 1907 328 1964 homo
363 1908 616 1969 Christus
644 1910 818 1978 Jesus,
866 1908 924 1965 id
971 1917 1073 1980 est,
1121 1926 1233 1965 non
1281 1908 1398 1965 sine
1445 1908 1760 1978 divinitate,
1789 1918 1836 1979 Β
1871 1916 1929 1957 sa
1965 1899 2243 1970 videatur,
2286 1900 2431 1957 nihil
2480 1900 2845 1959 consecutura
2884 1920 2916 1959 a
2943 1906 3077 1974 Deo,
3128 1904 3232 1961 nisi
3282 1921 3464 1962 macu-

140 1997 288 2070 quia
318 1998 377 2054 in
410 1999 526 2054 Deo
575 1997 742 2055 homo
771 2006 906 2070 erat,
957 2008 1010 2055 et
1037 2000 1183 2055 Deus
1212 1999 1270 2055 in
1301 1998 1558 2055 homine:
1615 2006 1669 2054 et
1700 2005 1762 2055 ut

141 2101 221 2141 ex
282 2093 518 2160 utroque
564 2095 704 2143 esset
732 2086 1022 2156 mediator,
1055 2095 1110 2143 et
1138 2095 1201 2144 ut
1226 2094 1523 2160 utrumque
1556 2104 1761 2145 recon-

142 2176 393 2247 ciliaret,
426 2178 484 2233 in
519 2195 574 2233 se
601 2178 842 2251 primum
882 2177 986 2235 hoc
1015 2178 1165 2235 fecit.
1206 2179 1326 2235 Non
1372 2177 1520 2234 enim
1551 2185 1763 2252 poterat

146 2265 436 2323 unitatem
466 2266 567 2324 Dei
597 2267 913 2324 custodiens
944 2266 1216 2323 mediator
1250 2266 1348 2323 Dei
1389 2275 1442 2323 et
1471 2266 1760 2322 hominum

145 2355 370 2426 vocari,
420 2355 577 2430 quasi
635 2356 776 2413 alius
832 2364 973 2414 esset
1026 2358 1193 2425 Deus,
1261 2356 1358 2430 qui
1403 2356 1761 2412 dissidentem

145 2443 443 2502 hominem
464 2461 496 2502 a
524 2447 636 2503 Deo
654 2446 717 2502 in
746 2447 976 2519 gratiam
1006 2453 1323 2503 revocaret:
1356 2445 1449 2502 sed
1481 2444 1647 2501 homo
1668 2444 1764 2519 qui

148 2535 335 2608 legem
357 2534 539 2592 datam
561 2551 673 2593 non
712 2535 1033 2610 praeteriret,
1063 2535 1241 2593 factus
1279 2543 1360 2592 est
1388 2535 1595 2591 arbiter
1620 2534 1765 2591 inter

147 2641 284 2681 eum
315 2625 410 2698 qui
441 2624 709 2697 peccavit,
741 2633 794 2681 et
827 2625 972 2682 inter
1009 2624 1169 2681 illum
1200 2623 1295 2699 qui
1333 2641 1556 2699 peccare
1599 2624 1765 2698 igno-

149 2712 315 2770 rabat
342 2729 353 2767 :
386 2720 450 2770 ut
479 2712 571 2769 hic
599 2712 925 2789 ignosceret,
957 2721 1010 2771 et
1038 2713 1207 2771 homo
1237 2713 1303 2769 de
1337 2722 1534 2769 caetero
1577 2711 1636 2767 in
1664 2711 1762 2767 Dei

156 2802 274 2860 ﬁde
316 2811 581 2861 maneret.

226 2891 416 2963 (Vers.
451 2890 503 2959 6,
538 2889 617 2964 7.)
664 2915 681 2938 ε
702 2890 809 2959 Qui
853 2889 1005 2948 dedit
1043 2890 1390 2963 semetipsum
1425 2888 1765 2963 redemptio—

146 2996 284 3037 nem
339 2995 438 3051 pro
466 2979 746 3051 omnibus,
797 2978 955 3053 cujus
997 2979 1378 3035 testimonium
1427 2975 1766 3050 temporibus

153 3069 279 3126 suis
308 3068 500 3127 datum
532 3076 632 3139 est,
673 3068 733 3124 in
775 3085 885 3143 quo
915 3068 1126 3142 positus
1157 3086 1276 3125 sum
1310 3085 1408 3141 ego
1440 3067 1767 3141 praedicator

149 3165 207 3214 et
258 3159 541 3233 apostolus
590 3157 907 3233 (veritatem
953 3156 1099 3227 dico,
1149 3173 1261 3215 non
1310 3156 1595 3227 mentior),
1639 3170 1765 3209 ma—

151 3248 328 3323 gister
353 3248 597 3322 gentium
629 3247 688 3305 in
719 3248 826 3305 ﬁde
857 3256 911 3305 et
938 3248 1191 3305 veritate.
1226 3274 1244 3298 -
1289 3248 1562 3317 Quoniam
1594 3246 1761 3305 homo
1793 3274 1839 3336 ο

152 3337 549 3396 reconciliatus
578 3340 713 3408 Deo,
739 3337 853 3411 jam
885 3337 1161 3395 obnoxius
1212 3345 1327 3394 erat
1374 3336 1541 3394 morti
1583 3336 1762 3392 infer-

154 3445 267 3499 nae,
327 3435 389 3485 ut
438 3429 507 3486 ad
559 3430 734 3485 Deum
793 3428 885 3484 cui
943 3427 1331 3485 reconciliatus
1382 3435 1518 3499 erat,
1585 3435 1765 3498 posset

152 3518 472 3587 ascendere,
523 3519 775 3575 Salvator
810 3524 872 3573 ut
898 3514 1187 3571 arbitrium
1219 3531 1380 3572 suum
1409 3515 1477 3572 ad
1511 3514 1763 3571 eﬁ‘ectum

155 3609 506 3687 perduceret,
549 3608 690 3664 mori
721 3624 776 3665 se
806 3623 992 3682 passus
1038 3612 1119 3663 est
1160 3612 1351 3663 contra
1371 3603 1464 3679 jus
1497 3624 1508 3662 :
1566 3612 1628 3663 ut
1658 3605 1764 3661 de-

154 3700 433 3758 scendens
470 3698 539 3754 ad
586 3696 811 3767 inferos,
875 3705 1107 3754 mortem
1154 3695 1221 3751 de
1266 3694 1543 3772 impietate
1600 3711 1763 3768 quam

156 3788 221 3847 in
250 3805 317 3844 eo
348 3793 603 3860 gesserat,
656 3786 967 3855 damnaret,
1014 3784 1268 3841 auferens
1310 3783 1391 3841 eis
1435 3800 1571 3858 quos
1600 3791 1763 3840 tene-

154 3877 277 3945 bat,
324 3885 386 3933 ut
428 3878 495 3935 de
540 3885 737 3935 caetero
784 3874 1033 3950 quisquis
1080 3875 1297 3948 signum
1354 3873 1471 3947 ejus
1517 3873 1761 3943 haberet,

155 3963 229 4020 ab
280 3980 342 4020 ea
388 3964 566 4020 teneri
622 3980 733 4020 non
790 3971 992 4035 posset.
1042 3962 1214 4034 Cujus
1258 3961 1338 4018 rei
1389 3960 1763 4017 testimonium

157 4060 413 4126 tempore
442 4070 552 4129 quo
589 4054 919 4123 resurrexit,
955 4051 1233 4119 ostendit;
1284 4050 1585 4108 destructio
1616 4049 1764 4108 enim

160 4143 363 4200 mortis
430 4144 761 4200 resurrectio
826 4149 1170 4199 mortuorum
1217 4148 1317 4197 est.
1384 4139 1555 4208 Quam
1614 4156 1763 4213 spem

161 4233 370 4291 missus
398 4241 480 4290 est
519 4233 613 4291 hic
642 4234 938 4306 Apostolus
968 4232 1212 4308 gentium
1262 4230 1576 4307 praedicare,
1608 4238 1671 4287 ut
1698 4231 1763 4288 ab

162 4340 230 4380 eo
291 4322 566 4379 discerent
630 4339 752 4396 quae
816 4338 937 4396 spes
991 4330 1131 4378 esset
1187 4322 1247 4378 in
1302 4320 1569 4379 Christo:
1634 4319 1765 4377 hinc

161 4414 316 4471 enim
350 4413 532 4470 dictus
561 4420 641 4469 est
670 4412 950 4486 magister,
975 4418 1039 4469 ut
1065 4411 1231 4468 ﬁdem
1262 4411 1482 4469 doceret
1509 4418 1563 4468 et
1608 4410 1766 4468 veri-

160 4510 357 4561 tatem.

238 4592 425 4666 (Vers.
461 4591 542 4663 8.)
589 4614 607 4639 ε
635 4589 781 4650 Volo
809 4589 993 4665 itaque
1019 4604 1171 4646 orare
1192 4587 1342 4645 viros
1361 4587 1417 4645 in
1450 4589 1601 4645 omni
1620 4590 1764 4659 loco,

167 4681 416 4739 levantes
449 4687 663 4738 sanctas
696 4696 891 4737 manus
934 4678 1051 4735 sine
1080 4677 1160 4735 ira
1188 4687 1243 4736 et
1287 4679 1698 4753 disceptatione.
1730 4706 1749 4730 ι

165 4773 463 4833 Paciﬁcum
511 4772 759 4830 animum
807 4780 994 4831 monet
1034 4770 1092 4829 in
1124 4773 1370 4830 oratione
1400 4790 1514 4830 esse
1547 4774 1763 4844 debere,

167 4872 230 4924 ut
266 4866 335 4924 ad
368 4865 621 4924 eﬁ'ectum
660 4863 966 4924 deducatur
994 4864 1208 4934 oratio;
1242 4873 1444 4922 sanctae
1473 4864 1620 4923 enim
1654 4882 1764 4922 ma-

170 4969 274 5013 nus
310 4964 463 5026 sunt,
508 4955 728 5031 quando
777 4972 875 5016 cor
916 4954 1188 5013 mundum
1226 4961 1327 5012 est.
1375 4954 1464 5012 Sic
1492 4962 1678 5012 tamen
1704 4953 1765 5011 in

170 5043 321 5100 omni
355 5046 473 5102 loco
519 5044 785 5103 orandum
817 5043 1083 5120 praecipit,
1140 5051 1203 5102 ut
1253 5052 1567 5118 competens
1613 5045 1767 5102 locus

175 5132 540 5208 intelligatur,
562 5152 675 5192 non
700 5135 893 5211 utique
923 5135 1241 5209 importuno
1261 5143 1354 5191 aut
1374 5133 1596 5191 sordido
1620 5135 1762 5205 loco,

174 5224 373 5299 quippe
403 5242 529 5284 cum
582 5225 871 5300 prohibeat
911 5223 1180 5283 Dominus
1221 5225 1388 5298 vulgo
1433 5240 1624 5281 orare:
1670 5223 1764 5281 sed

175 5311 276 5371 hoc
305 5323 513 5385 monet,
546 5332 614 5373 ne
653 5316 714 5374 in
759 5317 875 5375 sola
912 5315 1158 5375 Ecclesia
1203 5323 1459 5391 putarent
1495 5315 1762 5374 orandum

179 5403 389 5476 (Matth.
423 5424 501 5477 vr,
531 5406 587 5478 5,
615 5407 697 5481 6).

246 5503 428 5575 (Vers.
459 5506 515 5575 9,
569 5504 682 5580 10.)
728 5528 749 5555 σ
776 5505 1045 5565 Similiter
1095 5514 1150 5565 et
1178 5506 1437 5564 mulieres
1483 5506 1541 5562 in
1570 5503 1765 5563 habitu

177 5592 447 5667 ordinato,
495 5612 623 5655 cum
672 5597 1006 5657 verecundia
1066 5605 1123 5656 et
1167 5596 1458 5672 pudicitia,
1505 5604 1765 5655 ornantes

1872 1989 2000 2044 lam.
2043 1988 2261 2056 Quanto
2317 1988 2464 2044 enim
2513 1989 2834 2047 hominibus
2896 1990 3184 2065 splendida
3223 1992 3464 2064 videtur,

1868 2084 2026 2132 tanto
2054 2077 2229 2149 magis
2256 2076 2560 2149 despicitur
2597 2095 2626 2134 a
2657 2080 2789 2135 Deo.

1945 2166 2128 2237 (Vers.
2164 2165 2249 2234 11,
2298 2167 2412 2236 12.)
2459 2190 2478 2215 α
2523 2167 2724 2224 Mulier
2751 2169 2809 2224 in
2845 2167 3067 2227 silentio
3122 2170 3297 2229 discat
3340 2189 3467 2232 cum

1872 2258 2023 2313 omni
2072 2256 2434 2329 subjectione.
2479 2258 2614 2314 Nam
2668 2259 2863 2317 docere
2911 2262 3131 2321 mulieri
3190 2281 3302 2325 non
3333 2280 3467 2340 per-

1872 2345 2134 2416 mittitur,
2194 2361 2370 2417 neque
2416 2346 2691 2403 dominari
2732 2347 2789 2404 in
2846 2349 3051 2421 virum,
3102 2352 3195 2409 sed
3253 2370 3367 2411 esse
3412 2355 3470 2411 in

1872 2434 2112 2491 silentio.
2142 2458 2160 2483 ι
2204 2435 2324 2491 Non
2354 2436 2532 2492 solum
2563 2436 2814 2494 habitum
2846 2437 3114 2497 humilem
3149 2441 3350 2500 habere
3378 2444 3470 2501 de-

1870 2524 1999 2581 bere
2029 2525 2336 2593 mulierem,
2369 2541 2561 2582 verum
2594 2526 2758 2584 etiam
2790 2529 3174 2587 auctoritatem
3205 2531 3255 2587 ei
3293 2533 3472 2590 dene-

1873 2615 2126 2687 gandam,
2169 2623 2223 2670 et
2260 2613 2658 2687 subjiciendam
2706 2617 2955 2690 praecipit
3015 2620 3181 2676 viro:
3239 2630 3303 2678 ut
3356 2630 3469 2679 tam

1872 2702 2085 2772 habitu,
2120 2719 2282 2776 quam
2331 2703 2608 2778 obsequiis
2654 2705 2756 2762 sub
2805 2714 3072 2778 potestate
3115 2706 3186 2764 sit
3234 2707 3363 2779 viri,
3397 2726 3469 2768 ex

1871 2808 1980 2867 quo
2013 2791 2184 2847 trahit
2212 2792 2500 2864 originem.

1947 2883 2129 2955 (Vers.
2168 2881 2255 2950 13,
2294 2881 2380 2951 14,
2414 2880 2528 2953 15.)
2575 2905 2594 2929 ι
2624 2882 2800 2939 Adam
2831 2883 2980 2942 enim
3010 2886 3222 2960 primus
3251 2896 3468 2946 creatus

1872 2980 1953 3029 est
1984 2972 2139 3045 (Gen.
2187 2989 2228 3041 ι,
2260 2972 2376 3045 27),
2408 2971 2607 3028 deinde
2646 2973 2763 3027 Eva
2796 2972 2953 3045 (Gen.
2987 2991 3050 3045 ιι,
3078 2976 3171 3049 21)
3207 2987 3260 3035 et
3290 2978 3464 3037 Adam

1874 3082 1985 3122 non
2032 3073 2112 3121 est
2161 3064 2437 3135 seductus,
2486 3064 2686 3125 mulier
2732 3074 2913 3121 autem
2964 3066 3188 3124 seducta
3216 3068 3358 3126 facta
3385 3079 3467 3128 est

1874 3154 1932 3212 in
1962 3153 2413 3229 praevaricatione
2446 3154 2601 3226 (Gen.
2631 3170 2714 3222 III,
2746 3153 2826 3226 6).
2860 3153 3022 3211 Salva
3039 3163 3221 3213 autem
3246 3157 3350 3215 erit
3370 3175 3467 3233 per

1874 3244 2118 3301 ﬁliorum
2166 3246 2594 3317 generationem,
2644 3244 2689 3300 si
2722 3246 2984 3303 manserit
3026 3247 3084 3302 in
3131 3246 3239 3305 ﬁde
3285 3256 3339 3306 et
3367 3248 3465 3306 di-

1876 3335 2131 3403 lectione,
2173 3344 2226 3390 et
2271 3335 2635 3392 sanctimonia
2678 3351 2803 3390 cum
2843 3335 3129 3409 pudicitia.
3160 3361 3180 3385 ι
3239 3339 3466 3395 Ρτωὶθιι

1874 3424 2058 3480 virum
2106 3423 2347 3493 mulieri,
2403 3431 2625 3497 propter
2666 3423 2813 3496 quod
2855 3424 3067 3497 primus
3103 3434 3316 3483 creatus
3363 3437 3465 3498 est,

1874 3520 1935 3569 ut
1972 3511 2203 3568 inferior
2232 3512 2304 3568 sit
2348 3513 2568 3581 mulier,
2610 3512 2738 3587 quia
2766 3519 2887 3586 post
2944 3513 3128 3570 virum
3167 3524 3221 3573 et
3248 3531 3318 3572 ex
3347 3518 3470 3574 viro

1874 3610 2052 3657 creata
2080 3607 2179 3656 est.
2212 3599 2423 3674 Adjicit
2478 3608 2532 3658 et
2574 3600 2748 3672 aliud,
2781 3601 2909 3676 quia
2936 3601 3188 3660 diabolus
3232 3620 3345 3662 non
3375 3606 3472 3663 vi-

1873 3706 2000 3746 rum
2050 3688 2290 3758 seduxit,
2323 3689 2417 3745 sed
2458 3690 2785 3759 mulierem;
2813 3690 2901 3746 vir
2928 3698 3108 3748 autem
3141 3708 3236 3768 per
3262 3694 3472 3751 mulie-

1873 3794 1989 3834 rem
2020 3778 2279 3853 deceptus
2310 3786 2430 3837 est:
2478 3795 2540 3836 ac
2570 3796 2666 3853 per
2706 3778 2813 3837 hoc
2854 3780 3008 3836 nulla
3032 3780 3117 3837 illi
3156 3782 3473 3841 conceden-

1873 3874 1943 3931 da
1970 3874 2197 3931 audacia
2242 3881 2342 3944 est,
2394 3874 2490 3932 sed
2535 3892 2651 3933 esse
2680 3873 2843 3931 debet
2872 3875 2931 3931 in
2959 3874 3309 3935 humilitate:
3342 3879 3473 3954 quia

1874 3980 1970 4039 per
1994 3964 2145 4022 illam
2176 3980 2323 4021 mors
2361 3962 2591 4020 intravit
2644 3963 2702 4020 in
2735 3964 3026 4023 mundum.
3095 3988 3115 4014 ι
3144 3965 3307 4024 Salva
3342 3969 3467 4038 erit,

1872 4053 2076 4128 inquit,
2099 4070 2195 4128 per
2225 4054 2470 4111 ﬁliorum
2504 4054 2909 4128 generationem
2935 4073 2947 4112 :
2978 4055 3027 4112 si
3065 4062 3249 4114 tamen
3273 4055 3334 4115 in
3362 4057 3470 4117 ﬁde

1873 4143 2159 4212 manserit,
2208 4152 2261 4201 et
2310 4143 2597 4214 charitate,
2637 4153 2690 4201 et
2724 4160 2860 4219 pura
2898 4143 3033 4202 vita.
3086 4171 3105 4194 ι
3166 4144 3279 4204 Hos
3320 4147 3468 4206 enim

1874 4233 2020 4291 ﬁlios
2038 4233 2197 4304 dicit,
2227 4233 2323 4309 qui
2357 4242 2748 4308 regenerantur
2775 4251 2872 4307 per
2894 4234 3061 4293 ﬁdem
3085 4234 3313 4308 Christi,
3341 4238 3471 4313 quia

1873 4323 1919 4380 si
1945 4324 2004 4379 in
2046 4324 2396 4397 generatione
2443 4340 2539 4381 sua
2567 4324 2627 4381 hi
2674 4325 3170 4398 perseveraverint,
3209 4343 3336 4385 cum
3381 4327 3469 4385 his

1872 4411 2200 4471 liberabitur
2239 4414 2442 4471 mulier
2466 4430 2756 4488 resurgens
2784 4431 2855 4472 ex
2884 4415 3138 4487 mortuis,
3171 4431 3282 4472 non
3320 4418 3468 4491 quod

1873 4510 1940 4567 ab
1986 4510 2100 4568 illis
2147 4510 2490 4583 liberabitur,
2523 4509 2669 4568 294
2697 4514 2791 4572 sed
2826 4531 2923 4588 per
2965 4513 3189 4572 illorum
3232 4531 3466 4588 genera-

1872 4601 2119 4672 tionem;
2161 4620 2288 4660 nam
2332 4620 2458 4661 cum
2503 4604 2754 4674 credunt,
2802 4603 2899 4676 qui
2945 4601 3205 4661 destinati
3251 4611 3380 4660 sunt
3406 4603 3465 4660 in

1872 4693 2043 4751 vitam
2090 4701 2366 4764 aeternam,
2430 4694 2749 4768 pervenitur
2794 4692 2862 4750 ad
2911 4691 3365 4750 resurrectionem
3395 4709 3465 4749 ex

1874 4784 2127 4853 mortuis,
2179 4791 2231 4841 et
2270 4783 2363 4839 ﬁet
2419 4785 2588 4851 salva,
2628 4780 2980 4839 credentibus
3010 4780 3145 4849 illis,
3191 4788 3246 4839 et
3292 4780 3464 4838 vitam

1873 4881 2076 4930 castam
2132 4874 2437 4947 agentibus.
2498 4870 2713 4928 Tandiu
2763 4868 2911 4929 enim
2966 4868 3295 4927 resurrectio
3350 4887 3465 4927 sus.

1873 4978 2041 5037 pensa
2087 4971 2192 5035 est,
2260 4961 2509 5041 quandiu
2562 4976 2754 5017 omnes
2808 4958 3038 5018 credant
3092 4959 3465 5035 pradestinati

1872 5051 1940 5109 ad
1971 5053 2226 5112 salutem.

2475 5137 2703 5198 CAPUT
2740 5137 2836 5198 III.

1947 5231 2127 5304 (Vers.
2164 5229 2241 5304 1.)
2286 5253 2305 5278 ι
2326 5228 2610 5287 Humanus
2636 5245 2845 5289 sermo:
2868 5225 2915 5285 si
2942 5226 3066 5304 quis
3091 5227 3464 5304 episcopatum

1870 5322 2164 5393 desiderat,
2212 5320 2420 5381 bonum
2468 5338 2607 5396 opus
2647 5319 2941 5380 desiderat.
2973 5345 2993 5370 ι
3038 5318 3309 5388 Quoniam
3352 5318 3463 5392 epi-

1870 5432 2095 5490 scopum
2123 5416 2283 5475 bonat
2312 5414 2442 5473 vitae
2470 5429 2586 5472 esse
2614 5420 2850 5488 oportet,
2890 5410 3099 5469 idcirco
3127 5408 3222 5484 qui
3251 5407 3464 5483 episco-

1870 5514 2058 5579 patum
2088 5505 2261 5578 cupit,
2320 5503 2529 5561 bonum
2557 5518 2695 5575 opus
2724 5499 3015 5559 desiderat.
3048 5496 3165 5555 Hoc
3188 5495 3336 5553 enim
3366 5512 3463 5555 cu-

1869 5596 2048 5671 piens,
2078 5594 2279 5653 bonam
2308 5594 2482 5653 vitam
2505 5599 2757 5667 appetere
2784 5588 3039 5659 videtur;
3070 5586 3119 5647 si
3147 5593 3332 5652 tamen
3351 5601 3465 5645 non

247 5796 362 5872 (36)
393 5795 554 5857 Rom.
585 5760 747 5868 edit.,
781 5796 911 5872 quia
941 5796 1081 5857 enim
1109 5813 1274 5858 unum
1294 5802 1399 5867 est;
1427 5805 1638 5862 caeteras
1657 5813 1721 5859 ac
1741 5812 1943 5870 mss...,
1969 5811 2107 5856 unus
2137 5800 2231 5869 est,
2261 5795 2456 5872 supple
2484 5793 2649 5855 Deus.
