3970 6388
123 423 239 480 497

1161 416 1525 477 COMMENT.
1568 416 1637 473 IN
1675 413 1893 471 EPIST.
1936 415 1957 470 Ι
1996 416 2091 471 ΑΙ)
2131 415 2418 473 ΤΙΜΟἸἭ.

3331 416 3437 473 498

123 546 318 606 verbis
363 548 553 607 contra
600 562 822 604 sensum
867 546 1127 603 nituntur
1168 543 1459 616 Apostoli:
1497 548 1560 598 ut
1604 557 1730 599 cum
1761 541 1813 602 Α
1842 539 2062 596 visurus
2108 548 2284 597 esset:
2337 540 2431 598 sed
2477 540 2608 614 quia
2652 542 2790 598 solet
2831 542 2983 599 aliud
3029 542 3241 614 placere
3285 543 3434 612 Deo,

126 638 226 695 ille
274 638 566 695 mulierem
614 636 673 693 in
721 635 968 693 Ecclesia
1013 634 1072 689 in
1116 633 1338 689 silentio
1382 650 1495 689 esse
1532 631 1730 688 debere

124 725 435 798 praecipiat,
482 726 567 781 illi
609 742 638 782 e
668 733 858 782 contra
886 724 1052 780 etiam
1092 722 1476 780 auctoritatem
1516 719 1576 777 in
1613 722 1732 777 Ec-

122 816 298 872 clesia
325 815 614 873 vindicent
644 814 962 871 ministerii.

200 906 388 979 (Vers.
426 906 515 975 12,
550 906 662 979 13.)
702 930 719 953 α
750 905 1017 962 Diaconos
1048 904 1161 959 sint
1189 903 1355 959 unius
1383 902 1575 958 uxoris
1599 900 1727 969 viri,

122 995 279 1052 ﬁlios
309 996 449 1053 bene
479 1004 746 1068 regentes,
786 1002 840 1050 et
878 994 1072 1051 domos
1117 993 1396 1065 proprias;
1444 992 1540 1066 qui
1580 992 1727 1047 enim

122 1084 269 1140 bene
296 1085 758 1152 ministraverint,
790 1084 1017 1157 gradum
1046 1083 1254 1140 bonum
1282 1083 1389 1139 sibi
1409 1082 1726 1156 acquirunt,

123 1180 180 1229 et
230 1175 465 1230 multam
510 1172 772 1230 ﬁduciam
825 1173 883 1228 in
934 1171 1061 1240 ﬁde,
1113 1189 1233 1246 qua:
1279 1179 1362 1228 est
1408 1172 1467 1227 in
1506 1170 1728 1228 Christo

122 1264 279 1320 Jesu.
318 1290 337 1311 ι
381 1266 459 1320 Ea
496 1280 617 1337 quae
657 1264 842 1320 minus
870 1262 1086 1319 dixerat
1122 1260 1189 1317 de
1221 1260 1569 1318 ordinatione
1600 1258 1730 1314 dia-

122 1363 380 1423 conatus,
414 1371 562 1411 nunc
592 1353 844 1426 subjecit.
892 1352 1145 1408 Ostendit
1180 1351 1345 1407 etiam
1376 1351 1523 1423 ipsos
1561 1348 1729 1405 unius

121 1443 321 1499 uxoris
349 1444 499 1501 viros
537 1460 653 1500 esse
682 1443 898 1512 debere,
933 1452 996 1500 ut
1031 1442 1089 1498 hi
1119 1441 1189 1498 ad
1227 1440 1598 1496 ministerium
1627 1438 1726 1494 Dei

120 1532 421 1602 eligantur,
471 1533 567 1607 qui
614 1549 726 1588 non
773 1541 905 1590 sunt
952 1532 1150 1604 egressi
1199 1529 1563 1587 constitutum
1602 1526 1723 1583 Dei.

124 1620 354 1676 Homini
380 1621 530 1677 enim
561 1638 727 1677 unam
749 1637 982 1678 uxorem
1009 1620 1255 1677 decrevit
1279 1621 1447 1685 Deus,
1469 1634 1596 1673 cum
1618 1632 1727 1689 qua

120 1708 486 1765 benedicatur
514 1730 525 1767 :
560 1727 722 1766 nemo
751 1709 899 1766 enim
930 1725 1053 1765 cum
1085 1708 1326 1763 secunda
1354 1704 1720 1762 benedicitur.

119 1797 232 1864 Qui
262 1798 310 1853 si
347 1797 493 1854 ﬁlios
521 1798 659 1855 bene
694 1797 1145 1870 gubernaverint,
1178 1804 1232 1852 et
1260 1795 1455 1851 domos
1488 1809 1637 1860 suas,
1668 1793 1724 1849 id

117 1894 227 1955 est,
260 1889 586 1944 vernaculos
615 1896 709 1942 aut
738 1886 1091 1954 domesticos,
1135 1893 1392 1957 poterunt
1422 1882 1575 1954 digni
1604 1881 1722 1937 ﬁeri
1754 1904 1800 1964 Β

116 1975 458 2043 sacerdotio,
481 1983 535 2031 et
555 1974 813 2030 ﬁduciam
836 1973 1036 2030 habere
1055 1973 1199 2046 apud
1219 1974 1391 2028 Deum
1415 1988 1429 2038 ;
1462 1979 1525 2026 ut
1546 1971 1726 2026 sciant

117 2079 176 2118 se
209 2079 371 2135 posse
418 2064 713 2135 impetrare
743 2063 891 2136 quod
937 2062 1237 2133 postulant,
1277 2060 1392 2131 jam
1423 2059 1490 2115 de
1528 2067 1725 2114 caetero

118 2170 179 2209 se
209 2152 280 2208 ab
309 2169 412 2209 usu
458 2153 677 2209 feminae
721 2151 1063 2209 cohibentes.
1098 2150 1389 2206 Veteribus
1430 2148 1578 2205 enim
1627 2147 1724 2204 id-

117 2242 271 2297 circo
296 2257 615 2298 concessum
650 2249 732 2297 est
763 2239 947 2295 levitis
982 2247 1076 2295 aut
1115 2236 1491 2295 sacerdotibus
1520 2252 1723 2292 uxores

118 2330 191 2386 ad
237 2347 398 2386 usum
448 2330 673 2398 habere,
717 2330 848 2403 quia
894 2330 1132 2385 multum
1166 2336 1381 2400 tempus
1408 2327 1522 2383 otio
1553 2342 1725 2382 vaca-

119 2421 258 2477 bant
286 2436 319 2475 a
358 2419 670 2475 ministerio
712 2426 807 2474 aut
856 2417 1161 2474 sacerdotio
1212 2414 1535 2488 (multitudo
1572 2414 1721 2469 enim

119 2515 241 2565 erat
297 2507 665 2576 sacerdotum,
722 2515 776 2563 et
829 2523 1027 2579 magna
1077 2505 1235 2577 copia
1293 2503 1611 2569 levitarum,
1668 2511 1722 2559 et

121 2598 503 2670 unusquisque
532 2603 681 2652 certo
707 2602 953 2669 tempore
995 2594 1267 2652 serviebat
1309 2592 1519 2648 divinis
1547 2608 1723 2648 caere-

120 2686 333 2743 moniis
373 2685 676 2743 secundum
726 2684 1047 2740 institutum
1095 2682 1273 2739 David
1323 2682 1381 2752 (Ι
1414 2682 1605 2737 Paral.
1638 2696 1718 2746 vr,

121 2776 215 2844 31,
247 2775 340 2848 32)
368 2794 383 2843 ;
430 2774 524 2831 hic
553 2773 703 2830 enim
736 2772 937 2845 viginti
977 2779 1032 2827 et
1070 2778 1307 2843 quatuor
1349 2770 1549 2825 classes
1577 2783 1722 2823 con-

119 2864 309 2920 stituit
354 2862 737 2930 sacerdotum,
777 2869 841 2917 ut
887 2859 1104 2917 vicibus
1149 2858 1523 2924 deservirem;
1574 2856 1720 2912 unde

120 2953 265 3009 Abia
295 2961 544 3008 octavam
571 2951 798 3006 classem
840 2948 1053 3017 habuit,
1094 2946 1251 3019 cujus
1280 2946 1401 3003 vice
1433 2945 1721 3003 Zacharias

120 3041 457 3113 fungebatur
505 3038 835 3106 sacerdotio,
890 3037 1035 3094 sicut
1087 3036 1404 3092 continetur
1460 3035 1518 3090 in
1577 3034 1719 3089 libro

119 3131 581 3203 Paralipomenon
613 3128 671 3201 (Ι
694 3128 885 3185 Paral.
917 3143 1077 3195 xxiv,
1110 3126 1226 3196 10),
1272 3124 1348 3180 ita
1375 3131 1438 3180 ut
1473 3130 1718 3195 tempore

1838 636 1996 708 cujus
2030 637 2378 710 providentia
2410 638 2514 711 ipsi
2541 638 2643 695 soli
2663 640 2882 712 cognita
2903 648 3015 708 est;
3049 638 3193 696 296
3226 643 3437 700 idcirco

1840 741 1907 781 ne
1930 726 2092 793 forte,
2119 725 2321 799 inquit,
2346 728 2579 797 tardem,
2600 729 2783 784 scribo
2804 728 2926 795 tibi,
2949 729 3177 795 utscias
3198 746 3435 801 quomo-

1838 814 1909 870 do
1938 815 2240 872 Ecclesiam
2272 818 2515 886 ordines,
2547 835 2667 891 quae
2698 826 2778 873 est
2807 819 3004 876 domus
3047 820 3184 887 Dei;
3217 827 3279 875 ut
3307 838 3435 877 cum

1836 910 1986 960 totus
2030 904 2269 961 mundus
2295 906 2392 962 Dei
2441 907 2532 975 sit,
2579 907 2824 963 Ecclesia
2867 915 3049 964 tamen
3080 909 3277 966 domus
3319 910 3439 982 ejus

1836 991 2073 1063 dicatur,
2108 995 2266 1068 cujus
2311 996 2475 1054 hodie
2524 1006 2702 1056 rector
2740 1008 2821 1056 est
2866 1001 3151 1056 Damasus.
3199 1001 3439 1057 Mundus

1840 1084 1988 1139 enim
2032 1085 2091 1142 in
2140 1088 2589 1159 praevaricatione
2634 1097 2735 1159 est,
2783 1090 3002 1147 diverso
3045 1092 3295 1147 turbatus
3340 1110 3439 1148 er-

1837 1188 1959 1229 rore
1988 1192 2000 1230 :
2039 1174 2164 1231 ideo
2196 1176 2313 1233 illic
2345 1194 2562 1234 necesse
2592 1188 2673 1235 est
2704 1180 2921 1236 dicatur
2945 1198 3060 1237 esse
3087 1182 3284 1238 domus
3312 1183 3436 1251 Dei,

1837 1269 1891 1317 et
1917 1264 2138 1333 veritas,
2173 1265 2266 1321 ubi
2298 1268 2603 1323 secundum
2626 1269 2967 1326 voluntatem
2998 1288 3151 1327 suam
3187 1272 3437 1328 timetur.

1838 1351 1953 1409 Hoc
1986 1354 2372 1424 proﬁtentibus
2412 1357 2478 1413 de
2518 1374 2581 1413 eo
2614 1358 2807 1427 servis,
2853 1360 3000 1433 quod
3043 1362 3155 1433 ipse
3182 1362 3438 1433 dignatus

1835 1447 1917 1495 est
1964 1441 2188 1512 docere,
2238 1461 2305 1499 ne
2353 1446 2492 1502 forte
2537 1446 2704 1502 verba
2750 1446 2870 1519 ejus
2914 1458 3243 1520 negarentur
3289 1465 3434 1516 esse,

1836 1528 2140 1587 virtutibus
2170 1532 2288 1591 haec
2321 1533 2581 1606 signavit,
2613 1551 2733 1607 qua:
2765 1552 2796 1591 a
2825 1537 2980 1591 nullo
3018 1538 3128 1592 alio
3157 1538 3277 1593 ﬁeri
3316 1554 3436 1610 pos-

1834 1626 1985 1686 sunt,
2018 1627 2078 1675 ut
2125 1620 2211 1676 his
2256 1620 2554 1677 inﬁdelitas
2596 1632 2847 1679 accusata
2889 1623 3286 1681 inexcusabilis
3327 1643 3435 1697 pe-

1836 1712 1971 1761 reat.
2038 1707 2475 1766 Firmamentum
2534 1710 2680 1765 enim
2742 1712 2989 1769 veritatis
3051 1712 3217 1785 hujus
3278 1714 3436 1786 signa

1832 1804 1962 1852 sunt
1992 1804 2046 1851 et
2084 1799 2351 1872 prodigia.

1908 1885 2091 1954 (Vers.
2145 1887 2257 1957 16.)
2312 1911 2330 1935 ‹
2383 1890 2454 1945 Et
2512 1890 2733 1962 quidem
2786 1892 3034 1947 omnium
3088 1892 3436 1949 confessione

1836 1989 2097 2045 magnum
2128 1983 2209 2031 est
2254 1975 2422 2048 hujus
2472 1979 2691 2050 pietatis
2739 1980 3086 2051 mysterium.
3136 2007 3155 2030 ι
3206 1982 3435 2037 ΝιιΙΙιιηι

1834 2060 2080 2118 ﬁdelium
2121 2064 2383 2121 admirari
2430 2076 2588 2139 negat
2635 2078 3035 2124 sacramentum
3081 2070 3329 2126 veritatis
3378 2070 3435 2125 in

1831 2148 2079 2206 Ecclesia
2108 2152 2435 2223 praedicatus,
2483 2171 2646 2226 quam
2680 2154 2936 2227 pietatem
2975 2144 3255 2229 appellat;
3308 2174 3437 2212 ma-

1834 2240 2253 2310 gnanimitatem
2283 2244 2432 2298 enim
2454 2252 2508 2299 et
2537 2244 2886 2300 clementiam
2918 2263 3069 2302 suam
3105 2264 3434 2319 cognoscen-

1833 2327 1985 2384 tibus
2014 2337 2220 2385 zeterna
2267 2340 2322 2387 et
2368 2332 2559 2388 divina
2605 2334 2804 2389 tribuit
2849 2334 2994 2390 dona
3034 2335 3176 2406 (42),
3209 2345 3436 2407 excepta

1834 2416 2159 2474 remissione
2228 2430 2607 2492 peccatorum,
2673 2438 2836 2495 quam
2892 2422 2986 2479 hic
3052 2424 3109 2479 in
3176 2426 3431 2497 praesenti

1833 2503 2082 2575 largitur.
2133 2530 2151 2554 ι
2190 2506 2346 2574 Quod
2378 2509 2713 2565 declaratum
2746 2518 2827 2566 est
2878 2511 2936 2566 in
2983 2527 3165 2579 carne,
3208 2512 3432 2584 justiﬁ—

1831 2600 2017 2648 catum
2039 2602 2122 2650 est
2151 2593 2208 2649 in
2239 2596 2461 2667 Spiritu,
2484 2597 2665 2653 visum
2696 2607 2779 2655 est
2810 2600 3041 2670 angelis,
3069 2602 3429 2672 praedicatum

1831 2688 1912 2735 est
1932 2681 2209 2751 gentibus,
2237 2684 2508 2741 creditum
2528 2694 2608 2740 est
2635 2686 2693 2741 in
2711 2686 2818 2742 hoc
2838 2688 3064 2755 mundo,
3084 2698 3429 2760 assumptum

1831 2776 1912 2823 est
1956 2770 2015 2824 in
2058 2770 2248 2841 gloria.
2296 2796 2315 2819 ι
2359 2772 2768 2829 Sacramentum
2813 2775 3061 2847 mysterii
3111 2776 3231 2845 Dei,
3281 2777 3427 2849 quod

1830 2863 1911 2911 est
1961 2855 2215 2913 Christus
2262 2858 2320 2913 in
2378 2876 2562 2928 carne,
2609 2860 2747 2918 dicit
2796 2862 3228 2931 manifestatum,
3280 2864 3428 2936 quod

1832 2943 2036 3001 latebat
2064 2946 2123 3001 in
2151 2948 2369 3020 spiritu.
2404 2950 2573 3006 Natus
2601 2952 2749 3008 enim
2784 2952 2949 3008 homo
2978 2953 3154 3010 Filius
3178 2953 3299 3021 Dei,
3332 2954 3429 3026 qui

1830 3030 1889 3086 in
1922 3043 2131 3090 secreto
2173 3044 2289 3091 erat
2336 3037 2484 3110 apud
2516 3039 2711 3107 Deum,
2746 3056 2907 3112 opere
2938 3049 2992 3096 et
3037 3041 3426 3113 praedicatione

1830 3121 2131 3180 declaravit
2165 3139 2222 3179 se
2250 3134 2534 3195 creaturae,
2565 3135 2620 3182 et
2662 3127 2768 3183 hoc
2796 3136 2877 3184 est
2917 3128 3281 3201 justiﬁcatum
3312 3147 3428 3187 esse

120 3236 233 3293 quo
260 3235 373 3275 non
402 3218 529 3274 illos
549 3216 902 3289 contingebat
927 3214 1204 3272 deservire
1222 3213 1402 3281 altari,
1426 3212 1716 3268 domorum
1749 3248 1793 3309 ρ
1830 3212 1887 3267 in
1935 3212 2166 3284 Spiritu,
2216 3215 2475 3287 operibus
2503 3224 2557 3273 et
2587 3216 2791 3274 virtute
2838 3218 3099 3275 claruisse
3132 3237 3279 3289 eum,
3330 3221 3427 3294 qui

120 3324 345 3367 suarum
376 3314 598 3380 agerent
628 3322 815 3363 curam
848 3324 859 3362 :
900 3314 956 3361 at
983 3304 1080 3360 ubi
1116 3319 1248 3359 vero
1276 3311 1493 3374 tempus
1522 3301 1720 3357 immi-

118 3399 288 3455 nebat
315 3396 633 3466 ministerii,
667 3395 943 3470 puriﬁcati
975 3394 1271 3467 aliquantis
1298 3392 1516 3459 diebus,
1553 3407 1719 3447 acce-

119 3486 327 3544 debant
350 3488 420 3545 ad
446 3489 714 3560 templum
737 3488 930 3542 offerre
949 3487 1082 3541 Deo.
1114 3483 1271 3538 Nunc
1298 3490 1479 3537 autem
1510 3489 1718 3553 septem

119 3577 389 3633 diaconos
441 3593 557 3633 esse
603 3583 840 3647 oportet,
889 3581 943 3628 et
995 3571 1304 3643 aliquantos
1351 3568 1717 3641 presbyteros,

118 3674 185 3721 ut
228 3665 347 3721 bini
376 3666 489 3723 sint
527 3681 623 3737 per
649 3661 943 3729 Ecclesias,
978 3668 1033 3716 et
1062 3675 1206 3715 unus
1248 3658 1307 3713 in
1337 3658 1561 3713 civitate
1591 3657 1719 3729 epi-

117 3771 365 3826 scopus:
422 3770 486 3809 ac
540 3769 636 3824 per
691 3751 796 3807 hoc
842 3766 1034 3805 omnes
1088 3765 1120 3804 a
1173 3755 1452 3805 conventu
1499 3747 1717 3803 feminae

116 3843 398 3899 abstinere
450 3842 685 3911 debere,
739 3840 871 3913 quia
924 3853 1141 3895 necesse
1186 3845 1267 3893 est
1327 3854 1420 3893 eos
1471 3836 1718 3909 quotidie

118 3941 322 4007 prmsto
350 3949 466 3989 esse
510 3933 569 3988 in
599 3929 865 3995 Ecclesia,
910 3944 1013 3985 nec
1051 3927 1251 3984 habere
1278 3925 1626 3993 dilationem,
1656 3933 1720 3981 ut

119 4027 246 4093 post
273 4026 606 4078 conventum
638 4016 879 4090 legitime
908 4014 1289 4089 puriﬁcentur,
1321 4017 1465 4069 sicut
1485 4020 1713 4068 veteres.

120 4108 289 4165 Omni
332 4108 480 4163 enim
529 4105 874 4164 hebdomada
916 4102 1256 4160 offerendum
1305 4110 1420 4171 est,
1464 4102 1629 4157 etiam
1669 4100 1716 4157 si

121 4213 237 4253 non
265 4196 509 4270 quotidie
555 4194 876 4268 peregrinis,
925 4192 1124 4250 incolis
1168 4200 1352 4248 tamen
1391 4192 1479 4247 vel
1524 4190 1611 4247 bis
1659 4190 1716 4245 in

121 4283 509 4341 heddomada:
562 4283 664 4340 etsi
700 4299 811 4340 non
860 4281 1078 4349 desint,
1111 4280 1209 4353 qui
1260 4294 1427 4352 prope
1466 4277 1716 4352 quotidie

122 4374 473 4446 baptizentur
518 4372 669 4443 agri.
722 4373 857 4428 Nam
899 4371 1179 4428 veteribus
1227 4370 1351 4426 ideo
1396 4384 1716 4426 concessum

122 4473 227 4533 est,
260 4462 389 4536 quia
418 4461 595 4517 multo
625 4467 872 4533 tempore
900 4461 960 4516 in
991 4460 1199 4532 templo
1228 4475 1341 4514 non
1363 4458 1713 4526 videbantur,

123 4554 221 4611 sed
260 4560 415 4609 erant
444 4551 668 4624 privati.
715 4550 771 4606 Si
801 4549 952 4605 enim
982 4547 1213 4621 plebeiis
1242 4546 1561 4604 hominibus
1583 4563 1714 4603 ora—

124 4644 295 4700 tionis
336 4658 500 4699 causa
546 4641 614 4697 ad
661 4650 878 4713 tempus
930 4638 1202 4694 abstinere
1247 4653 1303 4693 se
1348 4636 1620 4709 praecipit,
1654 4645 1715 4692 ut

125 4738 322 4789 vacent
354 4730 627 4799 orationi,
658 4736 862 4803 quanto
892 4727 1065 4800 magis
1108 4725 1291 4782 levitis
1332 4734 1426 4781 aut
1453 4725 1716 4781 sacerdo—

126 4820 296 4888 tibus,
339 4836 476 4893 quos
515 4818 604 4875 die
646 4825 918 4890 nocteque
958 4831 1059 4889 pro
1089 4814 1243 4887 plebe
1282 4813 1387 4870 sibi
1426 4814 1719 4871 commissa

127 4917 341 4984 oportet
368 4926 523 4965 orare
548 4910 560 4965 l
601 4906 919 4965 Mundiores
948 4921 1077 4977 ergo
1109 4919 1223 4960 esse
1252 4903 1452 4961 debent
1482 4903 1714 4973 caeteris,

128 4998 259 5074 quia
280 5007 489 5055 actores
516 4996 614 5054 Dei
650 5002 799 5053 sunt.

202 5088 381 5162 (Vers.
416 5087 513 5155 14,
547 5087 661 5157 15.)
712 5110 731 5133 ι
771 5085 895 5141 Haec
926 5084 1027 5142 tibi
1064 5082 1264 5151 scribo,
1296 5081 1378 5138 ﬁli
1407 5081 1711 5151 Timothee,

127 5192 351 5251 sperans
377 5175 489 5233 cito
521 5192 606 5232 me
644 5174 833 5231 venire
865 5173 933 5230 ad
964 5181 1015 5229 te
1049 5190 1061 5229 :
1111 5171 1158 5228 si
1192 5180 1374 5228 autem
1402 5172 1711 5242 tardavero,

126 5278 191 5327 ut
211 5270 347 5326 scias
365 5265 828 5343 quemadmodum
850 5271 1095 5337 oporteat
1119 5271 1172 5320 te
1203 5264 1260 5319 in
1285 5262 1449 5320 domo
1469 5263 1567 5319 Dei
1591 5262 1678 5335 (41
1688 5263 1715 5333 )

127 5359 462 5429 conversari,
502 5376 623 5433 qua:
652 5367 735 5416 est
780 5356 1027 5415 Ecclesia
1061 5357 1159 5414 Dei
1189 5356 1325 5424 vivi,
1374 5356 1632 5413 columna
1659 5363 1714 5411 et

128 5449 534 5506 ﬁrmamentum
582 5447 849 5505 veritatis.
900 5473 918 5496 ι
979 5446 1256 5514 Quantum
1304 5446 1372 5502 ad
1426 5446 1711 5504 scientiam

129 5542 246 5615 ejus
291 5542 618 5615 pertinebat,
662 5540 769 5599 hoc
792 5550 907 5599 erat
950 5540 1009 5597 in
1050 5555 1114 5597 eo
1148 5540 1294 5614 quod
1340 5540 1506 5597 citius
1553 5539 1711 5596 illum

204 5677 318 5749 (41)
351 5677 510 5749 Rom.
534 5674 702 5749 redit.,
734 5677 988 5749 quomodo
1020 5677 1305 5733 Ecrlesiam
1337 5677 1566 5743 ordines,
1598 5692 1713 5748 τινας

130 5747 412 5806 estdomus
441 5747 542 5804 Dei
568 5748 692 5804 vivi.

1827 3310 1944 3357 erat
1970 3301 2029 3357 in
2050 3319 2233 3372 carne,
2264 3304 2389 3377 quis
2418 3313 2556 3359 esset
2582 3323 2593 3361 :
2628 3305 2826 3361 deinde
2852 3309 3166 3379 apparuisse
3195 3308 3424 3380 angelis,

1831 3406 1941 3445 non
1977 3389 2093 3461 jam
2141 3392 2200 3447 in
2248 3392 2427 3449 forma
2473 3393 2838 3463 humilitatis,
2889 3396 2984 3451 sed
3030 3396 3087 3451 in
3137 3404 3421 3467 potestate.

1830 3478 2047 3535 Tandiu
2075 3481 2220 3535 enim
2250 3490 2472 3553 aspectu
2499 3482 2731 3539 humilis
2758 3484 2912 3540 visus
2937 3493 3018 3540 est
3053 3502 3151 3558 per
3178 3503 3421 3557 carnem,

1829 3567 2079 3639 quandiu
2124 3568 2344 3625 devicta
2385 3578 2583 3639 morte,
2631 3581 2936 3645 resurgeret
2982 3590 3015 3629 a
3062 3576 3325 3643 mortuis,
3370 3584 3424 3631 et

1830 3655 2113 3712 videretur
2155 3657 2410 3729 majestas
2457 3659 2595 3732 ejus,
2638 3661 2733 3734 qui
2781 3669 2943 3718 natus
2972 3670 3035 3718 ut
3072 3663 3261 3728 homo,
3309 3680 3423 3719 non

1830 3752 1945 3800 erat
1972 3752 2124 3801 totus
2149 3744 2318 3802 homo
2344 3764 2356 3802 :
2390 3757 2452 3804 ut
2481 3756 2835 3821 agnoscentes
2864 3750 3042 3822 angeli
3073 3752 3421 3823 mysterium,

1830 3834 1976 3905 quod
2022 3834 2177 3906 prius
2211 3836 2393 3905 latuit,
2443 3837 2781 3894 declaratum
2830 3838 2890 3894 in
2933 3856 3113 3909 carne,
3167 3856 3309 3912 genu
3338 3841 3422 3897 illi

1828 3923 2111 3980 ﬂectentes
2140 3926 2294 3999 quasi
2326 3928 2461 3995 Deo,
2495 3928 2695 3999 gratias
2722 3937 2916 4001 agant,
2949 3931 3078 4003 quia
3107 3929 3424 3987 didicerunt

1827 4013 2138 4083 veritatem,
2162 4031 2282 4087 quae
2324 4016 2576 4087 gentibus
2606 4018 2898 4089 praedicata
2921 4028 3024 4088 est,
3046 4028 3109 4075 ut
3142 4021 3210 4076 ab
3239 4038 3422 4077 errore

1826 4100 2227 4159 liberarentur:
2259 4103 2317 4159 in
2345 4121 2454 4177 quo
2483 4106 2723 4162 mundus
2749 4106 2988 4179 proﬁcit,
3020 4115 3082 4164 ut
3118 4125 3228 4164 non
3257 4110 3424 4166 dam-

1826 4197 2008 4246 netur.
2045 4214 2063 4237 ι
2096 4191 2374 4249 Creditum
2398 4203 2479 4249 est
2509 4194 2735 4251 mundo.
2768 4221 2786 4244 ι
2820 4196 2948 4252 ldeo
2975 4197 3121 4253 enim
3151 4199 3419 4256 creditum

1826 4287 1907 4333 est
1938 4280 2146 4336 mundo
2173 4281 2272 4337 Dei
2319 4290 2744 4351 sacramentum,
2786 4292 2848 4339 ut
2896 4285 3125 4356 perﬁdia
3168 4286 3286 4357 ejus
3317 4305 3423 4343 ve-

1827 4368 1976 4422 niam
2007 4370 2210 4423 erroris
2255 4370 2452 4426 mereri
2496 4387 2605 4426 non
2639 4371 2829 4443 possit,
2865 4373 3008 4429 sicut
3038 4373 3173 4431 dicit
3220 4377 3421 4432 Domi-

1826 4472 1929 4512 nus
1977 4454 2044 4513 de
2072 4457 2311 4514 Iudaeis:
2365 4483 2383 4506 ι
2431 4460 2487 4515 Si
2534 4475 2645 4516 non
2676 4460 2947 4517 venissem
2996 4469 3050 4517 et
3097 4462 3312 4520 locutus
3340 4466 3418 4521 eis

1824 4545 2091 4615 fuissem,
2151 4557 2433 4620 peccatum
2486 4565 2599 4604 non
2659 4548 2968 4604 haberent:
3034 4565 3183 4606 nunc
3234 4560 3415 4607 autem

1824 4636 2233 4692 excusationem
2265 4654 2376 4694 non
2406 4636 2685 4693 habebunt
2712 4637 2779 4691 de
2827 4645 3049 4710 peccato
3090 4655 3189 4694 suo
3231 4640 3411 4711 (Joan.

1826 4741 1925 4793 xv,
1962 4726 2077 4799 22).
2123 4751 2141 4773 ι
3189 4731 3194 4737 ’

1912 4839 1930 4862 ι
1968 4816 2325 4889 Assumptum
2370 4826 2451 4873 est
2495 4817 2554 4872 in
2598 4817 2790 4887 gloria.
2828 4838 2847 4862 ι
2890 4814 3033 4882 Quia
3073 4815 3220 4886 quod
3263 4817 3415 4873 velut

1825 4903 2108 4961 inﬁrmum
2155 4914 2208 4962 et
2254 4906 2498 4962 deforme
2546 4913 3022 4977 contempserunt,
3072 4915 3411 4979 assumptum

1824 5001 1903 5050 est
1934 4994 1989 5049 in
2024 4995 2234 5066 gloria:
2286 5003 2408 5066 post
2446 5010 2670 5051 crucem
2713 4994 2861 5050 enim
2907 4996 3253 5053 manifestata
3282 5015 3416 5069 per—

1824 5101 1956 5140 sona
1992 5093 2043 5140 et
2084 5084 2290 5139 virtute
2333 5101 2430 5140 sua
2478 5082 2727 5139 Salvator
2764 5086 2965 5156 palam,
3013 5086 3413 5145 famulantibus

1824 5174 2086 5242 nubibus,
2127 5171 2376 5229 ascendit
2406 5172 2674 5245 gloriosus
2703 5172 2762 5229 in
2792 5176 2977 5232 caelos.

2436 5315 2663 5374 CAPUT
2702 5316 2798 5376 IV.

1894 5442 2075 5515 (Vers.
2105 5442 2240 5513 1-5.)
2286 5465 2304 5491 ι
2333 5441 2571 5515 Spiritus
2595 5451 2775 5500 autem
2808 5445 3099 5501 manifesto
3116 5445 3254 5502 dicit
3284 5446 3412 5518 quia

1821 5533 1880 5590 in
1909 5533 2228 5590 novissimis
2257 5533 2600 5607 temporibus
2646 5534 2901 5591 recedent
2944 5533 3167 5608 quidam
3215 5552 3248 5591 a
3280 5536 3406 5605 ﬁde,

1895 5669 2011 5739 (42)
2056 5666 2321 5723 Nonnulli
2365 5680 2516 5739 mss_._,
2561 5665 2989 5739 magnanimitate
3027 5666 3162 5739 sitim
3205 5674 3252 5722 et
3296 5669 3408 5724 cle-

1820 5737 2009 5798 mentia
2042 5759 2137 5795 sua
2165 5737 2578 5811 cognoscentibus
2610 5756 2662 5794 se
2680 5739 2862 5794 divina
2894 5737 3077 5793 tribuit
3108 5738 3263 5796 bona.
