3970 6426
527 435 633 495 499

1553 431 1651 494 ΑΙ)
1689 433 1923 495 OPEBA
1960 433 2016 493 S.
2058 431 2392 497 AMBROSII
2427 433 2812 496 APPENDIX.’

3727 439 3841 501 δυο

529 577 871 638 attendentes
897 577 1126 652 spiritus
1153 576 1392 648 fallaces,
1412 593 1476 637 ac
1503 577 1782 636 doctrinas
1801 576 2114 634 daemonio-
2145 572 2196 632 A
2225 571 2489 646 reprobus
2517 578 2572 629 et
2617 571 2731 646 igni
2761 541 3174 632 comburendus
3207 584 3514 636 censeatur.
3555 577 3674 636 Hoc
3699 573 3838 635 boni

528 685 653 728 rum
684 670 740 726 in
776 669 1129 726 simulatione
1159 667 1597 742 falsiloquomm,
1627 667 1980 727 cauteriatam
2008 665 2117 722 ha-

526 758 774 816 bentium
835 756 1267 827 conscientiam,
1331 757 1744 831 prohibentium
1800 759 2006 815 nubere
2065 763 2118 813 et

527 846 802 905 abstinere
829 863 861 904 a
901 847 1060 916 cibis,
1094 863 1230 921 quos
1259 849 1404 905 Deus
1450 849 1658 906 creavit
1689 847 1752 905 ad
1801 847 2120 921 percipien-

526 935 659 993 dum
707 951 833 993 cum
883 935 1178 1010 gratiarum
1227 936 1442 995 actione
1488 935 1764 1007 fidelibus,
1813 945 1868 994 et
1918 936 1988 993 iis
2022 935 2117 1010 qui

526 1036 905 1100 cognoverunt
949 1029 1278 1086 veritatem:
1333 1027 1463 1102 quia
1497 1027 1678 1084 omnis
1724 1036 1972 1085 creatura
2017 1024 2118 1084 Dei

525 1116 672 1173 bona
698 1123 798 1184 est,
823 1123 875 1173 et
905 1113 1047 1173 nihil
1081 1113 1464 1188 rejiciendum,
1487 1116 1634 1190 quod
1663 1133 1788 1174 cum
1820 1115 2114 1189 gratiarum

525 1203 742 1263 actione
779 1205 1102 1279 percipitur.
1153 1204 1541 1264 Sanctificatur
1568 1205 1716 1263 enim
1764 1221 1860 1279 per
1887 1204 2116 1262 verbum

523 1296 647 1364 Dei,
677 1305 732 1354 et
759 1295 1082 1354 orationem.
1114 1320 1132 1345 ι
1179 1296 1310 1366 Quae
1338 1297 1444 1354 sibi
1477 1296 1714 1370 Spiritus
1751 1303 1972 1354 sanctus
2017 1293 2118 1352 fu-

523 1393 650 1443 tura
695 1385 1024 1444 revelaverit
1073 1385 1140 1444 ad
1190 1387 1611 1445 instructionem
1663 1385 2033 1444 Ecclesiarum
2063 1395 2118 1444 et

523 1482 792 1537 cautelam
819 1524 834 1549 ,
901 1495 1014 1538 non
1075 1489 1217 1539 tacet
1248 1525 1262 1550 ,
1328 1490 1390 1538 ut
1452 1481 1791 1555 praemonita;
1854 1480 2117 1539 Ecclesiae

522 1567 776 1626 sollicitae
805 1569 935 1638 sint,
969 1586 1038 1626 ne
1067 1568 1133 1626 ab
1179 1565 1500 1644 hujusmodi
1543 1570 1756 1642 possint
1798 1567 2118 1628 circumve-

521 1659 633 1716 niri
685 1657 1026 1718 hominibus.
1083 1660 1230 1728 Quid
1271 1661 1420 1717 enim
1471 1667 1584 1718 tam
1637 1661 1846 1718 clarum
1895 1668 2117 1734 tamque

521 1758 771 1822 apertum
821 1753 890 1810 ad
947 1752 1236 1811 evitandos
1291 1761 1387 1810 aut
1439 1752 1612 1824 magis
1667 1750 2116 1810 condemnandos

519 1837 785 1899 doctrinae
805 1842 974 1915 hujus
995 1843 1264 1917 pestiferae
1286 1844 1437 1900 viros
1465 1842 1646 1916 potuit
1673 1839 1961 1898 manifesta
1981 1855 2114 1896 voce

2225 662 2468 720 doctoris
2513 671 2595 721 est
2640 673 2803 738 atque
2851 665 3037 723 idonei
3089 667 3330 725 ministri
3376 669 3601 726 Domini
3655 667 3836 727 nostri

2226 753 2354 810 Jesu
2403 753 2646 822 Christi;
2701 754 2903 828 quippe
2954 772 3080 813 cum
3130 759 3437 818 enutritum
3487 758 3638 818 hunc
3683 759 3838 817 dicat

2227 843 2412 902 verbis
2450 845 2576 903 fidei
2623 852 2678 902 et
2714 845 2874 904 bona:
2921 846 3214 917 doctrinae,
3265 865 3428 922 quam
3477 849 3545 908 ab
3595 850 3836 909 infantia

2228 933 2377 990 hunc
2405 943 2713 993 assecutum
2744 937 2962 994 asserit.
3009 938 3115 1007 Qui
3150 938 3299 996 enim
3332 939 3542 1012 integre
3569 939 3837 998 omnibus

2228 1025 2580 1084 Hebraeorum
2614 1027 2772 1085 libris
2804 1028 3052 1086 imbutus
3078 1038 3228 1100 erat,
3260 1038 3482 1104 accepta
3513 1031 3620 1089 fide
3639 1074 3655 1102 ,
3693 1047 3838 1108 per-s

2227 1113 2432 1172 fectum
2464 1114 2595 1174 fecit
2625 1117 2929 1175 doctorem.

2301 1203 2483 1276 (Vers.
2529 1203 2578 1274 7,
2629 1205 2710 1278 8.)
2758 1231 2776 1256 ι
2822 1207 3084 1266 Profanas
3113 1219 3294 1267 autem
3327 1217 3382 1268 et
3411 1210 3584 1268 aniles
3612 1211 3835 1268 fabulas

2226 1291 2424 1363 abnue,
2456 1309 2718 1353 exercens
2749 1297 3104 1372 temetipsum
3135 1299 3204 1356 ad
3233 1300 3512 1374 pietatem.
3543 1301 3834 1374 Corpora-

2227 1377 2296 1438 lis
2340 1383 2488 1440 enim
2533 1385 2856 1444 exercitatio
2903 1386 2972 1444 ad
3019 1387 3326 1458 modicum,
3372 1389 3545 1462 pietas
3579 1405 3711 1446 vero
3757 1389 3832 1445 ad

2227 1472 2415 1529 omnia
2457 1473 2615 1531 utilis
2661 1484 2762 1545 est,
2809 1477 3232 1550 promissionem
3265 1478 3472 1537 habens
3501 1481 3630 1538 vitae
3671 1494 3834 1554 pras-

2226 1559 2398 1618 sentis
2438 1569 2492 1618 et
2538 1563 2758 1620 futuras.
2793 1590 2811 1614 ι
2855 1565 3092 1624 Profana
3123 1568 3291 1624 verba
3330 1569 3561 1626 adversa
3603 1568 3833 1625 intelli-

2226 1653 2467 1721 guntur;
2519 1651 2693 1708 aniles
2725 1659 2907 1710 autem
2943 1654 3144 1712 fabulae
3179 1657 3540 1714 deliramenta
3569 1657 3828 1732 quaedam

2225 1748 2373 1798 sunt.
2440 1739 2567 1800 Haec
2639 1744 3002 1817 quorumdam
3078 1747 3535 1819 perstrepentium
3590 1745 3831 1804 vocibus

2224 1831 2404 1888 solent
2446 1833 2504 1890 in
2547 1835 2959 1894 contentionem
2989 1835 3223 1905 deduci;
3259 1845 3322 1895 ut
3366 1839 3522 1912 quasi
3551 1845 3830 1896 tractatus

520 1929 761 2000 praefari,
817 1931 926 1988 nisi
975 1939 1038 1988 ut
1084 1931 1545 1989 asseverationem
1597 1947 1786 1988 eorum
1839 1930 2102 1998 fallacem,

2222 1919 2489 1979 habeatur
2517 1923 2596 1980 rei
2643 1924 2847 1995 inanis,
2890 1925 3050 1998 cujus
3075 1927 3300 1984 effectus
3344 1927 3534 1984 nullus
3563 1935 3666 1996 est,
3713 1927 3825 1984 nisi

518 2033 582 2074 ac
611 2018 927 2077 simulatam
956 2020 1263 2078 doctrinam
1289 2019 1689 2077 daemoniorum
1729 2026 2070 2092 nuncuparet
2094 2035 2106 2076 :

519 2113 582 2164 ut
610 2125 737 2164 cum
769 2109 938 2182 hujus
975 2111 1394 2168 asseverationis
1422 2126 1699 2167 sermones
1727 2107 2049 2176 audiuntur,
2081 2121 2114 2164 a

519 2195 743 2254 diabolo
771 2199 1078 2273 composita
1105 2216 1221 2257 esse
1249 2199 1503 2257 doctrina
1527 2199 1646 2257 haec
1675 2199 1928 2266 sciretur,
1947 2213 2110 2271 quam

518 2287 852 2358 praedixerat
903 2288 1142 2363 Spiritus
1180 2299 1400 2349 sanctus
1453 2309 1575 2366 quas
1619 2289 1686 2348 de
1733 2288 2111 2346 incarnatione

517 2373 820 2434 Salvatoris
849 2378 1043 2436 asserit
1075 2377 1232 2450 falsa,
1279 2397 1399 2454 quas
1445 2397 1594 2437 nunc
1641 2378 1699 2436 in
1747 2374 2108 2441 Marcionitis,

515 2468 772 2539 quamvis
823 2485 961 2542 pene
1017 2469 1360 2541 defecerint,
1411 2467 1737 2528 Patricianis
1785 2467 1963 2540 (43),
2015 2471 2111 2522 aut

515 2555 756 2613 maxime
808 2557 866 2613 in
913 2555 1231 2616 Manichaeis
1282 2560 1576 2616 denotatur
1630 2557 1732 2628 (De
1785 2553 2110 2612 Patricianis

513 2643 862 2716 Philastrius,
893 2648 942 2702 et
975 2647 1319 2718 Augustinus
1347 2649 1530 2705 haercs.
1571 2647 1688 2720 (61)
1713 2646 1741 2704 ?
1779 2645 1847 2702 Hi
1877 2643 2024 2701 enim
2053 2647 2107 2699 et

515 2731 796 2792 Christum
835 2743 1025 2793 natum
1065 2743 1296 2809 negant,
1327 2743 1382 2794 et
1424 2736 1646 2809 nuptias
1691 2733 2024 2808 prohibent,
2052 2737 2106 2786 et

509 2822 897 2882 abstinendum
931 2842 963 2882 a
998 2824 1138 2883 cibis
1169 2825 1412 2883 tradunt.
1454 2826 1700 2895 Quorum
1749 2820 2101 2881 cauteriatam

509 2911 646 2972 dicit
693 2915 1112 2986 conscientiam,
1169 2917 1278 2973 hoc
1331 2923 1434 2985 est,
1497 2915 1850 2972 simulatione
1902 2926 2104 2969 corru-

509 3013 692 3078 ptam;
731 3005 861 3078 quia
900 3005 1048 3063 sicut
1089 3006 1390 3063 cauterium
1431 3005 1643 3064 corium
1683 3001 2022 3076 corrumpit,
2049 3005 2104 3055 et

513 3103 700 3152 notam
751 3093 973 3169 inﬂigit,
1024 3095 1100 3153 ita
1147 3103 1201 3152 et
1248 3093 1466 3156 fallacia
1517 3095 1932 3162 conscientiam,
1981 3107 2103 3166 quae

508 3183 639 3241 dolo
677 3183 1080 3242 malevolentia)
1121 3183 1274 3242 aliud
1312 3185 1437 3254 scit,
1484 3193 1538 3242 et
1590 3185 1742 3254 aliud
1790 3185 2101 3258 proﬁtetur,

2223 2011 2504 2070 vanitatis.
2534 2012 2620 2070 Ab
2655 2013 2724 2071 iis
2749 2031 2876 2088 ergo
2901 2031 3020 2089 quas
3045 2018 3318 2073 contraria
3348 2021 3499 2085 sunt,
3531 2015 3824 2074 declinan-

2223 2099 2356 2158 dum
2389 2112 2600 2173 monet,
2627 2105 2802 2162 simili
2830 2107 2994 2164 modo
3015 2115 3068 2164 et
3097 2104 3164 2163 ab
3193 2105 3310 2163 illis
3330 2122 3449 2180 quae
3473 2107 3644 2163 anilia
3665 2117 3821 2177 sunt,

2222 2191 2466 2250 vanitate
2495 2193 2728 2267 quadam
2761 2196 3102 2270 composita;
3145 2203 3274 2252 sunt
3301 2195 3449 2252 enim
3480 2195 3688 2270 aliqui,
3719 2196 3820 2270 qui

2221 2279 2400 2336 calore
2428 2281 2598 2338 animi
2626 2282 2856 2340 mittunt
2883 2299 2939 2341 se
2969 2282 3027 2340 in
3047 2284 3448 2357 disputationes
3471 2284 3816 2358 hujusmodi.

2219 2366 2416 2424 Pietati
2443 2378 2623 2427 autem
2647 2369 2864 2444 operam
2887 2371 3122 2430 dandam
3151 2381 3482 2442 commonet,
3506 2374 3634 2448 quia
3657 2389 3820 2448 gran-

2219 2455 2344 2513 dem
2373 2457 2538 2516 habet
2567 2461 2898 2533 profectum.
2946 2463 3052 2532 Qui
3091 2461 3240 2520 enim
3280 2462 3670 2521 misericordiae
3699 2471 3819 2520 stu-

2217 2545 2370 2616 dent,
2401 2549 2712 2609 senioribus
2741 2552 2920 2610 vicem
2960 2554 3250 2612 reddentes
3279 2555 3632 2628 parentibus:
3665 2562 3720 2612 et
3754 2554 3816 2612 in

2216 2637 2472 2710 praesenti
2500 2640 2616 2698 vita
2663 2643 2872 2701 auxilia
2909 2645 3009 2701 Dei
3059 2661 3170 2701 non
3201 2645 3433 2702 deerunt
3479 2642 3612 2714 illis,
3643 2651 3698 2700 et
3752 2645 3812 2702 in

2213 2726 2402 2784 futuro
2433 2729 2901 2789 immortalitatem
2933 2731 3214 2792 habebunt
3246 2751 3372 2792 cum
3415 2733 3606 2808 gloria.
3639 2733 3814 2791 Exer-

2213 2815 2408 2874 citium
2453 2827 2636 2876 autem
2687 2824 2970 2896 corporale
3017 2823 3086 2880 ad
3137 2823 3415 2882 modicum
3456 2823 3596 2881 utile
3630 2821 3807 2908 dicit;

2207 2903 2459 2977 jejunare
2487 2910 2636 2967 enim
2667 2917 2720 2968 et
2748 2911 3024 2969 abstinere
3061 2929 3093 2968 a
3125 2913 3286 2983 cibis,
3323 2923 3578 2972 manente
3605 2903 3814 2971 aucto-

2213 2992 2374 3052 ritate
2424 2995 2702 3056 Creatoris
2752 2999 2894 3075 (45),
2948 3019 3062 3061 non
3116 3004 3353 3060 multum
3403 3002 3642 3077 prodest,
3694 3003 3808 3060 nisi

2211 3083 2448 3145 addatur
2475 3089 2607 3148 huic
2636 3092 2828 3165 pietas,
2851 3094 3011 3170 cujus
3031 3113 3195 3170 opera
3221 3098 3525 3154 multorum
3554 3095 3813 3170 precibus

2209 3173 2505 3250 adjuvatur
2523 3181 2592 3238 ad
2612 3183 2910 3241 Dominum
2933 3185 3377 3259 promerendum.
3400 3187 3651 3261 Denique
3678 3186 3812 3244 illos

507 3267 733 3329 denotat
761 3271 832 3330 ad
882 3271 1267 3346 perditionem,
1317 3274 1434 3332 Jam
1476 3273 1622 3331 enim
1671 3273 1774 3332 hos
1818 3273 2101 3333 immutari
2133 3289 2176 3350 ρ
2209 3265 2304 3338 qui
2335 3267 2598 3327 fratribus
2629 3270 2763 3345 largi
2799 3283 2949 3344 sunt,
2979 3281 3034 3332 et
3077 3275 3246 3332 variis
3280 3275 3458 3333 titulis
3487 3275 3812 3350 obsequen-

507 3367 668 3434 negat
719 3359 860 3434 (44),
911 3370 975 3420 ut
1027 3362 1350 3432 salvantur;
1411 3363 1539 3436 quia
1597 3363 1740 3421 sicut
1794 3365 2097 3422 cauterium

507 3449 791 3508 immutari
822 3467 934 3508 non
964 3458 1162 3524 potest,
1198 3451 1276 3508 ita
1306 3469 1405 3509 nec
1435 3469 1624 3509 eorum
1655 3453 1874 3510 animus
1902 3469 2102 3510 emen-

505 3537 664 3609 dari;
713 3535 859 3598 nihil
901 3540 1052 3598 enim
1091 3541 1246 3614 pejus
1289 3539 1660 3600 simulatione.
1695 3541 1850 3598 Tales
1879 3539 2027 3599 enim
2060 3542 2098 3600 ii

505 3636 657 3698 sunt,
679 3631 866 3702 quales
885 3639 938 3688 et
965 3626 1164 3700 Judaei,
1186 3629 1268 3687 illi
1291 3631 1386 3704 qui
1417 3629 1789 3705 intelligentes
1815 3631 2097 3691 Christum

502 3717 604 3774 Dei
633 3717 841 3774 virtute
869 3719 1102 3792 operari,
1152 3719 1212 3777 in
1255 3719 1560 3778 Beelzebub
1603 3716 1721 3778 haec
1765 3721 1834 3778 ab
1865 3737 1930 3778 eo
1977 3721 2098 3780 fieri

503 3809 781 3868 dicebant.
814 3811 886 3869 Ut
913 3813 1062 3870 enim
1094 3813 1480 3872 fabricatorem
1507 3811 1652 3870 297
1681 3814 1926 3873 hominis
1955 3817 2097 3874 male

502 3906 759 3969 tractent,
790 3917 917 3959 cum
949 3911 1106 3960 natos
1143 3920 1199 3961 se
1238 3920 1352 3960 non
1379 3905 1623 3972 doleant,
1662 3903 1884 3978 nuptias
1911 3913 2097 3964 tamen

504 3987 822 4061 prohibent,
846 3999 900 4049 et
927 3991 1150 4050 Christo
1173 4010 1396 4051 carnem
1424 3993 1761 4052 subtrahunt
1795 4013 1808 4052 :
1856 4005 1911 4054 et
1937 4005 2000 4054 ut
2028 3997 2095 4054 ad

503 4075 622 4150 ejus
651 4078 912 4151 injuriam
959 4083 1271 4156 proﬁciant,
1301 4083 1371 4141 ab
1409 4084 1478 4141 iis
1507 4101 1628 4158 quas
1664 4083 1856 4142 usibus
1895 4086 2096 4142 nostris

502 4167 770 4239 instituit,
798 4170 1186 4230 abstinendum
1217 4173 1453 4242 docent;
1495 4182 1556 4230 ut
1600 4191 1696 4248 per
1718 4175 1777 4231 id
1805 4175 1952 4248 quod
1990 4175 2096 4232 de-

501 4257 836 4330 spiciuntur,
867 4261 1010 4317 mala
1049 4277 1186 4330 esse,
1234 4270 1289 4318 et
1334 4279 1366 4319 a
1415 4263 1562 4318 malo
1599 4271 1820 4321 auctore
1871 4264 2096 4321 inventa

499 4346 813 4406 videantur.
851 4350 992 4408 Hinc
1034 4359 1115 4408 est
1161 4351 1306 4408 unde
1345 4353 1642 4426 Apostolus
1683 4353 1870 4410 omnia
1913 4371 1946 4410 a
1980 4356 2094 4411 Deo

497 4433 646 4493 bona
679 4438 823 4497 facta
869 4440 1128 4510 ostendit,
1180 4441 1227 4498 si
1262 4449 1448 4499 tamen
1481 4459 1606 4499 cum
1657 4443 1952 4515 gratiarum
1993 4460 2097 4500 ac-

498 4526 652 4586 tione
690 4539 1000 4601 sumantur,
1043 4531 1329 4590 immunda
1369 4533 1516 4589 enim
1547 4541 1710 4590 erunt
1744 4535 1816 4603 ei,
1855 4535 1950 4608 qui
1981 4552 2092 4592 non

497 4613 688 4710 laudat
716 4617 776 4674 in
823 4617 913 4676 his
955 4619 1290 4678 Creatorem.
1336 4620 1449 4678 Nec
1489 4621 1637 4678 enim
1681 4633 1908 4696 possunt
1951 4624 2090 4681 bene
2118 4652 2166 4710 D

496 4702 584 4760 illi
613 4705 898 4779 proﬁcere,
947 4709 1042 4783 qui
1091 4709 1170 4768 sic
1217 4709 1316 4767 illa
1364 4711 1554 4780 sumit,
1597 4717 1662 4768 ut
1710 4712 1850 4769 male
1894 4720 2092 4770 tractet

497 4802 781 4854 auctorem
811 4815 1022 4857 eorum.

569 4883 753 4957 (Vers.
777 4887 858 4960 6.)
903 4912 922 4936 ι
960 4889 1089 4946 Haec
1126 4889 1297 4963 igitur
1323 4907 1634 4964 proponens
1663 4891 1948 4962 fratribus,
1981 4892 2091 4950 bo—

493 4985 602 5028 nus
647 4975 756 5032 eris
805 4977 1060 5035 minister
1112 4978 1238 5036 Jesu
1285 4977 1532 5049 Christi,
1585 4981 1861 5038 enutritus
1906 4981 2089 5038 verbis

493 5058 654 5130 ﬁdei,
703 5070 758 5119 et
810 5065 968 5122 bonae
1017 5065 1320 5136 doctrinas,
1377 5085 1540 5142 quam
1597 5077 1878 5127 assecutus
1931 5088 2009 5130 es.
2057 5097 2075 5120 ι

494 5147 641 5217 Quid
669 5158 780 5207 tam
823 5168 1039 5224 verum,
1086 5156 1220 5229 quid
1264 5163 1375 5214 tam
1420 5159 1629 5215 clarum
1671 5167 1724 5216 et
1769 5161 2084 5233 providum,

491 5238 602 5296 nisi
641 5247 704 5298 ut
751 5241 1048 5316 disciplina
1093 5243 1406 5303 Christiana
1452 5249 1769 5322 incorrupte
1815 5251 2084 5320 tradatur,

489 5336 554 5385 ut
581 5329 795 5387 fructus
825 5329 944 5404 ejus
982 5331 1040 5386 in
1077 5347 1202 5390 area
1237 5333 1528 5395 Dominica
1567 5337 1768 5394 fertilis
1797 5355 1860 5396 ac
1893 5339 2086 5396 ﬁrmus

489 5417 880 5487 oollaudetur;
946 5418 1052 5478 hoc
1116 5428 1234 5490 est,
1297 5431 1358 5480 ut
1423 5423 1484 5481 in
1548 5423 1639 5483 die
1703 5425 1904 5499 judicii
1972 5445 2084 5486 non

563 5559 680 5632 (43)
712 5561 967 5619 Valesius
997 5561 1054 5618 in
1086 5561 1372 5620 Addendis
1392 5565 1600 5622 Annot.
1633 5565 1689 5622 in
1721 5568 1997 5626 Socratem
2027 5578 2084 5628 et

488 5627 849 5713 Spiomenum
905 5634 1046 5692 male
1113 5633 1204 5691 hic
1266 5634 1556 5709 legendum
1613 5639 1730 5708 ait,
1795 5627 2082 5714 Palripas-L

492 5716 682 5844 mag).
709 5769 910 5831 Omnes
937 5773 1070 5832 edit.
1103 5781 1156 5832 et
1195 5775 1418 5850 quidam
1451 5795 1583 5836 mss.
1615 5779 1708 5836 hos
1745 5781 1952 5840 imitari
1979 5799 2082 5839 ne-

2207 3363 2310 3426 tes,
2352 3356 2408 3412 in
2440 3358 2611 3416 vitam
2641 3369 2900 3419 aeternam
2933 3364 3196 3438 proficere
3233 3363 3581 3440 evangelicus
3623 3379 3812 3423 sermo

2208 3453 2486 3506 testatur:
2541 3451 2928 3511 dissentientes
2977 3462 3160 3512 autem
3213 3455 3283 3514 ab
3340 3453 3446 3514 hoc
3499 3470 3683 3528 opere,
3741 3455 3803 3513 in

2209 3544 2473 3596 aeternum
2505 3540 2687 3615 ignem
2737 3545 2950 3618 (Matth.
2981 3563 3118 3616 xxv,
3149 3544 3267 3619 34).
3318 3545 3576 3620 Corporis
3617 3553 3808 3604 autem

2208 3628 2536 3686 exercitium
2585 3631 2728 3690 nihil
2759 3634 2910 3692 aliud
2941 3652 3103 3709 quam
3140 3636 3320 3694 carnis
3361 3635 3515 3692 frena
3546 3643 3696 3694 sunt.
3749 3638 3811 3694 Si

2207 3716 2331 3788 quis
2359 3734 2506 3791 ergo,
2551 3721 2701 3805 quia‘
2722 3723 3100 3782 misericordia
3130 3739 3326 3798 magna
3354 3741 3440 3782 res
3469 3731 3570 3794 est,
3619 3725 3812 3784 lubri-

2205 3821 2332 3862 cum
2363 3814 2547 3865 tamen
2587 3812 2770 3868 carnis
2815 3813 3076 3885 patiatur,
3128 3813 3450 3888 hujusmodi
3489 3814 3623 3889 quid
3658 3815 3755 3872 ﬁet
3782 3817 3810 3873 ?

2205 3895 2334 3952 Sine
2362 3897 2534 3955 dubio
2563 3901 2879 3974 vapulabit;
2913 3902 3042 3976 quia
3071 3903 3212 3961 illud
3241 3903 3402 3978 (Ibid.
3430 3903 3524 3979 41)
3556 3903 3807 3979 oportuit

2204 3983 2348 4054 ﬁeri,
2377 3995 2432 4044 et
2479 3985 2586 4046 hoc
2641 3989 2872 4046 minime
2915 3991 3264 4064 praetermitti
3297 3991 3450 4065 (Luc.
3476 4011 3557 4063 xi,
3593 3992 3712 4064 42).
3747 3991 3806 4050 Si

2204 4081 2385 4130 autem
2417 4076 2594 4135 solum
2621 4079 2868 4152 corporis
2899 4078 3094 4137 habuit
3125 4081 3453 4138 exercitium
3474 4127 3490 4152 ,
3535 4097 3807 4158 perennes

2205 4178 2391 4234 poenas
2420 4165 2682 4236 patietur,
2713 4167 2858 4224 sicut
2887 4167 2945 4224 in
2985 4167 3289 4244 Evangelio
3316 4171 3592 4230 Dominus
3621 4189 3806 4247 repro-

2203 4251 2356 4308 misit
2387 4255 2600 4325 (Matth.
2627 4273 2767 4325 xxv,
2811 4255 2903 4331 41)
2934 4277 2946 4316 :
2985 4259 3166 4316 omnis
3202 4259 3351 4317 enim
3393 4277 3611 4318 summa
3637 4261 3806 4320 disci-

2203 4339 2367 4414 plinae
2400 4353 2599 4401 nostrae
2643 4345 2702 4402 in
2734 4347 3113 4406 misericordia
3148 4357 3202 4407 et
3245 4350 3446 4424 pietate
3475 4359 3576 4410 est.
3629 4351 3806 4410 Aliud

2200 4437 2384 4488 tamen
2410 4435 2736 4492 exercitium
2766 4439 3011 4512 corporis
3040 4439 3245 4497 habent
3274 4441 3540 4510 carnales,
3563 4448 3617 4497 et
3646 4439 3805 4498 aliud

2201 4521 2504 4596 spiritales;
2537 4529 2784 4586 carnales
2813 4530 2960 4588 enim
2992 4530 3178 4604 sagina
3201 4537 3255 4588 et
3281 4531 3514 4606 dapibus
3540 4531 3803 4590 nutriunt

2201 4629 2430 4688 corpora
2469 4634 2588 4686 sua,
2620 4627 2682 4676 ut
2719 4619 2885 4677 celeri
2923 4631 3079 4679 motu
3109 4622 3400 4695 proficiant
3429 4622 3497 4680 ad
3534 4623 3801 4698 perditio-

2201 4720 2328 4760 nem
2364 4724 2375 4762 :
2409 4705 2684 4779 spiritales
2719 4719 2904 4768 autem
2936 4709 3169 4785 jejuniis
3196 4719 3250 4770 et
3288 4711 3623 4770 abstinentia
3662 4721 3802 4770 tem-

2199 4803 2392 4866 perant
2420 4813 2649 4870 corpora
2678 4816 2812 4868 sua;
2866 4809 2928 4859 ut
2960 4800 3114 4875 pigra
3149 4801 3292 4860 facta
3328 4803 3475 4861 circa
3499 4801 3798 4873 desideria,

2198 4885 2410 4956 possint
2453 4883 2620 4960 digna
2658 4905 2774 4944 esse
2815 4886 3003 4946 futura
3045 4891 3464 4948 resurrectione.
3515 4890 3617 4948 Hic
3645 4892 3799 4948 enim

2197 4983 2422 5046 propter
2467 4993 2617 5049 spem
2667 4977 2910 5036 futuram
2955 4979 3183 5054 castigat
3229 4997 3473 5055 corpus:
3525 4979 3622 5055 ille
3663 4995 3800 5038 vero

2198 5071 2418 5136 propter
2475 5064 2647 5123 futuri
2707 5068 3143 5142 desperationem
3200 5069 3374 5138 fovet,
3428 5085 3618 5128 curam
3677 5069 3798 5144 ejus

2195 5170 2359 5224 agens
2398 5153 2467 5212 ad
2515 5161 2766 5231 tempus;
2806 5167 2871 5216 ut
2915 5165 3204 5218 moveatur
3239 5159 3405 5219 citius
3437 5160 3506 5219 ad
3549 5179 3800 5237 peccan-

2195 5241 2327 5299 dum
2338 5287 2350 5300 .

2267 5339 2448 5412 (Vers.
2471 5343 2527 5409 9,
2554 5343 2668 5417 10.)
2710 5367 2729 5392 ι
2761 5343 2967 5403 Fidelis
2995 5361 3195 5415 sermo,
3219 5355 3272 5405 et
3295 5345 3448 5406 omni
3472 5350 3796 5424 acceptione

2193 5427 2410 5504 dignus.
2456 5431 2548 5489 Ad
2594 5432 2700 5491 hoc
2730 5434 2878 5492 enim
2910 5433 3261 5505 laboramus,
3291 5446 3346 5496 et
3389 5440 3796 5512 persecutionis

2189 5577 2296 5644 gat,
2319 5575 2415 5631 alii
2441 5575 2787 5644 concinnius,
2821 5585 2883 5634 ut
2913 5577 2973 5634 in
3002 5585 3181 5638 textu.
3817 5633 3821 5638 .

2192 5645 2380 5770 ωριὸ)
2432 5647 2560 5705 Mss.
2620 5649 2900 5720 nonnulli,
2953 5657 3192 5708 monente
3243 5654 3562 5711 auctoritate
3613 5657 3795 5715 σφεα..

2246 5733 2344 5771 N8.
