3970 6360
173 370 284 431 501

1215 369 1576 428 COMMENT.
1620 369 1690 426 IN
1729 369 1945 426 EPIST.
1988 371 2010 426 Ι
2049 371 2146 426 AD
2185 370 2472 430 TLMOTH.

3371 371 3477 430 502

173 504 445 578 patimur,
477 503 608 579 quia
655 517 938 577 speramus
983 503 1042 560 in
1088 504 1262 560 Deum
1293 501 1506 570 vivum,
1557 502 1652 577 qui
1699 510 1779 558 est
1805 503 1856 564 Α
1889 509 1943 558 et
1982 501 2267 571 doctrinas,
2299 503 2444 561 insta
2478 505 2537 562 in
2587 505 2718 564 illis.
2771 507 2884 565 Hoc
2911 508 3058 565 enim
3104 509 3376 578 faciendo,
3422 515 3480 564 et

174 594 443 650 salutaris
499 593 750 651 omnium
793 593 1107 661 hominum,
1161 593 1401 650 maxime
1452 593 1718 650 ﬁdelium.
1747 619 1766 640 ι

173 685 424 758 Dignum
480 693 561 742 est
603 686 762 757 plane
817 691 870 741 et
914 692 1137 756 accepto
1184 682 1470 740 ferendum
1524 700 1624 756 pro
1666 699 1779 756 spe,

173 791 306 848 quas
336 782 418 831 est
453 774 512 832 in
555 776 752 842 Deum,
784 773 895 846 pati
928 771 1358 846 persecutiones,
1395 773 1526 846 quia
1554 773 1614 829 in
1649 789 1782 846 pras-

173 865 332 920 senti
367 865 485 920 vita
528 880 649 936 spes
693 863 899 920 caduca
943 870 1043 932 est,
1085 863 1144 919 in
1190 862 1556 934 promissione
1599 872 1783 921 autem

174 953 285 1009 Dei
335 953 494 1010 ﬁrma
538 962 701 1026 atque
735 951 971 1009 stabilis.
1016 954 1135 1024 Ipse
1176 959 1259 1008 est
1299 951 1446 1008 enim
1495 952 1643 1009 salus
1669 969 1784 1010 om-

175 1043 345 1099 nium
375 1062 390 1111 ;
431 1042 564 1116 quia
589 1059 657 1098 ex
690 1043 810 1114 ipso
841 1049 894 1098 et
922 1058 1016 1115 per
1058 1041 1237 1114 ipsum
1266 1041 1488 1112 vivunt,
1517 1050 1786 1117 quantum

176 1131 253 1188 ad
307 1140 632 1205 prmaentem
691 1131 862 1188 vitam
920 1132 1178 1204 pertinet,
1238 1149 1460 1202 omnes;
1519 1141 1785 1207 quantum

179 1237 320 1278 vero
359 1221 427 1277 ad
464 1221 791 1294 promissam
839 1220 1094 1291 salutem,
1146 1220 1354 1279 ﬁdeles.
1399 1221 1786 1295 Cognoscenti-

179 1311 290 1368 bus
339 1311 488 1367 enim
535 1327 590 1368 se
619 1320 741 1384 post
789 1309 932 1369 hanc
960 1311 1155 1381 vitam,
1201 1328 1322 1386 quae
1352 1319 1528 1368 morte
1570 1310 1786 1377 ﬁnitur,

179 1401 352 1457 aliam
403 1418 459 1458 se
488 1400 744 1458 daturum
789 1401 1062 1474 promisit,
1095 1418 1215 1475 qua:
1256 1400 1668 1458 immortalitate
1708 1399 1787 1456 vi-

181 1491 355 1564 gebit.
383 1491 511 1548 Ideo
539 1507 667 1563 ergo
697 1491 807 1548 ait:
855 1516 875 1540 ι
901 1491 1140 1548 Maxime
1168 1491 1438 1548 ﬁdelium.
1470 1514 1489 1538 ι

260 1580 445 1650 (Vers.
490 1580 577 1648 11,
632 1579 744 1652 12.)
805 1602 823 1625 ι
855 1578 1095 1652 Praecipe
1139 1578 1277 1647 haec,
1322 1587 1375 1636 et
1419 1579 1572 1636 doce.
1619 1579 1789 1635 Nemo

175 1668 539 1741 juventutem
569 1676 720 1725 tuam
759 1676 1099 1736 contemnat,
1139 1669 1233 1724 sed
1281 1668 1457 1725 forma
1484 1675 1600 1723 esto
1645 1667 1792 1724 ﬁde-

187 1761 331 1817 lium
379 1760 439 1817 in
478 1759 671 1825 verbo,
725 1759 785 1815 in
826 1759 1265 1826 conversatione,
1314 1758 1372 1814 in
1410 1757 1697 1826 charitate,
1730 1757 1788 1813 in

1889 597 1942 645 te
1971 592 2149 665 ipsum
2181 592 2395 649 salvum
2437 593 2624 662 facies,
2655 603 2709 650 et
2737 612 2827 651 eos
2856 597 2951 670 qui
2985 605 3037 654 te
3065 599 3316 656 audiunt.
3345 625 3365 648 ι
3409 601 3481 658 Ut

1891 683 2068 739 forma
2094 683 2167 741 sit
2208 683 2468 741 omnibus
2519 701 2630 741 non
2675 686 2851 742 solum
2901 685 2958 742 in
3007 687 3168 744 bonis
3202 690 3478 761 operibus,

1891 789 2082 828 verum
2147 773 2312 829 etiam
2384 773 2443 829 in
2508 773 2776 832 doctrinae
2842 775 3128 844 exercitio,
3202 777 3482 834 admonet.

1890 862 2166 934 Apparere
2195 863 2345 919 enim
2373 862 2570 920 debere
2583 864 2860 936 signiﬁcat
2880 865 3132 922 exercitii
3153 866 3481 939 profectum,

1894 968 2004 1008 non
2034 953 2093 1009 in
2136 953 2389 1010 doctrina
2436 954 2726 1023 duntaxat,
2767 955 2862 1012 sed
2909 963 2964 1012 et
3002 956 3059 1012 in
3109 957 3310 1030 gestis;
3341 957 3488 1014 bona

1893 1041 2042 1098 enim
2083 1043 2244 1099 arbor
2290 1043 2464 1100 bonos
2512 1044 2644 1101 facit
2688 1045 2901 1102 fructus
2952 1045 3166 1118 (Matth.
3221 1064 3322 1114 vri,
3357 1047 3484 1118 i7):

1894 1131 2152 1188 similiter
2194 1140 2246 1188 et
2282 1133 2428 1189 bona
2457 1131 2710 1190 doctrina
2755 1135 2899 1189 mala
2936 1150 3098 1207 opera
3145 1133 3346 1192 habere
3375 1151 3488 1192 non

1894 1229 2102 1294 potest;
2137 1229 2200 1278 ut
2226 1238 2352 1278 cum
2382 1223 2500 1278 visa
2526 1222 2731 1278 fuerint
2761 1221 2906 1280 bona
2932 1239 3113 1296 opera,
3150 1223 3331 1280 divini
3362 1239 3490 1281 ma—

1897 1310 2105 1383 gisterii
2171 1311 2384 1368 fructus
2439 1327 2556 1368 esse
2621 1311 3024 1385 intelligantur,
3093 1319 3147 1368 et
3211 1313 3489 1370 auditores

1895 1402 2109 1474 possint
2137 1401 2421 1474 proﬁcere.
2454 1402 2592 1458 Tum
2632 1402 2778 1459 enim
2811 1419 2939 1460 vera
2970 1412 3026 1460 et
3054 1403 3346 1461 metuenda
3373 1421 3489 1461 esse

1898 1491 2217 1562 intelligunt
2249 1491 2388 1562 (i6),
2433 1508 2552 1564 qua
2589 1491 2872 1561 dicuntur,
2921 1493 3140 1566 quando
3178 1493 3246 1550 ab
3279 1510 3342 1552 eo
3371 1496 3490 1567 ipso

1897 1578 1993 1651 qui
2039 1577 2222 1648 docet,
2265 1596 2461 1652 magna
2493 1581 2844 1636 veneratione
2891 1581 3170 1639 observari
3207 1584 3486 1641 videntur.

1899 1665 2056 1735 Quod
2112 1668 2309 1724 rectori
2374 1667 2550 1740 plebis
2603 1668 2818 1726 duobus
2873 1670 3090 1742 proﬁcit
3146 1672 3371 1730 modis:
3437 1681 3491 1728 et

1898 1770 2124 1812 suorum
2181 1756 2328 1811 enim
2381 1756 2653 1812 bonorum
2706 1773 2956 1830 operum,
3029 1767 3084 1815 et
3145 1759 3490 1816 audientium

180 1849 320 1915 ﬁde,
367 1857 420 1904 et
457 1849 726 1906 castitate.
749 1873 768 1896 ι
827 1848 1150 1906 Timotheus
1179 1857 1446 1922 quantum
1477 1847 1545 1904 ad
1573 1855 1786 1904 aetatem
1816 1861 1864 1922 Β
1902 1843 2204 1902 mercedem
2243 1845 2507 1917 accipiet;
2557 1845 2834 1919 quomodo
2881 1846 2929 1904 si
2974 1848 3255 1920 negligens
3301 1848 3488 1916 fuerit,

181 1941 452 2013 pertinet,
474 1939 700 2010 juvenis
728 1947 875 1996 erat:
931 1946 1199 2012 quantum
1237 1938 1307 1995 ad
1337 1955 1516 1995 mores
1559 1946 1615 1995 et
1661 1954 1787 1996 con-

181 2027 582 2096 versationem,
615 2031 760 2090 298
805 2027 992 2085 senior
1019 2035 1074 2084 et
1119 2027 1319 2101 gravis.
1352 2028 1524 2096 Quem
1557 2028 1680 2084 ideo
1709 2028 1789 2086 sic

182 2133 398 2194 monet,
428 2133 491 2182 ut
519 2125 798 2197 profectus
826 2125 946 2197 ejus
974 2141 1069 2198 per
1098 2125 1284 2181 omnia
1303 2126 1617 2196 exemplum
1649 2131 1791 2181 esset

179 2218 462 2273 bonorum
490 2231 719 2288 operum
750 2233 764 2282 ;
795 2222 856 2271 ut
886 2215 945 2272 in
977 2215 1320 2272 adolescente
1347 2214 1618 2270 mirabilis
1638 2214 1788 2270 vide-

183 2313 342 2362 retur
368 2313 422 2362 et
467 2304 649 2378 gravis
684 2303 1000 2376 disciplina,
1031 2311 1094 2360 ut
1121 2311 1276 2361 actus
1303 2303 1422 2377 ejus
1462 2311 1791 2362 excusarent

183 2403 432 2452 aetatem:
494 2401 548 2450 et
605 2409 717 2450 non
765 2393 920 2466 quasi
963 2393 1209 2466 juvenis,
1261 2392 1356 2450 sed
1401 2395 1556 2467 quasi
1607 2395 1790 2452 senior

185 2483 520 2550 haberetur;
571 2492 627 2539 et
668 2483 1050 2540 erubescerent
1095 2482 1331 2554 majores
1369 2490 1522 2552 natu,
1572 2485 1681 2540 nisi
1731 2501 1790 2543 se

187 2571 582 2628 exhibuissent
614 2570 778 2643 juxta
803 2572 1036 2627 formam
1072 2571 1257 2644 hujus,
1291 2572 1708 2628 conversatione
1735 2581 1789 2629 et

186 2661 443 2718 moribus
472 2677 662 2735 graves
688 2678 702 2718 :
722 2661 956 2733 juvenes
982 2670 1166 2718 autem
1206 2677 1452 2718 comvum
1489 2677 1650 2718 suum
1681 2661 1790 2718 ha-

185 2751 384 2808 berent
425 2750 771 2822 magistrum.
824 2749 1096 2806 Mirabilis
1150 2748 1465 2805 adolescens
1515 2749 1788 2806 sanctissi-

188 2855 314 2894 mus
340 2838 683 2907 Timotheus,
718 2837 875 2910 cujus
904 2838 1158 2910 exemplo
1187 2837 1598 2908 indisciplinata
1626 2854 1790 2894 coer-

187 2929 365 2986 cenda
411 2928 679 3002 juventus
723 2938 825 2998 est,
882 2935 937 2984 et
973 2926 1253 2984 seniorum
1298 2926 1656 2984 irreverentia
1693 2943 1788 3001 pu-

189 3018 414 3076 nienda.

268 3111 452 3183 (Vers.
487 3111 575 3179 13,
610 3110 723 3182 ili.)
785 3133 803 3156 ι
832 3112 975 3166 Dum
1006 3108 1191 3179 venio,
1225 3110 1446 3168 attende
1475 3111 1787 3178 lectionem,

1897 1944 2010 1992 tam
2071 1951 2171 2008 pro
2225 1951 2302 2004 se,
2363 1951 2527 2009 quam
2587 1951 2686 2008 pro
2741 1935 2821 1994 eis
2884 1936 3202 1995 redditurus
3271 1945 3352 1994 est
3407 1953 3488 1994 ra-

1899 2025 2127 2082 tionem.

2525 2179 2753 2239 CAPUT
2785 2179 2853 2238 V.

1971 2308 2153 2380 (Vers.
2214 2308 2264 2376 1,
2310 2307 2391 2378 2.)
2457 2306 2776 2364 «εθηὶοιοθω
2825 2322 2892 2363 ne
2947 2306 3338 2380 increpaveris,
3395 2307 3492 2364 sed

1899 2396 2193 2454 exhortare
2224 2405 2288 2454 ut
2325 2405 2557 2470 patrem,
2590 2396 2838 2469 juniores
2884 2405 2947 2454 ut
2993 2397 3206 2466 fratres,
3253 2412 3391 2453 anus
3429 2411 3492 2458 ut

1898 2495 2120 2554 matres,
2172 2486 2605 2544 adolescentulas
2651 2493 2714 2542 ut
2765 2502 2978 2543 sorores
3017 2486 3076 2542 in
3124 2487 3277 2543 omni
3319 2485 3495 2544 casti-

1900 2583 2030 2632 tate.
2092 2599 2111 2622 -
2181 2575 2410 2646 Propter
2459 2573 2938 2630 honoriﬁcentiam
2997 2575 3172 2631 aetatis
3229 2575 3492 2646 majorem

1898 2672 2033 2720 natu
2062 2679 2189 2720 cum
2221 2663 2645 2720 mansuetudine
2681 2663 2750 2719 ad
2779 2661 2988 2720 bonum
3017 2680 3155 2736 opus
3183 2664 3342 2721 docet
3373 2663 3492 2735 (47)

1898 2751 2331 2825 provocandum,
2366 2759 2428 2806 ut
2468 2751 2686 2807 facilius
2713 2751 2976 2824 suscipiat
3017 2751 3489 2818 admonitionem;

1898 2848 2076 2914 potest
2104 2841 2251 2897 enim
2283 2840 2459 2896 vereri
2487 2840 2876 2909 commonitus,
2908 2857 2977 2897 ne
3005 2850 3192 2914 postea
3219 2840 3495 2913 corripia-

1898 2939 2009 3000 tur,
2041 2930 2189 3004 quod
2218 2938 2376 3002 turpe
2407 2939 2488 2987 est
2515 2930 2740 2987 seniori.
2780 2930 2916 2987 Nam
2962 2930 3107 3004 apud
3145 2947 3336 2987 omnes
3373 2930 3496 2987 uti-

1899 3036 2004 3094 que
2035 3030 2218 3093 gentes
2247 3019 2588 3076 honorabilis
2617 3027 2699 3076 est
2726 3027 3004 3077 senectus:
3047 3019 3193 3076 unde
3228 3028 3282 3077 et
3307 3020 3496 3094 Syna-

1900 3126 2053 3182 goga,
2101 3118 2155 3166 et
2201 3117 2389 3183 postea
2425 3108 2671 3166 Ecclesia
2715 3109 2956 3165 seniores
2994 3107 3208 3177 habuit,
3259 3125 3492 3182 quorum

190 3199 656 3268 exhortationem,
703 3214 767 3255 ac
817 3198 1145 3256 doctrinam.
1191 3198 1318 3255 Noli
1351 3199 1626 3272 negligere
1672 3215 1786 3271 gra-
1817 3225 1860 3286 ο
1899 3199 2017 3257 sine
2055 3199 2290 3258 consilio
2328 3199 2469 3255 nihil
2505 3199 2766 3271 agebatur
2803 3198 2862 3285 in
2906 3197 3168 3256 Ecclesia.
3199 3199 3356 3267 Quod
3388 3215 3494 3272 qua
3545 3211 3548 3214 ‘

185 3290 320 3346 tiam
350 3305 470 3362 quae
500 3297 582 3345 est
620 3289 679 3345 in
725 3296 799 3360 te,
851 3305 971 3362 qua:
1013 3289 1140 3346 data
1169 3297 1249 3344 est
1288 3288 1392 3345 tibi
1430 3305 1527 3361 per
1552 3287 1782 3361 prophe-

185 3379 342 3444 tiam,
363 3395 488 3436 cum
520 3379 874 3452 impositione
894 3396 1157 3436 manuum
1180 3378 1526 3452 presbyterii.
1552 3404 1570 3428 ι
1602 3381 1782 3435 Inten-

186 3478 304 3527 tum
336 3471 458 3526 vult
506 3469 658 3528 hunc
694 3487 809 3527 esse
839 3477 893 3527 et
921 3469 1171 3545 deditum
1209 3470 1476 3526 exercitio
1507 3469 1780 3538 lectionis,

184 3568 249 3617 ut
276 3561 427 3616 omni
455 3576 588 3618 cura
624 3560 1022 3632 diligentiaque
1056 3558 1163 3616 hoc
1189 3559 1451 3627 enitatur,
1483 3566 1546 3614 ut
1587 3557 1785 3616 exhor.

129 3703 134 3708 .
185 3658 333 3708 tetur
378 3658 432 3706 et
475 3651 686 3706 doceat.
735 3649 1065 3706 Exhortatio
1113 3657 1214 3717 est,
1262 3664 1389 3705 cum
1438 3648 1562 3704 miti
1616 3649 1784 3706 verbo

184 3741 398 3812 aliquos
441 3755 806 3812 provocamus
844 3739 915 3796 ad
957 3755 1094 3811 opus
1122 3739 1367 3795 bonum:
1401 3735 1596 3794 docere
1628 3754 1779 3808 vero,

185 3828 406 3902 quando
434 3846 499 3886 ea
522 3846 645 3902 quae
674 3829 865 3899 latent,
896 3829 1218 3886 intimamus
1256 3827 1534 3884 mentibus
1561 3827 1784 3885 audien-

185 3918 346 3976 tium.
378 3918 434 3976 Si
466 3919 615 3976 enim
645 3926 826 3976 rector
853 3917 1046 3992 populi
1084 3917 1153 3974 ab
1191 3917 1279 3974 his
1307 3916 1642 3988 dissimulat,
1675 3934 1783 3974 ne—

186 4006 341 4080 gligit
371 4009 599 4080 gratiam
629 4007 812 4065 datam
842 4007 978 4075 sibi;
1011 4007 1080 4064 ad
1107 4006 1212 4063 hoc
1239 4005 1387 4062 enim
1421 4014 1639 4063 creatur
1665 4006 1782 4064 dux

186 4097 408 4170 populo,
477 4106 541 4155 ut
608 4097 774 4170 hujus
841 4097 1038 4154 salutis
1108 4095 1543 4155 sollicitudinem
1609 4104 1777 4169 gerat,

184 4185 552 4256 admonendo,
583 4189 853 4258 docendo,
885 4197 948 4245 ut
978 4189 1220 4246 fructum
1250 4188 1449 4246 habeat
1477 4187 1776 4245 ordinatio:

185 4292 347 4348 quem
398 4278 467 4334 ad
509 4277 615 4335 hoc
669 4279 860 4352 utique
906 4281 1052 4336 Deus
1092 4279 1403 4348 constituit,
1434 4286 1497 4335 ut
1533 4278 1782 4350 proﬁciat

185 4365 350 4420 saluti
418 4366 595 4437 plebis
649 4382 779 4423 sum.
834 4367 942 4434 Qui
997 4383 1126 4440 ergo
1181 4368 1240 4424 in
1299 4367 1402 4425 hac
1455 4367 1781 4426 auctoritate

187 4453 399 4527 positus
420 4454 720 4528 indiligens
748 4455 935 4522 fuerit,
969 4455 1068 4511 Dei
1093 4463 1436 4528 contemptor
1464 4456 1775 4526 habebitur,

1894 3291 2227 3365 negligentia
2246 3290 2600 3358 obsoleverit,
2631 3277 2840 3358 nescio,
2876 3289 2985 3345 nisi
3033 3290 3173 3345 forte
3202 3289 3490 3346 doctorum

1891 3380 2125 3446 desidia,
2173 3387 2268 3436 aut
2311 3380 2482 3452 magis
2511 3378 2784 3450 superbia,
2826 3377 2959 3434 dum
3005 3378 3111 3433 soli
3151 3378 3348 3434 volunt
3383 3379 3489 3434 ali-

1893 3468 2030 3541 quid
2067 3468 2267 3526 videri.
2327 3469 2584 3524 Iuniores
2624 3467 2778 3540 quasi
2820 3466 3015 3522 fratres
3059 3473 3242 3523 censet
3296 3466 3483 3523 admo-

1893 3558 2102 3616 nendos
2132 3567 2258 3617 cum
2289 3557 2602 3615 dilectionis
2646 3557 2879 3623 affectu;
2913 3564 2976 3612 ut
3003 3556 3254 3612 videntes
3283 3558 3489 3613 amoris

1892 3665 2055 3706 causa
2090 3664 2146 3704 se
2191 3647 2551 3715 commoneri,
2598 3647 2818 3704 facilius
2863 3660 2920 3702 se
2948 3644 3244 3717 corrigant,
3288 3647 3488 3718 quippe

1894 3753 2021 3796 cum
2059 3736 2283 3794 videant
2315 3751 2427 3792 non
2465 3737 2771 3809 discrepare
2801 3747 2964 3808 Opera
2995 3732 3114 3804 ejus
3156 3748 3187 3789 a
3229 3734 3488 3806 praedica-

1890 3826 2060 3883 tione.
2101 3827 2256 3882 Anus
2292 3841 2423 3882 vero
2464 3825 2623 3899 quasi
2671 3831 2909 3892 matres;
2955 3831 3018 3880 ut
3045 3822 3179 3878 dum
3227 3821 3350 3878 miti
3379 3839 3486 3878 ser-

1891 3933 2053 3972 mone
2093 3915 2278 3973 doceri
2307 3932 2364 3972 se
2402 3915 2612 3984 vident,
2647 3929 2758 3970 non
2805 3929 2992 3987 aspere
3034 3913 3324 3985 accipiant,
3359 3913 3488 3987 quia

1893 4005 2197 4063 honoriﬁce
2226 4005 2555 4079 proﬁciunt:
2588 4020 2838 4078 asperum
2870 4011 2952 4059 est
2976 4002 3125 4059 enim
3153 4001 3484 4070 senioribus,

1890 4113 2016 4154 cum
2043 4095 2422 4168 corripiuntur
2451 4110 2480 4149 a
2504 4092 2841 4165 junioribus.
2869 4091 3027 4159 Quod
3058 4097 3486 4164 temperamento

1891 4187 2125 4260 quodam
2158 4185 2319 4243 leniri
2361 4185 2503 4254 vult,
2550 4191 2614 4241 ut
2641 4183 2920 4257 profectus
2967 4182 3040 4240 sit
3083 4190 3138 4239 et
3184 4182 3392 4240 dicenti
3426 4191 3482 4238 et

1890 4274 2155 4333 audienti.
2207 4275 2660 4334 Adolescentulas
2690 4281 2754 4330 ut
2803 4289 3016 4330 sorores
3057 4271 3318 4328 admonet
3360 4271 3484 4328 edo-

1888 4364 2126 4432 cendas;
2189 4372 2252 4422 ut
2297 4372 2549 4438 prompte
2595 4363 2808 4437 possint
2844 4363 3003 4420 bonae
3049 4361 3485 4419 conversationis

1888 4456 2162 4529 suscipere
2201 4453 2572 4528 disciplinam.
2614 4453 2845 4521 Quando
2874 4453 3022 4509 enim
3057 4467 3170 4507 non
3213 4467 3340 4507 cum
3383 4450 3483 4506 im-

187 4543 450 4600 minimus
479 4543 538 4599 in
567 4559 734 4616 regno
769 4544 1035 4601 caelorum
1073 4551 1300 4602 vocatus
1331 4546 1542 4617 (Matth.
1570 4563 1630 4612 v,
1663 4548 1776 4617 19);
1807 4581 1856 4641 D
1887 4546 2039 4619 perio
2069 4545 2337 4603 insinuari
2367 4543 2473 4602 sibi
2504 4543 2674 4612 videt,
2720 4558 2840 4614 qua
2878 4541 2947 4597 ad
2975 4539 3484 4641 bonam‘pertinent

188 4653 361 4711 neque
385 4637 534 4695 enim
563 4639 765 4712 poterit
793 4637 992 4706 facere,
1024 4637 1121 4712 qui
1145 4653 1247 4695 nec
1274 4638 1468 4696 docere
1498 4639 1775 4712 dignatur.

189 4727 429 4786 Gratiam
467 4735 653 4785 tamen
697 4728 816 4785 dari
846 4727 1181 4785 ordinatoris
1221 4727 1492 4801 signiﬁcat
1537 4743 1633 4800 per
1657 4744 1776 4801 pro-

189 4819 430 4892 phetiam
479 4826 534 4876 et
567 4835 831 4876 manuum
871 4818 1303 4892 impositionem.
1351 4817 1644 4891 Prophetia
1672 4826 1776 4889 est,

189 4924 294 4982 qua
324 4909 548 4982 eligitur
584 4910 741 4983 quasi
771 4909 964 4966 doctor
993 4909 1230 4969 .futurus
1277 4909 1546 4977 idoneus;
1584 4923 1778 4966 manus

190 5017 316 5056 vero
347 5000 728 5074 impositiones
765 4999 932 5056 verba
961 5007 1090 5056 sunt
1120 4999 1371 5072 mystica,
1407 4998 1608 5073 quibus
1635 5014 1779 5057 con-

191 5088 436 5146 ﬁrmatur
472 5089 542 5146 ad
585 5089 692 5146 hoc
730 5105 866 5162 opus
900 5089 1126 5158 electus,
1170 5087 1444 5161 accipiens
1470 5089 1779 5146 auctorita-

99 5195 102 5197 ·
191 5187 317 5248 tem,
347 5186 484 5236 teste
525 5178 866 5238 conscientia
911 5194 1038 5246 sua;
1071 5185 1133 5235 ut
1163 5177 1360 5236 audeat
1394 5177 1516 5236 vice
1553 5175 1776 5236 Domini

189 5268 522 5326 sacriﬁcium
553 5271 668 5326 Deo
697 5269 912 5326 offerre.

261 5356 443 5429 (Vers.
478 5358 564 5427 15,
614 5359 728 5431 16.)
791 5382 809 5406 ι
837 5358 966 5416 Hac
996 5357 1282 5428 meditare,
1332 5357 1390 5416 in
1420 5356 1509 5413 his
1534 5365 1678 5425 esto;
1718 5366 1780 5414 ut

193 5444 466 5520 profectus
491 5455 620 5504 tuus
648 5446 974 5504 manifestus
1001 5447 1073 5506 sit
1101 5447 1377 5507 omnibus.
1409 5444 1646 5504 Attende
1673 5444 1778 5504 tibi

191 5642 378 5788 W536)
411 5641 598 5703 Codex
627 5642 800 5716 Vall.,
839 5646 968 5704 Tum
995 5660 1115 5702 vero
1141 5643 1415 5702 metuenda
1442 5659 1548 5702 esse
1572 5642 1781 5703 intelli-

1887 4635 2083 4704 vitam,
2109 4633 2406 4702 consentit,
2453 4631 2723 4688 humilem
2765 4645 2822 4686 se
2860 4628 3109 4702 praebens
3137 4625 3478 4682 admonenti.

1889 4713 2358 4782 Blanditiis‘enim
2380 4721 2558 4779 solent
2587 4717 2844 4786 obtineri,
2877 4733 2998 4790 quas
3027 4714 3350 4772 auctoritate
3371 4729 3480 4769 non

1889 4824 2148 4890 possunt;
2181 4833 2309 4872 nam
2343 4811 2607 4870 animalia
2636 4809 2857 4884 quando
2895 4805 3141 4864 membra
3166 4821 3264 4863 sua
3291 4804 3484 4862 zelan-
3569 4883 3572 4886 Α

1888 4912 1998 4972 tur,
2030 4901 2318 4960 blanditiis
2342 4908 2526 4958 tamen
2554 4895 2777 4954 cedunt.

1961 4993 2143 5060 (Vers.
2193 4991 2274 5063 3.)
2344 5013 2364 5038 ι
2395 4987 2605 5045 Viduas
2653 4985 2885 5052 honora,
2943 4997 3066 5056 qum
3121 4997 3248 5040 vere
3297 4981 3484 5039 viduas

1887 5089 2035 5138 sunt.
2089 5104 2107 5128 ι
2161 5079 2268 5135 Has
2312 5075 2508 5132 viduas
2556 5072 2694 5131 dicit
2751 5069 3120 5140 honorandas,
3182 5085 3302 5144 quin
3357 5069 3485 5128 data

1887 5185 2052 5243 opera
2088 5168 2272 5224 vidum
2311 5172 2471 5222 sunt:
2524 5178 2644 5237 quae
2697 5177 2826 5220 cum
2871 5167 3094 5234 possent
3148 5159 3374 5228 nubere,
3421 5166 3485 5215 ut

1889 5259 2142 5316 meliores
2170 5263 2351 5312 essent
2380 5263 2434 5311 et
2478 5252 2656 5326 digna:
2703 5253 2838 5321 Deo,
2876 5249 3144 5308 secundas
3193 5252 3336 5311 299
3383 5263 3482 5304 nu-

1888 5354 2031 5429 ptias
2071 5359 2418 5425 respuerant,
2477 5351 2710 5409 scientes
2769 5348 2937 5405 semel
2985 5345 3236 5403 benedici
3292 5342 3484 5415 conju-

1891 5445 2061 5519 gium,
2110 5441 2321 5500 aemulae
2363 5440 2721 5500 sanctissimis
2761 5439 2956 5508 Anna,
2995 5451 3116 5511 quas
3147 5434 3379 5510 jejuniis
3430 5443 3486 5492 et

1965 5641 2083 5714 (47)
2120 5641 2278 5714 Docet
2311 5639 2371 5696 in
2408 5638 2670 5714 omnibus
2697 5635 2832 5714 edit.
2855 5650 2919 5691 ac
2944 5632 3142 5714 multis
3169 5647 3300 5693 mss.
3328 5632 3488 5694 desi-

1893 5705 2135 5784 deratur,
2166 5712 2260 5769 sed
2294 5727 2364 5770 ex
2383 5712 2510 5770 aliis
2533 5706 2820 5768 nonnullis
2848 5705 3180 5764 restituitur.
