3970 6384
462 384 568 442 503

1480 383 1576 440 AD
1615 382 1848 440 ΟΡΕΒΑ
1885 380 1941 438 S.
1979 381 2311 440 AMBROSII
2347 381 2726 440 APPENDIX.

3674 386 3793 445 504

465 512 940 570 obsecrationibus
967 513 1079 568 Deo
1124 511 1398 568 serviebat
1435 520 1597 568 nocte
1635 513 1854 584 dieque,
1896 513 2063 568 unius
2091 515 2140 574 A
2173 514 2342 583 dicit;
2374 515 2504 590 quia
2543 515 2687 572 sicut
2715 513 2931 587 perﬁdi,
2976 513 3082 588 legi
3115 513 3340 571 Domini
3382 530 3499 572 non
3528 516 3794 576 obedivit

465 600 574 656 viri
599 609 824 672 experta
853 600 1211 658 concubitum
1236 601 1387 668 (Luc.
1419 618 1478 669 ιι,
1507 601 1594 668 36,
1629 601 1744 673 37).

539 689 722 761 (Vers.
756 689 836 761 4.)
880 715 898 736 α
919 691 976 746 Si
1007 706 1111 762 qua
1137 699 1320 746 autem
1351 689 1522 746 vidua
1549 690 1696 746 ﬁlios
1722 691 1811 746 vel
1841 699 2066 762 nepotes

465 778 650 845 habet,
681 777 855 834 discat
882 777 1125 850 primum
1157 778 1382 834 domum
1412 795 1566 835 suam
1595 778 1684 851 pie
1727 787 1983 844 tractare,
2011 785 2066 834 et

465 877 714 926 mutuam
745 869 924 926 vicem
970 869 1268 941 gratiarum
1314 868 1541 926 reddere
1569 868 1916 941 parentibus:
1960 869 2066 926 hoc

464 957 613 1013 enim
642 966 928 1029 acceptum
959 964 1041 1012 est
1081 973 1264 1014 coram
1297 959 1430 1014 Deo.
1460 983 1479 1006 ι
1535 957 1774 1014 Viduam
1821 957 1974 1030 prius
2004 959 2062 1014 in

440 1044 570 1106 .hac
597 1045 714 1102 vita
733 1054 788 1102 et
824 1047 1245 1103 conversatione
1275 1045 1414 1102 dicit
1441 1045 1802 1118 probandam,
1839 1055 1900 1102 ut
1931 1055 2064 1103 tunc

464 1133 685 1190 demum
722 1133 889 1206 digna
929 1135 1002 1191 sit
1047 1135 1217 1192 vidua
1262 1135 1524 1192 Ecclesiae
1569 1136 1898 1208 nuncupari,
1941 1152 2062 1209 quae

464 1240 576 1281 non
611 1209 852 1296 quaestus
897 1241 1060 1282 causa
1088 1225 1262 1298 magis
1301 1241 1461 1298 quam
1495 1224 1852 1293 defensionis,
1893 1227 2062 1282 eccle-

464 1313 698 1371 siasticae
735 1313 1059 1370 succumbat
1088 1313 1418 1386 disciplinae.
1451 1314 1652 1370 Praeire
1679 1313 1826 1369 enim
1859 1313 2062 1372 debent

464 1401 678 1470 merita,
727 1412 791 1460 ut
844 1402 1128 1460 accedenti
1192 1402 1412 1459 debitus
1475 1401 1655 1458 honor
1714 1401 1833 1473 (48)
1888 1402 2062 1460 tribui

463 1488 752 1558 videatur;
802 1507 923 1564 quae
959 1491 1106 1546 enim
1138 1491 1364 1547 aﬁ‘ectus
1393 1506 1521 1546 suos
1562 1490 1650 1562 pie
1691 1491 1970 1558 tractavit,
2009 1500 2064 1548 et

463 1578 691 1636 domum
709 1581 850 1637 bene
881 1579 1228 1652 gubernavit,
1255 1580 1356 1636 Dei
1385 1581 1560 1651 legem
1597 1581 1862 1650 servavit,
1895 1579 2062 1652 digna

463 1668 653 1723 cﬂ‘ecta
675 1669 1119 1724 remuneratione
1145 1669 1427 1724 Ecclesiae.

537 1759 719 1829 (Vers.
753 1759 834 1829 5.)
879 1782 898 1806 ε
921 1759 1059 1814 Nam
1090 1775 1211 1832 quae
1240 1776 1370 1814 vere
1395 1759 1565 1816 vidua
1592 1769 1674 1816 est
1703 1769 1758 1816 et
1795 1760 2058 1831 desolata,

2174 612 2236 660 ut
2257 605 2412 678 pejor
2441 604 2725 662 habeatur.
2759 605 2987 660 Necesse
3018 610 3102 659 est
3133 603 3286 660 enim
3322 612 3384 660 ut
3407 605 3656 664 deterior
3681 607 3786 676 sit,

2174 696 2270 768 qui
2302 695 2404 752 sub
2461 697 2578 768 lege
2617 704 2671 752 et
2716 695 2914 751 timore
2947 693 3044 750 Dei
3087 710 3252 766 agens
3288 703 3638 768 contemptor
3673 705 3788 767 est,

2175 801 2339 858 quam
2371 784 2468 858 qui
2505 800 2618 840 non
2649 783 2930 855 subjectus
2967 792 3049 840 est
3080 782 3218 854 legi;
3265 781 3360 840 hic
3385 785 3538 841 enim
3575 787 3787 855 nescit,

2173 873 2270 930 ille
2289 881 2474 929 autem
2494 873 2672 929 sciens
2697 871 3028 930 contemnit.

2246 962 2429 1034 (Vers.
2459 962 2514 1030 9,
2540 961 2655 1032 10.)
2701 987 2720 1007 ι
2739 961 2921 1018 Vidua
2949 960 3185 1034 eligatur
3212 975 3486 1018 annorum
3515 977 3628 1019 non
3658 963 3789 1019 mi-

2172 1067 2278 1107 nus
2306 1051 2611 1124 sexaginta,
2645 1065 2765 1124 qua:
2797 1050 2966 1106 fuerit
2994 1049 3162 1107 unius
3199 1050 3307 1106 viri
3338 1067 3504 1121 uxor,
3548 1051 3608 1110 in
3647 1069 3784 1126 ope-

2173 1143 2328 1199 ribus
2347 1143 2506 1200 bonis
2536 1143 2916 1200 testimonium
2947 1141 3176 1210 habens,
3218 1141 3264 1197 si
3295 1140 3442 1197 ﬁlios
3479 1141 3782 1210 enutrivit,

2171 1233 2218 1289 si
2277 1233 2521 1306 hospitio
2565 1234 2791 1306 recepit,
2839 1233 2887 1290 si
2933 1241 3250 1288 sanctorum
3299 1231 3464 1304 pedes
3508 1231 3664 1300 lavit,
3729 1231 3784 1286 si

2172 1339 2479 1395 pressuram
2512 1322 2847 1396 patientibus
2876 1321 3343 1390 subministravit,
3377 1321 3423 1378 si
3452 1338 3614 1378 omne
3633 1338 3786 1394 opus

2171 1411 2376 1468 bonum
2397 1413 2684 1471 subsecuta
2703 1420 2804 1469 est.
2827 1437 2846 1461 ι
2888 1413 2944 1469 Si
2969 1413 3328 1485 praerogativa
3362 1413 3781 1486 praeteritorum

2171 1517 2396 1572 operum
2420 1501 2590 1557 vidua
2619 1500 3058 1569 commendatur,
3089 1501 3402 1573 eligendam
3423 1501 3568 1558 hanc
3587 1501 3777 1558 docet:

2135 1591 2391 1657 ,Domini
2421 1591 2568 1647 enim
2607 1589 2821 1663 judicio
2865 1590 3162 1648 ascribitur
3199 1607 3400 1646 nomen
3445 1591 3564 1663 ejus
3599 1591 3782 1650 eccle-

2170 1681 2405 1738 siasticis
2435 1682 2828 1751 monumentis,
2858 1696 3020 1755 quam
3060 1680 3283 1753 dignam
3317 1688 3474 1736 vetus
3518 1681 3636 1736 vita
3665 1679 3787 1736 de-

2169 1772 2360 1828 clarat.
2408 1772 2624 1828 Imbuta
2672 1770 2820 1828 enim
2865 1769 3074 1826 divinis
3102 1768 3399 1840 obsequiis,
3460 1779 3516 1826 et
3572 1770 3630 1825 in
3686 1769 3784 1825 his

463 1854 642 1918 sperat
682 1847 740 1902 in
769 1849 905 1916 Deo,
941 1855 996 1903 et
1026 1847 1194 1904 instat
1222 1849 1565 1906 orationibus
1592 1857 1761 1905 noctu
1789 1848 2005 1922 dieque.
2028 1873 2046 1896 ι
2091 1871 2134 1930 Β
2169 1861 2340 1916 vitam
2393 1869 2648 1929 atterens,
2697 1857 3045 1931 suscipienda
3083 1865 3166 1913 est
3209 1857 3268 1913 in
3320 1857 3447 1914 sinu
3483 1858 3776 1929 Ecclesiae,

462 1934 703 1992 Viduam
752 1935 899 1992 ﬁlios
945 1945 1042 1993 aut
1095 1945 1320 2008 nepotes
1375 1938 1670 1994 habentem
1727 1955 1840 1994 non
1897 1937 2060 1994 facile

462 2023 862 2081 admittendam
904 2025 972 2081 ad
1007 2025 1282 2098 stipendia
1309 2027 1608 2093 Ecclesiae;
1642 2026 1772 2098 quia
1811 2025 1858 2080 si
1889 2025 1978 2096 pie
2007 2033 2060 2081 et

463 2115 700 2172 sollicite
731 2115 956 2172 domum
993 2133 1147 2172 suam
1179 2117 1527 2190 gubernavit,
1564 2132 1780 2172 necesse
1800 2124 1883 2172 est
1903 2114 2058 2170 reddi

463 2203 549 2260 illi
574 2205 753 2261 vicem
798 2221 829 2260 a
854 2205 990 2274 suis,
1042 2205 1184 2262 sicut
1212 2215 1267 2262 et
1295 2205 1393 2261 illa
1423 2203 1664 2261 reddidit
1696 2203 2055 2276 propinquis:

463 2293 508 2350 si
552 2303 756 2364 autem,
807 2302 869 2351 ut
917 2293 1148 2362 adsolet,
1191 2294 1446 2365 impietas
1492 2293 1662 2348 fuerit
1717 2300 1956 2365 operata,
1998 2300 2061 2348 ut

461 2397 599 2437 anus
627 2381 1010 2454 despiciatura
1047 2381 1182 2449 suis,
1213 2397 1350 2453 quos
1395 2379 1482 2451 pie
1517 2379 1792 2448 tractavit,
1824 2380 2057 2453 dignum

461 2486 578 2526 esse
618 2470 760 2527 hanc
785 2470 991 2542 suscipi
1020 2469 1088 2525 ab
1125 2467 1390 2535 Ecclesia,
1440 2467 1570 2540 quia
1597 2469 1654 2524 in
1690 2468 1914 2526 Domini
1943 2469 2058 2542 lege

460 2559 699 2617 ﬁdeliter
725 2568 1045 2618 conversata
1089 2567 1189 2615 est.
1221 2557 1405 2615 Vidua
1442 2559 1612 2631 igitur
1638 2559 1900 2630 desolata,
1945 2569 1999 2617 et
2027 2577 2059 2617 a

462 2649 577 2706 suis
623 2656 958 2720 contempta,
1005 2651 1187 2718 sperat
1239 2645 1296 2702 in
1352 2649 1492 2716 Deo;
1548 2647 1744 2705 videns
1781 2649 1930 2706 enim
1989 2666 2058 2706 ex

462 2740 618 2795 nulla
637 2748 789 2812 parte
817 2753 872 2793 se
903 2734 1102 2790 habere
1121 2736 1464 2808 suffragium,
1497 2744 1616 2794 toto
1643 2739 1830 2795 animo
1857 2739 2058 2796 devota

463 2836 545 2884 est
573 2831 706 2896 Deo,
747 2827 814 2882 de
855 2841 965 2898 quo
1004 2827 1122 2881 solo
1147 2827 1420 2884 auxilium
1451 2827 1581 2884 vitae
1619 2827 1920 2901 salutisque
1948 2845 2058 2885 ex-

461 2923 690 2988 spectat.

535 3005 716 3075 (Vers.
748 3005 828 3076 6.)
874 3006 1042 3062 «Nam
1073 3022 1194 3078 quae
1222 3006 1278 3063 in
1299 3007 1514 3064 deliciis
1543 3017 1625 3064 est
1643 3007 1828 3076 vidua,
1862 3009 2058 3066 vivens

463 3102 680 3149 mortua
703 3102 804 3151 est.
831 3121 850 3144 ι
896 3097 1155 3166 Viduam,
1195 3105 1417 3171 propter
1445 3099 1592 3170 quod
1633 3097 1801 3154 vidua
1829 3099 2055 3168 dicitur,

460 3181 625 3236 talem
674 3197 788 3289 esse
825 3183 1023 3240 debere
1040 3185 1327 3289 .signiﬁcat
1370 3185 1511 3258 (49),
1549 3193 1612 3242 ut
1648 3187 1717 3244 ad
1754 3189 2054 3244 Dominum
2087 3229 2130 3289 Ο

460 3272 882 3340 promerendum
915 3274 1259 3331 orationibus
1279 3285 1458 3344 vacet,
1488 3278 1602 3332 Deo
1629 3277 1874 3334 serviens
1895 3287 2054 3334 nocte

459 3356 694 3432 dieque;
753 3368 814 3416 ut
869 3361 1122 3418 ostendat
1166 3379 1222 3418 se
1269 3363 1476 3420 idcirco
1523 3364 1744 3436 nuptias
1789 3366 2054 3422 secundas

459 3448 870 3520 contempsisse,
911 3459 975 3507 ut
1019 3451 1248 3508 instaret
1281 3451 1590 3524 disciplinae
1626 3453 1950 3511 Dominicae.
1996 3454 2055 3510 Si

459 3537 604 3592 enim
633 3539 736 3596 sub
764 3543 991 3600 nomine
1019 3544 1204 3600 viduae
1229 3545 1450 3604 deliciis
1486 3555 1644 3602 vacet
1671 3553 1766 3601 aut
1793 3539 2050 3615 luxuriae,

458 3624 653 3683 vivens
692 3639 908 3688 mortua
945 3632 1197 3690 habenda
1228 3643 1342 3702 est;
1378 3635 1506 3706 quia
1540 3635 1857 3706 imposturas
1885 3651 2053 3706 genus

458 3723 559 3782 est,
601 3715 752 3772 aliud
777 3735 954 3790 agere,
987 3729 1041 3776 et
1077 3721 1233 3778 aliud
1262 3723 1536 3795 proﬁteri:
1571 3739 1681 3778 non
1711 3723 1972 3794 obsequia
2001 3732 2054 3780 et

458 3801 808 3862 devotionem
838 3808 937 3864 Dei
979 3809 1122 3881 (50),
1153 3810 1249 3866 sed
1279 3811 1545 3866 honorem
1594 3810 1776 3867 viduae
1805 3812 2055 3869 volentes

457 3890 694 3961 habere;
727 3912 854 3952 cum
893 3898 1137 3956 nominis
1168 3899 1340 3971 ipsius
1379 3899 1647 3972 professio
1677 3901 1782 3958 hoc
1813 3900 2048 3970 indicet;

457 3980 589 4052 quia
634 3991 816 4054 spreto
871 3985 1013 4053 viro,
1069 3989 1244 4043 Deum
1300 3989 1484 4062 elegit,
1541 3990 1634 4046 cui
1691 3989 1896 4045 serviat
1933 3997 2053 4045 tota

456 4077 661 4138 mente,
693 4081 916 4144 propter
945 4074 1118 4130 vitam
1140 4077 1485 4148 promissam.

531 4159 713 4229 (Vers.
749 4161 826 4232 7.)
870 4185 889 4209 ι
923 4162 996 4218 Et
1026 4163 1145 4220 haec
1171 4165 1425 4237 praecipe,
1459 4174 1520 4221 ut
1543 4165 2052 4238 irreprehensibiles

457 4247 590 4304 sint.
625 4274 644 4297 ι
685 4250 914 4306 Tantam
963 4251 1308 4325 diligentiam
1349 4261 1572 4310 actuum
1619 4272 1682 4312 ac
1726 4275 1940 4314 morum
1972 4259 2051 4314 vi-

456 4336 623 4393 duam
655 4341 774 4396 vult
805 4340 1024 4412 habere,
1047 4351 1109 4398 ut
1138 4343 1466 4415 reprehendi
1492 4362 1602 4401 non
1633 4347 1837 4418 possit;
1871 4355 2054 4404 amota

458 4427 607 4482 enim
655 4445 686 4485 a
722 4447 815 4502 spe
865 4432 1159 4487 mundanae
1207 4435 1662 4504 conversationis,
1711 4443 1766 4492 et
1807 4437 2052 4508 corporis

453 4516 684 4572 curandi
713 4519 914 4588 olﬁcio,
965 4529 1186 4592 propter
1228 4522 1335 4578 hoc
1375 4541 1431 4580 se
1468 4524 1536 4579 ad
1578 4526 1750 4580 Deum
1793 4526 2049 4594 contulit,

452 4612 516 4660 ut
545 4608 886 4678 probabilem
920 4587 1044 4681 agat
1067 4587 1266 4667 vitam.
1297 4611 1540 4668 Sublatis
1571 4613 1718 4668 enim
1749 4587 2046 4671 occasioni:
2077 4587 2126 4646 D

451 4693 575 4764 bus,
604 4713 725 4768 quae
753 4697 938 4754 aditus
970 4700 1150 4754 solent
1177 4700 1389 4772 aperire
1419 4701 1672 4772 peccatis,
1701 4710 1880 4774 pctest
1906 4703 2050 4760 bona

451 4786 800 4842 conversatio
828 4786 1126 4845 incolumis
1152 4805 1490 4861 permanere.

524 4885 706 4954 (Vers.
741 4886 824 4961 8.)
885 4911 902 4934 ι
931 4887 989 4944 Si
1027 4887 1152 4962 quis
1188 4895 1370 4944 autem
1406 4888 1522 4962 (51)
1556 4905 1806 4960 suorum,
1844 4901 1899 4950 et
1936 4909 2046 4949 ma-

448 4973 602 5031 xime
621 4975 1046 5034 domesticorum
1068 4996 1256 5036 curam
1278 4997 1391 5036 non
1413 4979 1594 5049 habet,
1617 4980 1781 5036 ﬁdem
1804 4983 2042 5054 negavit,

450 5071 505 5119 et
537 5073 620 5120 est
648 5064 858 5122 inﬁdeli
891 5067 1148 5124 deterior.
1181 5093 1200 5117 ›
1253 5070 1408 5126 Hanc
1445 5069 1670 5126 viduam
1701 5087 1820 5144 quae
1859 5073 2046 5144 negli-

449 5171 582 5228 gens
621 5154 732 5211 fuit
773 5155 922 5214 circa
967 5173 1095 5214 suos
1137 5159 1384 5230 aﬁ‘ectus,
1443 5169 1503 5217 ut
1548 5161 1805 5219 educaret
1846 5180 1940 5220 eos
1983 5166 2043 5222 in

448 5243 745 5317 disciplina
798 5253 853 5302 et
905 5246 1246 5304 correctione
1295 5249 1542 5320 Domini,
1599 5251 2042 5312 inbonorandam

521 5422 638 5494 (48)
669 5425 830 5480 Rom.
860 5422 1020 5490 edit.,
1052 5429 1111 5478 ut
1137 5424 1397 5481 accedenti
1422 5426 1640 5481 meritus
1668 5428 1862 5485 honor.

2167 1949 2256 2004 cui
2288 1949 2421 2006 olim
2449 1967 2506 2006 se
2533 1951 2690 2006 vovit
2720 1948 2984 2021 legitimis
3012 1946 3282 2004 servitiis.

2241 2039 2423 2110 (Vers.
2457 2039 2570 2110 ll.)
2617 2063 2636 2086 ι
2665 2037 3119 2094 Adolescentulas
3147 2052 3280 2092 vero
3305 2035 3504 2092 viduas
3542 2035 3772 2092 devita:

2168 2145 2293 2186 cum
2314 2127 2461 2184 enim
2478 2129 2648 2183 vitam
2665 2127 2724 2184 in
2748 2127 2964 2184 deliciis
2982 2127 3219 2199 egerint,
3241 2125 3300 2182 in
3317 2125 3539 2183 Christo
3558 2125 3776 2183 nubere

2167 2219 2386 2274 volunt.
2408 2242 2428 2266 ι
2469 2216 2730 2274 Prohibet
2759 2216 3195 2274 adolescentulas
3219 2214 3416 2271 viduas
3444 2214 3502 2270 in
3528 2213 3631 2271 hac
3648 2231 3774 2271 sus-

2167 2306 2276 2378 cipi
2315 2307 2672 2387 professione,
2723 2306 2950 2364 lubricae
3004 2306 3154 2362 enim
3207 2304 3355 2361 aetati
3409 2295 3564 2359 ﬁdes'
3601 2302 3773 2360 facile

2168 2391 2357 2450 haberi
2387 2409 2500 2450 non
2541 2394 2733 2462 debet;
2777 2395 2980 2468 quippe
3015 2411 3142 2450 cum
3172 2391 3535 2467 quarumdam
3579 2408 3772 2450 exem-

2167 2481 2257 2554 pla
2295 2481 2767 2557 praecedant,quaz
2803 2492 2928 2556 post
2948 2483 3344 2556 professionem
3372 2483 3502 2538 vita;
3529 2481 3772 2540 delicia-

2167 2586 2288 2626 rum
2320 2571 2689 2628 oblectatione
2727 2588 2948 2640 nomen,
2991 2588 3100 2628 non
3140 2587 3306 2644 opera
3341 2571 3630 2628 viduitatis
3667 2569 3769 2628 ha-

2165 2658 2316 2728 bent,
2361 2669 2416 2717 et
2461 2677 2738 2717 conversae
2768 2660 2978 2734 nuptiis
3033 2659 3428 2718 sollicitantur.
3473 2659 3578 2727 Qui
3608 2659 3767 2717 enim

2167 2756 2322 2820 putat
2350 2765 2406 2805 se
2435 2749 2494 2804 in
2528 2749 2748 2808 Christo
2774 2752 2947 2806 vitam
2977 2749 3194 2806 deliciis
3221 2765 3398 2822 agere,
3429 2749 3658 2806 minime
3677 2750 3768 2806 in-

2166 2855 2369 2896 nocens
2397 2849 2738 2912 perseverat:
2799 2840 3024 2896 luxuria
3068 2839 3214 2895 enim
3261 2839 3436 2896 trahit
3485 2839 3643 2899 illum
3691 2839 3768 2897 ad

2167 2945 2264 2984 sua
2291 2929 2556 2998 membra,
2589 2938 2652 2986 ut
2692 2929 3038 3002 subjiciatur.
3071 2937 3330 3002 peccato:
3363 2927 3574 2986 deliciae
3607 2929 3766 2986 enim

2159 3019 2344 3092 januas
2372 3031 2502 3078 sunt
2531 3022 2758 3094 peccati.
2789 3023 2910 3080 Non
2935 3021 3084 3079 enim
3105 3037 3216 3095 quo
3245 3019 3434 3076 tendat
3454 3021 3765 3094 ignoratur,

2166 3111 2260 3184 qui
2291 3110 2516 3167 ﬂuidam
2542 3121 2690 3169 amat
2711 3109 2904 3170 vitam.

2172 3212 2179 3225 '
2238 3201 2420 3272 (Vers.
2455 3202 2568 3274 l2.)
2631 3226 2650 3250 ι
2691 3202 2966 3258 Habentes
3011 3201 3439 3270 damnationem,
3483 3200 3612 3275 quia
3649 3200 3767 3272 pri-

2165 3305 2311 3345 mam
2351 3289 2516 3348 ﬁdem
2558 3291 2771 3348 irritam
2820 3291 3130 3349 fecerunt.»
3179 3297 3324 3354 300
3362 3289 3507 3359 Quid
3541 3297 3769 3346 maneat

2165 3385 2322 3454 tales,
2383 3387 2641 3456 ostendit,
2701 3405 2770 3445 ne
2821 3388 2981 3444 facile
3029 3387 3286 3457 audeant,
3327 3385 3476 3460 quod
3531 3385 3768 3458 implere

2165 3475 2389 3534 diﬁicile
2409 3486 2490 3534 est
2514 3497 2526 3535 :
2543 3488 2636 3536 aut
2663 3480 2709 3535 si
2729 3480 2950 3536 animus
2970 3489 3052 3538 est
3071 3480 3203 3536 huic
3221 3478 3502 3536 devotioni
3515 3477 3762 3547 deditus,

2164 3566 2310 3638 apud
2360 3583 2417 3622 se
2461 3567 2682 3624 interim
2732 3577 2936 3638 teneat,
2978 3569 3109 3642 quia
3159 3567 3358 3626 didicit
3403 3566 3765 3624 temerarium

2169 3655 2284 3726 (52)
2317 3672 2431 3713 esse
2458 3656 2725 3730 proﬁteri,
2755 3659 2902 3732 quod
2937 3659 3118 3716 adhuc
3138 3657 3378 3731 juvenili
3410 3657 3558 3714 aetati
3581 3655 3766 3714 credi-

2165 3759 2273 3799 non
2305 3744 2482 3802 debet.
2533 3747 2885 3804 Damnationi
2931 3747 3080 3804 enim
3125 3747 3190 3803 ﬁt
3225 3747 3520 3815 obnoxius,
3559 3745 3656 3818 qui
3689 3744 3764 3801 ab

2165 3831 2273 3890 hoc
2292 3834 2530 3891 declinat
2558 3835 2706 3910 quod
2735 3844 2881 3894 recte
2910 3837 3132 3894 fecerat.
3165 3835 3444 3904 Quantum
3464 3835 3616 3892 enim
3643 3835 3763 3892 lau-

2164 3920 2345 3979 dabile
2369 3931 2469 3993 est,
2501 3925 2548 3980 si
2577 3925 2802 3998 impleat
2821 3925 2969 3999 quod
2993 3927 3140 3980 ultra
3170 3925 3317 3981 vires
3345 3925 3462 3997 ejus
3489 3925 3762 3994 creditur,

2163 4019 2316 4070 tanto
2343 4013 2517 4086 magis
2553 4013 2866 4086 puniendus
2893 4013 3018 4082 erit,
3057 4013 3105 4070 si
3140 4012 3246 4069 hoc
3279 4013 3478 4070 audeat
3517 4014 3624 4071 sibi
3657 4014 3762 4070 im-

2163 4116 2365 4172 ponere
2394 4103 2819 4175 praesumptione
2857 4101 3202 4170 temeritatis,
3252 4101 3400 4174 quod
3450 4102 3596 4159 ferre
3645 4119 3760 4160 non

2165 4191 2360 4262 possit:
2394 4207 2496 4248 nec
2529 4192 2598 4248 ad
2636 4191 2856 4247 veniam
2903 4189 3064 4248 debet
3105 4191 3401 4264 pertinere,
3451 4191 3549 4264 qui
3600 4202 3684 4250 est
3727 4209 3762 4250 a

2163 4281 2468 4352 primordio
2488 4281 2729 4338 inﬁdelis
2759 4283 3040 4340 inventus.

2237 4369 2417 4440 (Vers.
2456 4370 2568 4442 13.)
2604 4394 2622 4418 ε
2653 4371 2828 4430 Simul
2858 4381 3041 4429 autem
3076 4383 3130 4430 et
3159 4373 3349 4430 otiosa;
3376 4373 3601 4432 discunt
3635 4373 3761 4429 cir-

2162 4456 2347 4514 cuire:
2401 4475 2512 4516 non
2553 4463 2729 4518 solum
2775 4472 2956 4520 autem
3005 4462 3212 4532 otiosae,
3261 4463 3360 4520 sed
3396 4471 3452 4520 et
3489 4463 3755 4531 verbosas,

2161 4556 2214 4602 et
2242 4547 2492 4617 curiosae,
2526 4551 2812 4624 loquentes
2850 4569 2970 4626 quae
3007 4569 3120 4609 non
3164 4561 3398 4625 oportet.
3431 4577 3450 4601 ι
3493 4551 3756 4620 Quaedam

2159 4635 2404 4708 virgines
2442 4639 2528 4694 vel
2561 4639 2765 4706 viduae,
2795 4643 3216 4699 commendante
3236 4641 3570 4714 professione
3601 4642 3757 4713 (glo-

2161 4725 2369 4783 riosum
2400 4735 2482 4784 est
2509 4729 2656 4786 enim
2688 4729 2856 4802 hujus
2882 4731 2961 4786 rei
2983 4731 3364 4804 vocabulum),
3393 4729 3758 4802 acceptabiles

2160 4825 2290 4872 sunt
2317 4816 2574 4874 domibus
2617 4819 2881 4888 divitum,
2929 4837 3050 4894 quae
3099 4821 3156 4878 id
3207 4828 3398 4892 agunt,
3429 4829 3492 4876 ut
3528 4827 3760 4892 pareant

2159 4906 2538 4963 voluntatibus
2565 4924 2778 4978 eorum,
2814 4909 3160 4968 ambulantes
3203 4919 3256 4968 et
3285 4916 3590 4984 quaerentes
3631 4925 3757 4982 quae

2159 4995 2434 5067 perferant
2492 4996 2561 5052 ad
2607 4997 2752 5066 illos,
2784 4998 2986 5072 quibus
3026 4999 3389 5068 delectentur,
3446 5007 3510 5056 ut
3562 4997 3757 5056 otiosae

2159 5085 2482 5142 muneribus
2516 5086 2857 5156 aﬁiciantur;
2887 5096 2941 5145 et
2971 5089 3114 5146 malo
3161 5105 3314 5145 more
3337 5089 3462 5162 plus
3504 5097 3758 5162 quaerant

2157 5173 2380 5243 fabulis,
2435 5191 2598 5248 quam
2646 5193 2767 5251 quae
2823 5186 3120 5250 operantur
3150 5178 3444 5244 manibus;
3494 5184 3557 5233 ut
3593 5178 3758 5236 elatae

2155 5264 2455 5337 procedant
2480 5276 2536 5324 et
2567 5267 2906 5342 compositae,
2948 5277 3141 5326 contra
3169 5266 3567 5340 professionem
3593 5283 3755 5325 suam

2229 5437 2345 5513 (5_i_)
2377 5437 2536 5496 Rom.
2565 5438 2725 5508 edit.,
2747 5439 2808 5496 Si
2833 5455 2940 5510 qua
2959 5447 3152 5497 autem.
3183 5439 3255 5495 Et
3285 5439 3448 5510 infra,
3473 5441 3600 5513 quia
3614 5440 3758 5496 sicut

481 5493 638 5580 .(42)
689 5495 877 5580 Codex
922 5495 1095 5563 Vall.,
1144 5497 1476 5569 Quapropter
1503 5497 1719 5554 viduam
1755 5501 1851 5556 Dei
1887 5503 2041 5558 talem
2146 5493 2382 5580 perﬁdo.

447 5565 822 5713 stgggtflif‘dtdem
859 5639 1070 5713 codex,
1105 5657 1210 5696 non
1240 5641 1480 5710 obsequio
1527 5649 1577 5696 et
1616 5644 1884 5702 devotione
1916 5647 2037 5713 Dei,

445 5705 534 5761 sed
552 5707 746 5763 honore
775 5725 957 5766 nmnen
983 5705 1148 5768 vidua
1175 5705 1401 5768 volentés
1425 5713 1630 5772 habere.

2227 5581 2344 5662 (ᾄὲ)
2377 5582 2581 5638 Omnes
2609 5581 2741 5638 edit.
2765 5589 2819 5639 et
2849 5598 2980 5640 mss.
3011 5583 3241 5657 aliquot,
3283 5585 3411 5660 quia
3440 5583 3570 5641 dicit
3599 5589 3752 5643 teme-

2150 5667 2361 5708 ramum
2373 5695 2386 5708 .
