3970 6376
207 399 317 458 505

1221 398 1583 458 COMMENT.
1623 398 1698 457 IN
1730 399 1949 458 EPIST.
1988 402 2012 458 Ι
2046 401 2142 458 AD
2180 400 2468 463 TIMOTH.

3398 402 3506 461 506

207 532 449 601 agentes.
497 524 630 594 Qua
675 540 763 583 res
808 525 947 582 solet
974 524 1088 581 illis
1109 524 1272 583 etiam
1316 526 1375 582 in
1403 525 1508 583 hac
1530 525 1648 581 vita
1673 540 1792 582 esse
1820 528 1871 587 Α
1898 542 1997 599 per
2023 526 2412 600 negligentiam
2441 525 2524 594 ﬁt,
2553 523 2852 599 aliquando
2879 532 3167 599 potentatu
3194 525 3504 584 insinuan-

208 617 485 673 contraria
515 634 530 685 ;
586 616 862 672 revelatur
916 615 1064 671 enim
1112 614 1171 671 id
1201 614 1349 688 quod
1378 631 1592 688 semper
1619 616 1798 673 occul-

207 713 328 763 tum
371 713 588 778 putant.
633 705 779 773 Quid
820 712 904 762 est
942 706 1114 773 enim,
1165 712 1224 761 ut
1262 721 1325 762 ea
1354 706 1652 778 loquantur
1679 722 1799 779 quae

207 810 321 852 non
350 796 602 870 oportet?
631 795 958 866 Nuptiarum
986 795 1135 851 enim
1167 802 1298 852 sunt
1334 796 1623 869 proximae,
1660 796 1798 851 mul-

205 893 393 942 torum
422 891 753 943 secretorum
782 884 1096 958 participes,
1131 884 1480 955 adulatrices,
1511 901 1799 943 servorum

208 974 476 1046 querulae.

283 1080 464 1152 (Vers.
510 1080 749 1152 14,15.)
813 1105 832 1130 ι
878 1080 1020 1137 Volo
1074 1080 1257 1155 itaque
1289 1080 1542 1154 juniores
1570 1081 1795 1150 nubere,

205 1170 351 1227 ﬁlios
395 1185 698 1243 procreare,
754 1180 956 1228 matres
998 1171 1237 1228 familias
1265 1187 1380 1228 esse
1415 1171 1555 1244 (53),
1585 1171 1796 1227 nullam

204 1258 545 1316 occasionem
592 1257 721 1314 dare
774 1260 1090 1317 adversario
1132 1260 1411 1317 maledicti
1455 1260 1645 1333 gratia.
1676 1260 1795 1317 Jam

204 1351 352 1405 enim
408 1352 656 1423 quaedam
694 1351 1085 1409 deerraverunt
1132 1361 1256 1425 post
1286 1353 1561 1409 Satanam.
1590 1376 1609 1399 ι
1654 1351 1797 1420 Quo-

204 1438 353 1493 niam
394 1456 513 1513 quze
555 1457 720 1514 supra
757 1440 904 1497 dixit
944 1440 1012 1497 de
1058 1440 1402 1513 hujusmodi,
1442 1440 1719 1498 contraria
1743 1447 1797 1495 et

202 1526 401 1583 illicita
428 1537 580 1598 sunt,
610 1530 911 1603 perducent
940 1546 1030 1586 eas
1058 1530 1127 1586 ad
1154 1538 1385 1587 mortem
1410 1548 1422 1586 :
1444 1529 1653 1587 idcirco
1667 1543 1794 1585 con-

199 1616 389 1672 silium
446 1618 560 1688 dat,
612 1627 665 1675 et
708 1621 966 1692 praecepit
1004 1635 1068 1675 ea
1112 1618 1255 1688 ﬁeri,
1308 1636 1428 1692 quae
1459 1617 1612 1675 licita
1640 1623 1792 1673 sunt.

199 1705 397 1761 Melius
438 1714 522 1762 est
566 1707 715 1763 enim
763 1708 962 1763 domus
1002 1723 1191 1765 curam
1223 1724 1333 1763 suae
1363 1722 1568 1780 gerere,
1628 1720 1794 1779 quam

198 1792 259 1848 in
289 1794 467 1850 aliena
494 1795 663 1851 domo
692 1796 990 1852 adulterari
1017 1814 1029 1852 :
1071 1803 1126 1852 et
1163 1796 1400 1852 multum
1428 1793 1653 1867 expedit
1677 1810 1796 1851 nu-

1907 617 1982 672 tis
2017 616 2157 688 (56).

1983 707 2165 779 (Vers.
2199 706 2312 779 17.)
2362 729 2383 755 ε
2426 704 2532 774 Qui
2575 704 2715 763 bene
2759 711 3002 778 praesunt
3040 704 3369 777 presbyteri,
3404 705 3501 761 du-

1908 795 2040 868 plici
2065 794 2275 853 honore
2303 795 2610 852 habeantur
2637 794 2825 867 digni:
2860 794 3104 849 maxime
3128 793 3225 865 qui
3254 793 3506 850 laborant

1910 885 1968 940 in
1997 884 2166 941 verbo
2202 894 2258 942 et
2282 884 2555 942 doctrina.
2586 908 2604 932 ι
2634 883 2777 941 Boni
2804 882 3212 956 dispensatores
3227 899 3291 940 ac
3316 881 3506 939 ﬁdeles

1908 989 2019 1030 non
2066 974 2245 1031 solum
2301 973 2512 1032 honore
2543 972 2771 1032 sublimi
2821 972 3027 1031 debent
3061 972 3218 1046 digni
3241 970 3502 1044 judicari,

1908 1064 2002 1119 sed
2048 1071 2103 1120 et
2142 1071 2399 1132 terreno;
2461 1070 2525 1119 ut
2576 1079 2689 1120 non
2737 1061 3140 1120 contristentur
3197 1061 3506 1134 indigentia

1891 1161 2250 1225 sumptuum,
2272 1152 2367 1209 sed
2389 1151 2561 1225 magis
2589 1152 2861 1224 gaudeant
2888 1150 2997 1208 ﬁde
3023 1166 3125 1207 sua
3144 1158 3200 1207 et
3229 1150 3501 1208 doctrina.

1906 1244 2207 1301 Instantior
2246 1243 2396 1300 enim
2444 1243 2528 1310 ﬁt,
2567 1243 2615 1300 si
2656 1258 2770 1300 non
2811 1241 3145 1298 humilietur
3189 1241 3408 1315 inopia:
3451 1251 3506 1299 et

1904 1334 2101 1392 crescit
2131 1335 2191 1391 in
2234 1335 2334 1392 illo
2371 1334 2695 1402 auctoritas,
2741 1348 2867 1390 cum
2901 1331 3056 1389 videt
3085 1348 3143 1389 se
3180 1333 3351 1389 etiam
3382 1332 3501 1405 (57)

1906 1422 1965 1480 in
1993 1425 2248 1497 praesenti
2297 1424 2501 1481 laboris
2544 1425 2632 1481 sui
2671 1424 2915 1480 fructum
2945 1422 3250 1496 percipere;
3286 1438 3399 1479 non
3442 1431 3507 1480 ut

1905 1509 2169 1579 abundet,
2192 1515 2287 1571 sed
2316 1523 2377 1572 ut
2401 1530 2513 1571 non
2540 1513 2787 1571 deﬁciat.

1978 1604 2159 1675 (Vers.
2194 1607 2307 1680 18.)
2361 1633 2379 1657 ‹
2407 1608 2555 1665 Dicit
2601 1607 2749 1663 enim
2791 1606 3110 1678 Scriptura:
3148 1605 3271 1662 Non
3324 1604 3507 1661 infre-

1904 1693 2062 1750 nabis
2113 1694 2313 1753 bovem
2368 1698 2725 1754 triturantem
2794 1697 2978 1767 (Deut.
3037 1712 3175 1763 xxv,
3232 1696 3313 1767 4);
3343 1720 3362 1743 ι
3417 1702 3498 1751 et:

1918 1807 1937 1832 ι
1964 1785 2172 1857 Dignus
2217 1795 2301 1845 est
2341 1787 2625 1860 operarius
2652 1786 2903 1846 mercede
2929 1803 3031 1869 sua
3070 1786 3223 1859 (Luc.
3254 1800 3313 1853 x,
3359 1784 3437 1856 7).
3468 1808 3490 1832 ι

196 1880 348 1951 bere,
380 1898 543 1956 quam
575 1884 676 1940 sub
716 1884 862 1940 bona
901 1893 956 1941 et
985 1884 1074 1957 pia
1102 1885 1441 1957 professione
1470 1883 1790 1940 notabiliter
1827 1887 1874 1947 Β
1904 1874 2077 1931 Tanta
2105 1892 2310 1933 merces
2341 1876 2502 1934 debet
2542 1892 2661 1933 esse
2687 1874 3085 1949 evangelizanti
3109 1889 3339 1945 regnum
3378 1871 3501 1940 Dei,

196 1969 259 2025 in
287 1972 432 2026 malo
458 1971 711 2027 incedere
744 1972 862 2045 (54)
893 1990 906 2029 :
954 1973 1079 2044 plus
1106 1981 1289 2029 autem
1316 1982 1398 2030 est
1429 1990 1557 2030 cum
1584 1972 1791 2045 pudore

195 2058 456 2115 manibus
500 2059 709 2116 victum
759 2077 1021 2134 quaerere,
1052 2078 1217 2135 quam
1264 2061 1636 2118 inverecunde
1667 2078 1795 2118 cum

194 2150 315 2207 otio
412 2151 593 2206 aliena
691 2152 952 2208 utensilia
1052 2159 1387 2225 exspectare.
1474 2152 1565 2209 Sic
1646 2151 1795 2207 enim

193 2239 415 2295 invenit
469 2241 814 2297 occasionem
866 2243 1091 2298 Satanas
1120 2285 1136 2311 ,
1193 2240 1471 2315 quomodo
1508 2240 1797 2297 subvertet

192 2328 410 2385 animas
437 2329 797 2400 inconsultas,
818 2348 944 2388 cum
963 2333 1053 2404 pia
1080 2332 1400 2405 proﬁtentes
1424 2331 1631 2404 injuste
1664 2347 1797 2387 ver-

191 2425 390 2474 santur
420 2437 432 2476 :
466 2418 608 2476 nihil
653 2421 801 2478 enim
848 2428 962 2478 tam
1012 2422 1379 2494 periculosum
1423 2429 1506 2479 est
1545 2438 1708 2495 quam
1746 2422 1794 2478 si

197 2505 533 2579 professioni
570 2517 718 2581 gesta
747 2517 1070 2583 repugnent.
1104 2512 1368 2583 Apertum
1409 2511 1556 2567 enim
1588 2511 1792 2567 malum

192 2610 309 2650 non
358 2597 567 2652 zelatur
612 2597 858 2667 Satanas,
904 2599 1034 2671 quia
1081 2600 1277 2671 gaudet
1336 2600 1394 2654 in
1450 2600 1548 2655 illo
1581 2618 1593 2657 :
1623 2600 1790 2656 istum

192 2698 329 2739 vero
361 2685 479 2756 (55)
511 2702 672 2759 quem
701 2687 855 2744 videt
883 2687 1090 2754 fallere,
1124 2688 1182 2743 id
1219 2688 1351 2760 agit,
1384 2695 1446 2743 ut
1476 2688 1792 2745 manifestet

193 2773 357 2829 illum
388 2790 557 2831 suum
586 2776 765 2831 ﬁlium
794 2793 931 2846 esse,
963 2792 1075 2833 non
1104 2778 1223 2847 Dei,
1256 2778 1403 2851 quod
1432 2778 1637 2834 factum
1676 2794 1787 2834 non

193 2861 454 2935 displicet
483 2866 615 2921 Deo.

269 2968 452 3041 (Vers.
502 2971 615 3043 16.)
660 2994 679 3019 ‹
721 2970 779 3028 Si
819 2972 943 3046 quis
984 2972 1184 3042 ﬁdelis,
1228 2973 1317 3028 vel
1364 2972 1411 3029 si
1458 2988 1565 3046 qua
1610 2972 1790 3028 ﬁdelis

191 3056 361 3113 habet
417 3058 649 3129 viduas,
692 3061 1027 3118 sufﬁcienter
1081 3060 1463 3119 subministret
1522 3061 1657 3131 illis,
1725 3070 1788 3118 ut

191 3162 386 3201 eorum
439 3149 718 3206 alimoniis
746 3167 859 3206 non
906 3160 1163 3224 gravetur
1213 3150 1479 3220 Ecclesia,
1534 3159 1597 3207 ut
1642 3150 1787 3207 veris

191 3233 381 3291 viduis
409 3237 663 3295 suﬁiciat.
688 3264 706 3287 ι
741 3239 886 3307 Quid
913 3240 1116 3295 mirum
1146 3239 1191 3295 si
1221 3239 1520 3313 apostolica
1548 3247 1786 3313 potestas
1817 3245 1862 3305 Ο

193 3322 382 3380 futura
410 3327 590 3398 potuit
621 3330 920 3400 praevidere
941 3330 970 3386 ?
998 3330 1133 3385 Nam
1181 3339 1404 3402 apparet
1448 3329 1595 3403 quod
1624 3328 1790 3397 dixit,

193 3412 326 3485 quia
354 3412 604 3471 ﬁdelium
647 3417 829 3474 viduae
858 3434 1007 3475 nunc
1046 3419 1283 3474 multum
1332 3424 1561 3489 gravant
1588 3418 1795 3474 Eccle-

192 3503 354 3571 siam,
406 3512 462 3560 et
512 3521 700 3561 eorum
751 3507 847 3579 qui
898 3508 1197 3579 locupletes
1241 3507 1501 3563 videntur
1548 3505 1789 3561 mundi:

193 3596 325 3669 quia
364 3612 466 3668 per
491 3596 789 3652 senectutis
817 3612 1033 3653 causam
1067 3596 1387 3653 desistentes
1425 3613 1513 3653 eas
1539 3596 1608 3652 ab
1634 3612 1796 3668 opere

194 3685 451 3753 laniﬁcii,
496 3685 783 3741 retrahunt
825 3686 905 3742 eis
952 3693 1006 3742 et
1046 3686 1442 3742 vestimentum
1473 3692 1527 3742 et
1555 3685 1787 3755 victum,

199 3792 316 3830 non
347 3782 523 3830 totum
550 3782 755 3844 tamen,
793 3775 887 3832 sed
916 3792 985 3833 ex
1015 3783 1166 3849 parte
1199 3794 1212 3832 :
1245 3784 1306 3832 ut
1336 3776 1446 3831 illa:
1472 3776 1588 3849 ipsa
1608 3776 1798 3848 inOpia

197 3863 269 3919 ad
298 3864 603 3920 Ecclesiam
633 3872 1047 3935 convertantur,
1078 3872 1141 3922 ut
1184 3865 1379 3921 vivant
1410 3883 1422 3921 :
1457 3881 1594 3939 quos
1621 3882 1797 3937 opor-

197 3953 350 4009 tebat
396 3970 508 4010 non
554 3954 731 4011 solum
772 3955 888 4011 suis
943 3955 1322 4029 indigentibus
1363 3955 1573 4027 largiri,
1600 3971 1794 4011 verum

191 4041 359 4098 etiam
393 4043 529 4099 alias
554 4044 745 4117 inopes
774 4060 992 4118 pascere
1017 4054 1071 4102 et
1104 4052 1411 4118 contegere.
1445 4045 1604 4113 Quod
1640 4046 1796 4101 mul-

190 4138 311 4186 tum
341 4131 531 4201 obest;
566 4150 693 4191 cum
723 4134 870 4190 enim
904 4134 992 4192 his
1020 4134 1203 4204 datur,
1228 4134 1439 4192 caeteris
1459 4142 1554 4191 aut
1587 4135 1792 4204 minus,

191 4228 288 4277 aut
338 4236 451 4276 non
500 4220 684 4292 datur,
725 4223 926 4296 quibus
981 4225 1154 4296 magis
1212 4223 1457 4280 dandum
1511 4232 1616 4292 est,
1674 4240 1794 4297 quae

190 4309 376 4381 d'rgme
413 4318 545 4367 sunt
575 4312 841 4368 Ecclesiae
871 4314 1187 4385 sumptibus
1215 4311 1540 4369 ministrari.
1570 4312 1661 4369 Sic
1689 4329 1797 4369 au-

191 4407 304 4455 tem
364 4408 641 4472 gravatur,
701 4417 827 4456 cum
891 4401 1109 4473 cogitur
1165 4403 1367 4458 vestire
1421 4404 1625 4458 multos
1676 4419 1796 4476 quae

190 4488 418 4546 deberet
448 4489 651 4545 vestire
701 4506 937 4562 paucos;
971 4498 1025 4547 et
1079 4492 1234 4564 plebs
1284 4509 1405 4565 quae
1462 4493 1697 4548 libenter
1743 4502 1797 4550 et

1908 1978 2016 2035 qua
2045 1980 2222 2038 neque
2249 1966 2625 2035 contristetur,
2651 1981 2829 2039 neque
2858 1963 3179 2021 extollatur.

1990 2059 2130 2117 301
2172 2055 2355 2124 (Vers.
2385 2054 2498 2127 19.)
2542 2078 2562 2102 ι
2585 2054 2895 2111 Adversum
2925 2051 3306 2124 presbyterum
3331 2066 3506 2108 accu-

1907 2150 2175 2208 sationem
2237 2162 2307 2208 ne
2372 2150 2661 2224 receperis.
2698 2174 2716 2197 -
2757 2147 3031 2217 Quoniam
3071 2146 3240 2218 hujus
3293 2145 3506 2202 ordinis

1906 2238 2163 2295 sublimis
2190 2238 2371 2295 honor
2396 2247 2478 2295 est
2509 2237 2856 2310 (hujusmodi
2887 2235 3037 2293 enim
3067 2232 3267 2291 vicarii
3297 2232 3507 2291 Christi

1906 2329 2083 2400 sunt),
2115 2326 2323 2383 idcirco
2369 2343 2482 2383 non
2533 2326 2696 2383 facile
2724 2327 2793 2383 de
2831 2324 2936 2382 hac
2966 2339 3198 2397 persona
3223 2322 3503 2380 accusatio

1904 2416 2066 2474 debet
2092 2416 2332 2475 admitti.
2363 2415 2694 2473 Incredibile
2720 2414 2870 2470 enim
2899 2412 3065 2470 debet
3098 2411 3276 2469 videri
3308 2411 3502 2482 istum,

1903 2506 2001 2578 qui
2028 2506 2128 2563 Dei
2157 2506 2386 2562 antistes
2422 2511 2525 2573 est,
2554 2503 2853 2560 criminose
2880 2510 3182 2570 versatum,
3204 2501 3350 2558 sicut
3374 2517 3504 2560 cre-

1903 2594 2074 2650 dibile
2102 2602 2185 2651 est
2211 2596 2493 2651 scenicum
2522 2608 2641 2650 esse
2664 2591 3073 2664 turpissimum.

1975 2682 2158 2754 (Vers.
2179 2682 2297 2753 20.)
2341 2705 2359 2730 ε
2384 2680 2782 2752 Delinquentes
2819 2688 3001 2736 autem
3032 2694 3216 2735 coram
3245 2678 3504 2737 omnibus

1899 2786 2088 2842 argue,
2123 2778 2189 2825 ut
2225 2769 2408 2826 centeri
2455 2776 2663 2825 metum
2708 2767 2967 2823 habeant.
3000 2792 3019 2815 ι
3060 2766 3351 2835 Quomodo
3381 2768 3500 2841 (58)

1904 2876 2015 2916 non
2045 2859 2206 2916 facile
2234 2857 2384 2914 credi
2414 2857 2577 2915 debet
2604 2856 2674 2912 de
2700 2856 3023 2929 presbytero
3050 2855 3262 2912 crimen
3283 2856 3360 2925 ;si
3381 2873 3482 2929 pro

1896 2947 2060 3004 betur
2087 2955 2292 3014 tamen,
2340 2956 2437 3003 aut
2460 2945 2534 3003 sit
2562 2945 2917 3002 manifestum
2957 2945 3089 3018 quia
3138 2945 3505 3009 irreverenter

1897 3044 2145 3092 versatus
2191 3044 2291 3103 est,
2339 3034 2560 3107 publice
2609 3032 2858 3106 praecipit
2908 3032 3269 3105 arguendum,
3316 3040 3378 3090 ut
3422 3037 3504 3116 et_

1895 3125 2079 3183 caeteri
2118 3131 2449 3192 terreantur,
2492 3122 2640 3197 quod
2687 3138 2799 3179 non
2841 3123 3021 3179 solum
3062 3121 3332 3179 ordinatis
3371 3139 3474 3195 pro

1896 3214 2033 3284 ﬁcit,
2066 3214 2161 3271 sed
2192 3221 2247 3271 et
2274 3212 2452 3286 plebi;
2506 3211 2728 3287 quando
2755 3211 2904 3268 enim
2935 3212 3128 3269 vident
3154 3212 3497 3285 dignitosum

1903 3305 2089 3361 virum
2115 3303 2318 3360 erroris
2345 3319 2510 3362 causa
2536 3301 2761 3374 corripi,
2801 3317 3022 3359 necesse
3056 3309 3139 3357 est
3164 3309 3229 3357 ut
3274 3301 3383 3358 sibi
3412 3318 3500 3359 ca-

1905 3405 2090 3453 νθεωῑ.

1980 3485 2161 3557 (Vers.
2206 3485 2295 3549 21,
2340 3484 2458 3556 22.)
2504 3508 2523 3533 ι
2551 3484 2744 3540 Testor
2782 3498 2970 3541 coram
3018 3484 3152 3549 Deo,
3177 3490 3232 3538 et
3278 3480 3502 3538 Christo

1905 3576 2053 3643 Jesu,
2108 3582 2163 3630 et
2217 3574 2407 3631 electis
2456 3573 2703 3647 angelis;
2754 3582 2817 3631 ut
2866 3571 2985 3628 haec
3038 3569 3337 3638 custodias,
3381 3569 3502 3626 sine

1905 3662 2229 3736 prajudicio
2259 3663 2403 3720 nihil
2437 3658 2656 3720 faciens
2674 3661 2734 3717 in
2762 3668 2973 3735 partem
3002 3660 3167 3716 aliam
3196 3658 3497 3717 declinans.

1904 3753 2097 3809 Manus
2107 3753 2220 3810 cito
2234 3752 2444 3810 nemini
2461 3751 2991 3825 imposueris,neque
3002 3746 3502 3806 communicaveris

1905 3842 2142 3915 peccatis
2169 3842 2366 3899 alienis
2387 3842 2527 3915 (59).
2560 3841 2751 3897 Temet
2783 3839 2963 3912 ipsum
2994 3844 3207 3895 castum
3227 3835 3488 3894 custodi.-

1906 3931 2372 3989 Contestationem
2426 3930 2654 4002 deponit
2709 3927 2857 4001 apud
2915 3929 3091 3984 Deum
3139 3923 3397 3993 'Patrem,
3449 3931 3503 3980 et

1907 4019 2189 4076 Christum
2234 4018 2415 4075 ﬁlium
2445 4018 2583 4090 ejus,
2608 4026 2665 4074 et
2690 4018 2894 4074 electos
2937 4014 3057 4086 ejus
3085 4013 3331 4085 angelos,
3362 4026 3500 4085 quos

1905 4109 2177 4165 Dominus
2211 4108 2272 4164 in
2299 4107 2603 4181 Evangelia
2625 4115 2844 4164 sanctos
2873 4105 3114 4178 appellat
3144 4104 3340 4175 (Marc.
3371 4118 3498 4168 vni,

1906 4198 2023 4269 38).
2080 4198 2150 4253 Hi
2208 4212 2336 4270 ergo
2382 4196 2544 4253 electi
2597 4204 2749 4265 sunt,
2798 4194 2929 4268 quia
2957 4201 3087 4250 sunt
3130 4191 3227 4250 alii
3256 4189 3497 4263 reprobi,

1905 4287 2001 4359 qui
2028 4294 2158 4342 sunt
2188 4302 2300 4341 non
2336 4284 2436 4342 Dei
2470 4283 2675 4357 angeli,
2719 4282 2814 4340 sed
2856 4281 3085 4351 diaboli,
3143 4279 3499 4338 assentientea

1903 4380 2188 4454 apostasia;
2217 4379 2354 4452 ejus.
2394 4378 2508 4435 Sub
2547 4378 2840 4435 testatione
2867 4394 2995 4451 ergo
3041 4392 3124 4446 ea,
3163 4392 3283 4449 quae
3317 4375 3386 4432 ad
3414 4391 3498 4431 or-

1902 4471 2243 4527 dinationem
2304 4471 2567 4528 Ecclesiae
2630 4469 2856 4526 mandat
2904 4468 3195 4537 custodiri,
3251 4467 3499 4540 praecipit

190 4580 510 4652 frequenter
567 4554 741 4652 possit
798 4554 1115 4637 ministrare
1170 4554 1379 4654 paucis,
1424 4582 1638 4654 cogitur
1674 4583 1792 4655 plu-

1914 4558 2049 4616 nihil
2091 4559 2211 4617 ﬁeri
2252 4559 2371 4616 sine
2411 4557 2773 4632 praejudicio;
2807 4573 2876 4614 ne
2906 4557 3066 4614 facile
3113 4556 3314 4659 aliquis

195 4644 312 4725 res-
393 4644 678 4726 dimittere
741 4686 754 4725 :
814 4677 876 4725 ut
945 4678 1041 4726 aut
1114 4644 1438 4739 murmuret,
1492 4644 1606 4728 Vaut
1676 4644 1794 4727 .tar-
1823 4644 1868 4659 u
1905 4650 2020 4745 Pl“
2057 4649 2479 4745 θοθιθείῇεῑίοεξω
2527 4647 2876 4745 dignitatem,
2924 4646 3033 4702 nisi
3080 4645 3234 4745 prius
3281 4644 3349 4700 de
3379 4644 3497 4699 vita

194 4757 322 4814 dius
395 4759 476 4815 eis
550 4768 821 4817 occurrat.
897 4762 1033 4817 Nam
1090 4776 1217 4817 cum
1300 4734 1580 4833 praecipiat
1626 4762 1793 4817 unius
1901 4739 2019 4836 f’jus
2046 4747 2101 4795 θί
2127 4739 2374 4836 ωἷπξδηθ
2400 4737 2569 4794 fuerit
2596 4737 2969 4836 ἀίδρξηδωωῖ
3084 4734 3284 4836 dignus
3303 4748 3494 4836 “PP”

195 4849 308 4905 viri
341 4866 571 4907 uxorem
603 4851 731 4924 eligi
762 4850 1011 4921 viduam,
1042 4867 1191 4908 nunc
1232 4850 1596 4908 inveniuntur
1650 4852 1793 4908 inter

1914 4838 2081 4902 batus,
2126 4832 2381 4890 minister
2424 4839 2521 4888 aut
2560 4828 2813 4886 sacerdos
2861 4828 3252 4892 constituatur,
3281 4832 3344 4880 ut
3378 4839 3492 4881 non
3582 4870 3586 4874 .

98 4920 109 4929 ’
194 4954 286 4995 eas
315 4955 423 4995 non
455 4946 668 4996 tantum
717 4940 889 4997 duum
937 4950 1032 4997 aut
1072 4940 1242 4998 trium
1289 4939 1608 4997 maritorum
1640 4957 1792 4997 uxo-

1914 4931 2086 4995 postea
2133 4922 2183 4979 si
2233 4917 2683 4993 reprehensibilis
2728 4914 3003 4984 videatur,
3048 4914 3315 4987 pmniteat
3356 4914 3497 4971 forte

194 5044 300 5097 res,
345 5027 439 5083 sed
487 5037 541 5085 et
591 5045 712 5103 qua:
749 5029 968 5103 turpius
997 5028 1283 5086 vixerint:
1316 5028 1463 5102 quod
1493 5028 1789 5103 aliquando

1914 5011 2202 5085 principem
2223 5008 2416 5083 populi
2432 5022 2545 5063 non
2566 5004 2637 5062 ad
2661 5002 2935 5081 liquidum
2957 5001 3341 5077 praejudicasse
3375 5001 3493 5074 (60)

269 5226 387 5299 (53)
420 5226 606 5285 Codex
626 5228 771 5285 Vall.
817 5234 871 5284 et
899 5224 995 5283 alii
1014 5224 1293 5294 nonnulli,
1333 5228 1786 5300 matresfamilias
1968 5207 2297 5352 (δυσοίζω
2324 5205 2495 5288 Vallo,
2526 5203 3080 5287 congaudetseetiqm.
3110 5210 3216 5286 etc,
3287 5292 3300 5305 ο

269 5316 318 5352 εε,
338 5300 549 5352 domum
577 5317 769 5352 ηοω-ε,
1993 5282 2088 5352 58)
2119 5280 2269 5352 Edit.
2309 5285 2365 5334 et
2391 5276 2614 5350 quidam
2664 5294 2794 5352 mss.
2828 5278 3092 5352 Quantam
3119 5292 3293 5352 enim,

192 5275 771 5371 εεεὶξξιῇτῆᾗῆῖῆεάἆῖέξ
819 5275 870 5284 ⁷⁷
1479 5275 1784 5300 ’”’””””’“””
2309 5285 2365 5334 et
2391 5275 2640 5350 quidam'
2664 5294 2794 5371 mss.
2828 5276 3092 5371 Quoniam
3119 5275 3486 5371 uigiliam.

202 5346 1009 5456 ξῆᾷξῑῖξνῐέιξῖΐῇρτὶᾳιιθε
1042 5372 1408 5456 al_ii‘vero,.et
1435 5371 1593 5456 edit.,
1625 5388 1787 5443 quam
1894 5346 2332 5456 Quoniam
2382 5346 2535 5417 vero;
2595 5350 2796 5406 melius
2840 5347 2938 5403 alii
2984 5363 3114 5403 mss.
3170 5346 3320 5402 utin
3349 5362 3488 5403 cou-

192 5442 251 5496 in
271 5432 452 5498 aliena
487 5444 641 5498 domo
667 5432 979 5501 adulari...
1008 5432 1591 5501 notabiliter'incedere.
1632 5432 1651 5443 ’
1894 5432 2070 5501 te)".th

268 5512 386 5589 (55)
433 5514 638 5589 Omnes
679 5514 811 5589 edit.
863 5523 917 5572 et
939 5515 1161 5589 quidam
1201 5533 1354 5586 mss.,
1376 5516 1583 5587 justum
1612 5530 1734 5569 vero
1762 5532 1785 5580 ;

1936 5496 2084 5589 ¹,(58)
2114 5496 2274 5554 Rom.
2301 5493 2434 5551 edit.
2444 5535 2460 5563 ,
2487 5508 2651 5565 neque
2689 5498 2735 5547 te
2777 5488 3240 5547 commaculaveris
3264 5490 3490 5561 peccatis

192 5569 1059 5663 ιηὲιέιξὲεξιὲίωεξιείειυηιυὲττρ-
1194 5660 1209 5663 _
1338 5569 1398 5587 ”
1892 5569 2227 5663 αίίέῖιέἒο--
2350 5657 2385 5663 _
3140 5650 3187 5663 ..
3453 5650 3463 5661 .

266 5656 386 5784 εδ)
436 5650 704 5714 Nonnulli
744 5675 900 5729 mss.,
946 5660 1243 5733 aliquando
1283 5665 1555 5733 potentatu
1578 5658 1784 5716 iusinu-
1895 5657 2084 5786 {(60)
2116 5656 2321 5716 Eadem
2350 5657 2507 5716 Rom.
2554 5652 2711 5723 edit.,
2749 5668 2853 5708 non
2896 5651 2968 5708 ad
3016 5650 3280 5724 liquidum
3304 5650 3487 5724 provi-

190 5746 261 5788 απ
320 5772 332 5787 .
1934 5746 2052 5788 isse.
