3970 6366
462 333 597 427 507'

462 494 596 571 quid
649 500 973 562 mereretur,
1028 507 1194 566 quem
1246 491 1684 568 improbabiliter
1739 492 2053 563 ordinavit;
2085 495 2136 556 A

463 601 564 643 nec
621 583 780 640 illum
835 581 992 654 cujus
1031 589 1251 655 peccata
1301 582 1367 638 ad
1393 585 1761 655 suspicionem
1802 585 2054 653 veniunt,

462 675 854 742 ordinandum,
912 691 979 728 ne
1031 673 1466 730 commaculetur
1503 673 1788 730 ordinator
1816 675 1968 730 vitiis
2007 682 2060 729 et

371 759 378 768 ’
461 764 679 821 delictis
707 763 845 836 ejus.
878 763 934 821 Si
963 779 1092 835 ergo
1139 762 1369 819 omnino
1409 763 1635 818 latentia
1662 771 1792 818 sunt
1837 763 2058 833 delicta,

464 853 730 910 immunis
768 855 873 910 erit
914 860 1127 919 rector;
1176 851 1309 924 quia
1357 851 1695 908 conscientia
1723 851 1841 922 ejus
1889 852 2062 908 libera

462 951 562 1000 est.
607 943 860 1015 Suspicio
912 942 1060 998 enim
1111 938 1389 1012 trepidum
1434 940 1612 1007 facit;
1667 949 1854 1013 peccat
1911 941 2058 997 enim

462 1033 509 1090 si
552 1049 664 1090 non
715 1032 932 1106 probat,
963 1040 1018 1088 et
1061 1030 1143 1087 sic
1169 1030 1413 1086 ordinat.
1446 1029 1642 1087 Melior
1671 1029 1819 1086 enim
1851 1031 2060 1087 caeteris

463 1121 624 1180 debet
639 1121 882 1196 probari,
913 1121 1007 1194 qui
1031 1119 1378 1176 ordinandus
1398 1127 1507 1177 est:
1537 1135 1647 1177 non
1668 1120 1814 1176 enim
1836 1120 2058 1191 sufﬁcit,

463 1215 510 1270 si
540 1213 658 1270 sine
687 1211 928 1271 crimine
959 1211 1069 1279 sit;
1105 1209 1236 1284 quia
1263 1211 1464 1266 merita
1497 1209 1616 1282 ejus
1643 1209 1842 1268 debent
1869 1211 2060 1283 praeire

460 1305 732 1362 bonorum
781 1320 1031 1377 operum,
1079 1309 1143 1358 ut
1193 1301 1393 1374 dignus
1430 1301 1697 1358 habeatur
1731 1301 1798 1358 ad
1827 1301 2061 1358 ordina-

460 1396 688 1451 tionem.
723 1394 850 1450 Haec
882 1393 1170 1466 episcopus
1198 1391 1536 1462 custodiens,
1565 1402 1777 1450 castum
1807 1408 1862 1448 se
1891 1391 2062 1448 exhi-

460 1486 612 1542 bebit
639 1484 930 1558 religioni:
965 1482 1123 1555 cujus
1153 1482 1230 1539 rei
1266 1483 1324 1539 in
1358 1483 1552 1539 futuro
1582 1483 1870 1556 praemium
1917 1500 2062 1541 con-

460 1584 736 1650 sequetur.

534 1669 715 1741 (Vera.
749 1666 868 1738 23.)
916 1691 933 1712 ι
964 1667 1088 1722 Noli
1121 1665 1304 1723 adhuc
1329 1666 1518 1723 bibere
1557 1682 1775 1737 aquam,
1807 1665 1902 1723 sed
1931 1665 2062 1722 vino

460 1757 679 1816 modico
718 1764 870 1812 utere
899 1763 1119 1828 prOpter
1164 1755 1510 1813 stomachum
1542 1763 1725 1824 tuum,
1755 1764 1811 1812 et
1847 1755 2064 1816 crebras

1497 364 1595 422 AD
1633 363 1868 424 OPEBA
1905 362 1963 422 S.
2001 359 2336 423 AMBROSII
2373 359 2753 420 APPENDIX.

3666 357 3786 420 508

2693 493 2839 556 302
2881 489 3108 550 CAPUT
3137 489 3233 548 Ἦ.

2241 591 2422 662 (Vers.
2457 590 2536 663 1.)
2583 616 2601 639 ι
2629 591 2910 663 Quotquot
2937 587 3039 644 sub
3071 586 3205 660 jugo
3235 595 3368 644 sunt
3396 588 3563 656 servi,
3595 585 3784 643 domi-

2169 697 2269 738 nos
2313 699 2440 738 suos
2490 682 2642 738 omni
2689 681 2898 738 honore
2945 679 3141 753 dignos
3174 680 3530 748 arbitrentur,
3565 696 3636 736 ne
3679 696 3784 735 no-

2171 787 2294 827 men
2324 771 2548 828 Domini
2578 779 2632 827 et
2658 769 2916 828 doctrina
2950 768 3383 841 blasphemetur.
3412 794 3431 818 ›
3478 768 3781 824 Servorum

2170 861 2446 935 obsequiis
2488 861 2744 918 dominos
2789 863 2902 918 Deo
2949 860 3148 934 gratias
3193 861 3317 916 vult
3370 860 3610 917 referre:
3644 875 3778 916 cum

2169 949 2317 1005 enim
2368 965 2463 1022 per
2505 949 2604 1006 Dei
2657 949 3007 1022 disciplinam
3059 948 3244 1004 ﬁdelia
3273 947 3387 1004 illis
3415 948 3782 1005 exhibuerint

2169 1038 2418 1109 servitia,
2457 1039 2599 1096 forte
2643 1037 2777 1096 huic
2824 1038 2988 1095 etiam
3022 1037 3128 1112 ipsi
3171 1055 3228 1095 se
3287 1037 3580 1111 subjicient
3608 1037 3778 1096 disci-

2168 1130 2354 1202 plinas.

2244 1221 2428 1294 (Vers.
2479 1221 2560 1294 2.)
2606 1246 2623 1270 ς
2654 1221 2760 1290 Qui
2815 1238 2948 1278 vero
2992 1221 3181 1278 ﬁdeles
3237 1219 3443 1278 habent
3494 1219 3777 1288 dominos,

2170 1325 2284 1366 non
2314 1318 2690 1379 contemnant,
2724 1309 2853 1383 quia
2883 1310 3080 1366 fratres
3125 1317 3256 1366 sunt
3283 1328 3294 1367 :
3338 1309 3435 1366 sed
3465 1309 3635 1382 magis
3663 1324 3779 1364 ser-

2169 1399 2345 1466 viant,
2379 1401 2508 1473 quia
2556 1399 2744 1456 ﬁdeles
2797 1409 2927 1456 sunt
2977 1409 3032 1458 et
3079 1399 3289 1469 dilecti,
3337 1401 3467 1473 quia
3505 1397 3782 1456 beneﬁcia

2169 1489 2498 1562 percipiunt.
2535 1513 2553 1537 ι
2597 1488 2652 1545 Si
2697 1489 2941 1562 profanis
2991 1488 3234 1546 dominis
3275 1489 3629 1547 serviendum
3664 1495 3784 1544 tota

2171 1578 2545 1637 sollicitudine
2565 1579 2817 1652 imperat,
2850 1588 3057 1652 quanto
3091 1579 3264 1652 magis
3293 1580 3585 1636 ﬁdelibus!
3620 1579 3786 1635 Tunc

2171 1670 2318 1726 enim
2348 1670 2545 1743 probat
2593 1686 2648 1726 se
2678 1669 2866 1725 timori
2906 1669 3006 1726 Dei
3055 1669 3385 1741 subjectum,
3422 1669 3468 1724 si
3515 1668 3670 1724 ﬁdeli
3723 1674 3790 1722 et

2172 1759 2461 1832 temporali
2495 1758 2721 1815 domino
2769 1766 2885 1814 toto
2933 1758 3119 1814 animo
3148 1758 3314 1813 fuerit
3343 1757 3656 1814 obsecutus.
3702 1757 3789 1814 Ne

460 1856 582 1904 tnas
637 1846 1006 1905 inﬁrmitates.
1043 1870 1061 1893 ι
1103 1846 1264 1902 Nunc
1307 1845 1541 1917 speciale
1589 1845 1886 1902 consilium
1943 1844 2057 1913 dat,
2095 1866 2141 1926 Β
2173 1849 2637 1906 contemnendum
2668 1855 2842 1921 putet,
2874 1847 2999 1920 quia
3020 1847 3187 1904 frater
3205 1846 3408 1902 dicitur
3429 1862 3592 1902 causa
3610 1861 3789 1901 com-

460 1945 522 1992 ut
586 1953 641 1993 se
699 1937 878 2008 ipsum
931 1935 1140 1992 salubri
1202 1945 1352 2008 regat
1414 1937 1700 2004 doctrina;
1760 1935 2060 2008 prudenter

460 2025 606 2080 enim
638 2027 782 2080 Deus
833 2023 938 2081 sibi
985 2025 1183 2081 serviri
1214 2025 1356 2092 vult,
1388 2041 1499 2080 non
1532 2033 1594 2081 ut
1629 2024 1911 2080 nimietate
1961 2039 2060 2079 sua

460 2113 668 2170 debiles
719 2113 874 2184 ﬁant,
925 2122 980 2169 et
1035 2121 1223 2186 postea
1272 2112 1611 2170 medicorum
1667 2111 1923 2184 suffragia
1962 2127 2060 2167 re-

461 2204 700 2276 quirant.
735 2203 1172 2276 Temperandum
1205 2202 1350 2258 enim
1383 2211 1483 2271 est,
1516 2209 1578 2257 ut
1610 2201 1656 2256 si
1702 2201 1821 2256 ﬁeri
1855 2209 2057 2273 potest,

459 2301 700 2365 coeptum
756 2293 1078 2366 obsequium
1153 2289 1420 2363 gradatim
1484 2289 1840 2360 provehatur,
1890 2307 2055 2363 quam

460 2397 554 2453 per
578 2380 1100 2440 inconsiderantiam
1133 2379 1436 2434 minuatur.
1461 2379 1888 2451 Intemperantia
1907 2380 2057 2436 enim

456 2469 630 2542 ipsam
656 2473 897 2529 animam
929 2468 1229 2542 inquietam
1274 2467 1426 2536 facit,
1470 2475 1532 2523 ut
1560 2484 1685 2524 cum
1713 2468 1780 2525 de
1807 2469 2060 2525 inﬁrmi-

458 2566 570 2616 tate
610 2563 849 2619 sollicita
896 2565 996 2627 est,
1043 2572 1155 2613 non
1203 2563 1420 2611 tantum
1474 2554 1662 2613 dedita
1713 2558 1786 2614 sit
1849 2558 2060 2616 divinis

458 2651 725 2708 servitiis.
791 2652 1064 2706 Damnum
1131 2645 1278 2701 enim
1355 2646 1511 2702 aﬁ‘ert
1582 2646 2053 2730 improvidentia;

461 2740 653 2796 anima
680 2741 738 2796 in
766 2735 1161 2810 tranquillitate
1188 2735 1383 2806 posita,
1412 2744 1589 2792 totum
1621 2753 1716 2794 cor
1743 2738 1964 2794 extollit
1991 2737 2060 2794 ad

458 2831 656 2897 Deum,
721 2829 932 2898 integro
988 2823 1221 2880 consilio
1276 2823 1586 2896 obsecrans,
1645 2842 1765 2902 quae
1816 2826 2054 2900 petenda

455 2925 584 2973 sunt
614 2917 754 2975 (61).
1955 2965 1970 2975 .

528 2925 584 2973 nt
637 2918 702 2973 61
741 2958 754 2972 .
1955 2965 1970 2975 _

528 2918 833 3085 (Vtirs.)2lr,
872 3012 988 3084 25.)
1036 3034 1055 3059 ι
1083 3011 1461 3080 Quorumdam
1510 3012 1803 3070 hominum
1835 3021 2056 3087 peccata

455 3101 746 3158 manifesta
773 3110 921 3171 sunt,
953 3101 1318 3174 praecedentia
1347 3101 1416 3158 ad
1437 3101 1733 3174 judicium,
1787 3104 2055 3176 quosdam

2176 1941 2359 1998 munis
2387 1941 2540 2010 ﬁdei,
2571 1941 2700 2015 quia
2739 1939 2914 2012 magis
2943 1934 3323 2009 corripiendus
3362 1933 3485 2003 erit,
3517 1933 3614 2006 qui
3641 1932 3785 1990 ﬁde-

2172 2029 2279 2086 lem
2311 2029 2596 2087 dominum
2620 2027 3084 2087 contemnendum
3111 2023 3408 2098 putaverit.

2246 2120 2428 2192 (Vers.
2458 2119 2540 2191 3.)
2586 2142 2604 2166 σ
2632 2119 2758 2174 Haec
2785 2118 2920 2174 doce
2959 2125 3012 2172 et
3041 2115 3356 2171 exhortare.
3389 2139 3407 2161 ι
3451 2112 3776 2170 Doctrinam

2171 2209 2520 2265 Dominicam
2569 2207 2910 2265 manifestari
2955 2206 3098 2274 vult,
3143 2211 3206 2260 ut
3253 2203 3646 2260 obtrectatores
3689 2203 3774 2259 vi-

2170 2296 2354 2365 deant,
2382 2297 2510 2369 quia
2536 2313 2647 2353 non
2667 2306 2749 2354 est
2764 2295 2910 2370 quod
2933 2293 3424 2368 reprehendantur,
3445 2291 3505 2348 in
3522 2307 3585 2348 ea
3607 2309 3620 2347 :
3643 2307 3776 2348 con-

2167 2385 2467 2443 siderantes
2506 2387 2709 2460 pariter
2734 2403 2854 2460 quae
2883 2385 2942 2441 in
2982 2382 3150 2440 sacris
3181 2398 3372 2438 eorum
3404 2380 3516 2437 sint
3546 2380 3773 2437 occulta
3863 2406 3870 2410 -

2172 2475 2375 2548 turpia,
2407 2484 2462 2532 et
2490 2475 2815 2532 erubescant
2843 2490 2937 2546 per
2967 2471 3116 2546 quod
3155 2467 3560 2527 inexcusabiles
3588 2477 3775 2527 erunt.

2245 2567 2426 2638 (Vers.
2459 2567 2511 2636 4,
2542 2567 2624 2638 ὅ.)
2659 2592 2677 2614 ι
2706 2567 2761 2622 Si
2792 2565 2915 2638 quis
2943 2563 3104 2620 aliter
3129 2562 3310 2629 docet,
3339 2568 3392 2617 et
3417 2577 3528 2616 non
3557 2559 3778 2632 acquie-

2170 2653 2275 2710 scit
2328 2654 2477 2711 sanis
2523 2654 2870 2710 sermonibus
2919 2651 3142 2710 Domini
3178 2649 3358 2708 nostri
3385 2650 3514 2706 Jesu
3542 2648 3777 2718 Christi,

2171 2750 2225 2798 et
2261 2743 2311 2798 ei
2341 2758 2461 2816 qua)
2495 2743 2795 2800 secundum
2820 2743 3077 2816 pietatem
3107 2749 3208 2809 est,
3241 2739 3534 2798 doctrinae:
3571 2754 3780 2810 super-

2171 2832 2254 2890 bit
2280 2841 2462 2890 autem
2493 2834 2636 2890 nihil
2667 2835 2866 2901 sciens,
2897 2833 2991 2889 sed
3030 2834 3295 2904 languens
3343 2830 3490 2888 circa
3518 2829 3775 2903 quaestio-

2171 2942 2269 2983 nes
2319 2936 2372 2984 et
2400 2943 2610 3000 pugnas
2639 2926 2957 2994 verborum,
2994 2942 3063 2980 ex
3102 2923 3305 2998 quibus
3351 2922 3494 3010 ﬁunt
3522 2920 3773 2989 invidiae,

2172 3017 2576 3085 contentiones,
2635 3013 3010 3088 blasphemiae,
3044 3011 3384 3084 suspiciones
3423 3010 3598 3078 malae,
3630 3026 3778 3066 con-

2171 3105 2504 3163 ﬂictationes
2536 3105 2847 3174 hominum,
2881 3102 2976 3177 qui
3004 3101 3250 3174 corrupti
3281 3110 3409 3157 sunt
3461 3107 3662 3168 mente,
3718 3107 3777 3156 et

455 3207 586 3247 vero
643 3197 698 3248 et
741 3191 1178 3264 subsequuntur.
1232 3190 1358 3246 Pari
1402 3193 1568 3248 modo
1608 3200 1662 3248 et
1698 3209 1863 3265 opera
1906 3193 2052 3250 bona
2086 3231 2130 3292 α
2172 3193 2265 3268 qui
2295 3194 2526 3251 veritate
2571 3201 2886 3261 caruerunt,
2941 3192 3323 3248 existimantes
3351 3195 3615 3264 quaestum
3648 3205 3768 3245 esse

456 3283 748 3340 manifesta
786 3291 951 3340 sunt:
986 3291 1040 3339 et
1088 3300 1208 3356 quae
1238 3283 1399 3340 aliter
1428 3299 1483 3339 se
1511 3282 1734 3352 habent,
1789 3285 2051 3342 abscondi

455 3389 565 3429 non
596 3383 842 3446 possunt.
875 3396 894 3420 ι
936 3373 1156 3429 Nullam
1196 3372 1612 3429 excusationem
1643 3373 1764 3428 vult
1816 3373 2052 3448 intelligi

455 3463 569 3519 fore
589 3479 799 3531 eorum,
826 3462 922 3536 qui
951 3461 1040 3519 his
1065 3461 1369 3531 adhaerent,
1401 3477 1634 3535 quorum
1666 3470 1884 3534 peccata
1918 3480 2054 3535 pro-

453 3555 627 3627 palam
677 3563 842 3620 sunt;
892 3560 954 3609 ut
1004 3570 1130 3611 cum
1189 3552 1435 3610 evitandi
1490 3553 1622 3622 sint,
1654 3555 1826 3625 magis
1854 3553 2052 3611 honori

452 3643 563 3698 sint
595 3643 734 3713 (62).
766 3643 883 3698 Hoc
934 3658 1062 3713 ergo
1091 3642 1387 3714 signiﬁcat,
1419 3649 1480 3697 ut
1522 3641 1688 3699 homo
1736 3643 1836 3699 Dei
1865 3643 1934 3700 ab
1966 3643 2054 3701 his

451 3739 782 3798 secernatur,
818 3729 1061 3787 maxime
1100 3730 1445 3802 dispensator
1484 3730 1714 3800 Christi,
1759 3731 1854 3804 qui
1887 3734 2052 3790 etiam

451 3818 788 3891 corripiendi
846 3833 938 3875 eos
1005 3817 1170 3874 habet
1249 3819 1670 3887 auctoritatem;
1727 3819 1821 3892 qui
1885 3820 1930 3876 si
1996 3837 2053 3878 se

451 3907 742 3964 emendare
790 3906 1142 3980 promittunt,
1180 3907 1457 3964 retinendi
1516 3917 1664 3965 sunt.
1720 3909 1876 3966 Alios
1921 3926 2068 3978 vero.

451 3997 711 4072 subsequi
767 3999 914 4054 mala
963 4016 1128 4072 opera
1157 4000 1382 4056 illorum
1430 4000 1708 4069 ostendit;
1758 4002 1887 4074 quia
1922 4018 2049 4059 cum

371 4105 392 4112 -
450 4088 702 4143 viventes
745 4087 1091 4144 aestimantur
1138 4089 1292 4158 boni,
1326 4090 1531 4145 mortui
1567 4089 1934 4162 deteguntur;
1988 4099 2051 4148 ut

454 4177 550 4251 qui
596 4179 752 4250 prius
793 4179 1157 4236 ostendebant
1200 4196 1256 4236 se
1286 4179 1532 4248 idoneos,
1574 4179 1924 4252 postmodum
1960 4180 2050 4237 de-

451 4269 730 4324 clarentur
765 4267 1110 4340 impostores.
1141 4268 1422 4340 Superiori
1452 4269 1665 4325 ratione
1712 4270 1856 4327 sicut
1885 4271 2046 4338 mala,

450 4357 528 4413 ita
576 4365 629 4413 et
674 4358 816 4416 facta
861 4358 1003 4414 bona
1039 4358 1330 4414 manifesta
1360 4366 1532 4425 sunt;
1566 4358 1710 4416 bona
1742 4359 1889 4417 enim
1930 4362 2048 4419 vita

449 4453 503 4502 et
530 4454 683 4503 actus
715 4447 949 4504 modesti
991 4445 1254 4503 abscondi
1303 4463 1413 4502 non
1444 4455 1691 4519 possunt,
1746 4464 1866 4522 quae
1894 4449 2048 4506 adhi'

446 4533 564 4592 bita
591 4535 816 4609 pietate,
866 4534 1076 4593 faciunt
1124 4535 1432 4608 perfectos:
1465 4537 1561 4592 sed
1604 4537 1749 4594 sicut
1793 4538 2042 4612 quaedam

446 4625 590 4681 mala
625 4625 843 4682 occulta
887 4624 955 4680 ad
1003 4642 1240 4698 presens
1267 4633 1418 4693 sunt,
1449 4626 1527 4683 ita
1569 4634 1622 4683 et
1651 4626 1831 4696 bona;
1879 4643 2042 4684 nemo

445 4713 593 4770 enim
650 4714 838 4771 omnia
881 4713 940 4770 in
970 4714 1293 4772 hominibus
1321 4725 1500 4788 potest
1529 4717 1668 4774 scire
1695 4733 1708 4773 :
1740 4716 1834 4774 sed
1864 4733 1933 4773 ex
1977 4715 2045 4773 iis

445 4818 566 4875 quae
626 4803 779 4860 videt
825 4811 880 4861 et
930 4803 1104 4873 audit,
1137 4805 1332 4878 probat
1384 4815 1439 4863 et
1482 4804 1717 4877 judicat.
1749 4805 2044 4878 Perpendit

447 4896 596 4952 enim
649 4913 719 4955 an
757 4915 821 4956 ea
867 4917 986 4973 quae
1024 4900 1306 4970 dicuntur,
1359 4900 1690 4958 conveniant
1719 4899 1792 4968 ei,
1839 4899 1906 4956 de
1934 4917 2043 4974 quo

445 4987 733 5057 dicuntur,
780 4991 898 5046 sive
927 4990 1092 5060 bona,
1123 4991 1240 5048 sive
1273 4992 1452 5049 mala:
1495 5008 1616 5065 quae
1651 4998 1832 5048 autem
1863 4993 2043 5049 occul-

444 5085 501 5134 ta
541 5077 750 5135 fuerint
798 5078 1142 5149 hominibus,
1183 5081 1238 5136 in
1291 5080 1381 5138 die
1422 5079 1620 5153 judicii
1669 5081 1847 5154 palam
1886 5080 2039 5137 ﬁent.

443 5167 672 5240 Propter
719 5167 826 5226 hoc
868 5184 996 5240 ergo
1043 5168 1191 5226 dicta
1224 5178 1372 5237 sunt,
1407 5177 1468 5226 ut
1497 5169 1673 5226 sciant
1723 5168 2042 5242 hujusmodi

445 5257 750 5330 graviorem
781 5275 839 5316 se
864 5275 1081 5317 causam
1120 5259 1319 5318 habere
1349 5275 1458 5331 prae
1512 5259 1743 5318 caeteris.
1777 5259 1934 5333 Pejor
1962 5269 2043 5318 est

444 5345 589 5403 enim
619 5348 714 5422 qui
744 5363 822 5416 se,
853 5364 978 5413 cum
1008 5348 1081 5404 sit
1112 5349 1310 5417 malus,
1341 5346 1550 5404 bonum
1581 5349 1844 5417 ostendit,
1877 5364 2041 5423 quam

445 5435 538 5492 ille
570 5438 664 5510 qui
695 5447 878 5511 aperte
905 5446 988 5496 est
1018 5437 1215 5494 malus.

518 5581 634 5654 (61)
659 5582 794 5654 Mss.
825 5583 1012 5654 Carm,
1043 5599 1160 5653 quae
1188 5580 1521 5654 paciﬁcanda
1544 5589 1683 5639 sunt.

505 5651 623 5726 (62)
655 5653 804 5726 [dem
837 5651 1282 5726 codex,“prol‘a-ta
1310 5651 1453 5719 sunt,
1475 5655 1642 5726 magis
1667 5653 1816 5710 oneri
1843 5656 1968 5712 sint.

518 5722 635 5796 (63)
670 5723 829 5780 Rom.
875 5725 1030 5793 edit.,
1062 5722 1277 5798 'pietas,
1333 5741 1451 5780 cum
1496 5722 1616 5797 quis
1671 5743 1766 5782 suo
1820 5733 2043 5783 conten-

2165 3284 2445 3356 pietatem,
2478 3292 2532 3340 et
2559 3282 2657 3339 Dei
2687 3283 2960 3339 culturam
2988 3299 2998 3336 :
3032 3279 3254 3336 discede
3283 3278 3351 3335 ab
3377 3276 3752 3350 hujusmodi.-

2163 3373 2548 3444 Discrepantes
2575 3389 2607 3428 a
2633 3369 2928 3442 disciplina
2958 3368 3231 3426 catholica
3264 3364 3598 3441 spernendos
3626 3383 3768 3439 prae-

2162 3462 2320 3534 cipit,
2372 3462 2612 3518 maxime
2663 3459 2760 3533 qui
2789 3459 3030 3517 convicti
3059 3466 3113 3516 et
3142 3458 3372 3516 correcti
3420 3457 3767 3531 acquiescere

2163 3551 2362 3607 nolunt
2391 3550 2802 3623 perturbatione
2842 3549 3042 3606 mentis
3068 3565 3271 3622 pravae,
3303 3547 3398 3621 qui
3439 3545 3767 3602 contentio-

2163 3640 2326 3696 nibus
2374 3639 2717 3697 delectantur
2762 3647 2817 3695 et
2857 3644 3176 3711 pascuntur.
3209 3637 3404 3693 Elatus
3431 3635 3579 3691 enim
3609 3633 3767 3692 vinci

2162 3745 2217 3786 se
2261 3745 2372 3784 non
2427 3727 2656 3800 patitur,
2688 3727 2890 3801 quippe
2928 3743 3054 3783 cum
3106 3726 3175 3783 ad
3222 3726 3465 3782 favorem
3497 3741 3763 3799 quaeren-

2161 3817 2293 3874 dum
2342 3817 2400 3874 in
2446 3817 2767 3876 conﬂictum
2821 3822 3160 3888 prorumpat,
3195 3814 3342 3889 quod
3384 3831 3416 3871 a
3461 3816 3768 3873 mansuetis

2161 3917 2214 3965 et
2241 3909 2404 3967 bonis
2450 3908 2587 3964 viris
2617 3906 2908 3964 vitandum
2948 3915 3048 3964 est.
3104 3905 3399 3964 Contentio
3428 3906 3576 3962 enim
3607 3923 3768 3963 nun—

2159 4015 2321 4072 quam
2359 4007 2441 4054 est
2471 3997 2590 4053 sine
2622 3997 2737 4064 lite,
2767 4001 2822 4052 et
2854 4011 3046 4068 parum
3090 4002 3229 4050 esset
3257 3995 3304 4050 si
3353 3994 3422 4051 lis
3450 3995 3565 4052 sola
3596 3995 3767 4052 orire-

2159 4093 2268 4156 tur,
2327 4085 2421 4143 sed
2476 4083 2826 4158 blasphemiae
2871 4090 2927 4140 et
2981 4082 3310 4151 inimicitiae,
3367 4083 3516 4156 quod
3575 4101 3607 4139 a
3662 4084 3765 4141 Dei

2159 4176 2337 4233 servis
2389 4173 2631 4232 alienum
2681 4180 2781 4229 est.
2839 4171 2925 4228 Ab
2978 4171 3066 4228 his
3117 4178 3300 4228 autem
3359 4172 3454 4244 qui
3511 4173 3762 4246 corrupti

2159 4275 2360 4333 mente,
2413 4263 2643 4319 veritate
2673 4261 2877 4336 privati
2922 4269 3074 4328 sunt,
3123 4260 3259 4316 utile
3284 4260 3605 4333 judicatur:
3659 4263 3764 4320 Dei

2157 4353 2304 4409 enim
2357 4351 2632 4410 culturam
2681 4358 2734 4406 et
2789 4351 3048 4424 pietatem
3105 4357 3376 4423 quaestum
3413 4351 3758 4422 existimant,

2157 4458 2268 4498 non
2316 4441 2382 4497 de
2427 4439 2613 4496 futuro
2658 4439 2870 4514 aliquid
2900 4447 3214 4514 sperantes;
3251 4439 3344 4497 sed
3373 4440 3652 4515 quomodo
3695 4441 3754 4498 in

2156 4533 2410 4608 praesenti
2456 4551 2512 4591 se
2558 4533 2864 4607 transigant
2906 4535 3279 4608 providentes,
3329 4535 3474 4592 sicut
3515 4541 3569 4593 et
3598 4552 3760 4592 mun-

2155 4625 2311 4682 danae
2363 4633 2541 4693 sectae;
2611 4642 2744 4699 quas
2782 4633 2996 4684 constat
3024 4633 3246 4699 propter
3275 4625 3563 4699 praesentia
3605 4627 3763 4683 lucra

2153 4718 2426 4787 inventas,
2473 4734 2585 4774 non
2633 4717 2804 4774 nescii
2835 4716 3098 4790 quosdam
3148 4715 3256 4774 hoc
3282 4715 3516 4772 libenter
3543 4713 3756 4785 audire,

2152 4809 2300 4884 quod
2350 4811 2407 4865 in
2455 4807 2558 4867 hac
2587 4809 2705 4866 vita
2752 4807 3063 4866 ﬁorendum
3100 4807 3196 4878 sit,
3230 4805 3462 4882 ideoque
3493 4805 3758 4863 desisten-

2153 4899 2285 4956 dum
2316 4900 2384 4956 ab
2415 4897 2760 4972 hujusmodi.

2227 4990 2409 5063 (Vers.
2441 4991 2521 5063 6.)
2570 5014 2588 5037 ι
2615 4991 2714 5045 Est
2742 4998 2926 5044 autem
2955 4997 3196 5063 quaestus
3235 5003 3464 5060 magnus
3492 4984 3613 5057 (63)
3646 4985 3758 5056 pie-

2153 5086 2234 5135 tas
2278 5095 2403 5135 cum
2453 5077 2781 5136 sufﬁcientia
2811 5077 2950 5150 (63).
2986 5103 3004 5128 ι
3043 5079 3264 5150 Magnas
3301 5063 3543 5132 'divitias
3581 5083 3636 5131 et
3663 5090 3759 5132 ac-

2151 5167 2509 5241 quisitionem
2554 5169 2612 5224 in
2646 5185 2711 5225 eo
2742 5167 2900 5234 dicit,
2929 5168 2977 5223 si
3017 5167 3141 5241 quis
3170 5166 3351 5222 ﬁdelis
3381 5181 3482 5221 suo
3512 5172 3759 5220 conten-

2152 5266 2240 5315 tus
2271 5258 2346 5315 sit
2379 5275 2390 5314 :
2424 5258 2546 5330 plus
2579 5259 2726 5314 enim
2760 5266 2813 5315 et
2856 5259 2913 5314 in
2943 5256 3235 5329 semetipso
3263 5263 3316 5312 et
3348 5255 3404 5311 in
3433 5254 3646 5312 caeteris
3672 5260 3758 5310 est

2151 5351 2247 5423 qui
2273 5350 2650 5408 misericordia
2685 5349 2786 5408 Dei
2816 5347 3119 5423 acquisitus
3151 5347 3266 5420 (64)
3297 5345 3367 5403 ad
3395 5345 3648 5402 futuram
3674 5345 3759 5402 vi-

2150 5449 2286 5510 tam,
2325 5440 2394 5498 ad
2441 5456 2679 5514 praesens
2724 5438 2973 5496 sufficere
3019 5436 3126 5494 sibi
3170 5445 3346 5510 putat,
3391 5434 3539 5509 quod
3569 5433 3758 5504 habet,

2153 5592 2350 5738 m(6lit)
2367 5657 2620 5738 Eras'et.
2637 5671 2750 5727 seq.
2779 5653 2914 5738 edit.
2947 5668 3074 5710 cum
3104 5669 3234 5711 mss.
3269 5652 3501 5725 aliquot,
3534 5649 3626 5722 qui
3654 5649 3754 5705 mi-

2148 5725 2493 5784 sericordiam
2522 5727 2620 5784 Dei
2650 5725 3038 5798 (requisiturus.
