3970 6374
228 392 344 452 509

1262 390 1625 450 COMMENT.
1668 390 1740 448 IN
1776 389 1995 452 EPIST.
2037 393 2059 450 Ι
2097 395 2194 450 AD
2233 395 2520 454 TIMOTH.

3428 399 3534 460 510

232 533 352 578 non
379 517 639 577 dubitans
665 534 735 577 ex
771 534 836 576 eo
878 518 998 593 ipso
1040 515 1250 592 largiri.
1283 517 1476 574 Omnis
1505 517 1654 574 enim
1690 531 1831 573 ava—
1866 532 1918 593 Α
1947 537 2019 579 na
2045 537 2102 577 se
2141 523 2361 582 tendit?
2415 532 2511 580 aut
2549 531 2818 598 quatenus
2855 525 3094 598 quietem
3140 526 3311 584 animi
3361 526 3534 601 possit

231 627 333 666 rus
363 609 565 684 impius
593 619 694 679 est,
725 617 778 665 et
810 609 917 665 sibi
943 617 997 664 et
1025 607 1238 666 caeteris
1265 623 1486 664 nocens.

313 700 495 771 (Vers.
532 701 584 765 7,
607 700 688 772 8.)
731 723 749 745 ‹
780 698 932 754 Nihil
961 697 1108 754 enim
1137 697 1432 753 intulimus
1450 697 1508 753 in
1539 695 1833 763 mundum,

233 803 434 846 verum
479 789 607 864 quia
654 805 754 846 nec
790 788 1002 844 auferre
1034 803 1325 861 possumus
1355 786 1692 860 quidquam;
1725 786 1834 842 ha-

233 875 431 934 bentes
479 887 658 935 autem
711 878 1059 945 alimentum,
1112 883 1165 931 et
1193 875 1393 948 quibus
1440 884 1707 948 tegamur,
1747 875 1836 930 his

235 971 491 1029 contenti
523 971 712 1026 simus.
745 995 764 1018 ι
817 971 1041 1026 Frustra
1069 967 1327 1024 mortales
1368 967 1620 1024 homines
1665 967 1835 1039 copiae

235 1063 484 1129 studere,
526 1069 580 1117 et
610 1061 910 1132 locupletes
932 1059 1052 1114 ﬁeri
1091 1059 1232 1114 velle
1261 1065 1446 1131 aperta
1475 1074 1609 1115 voce
1643 1058 1837 1114 decla-

236 1159 346 1218 rat,
377 1167 502 1207 cum
533 1150 708 1206 sciant
738 1149 880 1204 nihil
911 1165 967 1204 se
1007 1148 1292 1220 proprium
1345 1146 1545 1203 habere
1592 1147 1650 1202 in
1677 1163 1835 1202 mun-

237 1241 334 1298 do.
379 1239 482 1298 Cui
527 1240 604 1295 rei
653 1239 870 1312 proﬁcit
925 1238 1166 1294 humana
1214 1237 1506 1310 cupiditas,
1557 1235 1665 1292 nisi
1709 1235 1838 1309 quia

241 1334 362 1406 ipsa
390 1333 493 1389 sibi
542 1333 769 1390 inimica
816 1332 1052 1388 existit?
1080 1331 1232 1388 Nihil
1263 1333 1411 1389 enim
1457 1332 1649 1389 intulit
1674 1347 1838 1387 mun-

239 1423 336 1492 do,
358 1423 499 1480 nihil
529 1423 742 1479 auferre
774 1423 993 1496 poterit.
1028 1422 1170 1490 Quid
1203 1423 1308 1480 sibi
1340 1423 1540 1480 incutit
1570 1423 1836 1479 sollicitu-

239 1513 452 1582 dinem,
508 1521 562 1568 et
617 1513 814 1586 quaerit
877 1513 1255 1586 congregare?
1304 1513 1450 1569 Talis
1505 1513 1640 1569 hinc
1693 1513 1840 1568 exiet

238 1609 421 1682 qualis
450 1609 623 1665 venit.
657 1609 814 1677 Quod
845 1609 1009 1664 etiam
1040 1609 1233 1666 scribit
1259 1609 1383 1677 Job,
1411 1616 1465 1664 et
1505 1609 1564 1664 in
1595 1625 1692 1665 sua
1721 1625 1839 1680 pas-

239 1700 398 1756 sione
438 1700 662 1768 fatetur,
693 1699 912 1756 dicens:
961 1722 979 1745 ι
1018 1699 1209 1755 Nudus
1239 1698 1391 1754 exivi
1430 1698 1497 1754 de
1527 1706 1684 1755 utero
1713 1715 1840 1754 ma-

240 1790 347 1846 tris
394 1806 550 1858 meae,
601 1788 784 1844 nudus
832 1796 1076 1844 revertar
1121 1789 1179 1844 in
1207 1796 1502 1844 terram....
1534 1787 1607 1844 sit
1638 1803 1841 1844 nomen

227 1879 468 1936 .Domini
511 1877 862 1934 benedictum
919 1877 1039 1948 (Job
1080 1893 1121 1945 ι,
1156 1876 1271 1947 21).
1317 1900 1336 1925 ι
1397 1875 1555 1943 Quod
1614 1876 1659 1931 si
1690 1874 1842 1931 avari

243 1985 358 2024 non
389 1969 691 2024 retinerent
722 1967 779 2022 in
811 1966 1110 2040 perniciem
1141 1982 1316 2034 suam,
1348 1966 1510 2038 pauci
1538 1965 1839 2024 conderent

243 2055 393 2126 quod
425 2055 676 2128 pluribus
706 2063 885 2129 posset
930 2054 1192 2128 proﬁcere
1221 2070 1347 2111 cum
1377 2070 1564 2109 eorum
1596 2053 1838 2126 ipsorum

243 2144 642 2199 emolumento.

322 2234 502 2304 (Vers.
537 2234 593 2298 9,
635 2233 748 2304 10.)
797 2257 814 2278 ιι
850 2233 986 2288 Nam
1018 2232 1114 2306 qui
1144 2233 1341 2289 volunt
1360 2233 1564 2290 divites
1593 2232 1732 2297 ﬁeri,
1761 2231 1841 2286 in-

243 2325 441 2381 cidunt
498 2325 555 2379 in
611 2323 972 2380 tentationem
1026 2331 1081 2380 et
1136 2313 1410 2398 laqueum,
1467 2333 1520 2381 et
1574 2323 1844 2380 desideria

246 2413 422 2470 multa
456 2413 678 2470 inutilia
724 2421 776 2468 et
817 2413 1033 2480 nociva,
1082 2429 1201 2486 quae
1232 2414 1556 2486 demergunt
1593 2411 1844 2468 homines

246 2504 308 2575 in”
339 2504 573 2561 exitium
602 2513 655 2559 et
676 2503 983 2560 interitum.
1019 2505 1198 2562 Radix
1228 2505 1374 2560 enim
1403 2505 1653 2560 omnium
1674 2505 1843 2559 malo-

243 2609 372 2648 rum
404 2601 486 2650 est
514 2592 766 2660 avaritia,
796 2608 958 2665 quam
991 2593 1212 2665 quidam
1244 2602 1577 2666 appetentes,
1619 2608 1846 2648 errave-

249 2690 383 2738 runt
429 2699 459 2738 a
498 2681 624 2750 ﬁde,
679 2690 731 2738 et
780 2682 1132 2737 inseruerunt
1160 2699 1216 2738 se
1255 2683 1540 2739 doloribus
1569 2682 1779 2738 multis.
1815 2708 1832 2730 ι

250 2771 406 2830 Nihil
439 2781 548 2828 tam
579 2788 831 2844 asperum
861 2779 1084 2844 tamque
1131 2773 1500 2845 perniciosum
1548 2781 1649 2841 est,
1683 2789 1846 2845 quam

249 2861 300 2917 si
341 2861 762 2928 ecclesiasticus,
797 2861 1036 2916 maxime
1085 2861 1179 2932 qui
1222 2861 1280 2916 in
1329 2860 1553 2916 sublimi
1588 2861 1706 2917 loco
1744 2867 1846 2928 est,

251 2950 475 3006 divitiis
518 2949 683 3038 hujus
725 2949 912 3006 saeculi
968 2949 1202 3018 studeat,
1235 2949 1364 3022 quia
1395 2966 1504 3005 non
1532 2950 1711 3006 solum
1743 2948 1847 3006 sibi

254 3040 386 3111 ipsi,
418 3039 511 3094 sed
541 3047 594 3094 et
623 3039 836 3096 caeteris
865 3039 1038 3095 obest.
1071 3038 1414 3096 Contrariam
1437 3039 1585 3095 enim
1618 3039 1848 3096 formam

251 3129 350 3186 dat
380 3129 731 3185 hominibus:
766 3144 986 3186 necesse
1014 3137 1098 3185 est
1126 3130 1274 3185 enim
1305 3131 1509 3186 multos
1547 3129 1851 3186 imitatores

257 3217 382 3291 ejus
415 3219 678 3274 exsistere
717 3218 786 3274 ad
830 3218 1213 3292 perditionem.
1247 3218 1464 3286 Quanto
1503 3219 1650 3275 enim
1681 3219 1851 3275 hono-

255 3307 564 3365 rificentior
592 3307 786 3364 ordine
840 3316 941 3375 est,
975 3313 1126 3364 tanto
1172 3309 1347 3381 magis
1388 3308 1580 3364 suadet
1636 3306 1855 3363 imitan-

260 3398 399 3455 dum
431 3415 507 3468 se,
538 3401 778 3456 maxime
811 3398 867 3454 in
897 3398 1001 3454 bac
1031 3415 1110 3468 re,
1143 3415 1262 3471 quae
1292 3399 1350 3454 in
1380 3399 1485 3455 ista
1514 3398 1630 3454 vita
1658 3399 1856 3470 procli-
1889 3404 1900 3410 ’

260 3495 350 3552 vis
383 3504 496 3562 est;
535 3495 768 3551 avaritia
795 3495 944 3550 enim
965 3492 1111 3549 303
1143 3495 1328 3550 omnia
1371 3495 1514 3550 mala
1541 3502 1719 3566 potest
1751 3495 1856 3551 ad-

261 3585 503 3640 mittere.
537 3585 664 3640 Ideo
726 3583 889 3639 radix
919 3583 1169 3640 omnium
1200 3585 1471 3639 malorum
1503 3591 1602 3653 est,
1636 3584 1764 3658 quia
1793 3591 1856 3640 ut

261 3675 537 3732 desideria
555 3690 654 3730 sua
683 3676 962 3747 expleant,
993 3674 1140 3749 quod
1171 3675 1509 3748 impossibile
1533 3682 1633 3744 est,
1665 3684 1718 3733 et
1750 3693 1858 3734 ma-

267 3765 468 3834 leﬁcia,
501 3771 554 3820 et
586 3763 906 3834 homicidia,
939 3773 993 3822 et
1039 3766 1456 3834 obscenitatem,
1507 3775 1560 3824 et
1589 3766 1859 3841 quidquid

269 3856 496 3912 sceleris
552 3864 652 3925 est,
711 3864 1020 3930 perpetrat:
1081 3873 1184 3915 nec
1237 3857 1305 3914 ad
1360 3875 1596 3930 praesens
1650 3875 1856 3926 secura,

266 3945 401 4018 quia
432 3961 646 4018 semper
668 3947 888 4019 cupida,
915 3954 969 4004 et
1000 3948 1060 4005 in
1081 3949 1267 4006 futuro
1289 3947 1568 4006 damnata.

341 4034 524 4105 (Vers.
570 4036 683 4106 11.)
727 4059 745 4083 ι
773 4037 855 4093 Τιι
884 4044 1090 4107 autem,
1150 4037 1316 4094 homo
1362 4038 1482 4107 Dei,
1515 4037 1631 4096 haec
1660 4038 1805 4111 fuge.
1831 4062 1849 4085 ι

263 4123 602 4181 Abscindere
633 4141 688 4181 se
719 4125 999 4182 hominem
1030 4127 1129 4185 Dei
1151 4126 1218 4186 ab
1241 4127 1343 4186 hac
1372 4128 1624 4185 hortatur
1647 4135 1700 4184 et
1732 4143 1863 4201 prae-

264 4212 424 4284 cipit,
454 4221 517 4268 ut
545 4221 599 4269 et
626 4214 718 4271 hic
750 4231 972 4273 securus
1003 4217 1094 4285 sit,
1125 4223 1179 4273 et
1209 4216 1265 4273 in
1301 4218 1490 4275 futuro
1516 4215 1756 4291 praemiis
1785 4234 1863 4274 re-

267 4314 592 4362 muneretur
619 4306 850 4364 divinis.
890 4309 1011 4366 Non
1031 4313 1180 4368 enim
1211 4313 1490 4369 immerito
1519 4311 1867 4370 coronandus

267 4402 352 4450 est
381 4394 477 4465 qui
506 4393 646 4451 hanc
677 4397 886 4467 spernit
916 4415 1036 4471 quae
1067 4401 1258 4456 multis
1282 4402 1492 4458 suadet.

345 4483 527 4554 (Vers.
564 4483 676 4555 i2.)
722 4507 739 4531 ι
777 4486 1011 4560 Sequere
1040 4497 1221 4545 autem
1248 4489 1546 4562 justitiam,
1581 4491 1863 4564 pietatem,

268 4572 458 4641 ﬁdem,
481 4571 1642 4652 charitatem,patientiam,tranquillitatem
1673 4580 1866 4637 animi.

1943 616 2164 684 habere,
2204 615 2299 688 qui
2341 615 2430 671 die
2475 622 2742 687 nocteque
2791 615 3055 671 aviditate
3092 615 3412 687 cupiditatis
3451 617 3533 672 in-

1943 707 2198 765 cenditur
2216 707 2244 763 ‘l
2274 706 2378 763 Sed
2416 707 2546 779 quia
2567 705 2634 762 ab
2657 703 2879 761 homine
2905 705 3003 761 Dei
3026 705 3313 761 Timotheo
3329 707 3534 778 iniqui-

1943 806 2027 854 tas
2062 796 2180 853 hmo
2219 795 2397 853 aliena
2420 803 2554 864 erat,
2586 794 2792 852 bonum
2839 803 3116 852 certamen
3143 793 3272 850 ﬁdei
3316 795 3535 867 aggredi

1939 887 2184 959 jubetur.
2231 885 2387 943 Fidei
2433 887 2582 942 enim
2629 885 2862 942 victoria
2891 893 2993 950 est,
3027 900 3154 940 cum
3185 882 3373 940 omnia
3401 883 3537 940 vitia

1945 986 1999 1032 et
2035 977 2270 1034 crimina
2327 975 2710 1048 subjugantur,
2752 982 2814 1030 ut
2859 975 2927 1030 ad
2969 980 3186 1030 aeternae
3228 973 3357 1029 vitae
3405 987 3536 1045 pran-

1945 1068 2057 1123 mia
2081 1066 2361 1123 veniatur:
2397 1065 2556 1138 cujus
2593 1064 2866 1122 confessio
2898 1064 3041 1120 inter
3079 1063 3195 1136 ipsa
3225 1063 3540 1120 rudimenta

1947 1155 2096 1224 ﬁdei,
2120 1164 2258 1212 teste
2281 1156 2654 1227 interrogante
2686 1162 2740 1210 et
2768 1152 3134 1228 respondente
3163 1151 3541 1211 monumentis

1946 1245 2329 1303 ecclesiasticis
2359 1245 2692 1301 continetur.

2021 1336 2202 1408 (Vers.
2248 1335 2455 1407 13-16.)
2504 1357 2523 1382 ι
2567 1334 2831 1407 Praecipio
2860 1335 2963 1392 tibi
3006 1335 3062 1390 in
3093 1343 3388 1407 conspectu
3414 1333 3542 1402 Dei,

1948 1426 2043 1500 qui
2090 1425 2339 1482 viviﬁcat
2389 1426 2593 1494 omnia,
2627 1433 2680 1482 et
2727 1425 2947 1482 Christo
3005 1427 3133 1482 Jesu
3171 1425 3266 1498 qui
3315 1431 3542 1480 testatus

1949 1522 2030 1572 est
2060 1515 2162 1571 sub
2191 1515 2387 1572 Pontio
2416 1515 2590 1572 Pilato
2616 1515 2816 1572 bonam
2860 1515 3282 1583 confessionem,
3327 1522 3388 1570 ut
3421 1529 3545 1569 ser-

1951 1622 2045 1662 ves
2072 1607 2394 1663 mandatum
2424 1608 2862 1675 immaculatum,
2907 1603 3411 1679 irreprehensibile,
3453 1619 3542 1658 us-

1950 1711 2055 1768 que
2083 1695 2142 1751 in
2171 1695 2468 1753 adventum
2492 1698 2716 1754 Domini
2757 1696 2932 1753 nostri
2952 1697 3079 1752 Jesu
3099 1695 3305 1753 Christi
3332 1712 3344 1750 :
3379 1709 3542 1766 quem

1951 1785 2065 1842 suis
2095 1785 2438 1858 temporibus
2466 1786 2716 1843 ostendet
2743 1787 2934 1843 beatus
2964 1787 3057 1841 ille
3077 1792 3131 1842 et
3150 1783 3300 1840 solus
3326 1789 3540 1856 potens,

1954 1877 2069 1932 Rex
2112 1892 2324 1948 regum,
2377 1883 2429 1932 et
2457 1878 2729 1933 Dominus
2774 1876 3203 1942 dominantium,
3256 1873 3350 1946 qui
3397 1873 3546 1929 solus

1953 1966 2116 2022 habet
2137 1967 2693 2035 immortalitatem,et
2710 1966 2896 2022 lumen
2918 1965 3129 2021 habitat
3146 1961 3542 2030 inaccessibile,

1954 2072 2114 2128 quem
2147 2055 2290 2111 vidit
2333 2071 2496 2111 nemo
2537 2055 2850 2124 hominum,
2877 2071 2975 2110 nec
3004 2054 3192 2110 videre
3221 2059 3422 2124 potest,
3453 2051 3545 2106 cui

1955 2145 2134 2200 honor
2162 2151 2216 2201 et
2244 2151 2484 2217 potestas
2512 2153 2737 2213 aeterna,
2769 2160 2947 2200 amen.
2980 2167 2998 2190 ι
3040 2143 3233 2214 Magna
3261 2139 3548 2213 vigilantia

1955 2242 2119 2306 atque
2167 2234 2516 2306 providentia
2570 2238 2841 2306 praecepta
2893 2232 2986 2288 dat
3015 2231 3215 2289 rectori
3254 2228 3546 2295 Ecclesiae;

1957 2323 2015 2379 in
2047 2323 2212 2396 hujus
2241 2324 2389 2378 enim
2420 2339 2652 2395 persona
2672 2323 2843 2378 totius
2872 2322 3062 2395 populi
3089 2322 3238 2378 salus
3265 2318 3542 2377 consistit.

1955 2415 2077 2471 Non
2104 2415 2380 2472 sollicitus
2405 2415 2472 2471 de
2509 2432 2640 2472 cura
2659 2413 2957 2483 Timothei,
2983 2423 3090 2469 tam
3116 2413 3550 2483 circumspectus

1958 2512 2058 2571 est,
2091 2505 2184 2560 sed
2215 2513 2434 2578 propter
2461 2521 2800 2562 successores
2831 2503 2966 2575 ejus,
2999 2513 3060 2559 ut
3089 2501 3341 2573 exemplo
3370 2499 3550 2554 Timo-

1959 2593 2074 2648 thei
2106 2595 2365 2651 Ecclesiae
2401 2594 2809 2650 ordinationem
2837 2592 3206 2650 custodirent:
3247 2589 3351 2662 ipsi
3405 2603 3552 2660 quo-

1959 2702 2062 2760 que
2092 2685 2295 2741 futuris
2342 2687 2571 2741 formam
2618 2686 2893 2742 tradentes
2934 2701 2965 2739 a
2999 2681 3310 2754 semetipsis
3343 2679 3548 2749 incipe-

1960 2782 2101 2830 rent.
2128 2775 2374 2846 Denique
2410 2798 2428 2822 ι
2448 2782 2510 2829 ut
2529 2790 2731 2842 serves,
2783 2773 2982 2845 inquit,
3008 2770 3322 2828 mandatum
3360 2767 3549 2824 imma-

1962 2864 2203 2920 culatum
2236 2879 2409 2935 usque
2447 2863 2516 2918 ad
2562 2863 2860 2918 adventum
2918 2861 3142 2917 Domini
3197 2857 3371 2914 nostri
3426 2857 3551 2911 Iesu

1963 2950 2190 3008 Christi.
2224 2979 2241 3000 ι
2279 2951 2439 3019 Quod
2468 2955 2547 3008 sic
2571 2950 2848 3023 astringit,
2881 2957 2942 3006 ut
2971 2966 3151 3006 coram
3177 2950 3290 3005 Deo
3319 2952 3373 3002 et
3399 2945 3552 3002 Chri-

1961 3047 2046 3096 sto
2083 3040 2188 3096 hoc
2217 3058 2272 3096 se
2313 3040 2574 3096 mandare
2603 3048 2869 3097 testetur:
2908 3046 2962 3094 et
2999 3047 3060 3094 ut
3097 3047 3358 3094 terrorem
3401 3034 3552 3089 incu-

1964 3130 2084 3199 tiat,
2115 3130 2421 3204 passionem
2469 3129 2675 3188 Christi
2735 3138 3021 3198 memorat,
3085 3127 3244 3201 cujus
3286 3123 3556 3200 passionis

1964 3235 2087 3276 reus
2117 3229 2333 3277 necesse
2376 3226 2457 3277 est
2484 3221 2598 3289 ﬁat,
2644 3220 2738 3293 qui
2788 3220 2892 3275 hoc
2922 3217 3130 3292 spernit
3160 3223 3381 3290 propter
3410 3211 3555 3287 quod

1965 3325 2155 3382 passus
2183 3317 2263 3365 est
2304 3309 2574 3367 Christus.
2619 3311 2728 3367 Nec
2757 3309 2903 3365 diem
2947 3307 3145 3381 judicii
3177 3306 3368 3372 tacuit,
3410 3299 3557 3376 quod

1966 3401 2353 3471 praedestinato
2384 3407 2628 3473 tempore
2658 3401 2907 3456 futurum
2953 3406 3034 3454 est
3063 3398 3161 3455 Dei
3194 3405 3352 3464 nutu,
3395 3409 3557 3469 quem

1967 3489 2144 3544 solum
2173 3487 2392 3544 beatum
2423 3498 2475 3544 et
2512 3497 2788 3561 potentem
2816 3496 2869 3543 et
2898 3489 3095 3560 Regem
3130 3501 3315 3557 regum
3360 3493 3414 3540 et
3454 3487 3558 3540 Do-

1969 3578 2182 3632 minum
2219 3579 2572 3650 pronuntiat;
2626 3578 2774 3634 solus
2815 3585 2894 3633 est
2940 3576 3088 3633 enim
3140 3577 3253 3648 ipse
3299 3575 3393 3650 qui
3437 3591 3558 3648 pro-

1968 3667 2142 3739 priam
2169 3675 2226 3724 et
2253 3684 2282 3722 a
2303 3669 2457 3724 nullo
2478 3667 2640 3723 habet
2663 3674 2940 3740 acceptam
2970 3665 3367 3723 beatitudinem
3398 3673 3561 3738 atque

1970 3757 2295 3830 potentiam,
2325 3756 2667 3813 dominatum
2695 3765 2750 3813 et
2781 3772 3030 3830 regnum,
3061 3771 3162 3812 nec
3192 3770 3303 3810 non
3338 3754 3561 3810 immor-

1971 3855 2261 3910 talitatem.
2293 3855 2421 3910 Haec
2449 3853 2596 3910 304
2639 3855 2825 3912 omnia
2873 3854 3038 3912 habet
3079 3855 3256 3923 Pater,
3306 3854 3564 3912 similiter

1971 3951 2024 4000 et
2067 3944 2243 4000 Filius
2284 3961 2315 4000 a
2365 3945 2540 4014 Patre,
2593 3945 2779 4002 lumen
2825 3952 3008 4001 autem
3057 3942 3433 4002 inaccessibile
3482 3961 3564 4000 so-

1972 4033 2082 4089 lius
2115 4033 2293 4090 Patris
2321 4042 2436 4104 est;
2479 4035 2609 4109 quia
2651 4035 2792 4091 nulli
2825 4051 3068 4108 unquam
3117 4033 3422 4108 apparauit.
3465 4035 3565 4091 De-

1973 4123 2140 4195 nique
2165 4123 2402 4195 subjecit
2435 4142 2446 4180 :
2495 4149 2513 4173 ι
2543 4126 2714 4192 Quem
2745 4125 2887 4182 vidit
2916 4141 3079 4181 neruo
3125 4124 3436 4194 hominum,
3467 4139 3568 4182 nec

1972 4214 2161 4271 videre
2209 4223 2409 4288 potest.
2445 4239 2463 4264 ι
2525 4217 2645 4273 Νοη
2695 4218 2825 4291 quia
2868 4217 3019 4274 aliud
3066 4217 3255 4274 lumen
3295 4216 3428 4272 Filii
3459 4215 3562 4281 sit;

1974 4306 2176 4379 quippe
2204 4324 2329 4364 cum
2353 4308 2410 4362 in
2430 4309 2641 4380 psalmo
2672 4309 2937 4382 scriptum
2970 4311 3076 4366 sit:
3120 4332 3139 4356 ‹
3171 4309 3242 4366 Et
3270 4308 3327 4364 in
3358 4307 3568 4363 lumine

1975 4404 2070 4452 tuo
2104 4395 2417 4452 videbimus
2455 4398 2640 4454 lumen
2686 4399 2860 4469 (Psat.
2897 4415 3073 4468 xxxv,
3110 4398 3222 4470 10),
3270 4421 3288 4446 ι
3333 4396 3438 4454 hoc
3466 4403 3566 4466 est,

1975 4486 2163 4543 lumen
2203 4486 2379 4543 Patris
2421 4504 2535 4544 esse
2566 4488 2623 4544 in
2657 4489 2838 4546 Filio:
2889 4488 2983 4545 sed
3028 4489 3158 4561 quia
3206 4504 3369 4544 nemo
3424 4485 3567 4544 vidit

1978 4575 2216 4644 Patrem,
2262 4592 2326 4633 ac
2354 4592 2452 4650 per
2502 4577 2606 4636 hoc
2658 4577 3034 4636 inaccessibile
3090 4576 3300 4633 habitat
3357 4577 3566 4632 lumen.

444 4627 458 4641 .
492 4627 544 4630 νγ
1978 4627 2216 4644 -μ--ν---ι
2264 4627 2322 4633 -ν
2359 4627 2443 4650 τη
2502 4627 2605 4636 --η
2658 4627 3032 4636 "mum-un-
3091 4627 3300 4633 ------κ-

270 4663 436 4720 Certa
482 4662 688 4719 bonum
751 4671 1026 4722 certamen
1091 4666 1240 4736 ﬁdei,
1304 4667 1649 4741 apprehende
1698 4669 1867 4725 vitam
1901 4627 2095 4722 I)Non
2141 4673 2223 4721 est
2264 4668 2408 4722 enim
2455 4667 2590 4724 ordo
2640 4667 2808 4725 alicui
2856 4665 3081 4723 videndi
3111 4669 3285 4723 Deum
3331 4663 3567 4734 Patrem,

271 4761 556 4822 aeternam,
607 4752 675 4808 ad
724 4770 886 4827 quam
935 4763 988 4811 et
1034 4765 1262 4815 vocatus
1298 4774 1378 4827 es,
1427 4767 1480 4814 et
1508 4759 1787 4816 confessus
1816 4776 1872 4816 es

274 4843 480 4900 bonam
509 4843 919 4902 confessionem
949 4865 1132 4906 coram
1164 4851 1355 4908 multis
1386 4851 1636 4908 testibus.
1669 4877 1688 4901 ι
1730 4853 1870 4922 Quo-

275 4935 424 4991 niam
456 4937 691 4994 avaritia
740 4955 825 4995 res
855 4939 1046 5015 iniqua
1075 4952 1175 5012 est,
1211 4941 1494 5000 hominem
1533 4945 1653 5014 Dei,
1694 4954 1756 5003 ut
1803 4945 1872 5002 ab

275 5024 383 5083 hac
405 5024 712 5096 dissentiat,
745 5027 1014 5100 justitiam
1043 5031 1200 5105 sequi
1215 5031 1374 5105 jubet
1402 5041 1564 5108 atque
1590 5035 1869 5108 pietatem,

276 5121 333 5171 et
363 5115 469 5170 alia
507 5131 626 5188 quae
662 5126 964 5176 memorat:
1010 5137 1121 5176 non
1156 5122 1303 5177 enim
1334 5123 1534 5195 poterit
1574 5123 1716 5182 hanc
1746 5125 1875 5181 evi-

276 5212 412 5272 tare,
437 5205 547 5260 nisi
576 5205 663 5262 his
700 5207 1014 5277 adhaeserit,
1045 5227 1164 5282 quae
1186 5211 1431 5268 avaritiae
1461 5213 1690 5270 adversa
1721 5221 1870 5270 sunt.

276 5291 566 5361 Quomodo
619 5302 803 5352 autem
849 5296 969 5353 ﬁeri
1014 5306 1191 5371 potest
1221 5305 1283 5355 ut
1328 5315 1527 5355 avarus
1565 5299 1746 5357 ﬁdelis
1778 5301 1870 5369 sit,

278 5383 374 5456 qui
424 5385 681 5456 operibus
728 5396 888 5460 negat
936 5388 1082 5460 quod
1137 5387 1321 5445 verbis
1400 5388 1560 5445 fateri
1617 5388 1876 5446 videtur?

279 5474 437 5530 Unde
465 5483 648 5532 autem
679 5485 890 5533 amator
916 5478 1300 5548 fraternitatis,
1323 5478 1482 5550 cujus
1523 5495 1720 5536 manus
1747 5486 1876 5536 sunt

281 5565 448 5622 aridae
473 5567 500 5622 ‘l
528 5569 805 5641 quomodo
832 5587 964 5628 vero
993 5571 1227 5644 patiens,
1259 5572 1353 5646 qui
1382 5588 1596 5644 semper
1623 5572 1694 5628 ad
1733 5571 1878 5628 alie-

357 5681 474 5759 (ρδ)
508 5683 855 5759 Rom._edit.,
887 5687 1096 5759 abunde
1131 5688 1203 5744 ad
1230 5686 1611 5759 fruendum...
1645 5691 1701 5742 ut
1730 5687 1878 5743 divi-

286 5760 360 5810 tes
387 5753 520 5824 facti
561 5755 710 5810 bon-is
758 5753 1024 5828 aperibus,
1068 5753 1256 5830 faciles
1291 5761 1398 5816 sint
1448 5760 1518 5816 ad
1566 5759 1880 5833 impertien-

1981 4753 2087 4810 nisi
2118 4754 2370 4824 Christo;
2404 4757 2499 4829 qui
2529 4757 2596 4814 de
2611 4758 2724 4814 Deo
2743 4763 2842 4824 est,
2876 4753 2968 4813 hic
2991 4755 3133 4812 vidit
3153 4757 3360 4812 Deum:
3396 4753 3571 4810 Filius

1981 4853 2185 4914 autem,
2215 4848 2344 4920 quia
2378 4847 2564 4902 omnia
2592 4845 2707 4919 ipse
2738 4845 2867 4918 agit,
2913 4854 2965 4901 et
2995 4860 3254 4918 apparere
3285 4842 3492 4902 dicitur
3519 4853 3573 4902 et
3604 4863 3608 4865 ’

1984 4934 2186 4995 videri.
2227 4936 2370 4992 Illud
2420 4952 2549 5010 ergo
2579 4935 2852 5008 peculiare
2878 4934 3054 4991 Patris
3103 4943 3183 4992 est
3217 4932 3363 5008 quod
3411 4950 3573 5007 supra

1982 5025 2193 5082 dictum
2216 5033 2297 5082 est
2322 5043 2332 5082 :
2379 5050 2396 5072 ι
2429 5026 2530 5086 Cui
2551 5025 2728 5082 honor
2748 5033 2802 5083 et
2831 5033 3312 5100 potestas_aetema,
3335 5041 3516 5096 amen,
3542 5051 3561 5076 ν

1983 5113 2089 5171 hoc
2118 5123 2199 5171 est
2228 5131 2442 5172 verum.

2058 5213 2239 5285 (Vers.
2302 5213 2389 5283 17,
2451 5213 2535 5282 18,
2600 5213 2708 5286 19.)
2763 5213 3113 5271 «Divitibus
3169 5212 3335 5286 hujus
3387 5211 3573 5270 saeculi

1984 5303 2218 5376 praecipe
2245 5321 2357 5359 non
2387 5305 2619 5378 superbe
2657 5321 2864 5379 sapere,
2914 5321 3089 5379 neque
3129 5319 3344 5378 sperare
3387 5302 3445 5359 in
3494 5302 3573 5358 in-

1983 5398 2132 5448 certo
2163 5393 2513 5463 divitiarum,
2539 5393 2633 5450 sed
2654 5393 2712 5450 in
2744 5395 2858 5450 Deo
2889 5395 3040 5462 vivo,
3067 5393 3161 5467 qui
3180 5400 3396 5465 praestat
3417 5391 3577 5449 nobis

1985 5481 2174 5537 omnia
2185 5481 2532 5540 abundanter
2549 5482 2918 5540 adfruendum
2941 5483 3056 5555 (65)
3086 5483 3143 5542 in
3157 5482 3441 5538 voluntate
3453 5498 3576 5554 ope-

1987 5585 2109 5627 rum
2142 5571 2416 5630 bonorum
2441 5589 2452 5629 :
2497 5571 2702 5630 divites
2730 5587 2847 5629 esse
2873 5570 3036 5628 factis
3071 5569 3254 5642 bonis,
3284 5571 3472 5630 faciles
3502 5570 3570 5628 ad

1987 5687 2135 5816 dtu-m,
2177 5694 2225 5746 et
2279 5687 2494 5748 libenter
2538 5687 2994 5758 communicantes,
3052 5687 3407 5746 thesaurizent
3457 5683 3573 5754 sibi,

1987 5777 2015 5816 Θ
2044 5778 2092 5816 C.

1987 5777 2092 5816 CIC.
