3970 6390
241 400 347 457 513

1259 401 1620 459 COMMENT.
1661 401 1732 456 ΙΝ
1767 401 1985 458 EPIST.
2026 403 2074 458 Il
2113 404 2208 458 AD
2248 399 2535 460 TIMOTH.

3439 408 3544 465 314

240 524 400 580 illum
421 523 728 582 desiderare
769 534 992 599 propter
1019 525 1387 599 lacrymarum
1414 525 1534 599 ejus
1563 527 1828 584 recorda-
1863 530 1914 590 Α
1942 526 2098 584 electi
2130 536 2258 584 sunt
2287 528 2356 584 ad
2378 528 2791 600 gubernandum
2823 531 3087 602 populum
3119 539 3368 590 sanctum
3400 533 3500 591 Dei
3527 553 3540 602 ;

238 614 470 685 tionem,
511 634 646 690 quas
679 635 865 674 amore
894 617 1112 675 fuderat
1140 619 1413 690 Apostoli,
1443 619 1588 676 sicut
1627 620 1831 676 intelli-

239 705 407 777 gitur,
434 706 739 763 recedentis
762 723 793 762 a
813 724 890 763 se.
919 708 1041 764 Non
1069 707 1351 764 immerito
1392 725 1519 780 ergo
1553 716 1831 764 amantem

239 811 298 850 se
331 795 626 865 desiderat,
659 803 722 852 ut
751 796 949 868 gaudio
979 796 1273 868 impleatur
1293 812 1362 852 ex
1383 796 1668 853 communi
1696 794 1832 852 laeti-

238 884 342 952 tia,
391 901 552 942 causa
591 884 718 941 ﬁdei
751 885 998 954 sincerae,
1037 902 1200 959 quam
1243 893 1297 942 et
1332 886 1390 942 in
1436 886 1560 943 avia
1602 885 1738 958 ejus,
1779 895 1834 943 et

241 971 303 1028 in
333 983 506 1030 matre
537 973 706 1030 fuisse
728 973 1020 1046 signiﬁcat,
1043 974 1350 1032 certissime
1373 983 1428 1031 et
1453 975 1512 1031 in
1532 992 1616 1032 eo.
1640 975 1834 1032 Omnis

239 1063 428 1136 itaque
456 1064 548 1121 hic
573 1065 801 1123 aﬂ'ectus
843 1073 1066 1138 propter
1112 1065 1277 1122 ﬁdem
1323 1076 1424 1135 est,
1465 1083 1584 1140 quae
1631 1074 1747 1122 erat
1775 1065 1833 1122 in

239 1153 324 1209 eis
351 1153 638 1210 inviolata.

319 1244 499 1315 (Vers.
548 1245 602 1313 6,
653 1245 732 1316 7.)
793 1270 812 1292 ι
865 1245 984 1313 Qua
1025 1245 1092 1302 de
1139 1262 1301 1304 causa
1338 1247 1606 1304 admoneo
1651 1255 1727 1316 te,
1774 1254 1836 1302 ut

241 1350 452 1390 recrees
479 1334 685 1390 donum
710 1335 829 1404 Dei,
862 1335 1010 1409 quod
1038 1344 1120 1392 est
1150 1336 1206 1392 in
1228 1343 1282 1392 te
1299 1353 1392 1408 per
1423 1336 1834 1409 impositionem

240 1440 505 1480 manuum
535 1439 814 1492 mearum;
849 1443 960 1481 non
988 1424 1139 1481 enim
1169 1426 1322 1482 dedit
1353 1425 1512 1482 nobis
1543 1427 1690 1482 Deus
1715 1425 1837 1498 spi-

189 1510 198 1516 ’
241 1513 414 1568 ritum
445 1513 680 1583 timoris,
713 1514 809 1571 sed
837 1515 1084 1581 virtutis,
1105 1523 1159 1572 et
1187 1515 1523 1584 dilectionis,
1555 1523 1609 1571 et
1634 1515 1836 1572 sobrie-

241 1601 392 1658 tatis.
425 1627 444 1650 ι
503 1603 796 1676 Propterea
844 1621 900 1660 se
954 1613 1244 1677 parentum
1288 1603 1410 1677 ejus
1462 1604 1836 1661 sinceritatem

239 1690 374 1747 ﬁdei
405 1691 681 1764 signiﬁcat
709 1709 1061 1763 memorasse,
1093 1702 1156 1750 ut
1207 1693 1493 1750 fortiorem
1524 1693 1676 1750 hunc
1701 1693 1838 1750 face-

239 1787 348 1836 ret.
380 1780 516 1848 Quis
544 1781 693 1837 enim
726 1782 942 1838 laudem
979 1783 1205 1838 illorum
1235 1781 1484 1850 audiens,
1517 1799 1750 1855 quorum
1780 1781 1838 1837 in

1943 617 2012 672 ad
2041 625 2288 674 sanctum
2321 625 2502 673 autem
2525 617 2708 674 senior
2737 625 2992 684 vocatur,
3039 619 3136 692 qui
3173 621 3287 676 dux
3317 621 3546 694 eligitur

1941 706 2267 764 sanctitatis.
2313 733 2330 756 ι
2359 708 2481 764 Non
2527 707 2832 765 secundum
2880 707 3082 765 merita
3129 719 3332 767 nostra.
3381 736 3398 759 ι
3443 713 3546 769 Ve-

1942 811 2065 850 rum
2131 803 2232 864 est,
2291 796 2420 869 quia
2484 796 2532 852 si
2597 797 2665 854 ad
2719 797 2995 870 liquidum
3058 813 3286 870 quaeras,
3360 801 3547 856 nullus

1942 884 2235 942 hominum
2258 885 2456 957 dignus
2477 893 2651 958 potest
2679 885 2861 942 videri
2885 885 3128 942 vicarius
3154 902 3269 943 esse
3294 887 3507 944 Christi
3532 906 3546 955 ;

1943 989 2137 1030 omnes
2164 973 2314 1030 enim
2342 989 2481 1046 quos
2523 973 2708 1046 elegit,
2752 974 2905 1046 prius
2965 975 3188 1030 fuerant
3217 983 3547 1047 peccatores.

1941 1067 2217 1135 Quantum
2247 1083 2376 1140 ergo
2413 1065 2482 1122 ad
2524 1066 2988 1138 comparationem
3036 1075 3364 1124 ceterorum
3414 1084 3550 1140 per-

1943 1152 2104 1221 tinet,
2135 1152 2192 1208 hi
2221 1153 2376 1225 digni
2404 1153 2617 1208 inventi
2647 1159 2807 1209 sunt:
2842 1159 3110 1225 quantum
3159 1168 3296 1209 vero
3331 1152 3402 1210 ad
3432 1169 3547 1209 rem

1944 1239 2142 1314 ipsam,
2165 1258 2356 1298 omnes
2387 1240 2600 1314 indigni
2649 1248 2799 1297 sunt.
2854 1263 2872 1287 ‹
2911 1239 3015 1296 Sed
3074 1241 3374 1297 secundum
3409 1258 3552 1314 pro-

1945 1330 2189 1404 positum
2221 1347 2404 1400 suum,
2445 1338 2499 1386 et
2543 1330 2774 1403 gratiam
2825 1345 2946 1402 quae
2988 1329 3113 1386 data
3158 1340 3240 1388 est
3289 1329 3452 1386 nobis
3491 1329 3552 1385 in

1946 1419 2170 1477 ChriSto
2216 1421 2342 1476 Iesu
2399 1429 2523 1476 ante
2571 1428 2818 1492 tempora
2865 1419 3172 1476 szecularia.
3204 1444 3222 1466 ι
3277 1418 3551 1487 Quoniam

1947 1507 2268 1581 dignatione
2296 1525 2395 1564 sua
2420 1510 2569 1566 Deus
2597 1510 2730 1565 olim
2749 1513 2894 1570 306
2947 1508 3198 1565 decrevit
3241 1515 3552 1580 peccatores

1947 1604 2127 1660 salvos
2155 1605 2332 1660 facere
2363 1605 2648 1676 (praescius
2667 1605 2815 1660 enim
2837 1603 2944 1661 fuit
2964 1607 3115 1661 Deus
3140 1603 3276 1677 quid
3299 1605 3551 1660 futurum

1947 1701 2090 1750 esset
2107 1694 2163 1749 in
2193 1694 2437 1761 homine,
2461 1702 2756 1767 antequam
2776 1695 2979 1752 faceret
2996 1711 3154 1762 eum,
3179 1706 3234 1753 et
3254 1694 3550 1766 peccaret),

1949 1783 2229 1857 quomodo
2276 1782 2743 1856 redintegraretur
2764 1783 3198 1856 praedestinavit,
3255 1800 3364 1856 quo
3401 1791 3553 1840 tem-

240 1887 310 1927 eo
344 1871 463 1943 ipso
495 1870 766 1944 particeps
796 1881 896 1940 est,
941 1889 1054 1929 non
1098 1882 1326 1941 crescat,
1356 1873 1564 1930 addens
1590 1872 1837 1929 animum
1881 1881 1927 1942 Β
1953 1887 2104 1944 pore,
2137 1881 2191 1928 et
2216 1888 2310 1944 per
2347 1888 2506 1945 quos,
2555 1879 2609 1927 et
2639 1888 2746 1944 qua
2792 1872 3013 1928 ratione
3059 1871 3261 1928 salvari
3301 1872 3549 1944 possint;

241 1959 568 2032 hujusmodi
600 1960 861 2017 viribus?
899 1962 990 2019 Sic
1035 1979 1164 2035 ergo
1203 1970 1412 2020 recreat
1449 1962 1507 2018 in
1536 1979 1593 2018 se
1630 1961 1840 2018 donum

241 2048 433 2120 gratiae
462 2048 562 2105 Dei
591 2058 874 2122 acceptum
913 2068 1010 2122 per
1056 2051 1460 2108 ordinationem
1493 2050 1838 2124 presbyterii,

240 2138 377 2194 dum
433 2140 679 2196 animum
738 2157 900 2196 suum
967 2141 1226 2198 confovet
1280 2142 1482 2199 mentis
1539 2142 1841 2208 alacritate,

243 2229 488 2301 gaudens
517 2230 575 2286 in
621 2231 936 2304 semetipso,
957 2232 1101 2288 sicut
1130 2232 1190 2288 in
1212 2232 1457 2289 novitate
1477 2231 1843 2289 ordinationis

241 2319 530 2392 gaudetur.
579 2321 826 2393 Denique
875 2319 1153 2392 subjecit:
1219 2345 1238 2369 α
1267 2322 1376 2378 Nec
1412 2322 1585 2390 enim,
1636 2320 1838 2394 inquit,

241 2409 399 2465 dedit
427 2408 586 2465 nobis
613 2412 758 2466 Deus
811 2411 1066 2483 spiritum
1099 2410 1335 2479 timoris,
1390 2411 1485 2468 sed
1536 2410 1780 2467 virtutis.
1808 2435 1827 2461 ι

242 2499 546 2556 Innovatus
589 2499 736 2555 enim
797 2499 964 2556 homo
1008 2500 1125 2556 exit
1168 2501 1236 2557 de
1291 2500 1512 2569 timore,
1559 2499 1842 2572 accipiens

247 2589 509 2660 spiritum
532 2588 739 2645 laetitia:
758 2599 978 2662 propter
993 2588 1448 2662 justiﬁcationem
1475 2607 1486 2646 :
1513 2589 1642 2662 quia
1663 2588 1842 2644 omnis

245 2676 488 2749 injustus
518 2677 575 2733 in
619 2679 817 2734 timore
863 2687 963 2748 est,
1008 2696 1120 2736 non
1169 2680 1348 2747 fortis,
1400 2678 1495 2735 sed
1547 2677 1838 2743 inﬁrmus;

243 2785 359 2826 non
391 2769 446 2823 in
477 2768 794 2836 dilectione,
823 2769 918 2825 sed
950 2769 1009 2825 in
1057 2768 1187 2825 odio
1213 2787 1224 2824 :
1258 2785 1359 2824 nec
1406 2766 1466 2823 in
1496 2767 1703 2823 mentis
1744 2783 1844 2822 so—

241 2857 498 2924 brietate,
521 2857 616 2913 sed
649 2873 832 2913 errore
862 2858 1100 2914 saucius.
1133 2857 1190 2913 Si
1233 2865 1417 2912 autem
1465 2855 1552 2911 his
1580 2855 1840 2924 caruerit,

241 2963 341 3020 per
369 2947 534 3003 ﬁdem
567 2953 619 3001 et
647 2946 832 3015 fortis,
870 2955 924 3002 et
954 2946 1210 3014 dilectus,
1243 2953 1298 3000 et
1325 2945 1547 3001 sobrius
1564 2945 1692 3001 erit.

321 3047 504 3116 (Vers.
543 3045 625 3116 8.)
673 3070 690 3094 ι
716 3045 841 3101 Noli
873 3045 1056 3118 itaque
1095 3045 1414 3102 erubescere
1457 3043 1840 3101 testimonium

241 3135 469 3192 Domini
498 3135 695 3203 nostri,
726 3151 902 3208 neque
933 3152 1018 3192 me
1047 3135 1298 3192 vinctum
1339 3133 1478 3206 ejus.
1513 3159 1532 3183 ι
1572 3135 1844 3192 Constan-

1950 1969 2012 2016 ut
2042 1977 2219 2033 neque
2275 1961 2474 2017 merito
2507 1977 2606 2016 suo
2653 1961 2748 2034 qui
2791 1961 3101 2028 salvantur,
3147 1977 3323 2033 neque
3353 1960 3552 2016 horum

1950 2065 2046 2121 per
2072 2065 2208 2122 quos
2236 2057 2523 2117 vocantur,
2556 2048 2651 2104 sed
2671 2048 2770 2105 Dei
2803 2048 2976 2120 gratia
2996 2047 3146 2104 istud
3175 2049 3385 2104 donum
3407 2064 3542 2121 prae-

1951 2137 2084 2193 stari
2105 2137 2364 2194 videatur
2392 2155 2488 2210 per
2520 2136 2688 2214 ﬁdem
2718 2136 2951 2195 Christi.

2024 2235 2208 2307 (Vers.
2244 2236 2358 2308 10.)
2396 2260 2414 2282 ι
2445 2236 2603 2292 Nunc
2649 2251 2780 2290 vero
2815 2235 3094 2291 declarata
3143 2251 3238 2307 per
3266 2235 3547 2292 illumina-

1949 2324 2158 2381 tionem
2189 2326 2459 2383 adventus
2487 2325 2793 2382 Salvutoris
2851 2325 3029 2382 nostri
3069 2325 3197 2381 Iesu
3253 2325 3482 2383 Christi.
3519 2352 3537 2372 »

1951 2417 2167 2471 Donum
2195 2415 2294 2470 Dei
2324 2415 2467 2488 quod
2501 2423 2626 2470 ante
2657 2422 2902 2486 tempora
2951 2413 3238 2471 saecularia
3267 2414 3468 2470 latebat
3492 2415 3552 2471 in

1951 2506 2239 2578 mysterio,
2278 2507 2654 2563 incarnatione
2691 2515 2746 2562 et
2773 2504 3015 2561 adventu
3065 2505 3270 2562 Christi
3301 2505 3554 2562 declara-

1951 2603 2069 2651 tum
2100 2603 2352 2664 testatur,
2385 2597 2609 2669 quando
2637 2603 2920 2668 cmperunt
2968 2595 3222 2652 homines
3269 2596 3550 2652 remissam

1952 2693 2300 2757 peccatorum
2331 2686 2597 2757 accipere.

2026 2783 2208 2855 (Vers.
2258 2782 2370 2853 11.)
2434 2805 2452 2829 ι
2491 2782 2598 2850 Qui
2667 2781 2946 2838 destruxit
3007 2781 3229 2854 quidem
3295 2789 3547 2850 mortem,

1953 2871 2297 2928 illuminavit
2317 2880 2499 2928 autem
2532 2871 2704 2927 vitam
2743 2871 3048 2928 aeternitate
3081 2872 3196 2944 (69)
3220 2887 3317 2943 per
3353 2872 3551 2927 Evan-

1954 2961 2178 3033 gelium,
2239 2961 2297 3016 in
2354 2978 2463 3034 quo
2519 2960 2730 3034 positus
2784 2977 2906 3017 sum
2955 2977 3054 3032 ego
3106 2960 3451 3032 praedicator,
3496 2966 3552 3014 et

1955 3049 2256 3123 apostolus,
2318 3057 2372 3104 et
2449 3051 2708 3122 magister
2764 3048 3032 3121 gentium.
3088 3072 3107 3096 ι
3175 3048 3294 3116 Qua
3342 3046 3552 3103 ratione

1953 3141 2172 3196 salvum
2209 3137 2340 3196 fecit
2367 3139 2632 3210 populum
2665 3154 2827 3193 suum
2874 3136 3148 3206 Christus,
3189 3135 3432 3194 ostendit
3456 3134 3554 3190 di-

247 3225 380 3280 tiam
438 3223 744 3280 habendam
801 3223 981 3292 docet,
1035 3241 1136 3282 nec
1213 3224 1474 3296 trepidari
1532 3223 1730 3281 debere
1785 3222 1914 3296 inc
1950 3246 2080 3288 cens
2129 3228 2257 3302 quia
2313 3235 2545 3283 mortem
2605 3227 2901 3295 destruxit,
2964 3243 3085 3300 qua;
3138 3233 3253 3282 erat
3308 3223 3554 3281 hominis

247 3313 608 3386 professione.
640 3315 761 3370 Non
791 3322 873 3370 est
904 3315 1052 3371 enim
1101 3314 1248 3371 unde
1278 3314 1632 3371 erubescatur
1657 3318 1714 3372 in
1755 3331 1839 3386 ea,

247 3402 378 3475 quia
398 3403 444 3458 si
476 3403 643 3459 homo
675 3403 828 3460 visus
855 3411 936 3459 est
965 3403 1239 3472 Christus,
1279 3403 1444 3476 gestis
1472 3411 1655 3459 tamen
1685 3421 1845 3478 appa-

248 3491 362 3548 ruit
411 3493 591 3548 Deus:
647 3492 749 3547 etsi
807 3491 1110 3548 crucifixus
1155 3499 1259 3560 est,
1308 3492 1610 3547 resurrexit
1658 3501 1840 3549 tamen

249 3598 282 3638 a
315 3581 570 3650 mortuis,
619 3589 674 3637 et
705 3580 897 3636 multis
943 3580 1284 3649 videntibus,
1327 3580 1668 3652 suscipiente
1716 3598 1843 3638 eum

249 3670 417 3736 nube,
448 3669 506 3724 in
535 3670 736 3725 coelum
789 3668 1036 3726 ascendit
1083 3669 1224 3740 (Act.
1260 3685 1299 3737 ι,
1335 3669 1415 3740 9).
1468 3668 1590 3725 Non
1617 3677 1699 3726 est
1719 3687 1847 3742 ergo

251 3762 598 3818 inﬁrmitatis
619 3778 802 3830 causa,
835 3761 928 3818 sed
959 3762 1278 3834 potestatis;
1325 3761 1456 3834 quia
1487 3761 1584 3817 ubi
1623 3769 1847 3834 putatur

252 3850 628 3919 imbecillitas,
687 3850 767 3906 ibi
815 3859 1040 3923 apparet
1108 3851 1374 3924 potentia.
1435 3851 1626 3922 Itaque
1681 3852 1847 3907 stulte

251 3939 564 3996 inﬁrmatus
592 3939 820 4008 dicitur,
849 3940 945 4013 qui
975 3940 1172 3996 vicisse
1211 3940 1495 4012 probatur.
1524 3940 1639 3996 Hoc
1685 3940 1847 3997 modo

250 4044 351 4085 nec
380 4028 438 4084 in
467 4029 732 4100 Apostolo
759 4037 860 4096 est,
907 4029 1054 4102 quod
1111 4027 1179 4084 ad
1236 4029 1492 4085 ruborem
1529 4029 1799 4101 pertineat
1832 4049 1843 4087 :

250 4118 380 4192 quia
408 4117 454 4173 si
484 4117 753 4190 pressuris
781 4128 835 4176 et
866 4118 1111 4175 caedibus
1144 4118 1470 4177 humiliatus
1507 4119 1733 4189 dicitur,
1779 4137 1848 4177 ex

252 4208 349 4264 illa
396 4216 548 4280 parte
603 4208 900 4265 confundit
948 4210 1343 4268 obtrectatores
1413 4228 1561 4280 suos,
1607 4210 1737 4284 quia
1789 4211 1847 4266 in

251 4297 424 4368 signis
465 4313 530 4353 ac
571 4297 838 4369 prodigiis
891 4308 1031 4355 nutu
1072 4299 1345 4357 mirabilis
1389 4300 1748 4373 pervidetur:
1785 4309 1848 4358 ut

252 4385 597 4456 intelligatur
627 4403 737 4442 non
757 4385 1081 4443 inﬁrmitate
1101 4387 1408 4458 humiliari,
1439 4391 1533 4446 sed
1564 4391 1848 4447 voluntate

195 4519 208 4528 ι
252 4475 322 4531 ad
347 4469 642 4546 quemdam
693 4476 1016 4531 meritorum
1065 4478 1397 4548 profectum.
1439 4479 1651 4536 Idcirco
1699 4479 1846 4535 enim

252 4563 400 4618 Deus
427 4577 614 4617 servos
644 4578 774 4618 suos
800 4561 868 4616 ab
889 4561 1096 4634 iniquis
1138 4563 1424 4620 humiliari
1453 4567 1750 4636 permittit,
1780 4583 1848 4622 ne

257 4649 369 4706 illis
397 4649 601 4721 injuste
633 4650 858 4723 praemia
882 4651 1011 4708 dare
1036 4652 1312 4710 videatur.

328 4749 510 4821 (Vers.
541 4750 623 4821 9.)
661 4774 678 4798 ι
697 4750 801 4806 Sed
829 4751 1108 4808 collabora
1127 4751 1187 4807 in
1213 4753 1518 4825 Evangelio
1547 4753 1850 4812 secundum

255 4841 519 4897 virtutem
550 4841 671 4910 Dei,
705 4841 800 4914 qui
830 4859 932 4898 nos
959 4843 1140 4900 salvos
1169 4844 1299 4901 fecit
1336 4845 1478 4916 (68).
1515 4870 1534 4894 ι
1576 4846 1848 4914 Quoniam

255 4930 461 4986 virtute
487 4930 586 4986 Dei
632 4929 776 4986 victa
803 4937 884 4987 est
916 4947 1085 4998 mors,
1121 4940 1184 4988 ut
1211 4950 1312 4990 nos
1339 4933 1481 4991 salvi
1531 4950 1647 4991 esse
1679 4935 1848 5007 possi-

257 5034 416 5085 mus;
448 5017 611 5089 juxta
637 5017 742 5077 hoc
767 5021 1030 5077 convenit
1058 5021 1235 5078 vicem
1268 5039 1368 5079 nos
1397 5039 1465 5078 ex
1487 5023 1672 5096 aliqua
1698 5032 1849 5097 parte

260 5106 488 5163 reddere
557 5106 933 5180 Redemptori.
989 5108 1129 5176 Quia
1173 5109 1320 5165 enim
1377 5110 1445 5166 ad
1500 5111 1687 5168 omnia
1732 5112 1850 5185 ejus

255 5195 526 5253 beneﬁcia
553 5197 882 5270 respondere
911 5214 1022 5253 non
1053 5214 1364 5270 possumus,
1396 5202 1486 5258 vel
1517 5202 1847 5275 legationem

257 5286 378 5359 ejus
424 5287 663 5344 ﬁdeliter
704 5296 757 5344 et
802 5287 1072 5345 instanter
1122 5306 1365 5363 agamus.
1434 5313 1453 5339 ι
1509 5293 1582 5348 Et
1629 5291 1850 5349 vocavit

257 5377 544 5435 vocatione
592 5395 689 5435 sua
734 5387 938 5436 sancta.
971 5403 992 5430 ι
1043 5380 1275 5438 Vocatio
1321 5390 1511 5440 sancta
1564 5390 1665 5450 est,
1720 5399 1847 5440 cum

333 5521 451 5662 ἓ68)
483 5524 640 5580 Rom.
675 5523 835 5592 edit.,
861 5524 952 5596 qui
980 5541 1075 5579 nos
1098 5524 1357 5581 liberavit.

359 5593 451 5662 69)
483 5595 642 5650 Rom.
661 5596 818 5662 edit.,
849 5597 1185 5652 Illum-navit
1212 5605 1357 5653 autem

307 5593 451 5673 “(69)
483 5595 642 5673 Rgm.
661 5593 1185 5673 edit.,_Illumi-navit
1212 5605 1387 5653 autem
1416 5597 1600 5666 vitam,
1628 5603 1675 5654 et
1701 5603 1848 5654 teter-

256 5666 494 5720 nitatem.
528 5666 607 5720 Ita
635 5666 798 5722 etiam
827 5667 989 5724 infra.

333 5736 450 5808 (70)
485 5737 641 5794 Rom.
677 5737 811 5795 edit.
846 5739 900 5795 in
932 5740 1086 5798 illum
1122 5741 1323 5800 diem...
1369 5741 1464 5815 qui
1491 5758 1578 5816 spe
1601 5748 1652 5800 et
1695 5741 1846 5816 ﬁdu-

1953 3318 2201 3384 inimica,
2235 3333 2303 3373 ne
2332 3317 2400 3372 ab
2449 3317 2644 3372 inferis
2696 3325 2878 3388 posset
2926 3331 3243 3386 resurgere:
3297 3322 3415 3369 tum
3445 3313 3553 3368 de-

1954 3424 2106 3462 mum
2138 3406 2309 3461 vitam
2343 3405 2688 3460 illuminavit
2716 3405 3040 3471 aeternitate,
3090 3411 3153 3457 ut
3201 3416 3490 3471 resurgens
3520 3417 3553 3455 a

1955 3494 2212 3563 mortuis,
2238 3492 2352 3566 jam
2402 3494 2543 3548 mori
2586 3509 2696 3548 non
2736 3492 2926 3565 possit.
2969 3490 3215 3547 Obscura
3253 3488 3400 3544 enim
3432 3488 3549 3543 vita

1953 3589 2056 3651 est,
2097 3599 2217 3656 qua)
2257 3590 2501 3653 tempore
2548 3580 2832 3649 deﬁnitur,
2886 3579 3019 3636 dum
3075 3584 3380 3650 soporatur,
3415 3576 3550 3633 dum

1956 3673 2188 3745 ignorat,
2218 3670 2350 3727 dum
2373 3671 2514 3726 male
2549 3678 2814 3725 versatur.
2849 3669 2920 3724 Et
2968 3666 3243 3741 quomodo
3275 3665 3551 3721 illumine-

1955 3768 2046 3816 tur
2074 3760 2209 3828 vita,
2241 3759 2506 3828 ostendit,
2528 3759 2660 3832 quia
2686 3775 2780 3830 per
2809 3757 3171 3829 Evangelium
3203 3753 3552 3812 credentibus

1955 3852 2119 3908 datur
2149 3849 2448 3916 aeternitas,
2489 3849 2750 3922 magistro
2781 3848 3032 3921 gentium
3064 3845 3418 3919 praedicante.

2031 3940 2210 4011 (Vers.
2249 3940 2364 4010 12.)
2421 3963 2439 3986 ι
2473 3939 2646 4006 Quam
2694 3937 2764 3994 ob
2795 3954 3012 3994 causam
3044 3943 3099 3994 et
3143 3935 3262 3992 haec
3289 3933 3486 4007 patior.
3520 3959 3538 3982 ι

1955 4027 2264 4085 Praedicans
2295 4026 2395 4083 Dei
2424 4026 2655 4095 donum,
2685 4026 2971 4082 diabolum
3002 4024 3212 4098 patitur
3239 4023 3549 4088 inimicum,

1956 4126 2018 4174 ut
2046 4133 2322 4189 pressuras
2341 4116 2390 4171 ei
2421 4115 2741 4183 exsuscitet,
2771 4116 2901 4188 quia
2927 4131 2995 4187 po
3011 4115 3204 4188 pulum
3221 4113 3288 4170 de
3304 4111 3554 4168 faucibus

1956 4207 2074 4279 ejus
2101 4206 2264 4263 eruit.
2330 4231 2348 4255 ‹
2375 4205 2481 4262 Sed
2505 4221 2616 4261 non
2646 4203 2980 4262 confundor.
3015 4227 3032 4250 -
3079 4205 3141 4260 In
3170 4202 3278 4260 hoc
3307 4217 3549 4268 securus,

1956 4295 2086 4368 quia
2114 4313 2212 4368 pro
2231 4293 2686 4351 tribulationibus
2716 4309 2910 4365 magna
2936 4293 3204 4366 promissa
3224 4306 3428 4347 merces
3447 4296 3550 4357 est,

1955 4401 2068 4441 non
2097 4383 2478 4454 confunditur,
2512 4383 2606 4440 sed
2633 4383 2901 4456 gloriatur
2954 4383 3012 4438 in
3045 4381 3332 4455 pressuris.
3379 4405 3399 4429 ε
3427 4378 3551 4437 Scio

1955 4473 2102 4530 enim
2151 4474 2244 4530 cui
2275 4473 2508 4541 credidi,
2549 4482 2603 4529 et
2645 4480 2827 4530 certus
2875 4488 2997 4528 sum
3042 4470 3172 4542 quia
3225 4477 3420 4540 potens
3470 4476 3552 4524 est

1955 4563 2266 4635 depositum
2291 4579 2474 4619 meum
2491 4560 2769 4620 custodire
2786 4560 2843 4614 in
2868 4559 2963 4614 illa
2982 4558 3090 4613 die.
3111 4582 3129 4604 ι
3166 4557 3280 4612 Hoc
3299 4565 3381 4612 est
3400 4555 3550 4628 quod

1956 4653 2111 4722 dicit,
2149 4670 2255 4727 qua
2276 4669 2370 4725 spe
2399 4661 2453 4709 et
2483 4650 2686 4707 ﬁducia
2717 4648 2833 4720 (70)
2868 4646 3286 4719 magniﬁcentiae
3307 4647 3549 4701 Salvato-

1958 4742 2035 4798 ris
2064 4759 2288 4798 securus
2325 4749 2427 4810 est,
2456 4740 2587 4813 quia
2638 4736 2784 4812 quod
2813 4735 3158 4793 commendat
3203 4732 3310 4800 illi,
3343 4732 3401 4788 in
3431 4741 3550 4790 tuto

1957 4842 2058 4890 est.
2091 4833 2236 4901 Quid
2255 4841 2438 4889 autem
2467 4830 2551 4886 illi
2571 4826 2940 4895 commendat,
2965 4823 3073 4880 nisi
3094 4824 3328 4880 salutem
3349 4839 3504 4879 suam
3521 4823 3550 4879 ἵ
3590 4874 3594 4876 .

1957 4924 2029 4981 Ut
2062 4923 2154 4982 hic
2208 4939 2307 4997 pro
2361 4922 2460 4978 illo
2503 4921 2738 4994 patiens,
2785 4917 3019 4974 salutem
3078 4913 3328 4970 inveniat
3385 4931 3550 4988 penes

1956 5013 2138 5083 illum,
2169 5029 2294 5070 cum
2327 5011 2552 5084 coeperit
2577 5006 2828 5081 judicare
2861 5024 2874 5063 :
2908 5012 2970 5061 ut
3013 5004 3247 5079 puniens
3278 5004 3548 5073 inﬁdeles,

1956 5103 2123 5160 istum
2155 5103 2385 5176 dignum
2416 5107 2617 5155 aeterna
2638 5097 2754 5153 vita
2787 5096 3129 5170 pronuntiet.

2031 5202 2211 5274 (Vers.
2242 5200 2327 5269 13,
2364 5197 2478 5270 14.)
2523 5221 2542 5246 ι
2573 5197 2828 5253 Formam
2850 5195 3061 5253 habens
3077 5213 3335 5253 sanorum
3356 5194 3547 5252 verbo-

1955 5308 2078 5348 rum
2112 5291 2254 5362 (7l),
2291 5305 2410 5363 quae
2441 5305 2472 5344 a
2518 5305 2604 5345 me
2634 5287 2839 5344 audisti
2877 5286 2936 5343 in
2988 5286 3096 5344 ﬁde
3124 5295 3179 5343 et
3228 5283 3544 5352 dilectione,

1956 5397 2076 5453 quae
2100 5387 2181 5434 est
2209 5379 2268 5434 in
2299 5377 2519 5435 Christo
2543 5377 2692 5446 Jesu,
2725 5375 2934 5432 bonum
2980 5373 3426 5431 commendatum
3455 5387 3548 5430 cu-

1955 5524 2058 5580 cia.

2028 5594 2145 5668 (71)
2189 5595 2348 5652 Rom.
2397 5593 2531 5651 edit.
2582 5593 2834 5668 Formam
2879 5589 3007 5646 habe
3037 5605 3304 5668 sanorum
3349 5589 3548 5646 verbo-

1953 5661 2168 5728 rum...
2197 5668 2407 5728 Bonum
2431 5663 2844 5723 commendatum
2871 5661 3092 5720 custodi.
