3970 6374
449 381 556 442 815

1441 374 1534 438 AD
1572 378 1806 439 OPERA
1843 378 1898 437 S.
1940 375 2274 438 AMBROSII
2312 374 2692 436 APPENDIX.

3639 375 3759 438 816

448 506 654 568 stodire
682 521 779 581 per
804 501 1073 578 Spiritum
1097 512 1366 575 sanctum,
1389 503 1487 579 qui
1515 503 1726 563 habitat
1741 503 1800 561 in
1816 503 2021 562 nobis.-
2062 507 2114 568 Α
2143 503 2284 572 vult,
2317 502 2410 577 qui
2449 501 2587 560 alios
2619 502 2830 577 possint
2866 499 3084 573 docere,
3115 519 3227 560 non
3269 501 3471 578 passim
3500 505 3754 579 vulgari-

449 598 723 671 Praecepta
750 611 848 654 sua
877 611 1002 652 cum
1033 595 1199 667 gestis
1232 595 1462 652 formam
1501 595 1737 668 appellat
1784 594 2038 652 salutaris

448 686 733 753 doctrina,
766 701 929 758 quam
976 683 1144 742 istum
1179 683 1335 756 sequi
1379 683 1619 754 mandat,
1665 691 1727 740 ut
1768 683 2040 742 custodiat

449 792 532 847 ea,
568 774 780 848 Spiritu
807 783 996 838 sancto
1029 774 1268 832 favente.

524 865 705 938 (Vere.
741 864 974 936 15,16.)
1036 890 1054 912 ι
1083 864 1200 922 Scis
1246 863 1395 921 enim
1440 863 1564 933 hoc,
1615 863 1761 938 quod
1809 861 2042 920 aversati

449 961 581 1014 sunt
603 970 636 1010 a
668 970 755 1010 me
782 969 973 1012 omnes
1007 953 1102 1026 qui
1138 954 1196 1012 in
1232 954 1362 1012 Asia
1405 964 1554 1023 sunt,
1605 972 1673 1011 ex
1721 953 1924 1028 quibus
1960 961 2044 1009 est

450 1043 725 1119 Phygelus
755 1051 809 1100 et
845 1043 1230 1115 Hermogenes.
1261 1068 1280 1094 ι
1326 1045 1394 1100 Hi
1423 1061 1560 1118 quos
1607 1051 1897 1111 memorat,
1930 1043 2043 1099 {al—-

451 1134 588 1191 lacia
615 1133 764 1207 pleni
792 1140 946 1190 erant
978 1151 991 1200 ;
1020 1131 1364 1190 simulabant”
1396 1135 1545 1191 enim
1576 1133 1852 1192 amicitias
1882 1133 2044 1205 Apo;

451 1224 602 1293 stoli,
631 1232 692 1282 ut
739 1224 1081 1284 adhaerentes
1127 1224 1177 1280 ei
1210 1224 1578 1294 addiscerent,
1635 1225 1783 1281 unde
1827 1225 1910 1282 illi
1944 1241 2046 1282 ca-

453 1313 721 1372 lumniam
761 1313 1021 1382 facerent,
1069 1320 1164 1369 aut
1211 1330 1306 1387 per
1337 1314 1475 1371 alios
1513 1314 1898 1371 immitterent.
1939 1312 2045 1380 Qui

453 1412 800 1479 posteaquam
833 1402 1094 1461 viderunt
1138 1404 1516 1461 manifestatos
1567 1422 1644 1472 se,
1700 1411 2047 1461 recesserunt

453 1493 521 1550 ab
565 1509 648 1552 eo.
717 1517 736 1541 ι
765 1494 867 1550 Det
931 1493 1363 1550 misericordiam
1402 1493 1673 1551 Dominus
1719 1493 2048 1566 Onesiphori

455 1583 644 1640 domui
669 1600 683 1651 ;
713 1581 843 1656 quia
870 1599 1010 1654 saepe
1043 1599 1128 1640 me
1158 1583 1502 1656 refrigeravit
1529 1593 1584 1640 et
1615 1601 1778 1657 super
1799 1592 2048 1640 catenam

457 1691 632 1734 meam
687 1691 800 1732 non
845 1673 1086 1730 erubuit.
1120 1698 1139 1722 ι
1195 1673 1416 1746 Duplici
1461 1688 1655 1746 genere
1701 1672 2051 1745 refrigerium

456 1765 562 1824 hoc
592 1763 1016 1837 intelligendum
1047 1771 1148 1832 est,
1185 1765 1315 1840 quia
1342 1771 1396 1820 et
1424 1764 1483 1820 in
1507 1763 1828 1822 necessitate
1855 1772 2052 1821 custo-

2148 595 2251 652 bus
2277 613 2340 653 ac
2369 596 2810 670 negligentibus;
2845 612 3040 669 magna
3085 595 3234 653 enim
3278 614 3409 654 cura
3455 596 3757 672 eligendus

2150 695 2231 743 est
2261 686 2475 743 doctor.

2225 777 2407 848 (Vers.
2449 777 2500 845 3,
2533 776 2612 849 4.)
2666 801 2684 824 ι
2728 775 2940 834 Labora
2990 784 3052 832 ut
3099 775 3280 834 bOnus
3324 763 3484 834 miles
3530 777 3752 836 Christi

2150 869 2276 925 Jesu
2302 885 2315 936 ;
2340 885 2502 924 nemo
2536 867 2684 925 enim
2729 868 2974 925 militans
3010 869 3144 936 Deo,
3191 865 3398 938 obligat
3425 884 3481 924 se
3511 867 3757 940 negotiis

2153 956 2545 1026 saecularibus;
2587 964 2648 1013 ut
2681 959 2890 1028 placeat
2939 957 2989 1013 ei
3028 956 3118 1013 cui
3149 973 3205 1013 se
3243 956 3516 1029 probavit.
3547 983 3566 1005 ι
3626 958 3759 1013 Ma-

2153 1047 2416 1104 nifcstum
2435 1057 2515 1104 est
2544 1048 2691 1120 quod
2718 1047 2857 1105 dicit
2890 1065 2904 1116 ;
2939 1046 3069 1121 quia
3109 1065 3301 1104 «nemo
3329 1055 3510 1120 potest
3532 1048 3760 1104 duobus

2153 1137 2396 1194 dominis
2423 1139 2629 1194 servire
2653 1139 2868 1210 (Matth.
2902 1155 2981 1206 γι,
3016 1137 3108 1210 24)
3131 1156 3144 1206 ;
3170 1165 3188 1186 ι
3233 1138 3451 1211 negotia
3478 1137 3626 1194 enim
3657 1155 3758 1194 sa:-

2153 1227 2363 1285 cularia
2382 1229 2628 1286 avaritiae
2658 1229 2901 1286 serviant
2921 1245 3139 1285 necesse
3164 1237 3244 1284 est
3270 1248 3280 1285 :
3313 1236 3368 1285 et
3398 1229 3505 1285 nisi
3530 1228 3759 1285 mentiti

2157 1318 2384 1387 fuerint,
2419 1321 2744 1392 transegisse
2777 1336 2888 1376 non
2918 1327 3165 1393 possunt.
3208 1320 3305 1376 Est
3335 1335 3482 1390 ergo,
3507 1319 3603 1375 sed
3635 1320 3760 1374 leve

2157 1415 2460 1481 peccatum.
2538 1411 2958 1468 Ecclesiasticus
3013 1417 3196 1466 autem
3253 1409 3461 1466 idcirco
3526 1409 3641 1465 Deo
3703 1423 3762 1464 se

2158 1497 2374 1570 probat,
2425 1506 2487 1554 ut
2536 1499 2671 1556 huic
2719 1499 2976 1568 devotus,
3028 1499 3272 1556 oﬂicium
3325 1497 3555 1570 impleat
3608 1495 3762 1570 quod

2159 1587 2474 1662 spopondit,
2504 1589 2562 1644 in
2586 1588 2684 1646 Dei
2702 1588 2864 1645 rebus
2893 1587 3188 1654 sollicitus,
3207 1604 3239 1644 a
3259 1589 3510 1646 saeculari
3532 1585 3760 1660 negotio

2160 1679 2401 1746 alienus;
2437 1694 2548 1734 non
2579 1678 2726 1735 enim
2756 1676 3018 1736 convenit
3065 1693 3238 1734 unum
3289 1675 3570 1749 duplicem
3618 1693 3764 1750 pro-

2161 1768 2454 1826 fessionem
2479 1768 2701 1825 habere.

457 1855 563 1914 dire
619 1853 816 1912 solatio
863 1871 964 1912 suo
1004 1853 1350 1927 refrigeravit
1392 1869 1556 1910 eum:
1604 1861 1658 1910 et
1703 1854 1750 1910 si
1790 1869 1897 1926 qua
1943 1853 2049 1920 illi,
2083 1875 2129 1936 Β
2231 1860 2412 1932 (Verg,
2443 1859 2525 1932 5,)
2555 1881 2575 1905 ι
2607 1857 2726 1914 Etsi
2756 1864 2926 1914 certet
2957 1855 3078 1930 quis
3116 1855 3258 1927 (74),
3296 1871 3408 1912 non
3433 1864 3763 1926 coronatur,

457 1949 575 2010 sive
603 1945 980 2020 indigentibus
1007 1962 1144 2020 opus
1168 1954 1345 2015 erant,
1376 1944 1736 2002 ministravit.
1770 1944 1874 2015 Spe
1903 1943 2050 1999 enim

458 2054 670 2106 eorum,
711 2054 830 2110 quae
859 2035 1127 2109 promissa
1166 2042 1318 2103 sunt,
1369 2051 1480 2090 non
1528 2033 1729 2106 puduit
1757 2032 1918 2088 illum
1949 2048 2052 2088 ac-

461 2126 676 2195 cedere,
709 2133 782 2197 et,
796 2125 1075 2198 requirere
1105 2123 1386 2181 hominem
1414 2123 1652 2196 positum
1685 2123 1744 2178 in
1764 2121 2051 2188 custodia;

459 2216 544 2274 illi
574 2215 719 2274 enim
751 2232 888 2289 quos
927 2231 1092 2289 supra
1138 2219 1426 2280 memorat,
1476 2212 1605 2284 quia
1659 2209 2052 2266 erubescebant

461 2307 528 2365 de
557 2321 718 2365 cruce
760 2304 986 2374 Christi,
1037 2303 1096 2360 in
1138 2303 1457 2360 necessitate
1508 2299 1868 2357 deseruerunt
1909 2301 2050 2372 Apo-

461 2397 687 2456 stolum.

537 2486 718 2559 (Vers.
756 2486 843 2555 17,
895 2485 1008 2557 18.)
1083 2508 1102 2534 ι
1132 2482 1238 2541 Sed
1282 2498 1407 2540 cum
1456 2495 1629 2537 essem
1678 2479 1864 2535 Romae
1905 2476 2048 2549 (72),

463 2574 703 2634 sollicite
732 2591 819 2632 me
849 2573 1104 2648 quaesivit
1129 2579 1183 2630 et
1231 2569 1463 2628 invenit.
1513 2570 1616 2626 Det
1648 2567 1732 2624 illi
1785 2567 2054 2626 Dominus

466 2666 716 2723 invenire
745 2663 1178 2722 misericordiam
1199 2661 1342 2734 apud
1364 2657 1662 2716 Dominum
1692 2659 1751 2714 in
1773 2658 1870 2716 illa
1889 2657 2001 2715 die.
2021 2683 2040 2707 ι

465 2756 693 2814 Romam
724 2755 952 2810 veniens
981 2751 1296 2828 Apostolus,
1345 2765 1470 2806 cum
1515 2749 1839 2821 appellasset
1867 2747 2054 2806 Caesa-

467 2861 602 2916 rem,
653 2861 684 2902 a
726 2842 1003 2902 militibus
1049 2837 1459 2899 custodiebatur
1501 2856 1515 2908 ;
1561 2845 1694 2895 tunc
1734 2839 1883 2894 enim
1927 2854 2052 2895 eum

467 2932 845 3008 Onesiphorus
902 2929 1186 2988 charitatis
1227 2943 1390 2984 causa
1428 2935 1482 2984 et
1529 2927 1826 3000 magisterii
1860 2944 2056 3000 magna

467 3023 755 3097 diligentia
796 3019 1124 3093 requisitum
1169 3016 1404 3074 invenit.
1451 3016 1622 3091 Cujus
1663 3017 1908 3074 visitatio
1937 3025 2049 3073 tam

467 3108 819 3185 acceptabilis
871 3106 980 3164 fuit
1015 3107 1301 3180 Apostolo,
1375 3114 1436 3163 ut
1491 3122 1617 3164 eum
1670 3108 1751 3164 sic
1810 3107 2054 3165 Domino

2161 1948 2270 2004 nisi
2303 1948 2545 2021 legitime
2572 1946 2884 2004 certaverit.
2917 1971 2936 1994 ι
2977 1945 3077 2001 Dei
3123 1946 3355 2002 militem
3387 1952 3500 2001 tam
3534 1945 3767 2003 exerci—

2161 2045 2339 2095 tatum
2365 2038 2619 2094 vultesse
2640 2037 2698 2092 in
2727 2035 2827 2092 Dei
2849 2034 3128 2108 operibus,
3155 2035 3244 2091 vel
3261 2034 3442 2091 oilicio
3462 2033 3754 2106 deputata,

2163 2137 2223 2185 ut
2251 2127 2422 2200 possit
2449 2125 2518 2182 ad
2547 2125 2734 2197 gloriae
2766 2125 3025 2182 meritum
3066 2124 3352 2198 pervenire
3377 2141 3388 2180 :
3419 2131 3533 2180 tota
3564 2133 3751 2182 mente

2161 2217 2482 2288 vigilantem
2509 2214 2719 2272 divinis
2746 2213 3041 2288 obsequiis,
3067 2213 3356 2286 praesentia
3375 2223 3754 2287 spernentem,

2159 2305 2404 2363 cmlestia
2429 2303 2752 2377 diligentem
2786 2322 2798 2361 :
2836 2305 2908 2361 ad
2937 2303 3044 2361 hoc
3073 2303 3220 2359 enim
3277 2319 3334 2360 se
3385 2303 3661 2377 probavit,
3696 2311 3763 2360 ut

2161 2394 2254 2453 hic
2290 2394 2548 2452 laborans
2575 2400 2956 2452 remuneretur
2999 2394 3056 2449 in
3085 2394 3259 2450 caelis.

2235 2492 2418 2564 (Vers.
2469 2493 2522 2561 6,
2575 2492 2655 2564 7.)
2723 2515 2742 2538 ι
2788 2489 3146 2546 Laborantem
3195 2487 3490 2561 agricolam
3540 2495 3761 2560 oportet

2162 2582 2404 2656 primum
2439 2581 2507 2638 de
2537 2579 2812 2637 fructibus
2838 2579 3137 2653 percipere.
3168 2578 3419 2650 Intellige
3449 2594 3569 2652 quae
3599 2577 3765 2647 dico;

2162 2671 2317 2727 dabit
2347 2669 2494 2727 enim
2530 2669 2632 2726 tibi
2652 2669 2923 2727 Dominus
2945 2669 3002 2724 in
3042 2668 3303 2724 omnibus
3330 2667 3694 2724 intellectum.
3727 2691 3749 2713 ι

2163 2763 2349 2818 Tantae
2377 2761 2724 2818 abstinentia:
2756 2769 2976 2818 sanctus
2996 2759 3103 2815 fuit
3124 2759 3468 2827 Timotheus,
3499 2765 3561 2814 ut
3590 2756 3758 2814 etiam

2162 2852 2365 2909 alicitis
2421 2868 2476 2908 se
2531 2858 2897 2924 temperaret;
2958 2849 3064 2907 hoc
3111 2849 3258 2906 enim
3320 2848 3442 2904 vult
3490 2847 3754 2919 intelligi,

2164 2941 2296 3016 quia
2341 2958 2372 2997 a
2417 2941 2840 3014 participatione
2894 2939 3270 3012 gazophylacii
3317 2954 3374 2994 se
3431 2935 3766 3004 abstinebat,

2163 3050 2289 3090 cum
2313 3031 2419 3088 hoc
2445 3031 2716 3087 Dominus
2735 3030 3063 3098 decreverit,
3085 3037 3146 3085 ut
3167 3025 3637 3102 quiEvangelium
3665 3041 3767 3080 an-

2166 3122 2448 3191 nuntiant,
2481 3122 2549 3178 de
2580 3122 2883 3193 Evangelio
2909 3119 3103 3174 vivant
3135 3119 3191 3190 (Ι
3207 3119 3330 3175 Cor.
3364 3133 3445 3185 rx,
3481 3116 3591 3188 14).
3627 3117 3768 3174 Ideo

471 3197 842 3301 60mmfmdft.
862 3197 1208 3301 .lltjn-‘feniat
1236 3197 1672 3301 φίδθτίφτάίᾶξη
1703 3196 1847 3271 31)αά
1868 3197 2053 3301 Πρωὶ·
2090 3241 2133 3301 C
2168 3213 2464 3285 Apostolus
2493 3211 2646 3284 prius
2675 3210 2825 3267 hunc
2862 3225 3077 3267 sumere
3105 3208 3374 3282 praecipit,
3405 3206 3498 3280 qui
3542 3204 3789 3278 primus‘

469 3311 603 3354 num
653 3294 711 3352 in
742 3293 831 3350 die
852 3291 1091 3366 judicii;
1144 3301 1204 3349 ut
1235 3292 1378 3349 sicut
1415 3293 1745 3365 Apostolum
1772 3293 2058 3365 requirens

470 3383 705 3454 invenit,
723 3383 800 3441 ita
820 3390 876 3440 et
893 3383 1330 3441 misericordiam
1353 3398 1623 3456 quaerens,
1646 3382 1895 3441 inveniat
1917 3382 2063 3454 apud

464 3476 731 3550 judicem.
777 3477 895 3534 Hoc
947 3475 1096 3533 enim
1143 3484 1283 3544 orat,
1332 3482 1394 3534 ut
1436 3482 1654 3548 praestet
1697 3474 1747 3531 ei
1794 3474 2064 3531 Dominus

469 3569 629 3628 Pater
656 3567 782 3628 οωιὶ
811 3574 866 3624 et
893 3575 1050 3626 terra;
1081 3565 1335 3622 invenire
1350 3565 1580 3638 gratiam
1597 3563 1741 3638 apud
1764 3563 2064 3622 Dominum

471 3657 701 3716 humani
759 3656 993 3728 generis,
1064 3655 1270 3712 Filium
1326 3655 1558 3712 scilicet.
1606 3653 1735 3710 Tale
1797 3662 1879 3711 est
1935 3651 2062 3721 hoc,

473 3750 632 3824 quale
659 3753 715 3804 et
745 3746 886 3804 illud
915 3745 971 3800 in
992 3745 1222 3802 Genesi:
1261 3769 1278 3794 ι
1296 3743 1551 3816 Ειξριιιὶι,
1570 3743 1774 3816 inquit,
1795 3743 2067 3799 Dominus

473 3839 707 3913 sulphur
731 3844 786 3894 et
813 3837 997 3908 ignem
1027 3850 1191 3907 super
1219 3833 1513 3891 Sodomam
1543 3843 1597 3892 et
1641 3833 2006 3891 Gomorrham
2035 3849 2067 3889 a

474 3931 589 3986 Deo
613 3928 683 3986 de
710 3927 850 3984 coelo
882 3927 1038 3997 (Gen.
1059 3940 1182 3993 xrx,
1206 3923 1322 3996 24).
1348 3949 1366 3972 ι

559 4041 581 4068 ι
609 4017 825 4085 Quanta
843 4021 1024 4071 autem
1045 4013 1248 4086 Ephesi
1265 4011 1666 4070 ministraverit
1686 4011 1848 4083 mihi,
1870 4011 2069 4070 melius

477 4117 539 4167 tu
566 4107 732 4166 nosti.
763 4131 782 4156 ι
831 4106 1103 4175 Quoniam
1135 4105 1314 4162 solent
1357 4104 1581 4178 quidam
1612 4104 1863 4177 personis
1894 4104 2069 4177 magis

478 4215 643 4272 quam
671 4195 853 4256 causis
871 4195 1098 4263 servire,
1134 4196 1384 4251 volentes
1405 4193 1700 4266 gratiﬁcari
1725 4193 2066 4265 majoribus;

480 4287 604 4346 ideo
658 4286 956 4360 Apostolus
1003 4283 1336 4357 Onesiphori
1381 4283 1593 4340 bonum
1649 4283 1899 4356 generale
1951 4283 2066 4356 (73)

480 4376 742 4446 ostendit,
765 4392 833 4432 ne
851 4374 1134 4432 videretur
1149 4373 1288 4431 forte
1305 4389 1548 4446 personae
1565 4391 1622 4430 se
1637 4375 2068 4441 commendasse,

481 4467 614 4525 dum
662 4466 928 4540 Apostolo
977 4464 1360 4532 ministravit;
1400 4480 1527 4521 cum
1584 4473 1858 4524 constaret
1911 4465 2070 4522 illum

481 4556 896 4631 magnanimum
929 4551 1187 4611 omnibus
1213 4553 1401 4612 fuisse.

1015 4731 1162 4792 307
1202 4725 1431 4785 CAPUT
1461 4725 1534 4786 ΙΙ.

558 4862 742 4936 (Vers.
792 4864 845 4933 1,
891 4862 974 4936 2.)
1026 4887 1045 4912 ι
1073 4863 1159 4922 Tu
1202 4878 1351 4937 ergo,
1400 4859 1482 4917 ﬁli
1533 4858 1631 4929 mi,
1661 4857 1970 4916 confortare
2018 4854 2076 4914 in

486 4953 660 5026 gratia
687 4969 809 5026 quae
837 4961 918 5009 est
968 4953 1027 5009 in
1056 4952 1277 5012 Christo
1307 4952 1455 5020 Iesu,
1487 4957 1542 5006 et
1572 4949 1628 5005 in
1660 4948 1731 5004 iis
1760 4965 1879 5024 quae
1910 4947 2079 5004 audi-

485 5041 616 5098 visti
645 5059 783 5099 ame
798 5059 893 5116 per
920 5045 1124 5100 multos
1157 5051 1353 5100 testes:
1399 5042 1517 5099 haec
1555 5039 1881 5098 commenda
1932 5037 2079 5094 ﬁde-

488 5131 635 5189 libus
663 5130 1005 5201 hominibus,
1050 5133 1145 5206 qui
1176 5132 1358 5188 idonei
1381 5139 1543 5188 erunt
1573 5139 1625 5188 et
1645 5131 1782 5187 alios
1802 5129 2014 5187 docere.
2045 5153 2065 5179 ι

487 5221 843 5282 Constantem
900 5219 1051 5278 hunc
1113 5228 1167 5276 et
1204 5221 1488 5277 robustum
1545 5226 1659 5277 es‘se
1715 5218 1965 5294 praecipit
2021 5219 2079 5276 in

489 5310 736 5371 docendo
767 5311 996 5386 gratiam
1028 5311 1149 5381 Dei,
1173 5327 1292 5385 quae
1323 5311 1448 5366 data
1475 5319 1555 5368 est
1576 5310 1634 5366 in
1665 5309 1886 5369 Christo
1915 5309 2076 5366 Jesu:

490 5410 544 5460 et
572 5421 684 5461 non
712 5405 890 5461 solum
923 5403 980 5460 in
1013 5401 1204 5476 gratia,
1233 5401 1328 5459 sed
1355 5402 1521 5459 etiam
1553 5401 1611 5458 in
1647 5400 1932 5475 mysteriis
1962 5418 2082 5474 quae

491 5504 622 5552 sunt
649 5498 718 5554 de
746 5497 990 5556 Christo.
1041 5497 1258 5554 Arcana
1314 5494 1572 5551 ﬁdelibus
1601 5501 1654 5550 et
1713 5493 1895 5566 dignis
1939 5491 2083 5550 tradi

595 5694 685 5763 72)
717 5654 921 5752 Eadem
951 5696 1110 5754 Rom.
1135 5694 1294 5763 edit.,
1323 5693 1423 5750 Sed
1442 5709 1558 5748 cum
1574 5692 1821 5748 venissem
1840 5692 2082 5752 Romam.

595 5695 660 5752 72
717 5694 921 5752 Eadem
951 5696 1110 5754 Rom.
1135 5694 1294 5763 edit.,
1323 5694 1423 5750 Sed
1442 5709 1558 5748 cum
1574 5694 1821 5748 venissem
1840 5694 1998 5750 Roma

594 5694 688 5840 73)
720 5766 880 5825 Rom.
911 5767 1070 5836 edit.,
1104 5766 1420 5840 Onesiphori
1448 5766 1659 5823 domum
1685 5765 1998 5838 generalem.

2095 4612 2146 4672 D

2171 3312 2270 3368 est.
2303 3309 2357 3359 et
2385 3302 2465 3358 sic
2484 3302 2697 3359 caeteris
2726 3300 3080 3357 distribuere.

2247 3402 2430 3474 (Vers.
2451 3401 2503 3470 8,
2535 3399 2616 3473 9.)
2655 3425 2672 3448 ι
2692 3400 2903 3456 Memor
2931 3405 3047 3454 esto
3069 3397 3349 3456 Christum
3379 3396 3562 3452 Jesum
3591 3410 3775 3451 resur-

2173 3491 2380 3547 rexisse
2409 3507 2440 3546 a
2468 3489 2703 3547 mortuis
2719 3505 2789 3546 ex
2819 3488 3027 3544 semine
3055 3487 3235 3544 David
3255 3485 3559 3545 secundum
3587 3486 3775 3541 Evan-

2176 3581 2380 3654 gelium
2400 3597 2604 3649 meum,
2629 3581 2686 3636 in
2705 3596 2812 3654 quo
2841 3578 3032 3636 laboro
3053 3594 3224 3650 usque
3250 3577 3318 3632 ad
3347 3576 3589 3643 vincula,
3613 3575 3775 3648 quasi

2175 3671 2336 3740 latro,
2368 3670 2461 3726 sed
2488 3670 2718 3726 verbum
2750 3669 2848 3726 Dei
2878 3685 2989 3724 non
3017 3675 3096 3723 est
3127 3667 3431 3739 alligatum.
3453 3691 3470 3713 ε
3499 3664 3777 3734 Quoniam

2176 3762 2337 3817 multi
2371 3760 2548 3817 futuri
2578 3767 2732 3816 erant
2762 3758 2864 3814 filii
2892 3756 3126 3825 diaboli,
3160 3757 3256 3829 qui
3303 3757 3508 3812 Filium
3550 3754 3650 3811 Dei
3677 3753 3780 3809 in-

2175 3858 2461 3908 carnatum
2491 3857 2782 3922 negarent;
2813 3845 3022 3904 idcirco
3053 3847 3157 3902 hoc
3187 3854 3473 3913 memorat,
3506 3843 3775 3918 quoniam

2177 3941 2448 3998 fallaciter
2477 3939 2580 3995 sub
2629 3936 2854 3995 nomine
2881 3937 3260 4008 apostolorum
3311 3936 3417 3992 hoc
3465 3949 3780 3991 asseverare

2177 4029 2452 4086 nituntur.
2477 4026 2742 4099 Subjecit,
2779 4023 3116 4082 «secundum
3136 4023 3502 4094 Evangelium
3530 4039 3767 4091 meum,»

2176 4127 2241 4176 ut
2287 4116 2606 4176 excluderet
2653 4115 2808 4170 malae
2857 4112 3058 4168 mentis
3112 4112 3249 4168 falsa
3291 4112 3610 4184 colloquia;
3665 4128 3780 4167 non

2179 4210 2326 4265 enim
2378 4207 2498 4278 plus
2539 4204 2810 4261 haereticis
2855 4201 3189 4259 credendum
3240 4209 3323 4258 est
3359 4200 3426 4257 de
3473 4201 3780 4274 Apostolis,

2181 4316 2342 4374 quam
2371 4296 2458 4354 his
2475 4295 2610 4368 ipsis
2622 4295 2688 4352 de
2711 4294 3099 4368 praedicatione
3116 4311 3214 4352 sua
3233 4294 3585 4364 testantibus,
3605 4296 3782 4368 quam

2180 4387 2625 4464 praedicationem
2654 4404 2780 4443 cum
2819 4386 3006 4442 labore
3037 4403 3093 4442 se
3122 4402 3276 4460 agere
3307 4385 3577 4460 queritur.
3609 4384 3785 4440 Pres-

2182 4479 2324 4536 suris
2352 4479 2500 4535 enim
2531 4476 2900 4533 tribulabatur
2924 4484 2977 4533 et
3023 4477 3354 4546 carceribus,
3391 4492 3454 4532 eo
3495 4474 3642 4548 quod
3668 4482 3784 4530 tam

2183 4569 2398 4626 Iudaeos
2425 4585 2588 4642 quam
2618 4569 2848 4643 gentiles
2877 4567 3196 4638 offenderet,
3223 4569 3366 4625 sicut
3395 4567 3507 4624 illis
3543 4566 3789 4623 videba—

2184 4669 2296 4728 tur,
2328 4658 2676 4716 incredibilia
2709 4657 3057 4731 przedicando
3086 4676 3098 4714 :
3153 4658 3324 4714 iratos
3365 4658 3512 4714 enim
3546 4655 3790 4713 habebat

2183 4750 2400 4808 Iudaeos
2423 4760 2644 4825 propter
2671 4751 2868 4823 legem,
2900 4765 3063 4822 quam
3094 4765 3305 4806 cessare
3332 4747 3562 4806 docebat
3598 4763 3610 4802 :
3643 4764 3789 4820 gen-

2188 4841 2310 4899 tiles
2328 4849 2510 4898 autem
2535 4840 2790 4898 inimicos
2813 4839 2920 4896 sibi
2951 4838 3209 4908 faciebat,
3240 4839 3371 4913 quia
3399 4854 3571 4895 unum
3603 4838 3788 4894 Deum

2185 4936 2516 5010 praedicabat
2545 4935 2603 4992 in
2633 4935 2876 4994 Christo.
2921 4933 3076 4992 Unde
3126 4936 3282 5009 quasi
3328 4935 3593 4991 latronem
3636 4931 3792 4989 hunc

2187 5030 2516 5099 tractabant,
2547 5029 2853 5102 alligantes,
2909 5025 3226 5084 claudentes
3273 5025 3319 5082 si
3366 5033 3546 5099 posset
3574 5029 3783 5092 tacere,

2187 5121 2492 5178 nescientes
2537 5119 2668 5193 quia
2701 5118 2930 5175 verbum
2982 5117 3083 5174 Dei
3139 5116 3353 5188 alligari
3387 5132 3500 5171 non
3548 5119 3788 5188 poterat.

2188 5210 2436 5284 Denique
2482 5227 2622 5284 saepe
2667 5213 2888 5269 clausus
2926 5227 3039 5268 non
3097 5207 3449 5282 dispendium
3488 5205 3639 5273 fecit,
3692 5203 3794 5261 sed

2189 5301 2446 5369 lucrum;
2488 5317 2665 5375 neque
2697 5303 2843 5358 enim
2876 5301 3054 5358 defuit
3083 5299 3173 5357 cui
3217 5298 3540 5372 praedicaret
3573 5296 3630 5352 in
3659 5311 3795 5351 car-

2189 5409 2330 5462 cere,
2385 5399 2449 5449 ut
2477 5409 2613 5466 quos
2642 5392 2812 5448 libere
2851 5390 3108 5446 invitare
3128 5388 3196 5445 ad
3240 5388 3407 5445 ﬁdem
3438 5403 3551 5446 non
3579 5391 3792 5458 posset,

2192 5485 2249 5541 in
2278 5483 2519 5541 vinculis
2547 5482 2758 5557 positus
2786 5489 3028 5557 pasceret
3057 5479 3156 5538 Dei
3177 5481 3368 5538 verbo.

2267 5687 2386 5768 (74)
2418 5688 2577 5752 Rom.
2611 5685 2770 5764 edit.,
2803 5687 2944 5752 Nam
2970 5684 3066 5746 etsi
3093 5688 3248 5743 certet
3272 5681 3391 5760 quis
3412 5680 3469 5742 in
3495 5697 3680 5757 agone.
