3970 6386
228 397 340 456 ὅΙἸ

1248 388 1610 450 COMMENT.
1653 391 1724 450 IN
1766 391 1985 450 EPIST.
2025 388 2073 448 ll
2111 391 2208 449 Al)
2250 384 2536 448 TIMOTH.

3447 356 3552 450 διδ

311 525 494 596 (Vers.
535 522 650 595 10.)
703 547 721 572 ι
745 520 874 580 Ideo
905 520 1092 579 omnia
1122 519 1324 578 suffero
1352 525 1575 594 propter
1600 518 1837 587 electos;
1875 521 1926 581 A
2026 516 2208 589 (Vera.
2243 515 2330 584 16,
2364 514 2478 586 17.)
2525 512 2818 572 «Profanas
2845 520 3029 574 autem
3049 529 3252 574 vocum
3271 514 3550 575 novitates

233 623 300 672 ut
339 622 395 672 et
423 615 530 689 ipsi
562 616 794 672 salutem
825 619 1252 688 consequantur,
1289 628 1409 686 quae
1437 619 1518 668 est
1547 611 1605 667 in
1627 610 1845 669 Christo

232 705 366 761 Iesu
395 722 521 764 cum
563 705 736 779 gloria
764 703 990 764 caelesti.
1024 731 1043 755 ι
1090 703 1162 760 Ut
1197 701 1587 776 praedicatione
1612 717 1711 757 sua
1745 701 1845 757 sal-

234 802 397 852 varet
437 795 691 853 homines
723 794 1140 867 praedestinatos
1177 792 1247 849 ad
1276 791 1470 861 vitam,
1512 790 1702 848 exitiis
1731 797 1846 846 erat

233 883 540 956 subjectus,
583 883 763 941 sciens
809 882 1118 956 profectum
1149 897 1206 938 se
1249 881 1571 939 habiturum
1601 879 1844 954 quaesitae

235 973 439 1030 salutis
469 973 716 1035 illorum.

313 1080 496 1152 (Vers.
531 1081 754 1151 11,12.)
785 1081 1024 1138 cFidelis
1041 1095 1221 1138 sermo
1245 1079 1318 1148 ;si
1332 1078 1481 1136 enim
1511 1085 1844 1142 commortui

234 1185 450 1237 sumus,
481 1177 534 1226 et
560 1171 956 1240 convivemus;
989 1171 1035 1228 si
1057 1171 1416 1238 sustinemus,
1447 1177 1500 1226 et
1531 1185 1845 1242 conregna-

235 1258 486 1316 bimusn
543 1259 632 1316 Sic
676 1277 830 1332 posse
868 1261 938 1318 ad
987 1260 1464 1317 immortalitatem
1522 1268 1575 1316 et
1613 1259 1844 1332 gloriam

237 1347 449 1405 Christi
478 1350 756 1422 perveniri
787 1349 1079 1423 signiﬁcat,
1115 1351 1161 1407 si
1201 1349 1261 1406 in
1292 1350 1471 1406 forma
1497 1348 1845 1421 baptismatis

235 1440 628 1507 manserimus,
685 1441 782 1498 ubi
841 1441 1028 1500 omnia
1093 1440 1295 1498 delicta
1354 1439 1728 1507 moriuntur;
1784 1447 1846 1495 ut

241 1527 495 1586 innovati
526 1530 714 1588 omnia
743 1531 880 1588 vitia
900 1540 1086 1589 vetera
1115 1539 1168 1588 et
1197 1531 1435 1588 crimina
1452 1530 1750 1603 fugiamus,
1781 1535 1844 1583 ut

235 1619 480 1677 auctoris
514 1621 686 1678 secuti
723 1621 970 1695 vestigia,
1020 1621 1258 1694 peccatis
1288 1621 1494 1676 mortui
1533 1618 1841 1675 videamur.

237 1708 298 1765 Si
327 1725 459 1766 vero
506 1710 756 1767 additum
796 1711 965 1767 fuerit
1002 1710 1072 1767 ad
1127 1727 1366 1779 causam,
1417 1717 1480 1765 ut
1521 1715 1576 1764 et
1613 1707 1843 1764 tribula-

242 1799 424 1856 tiones
455 1817 520 1858 ac
556 1817 838 1874 pressurae
870 1817 983 1857 non
1026 1817 1166 1875 aegre
1211 1818 1311 1874 pro
1358 1800 1581 1856 nomine
1619 1798 1843 1856 Domini

1955 612 2161 682 devita,
2189 609 2490 684 plurimum
2533 607 2682 665 enim
2712 607 3012 680 proﬁciunt
3043 607 3112 666 ad
3153 608 3270 682 (76)
3301 610 3552 670 inanita-

1955 716 2089 778 tem,
2111 717 2164 766 et
2189 724 2368 765 sermo
2389 721 2579 764 eorum
2611 703 2755 762 sicut
2783 720 2978 762 cancer
3011 704 3236 777 serpit»
3272 707 3386 763 Iloc
3404 707 3551 764 idem

1955 797 2138 855 adhuc
2178 795 2550 871 prosequitur,
2593 801 2657 850 ut
2699 793 3083 851 contentiones
3127 794 3402 863 vitentur;
3453 812 3554 853 nec

1955 893 2103 950 enim
2152 891 2407 965 congruit
2458 890 2625 948 unius
2662 889 2791 947 ﬁdei
2831 889 2982 947 viros
3015 889 3215 947 habere
3246 891 3552 949 contentio-

1956 999 2104 1053 nem,
2135 982 2230 1040 sed
2277 982 2335 1038 in
2367 987 2602 1038 tractatu
2633 980 2914 1053 patiantur
2941 996 2998 1036 se
3034 979 3298 1049 invicem,
3328 988 3382 1038 et
3411 997 3554 1038 con—

1956 1075 2203 1132 sentiant
2249 1073 2411 1130 bonis
2451 1072 2645 1130 dictis:
2696 1072 2742 1128 si
2785 1072 2917 1146 quid
2954 1081 3137 1130 autem
3190 1071 3554 1146 improbabile

1957 1163 2197 1234 videtur,
2229 1180 2357 1222 cum
2385 1178 2516 1235 pace
2544 1161 2946 1219 dissimulatur.
2978 1161 3298 1219 Adversarii
3325 1160 3474 1218 enim
3501 1168 3557 1219 et

1956 1259 2288 1318 dissidentes
2316 1261 2493 1318 solent
2536 1279 2592 1318 se
2634 1261 2875 1320 invicem
2907 1277 3222 1335 provocare,
3254 1275 3324 1316 ex
3353 1261 3555 1334 quibus

1955 1364 2100 1405 unus
2141 1348 2448 1407 catholicus
2493 1358 2597 1420 est,
2645 1359 2699 1406 et
2763 1353 2902 1407 alter
2941 1350 3220 1424 profanus.
3283 1350 3385 1406 Hic
3427 1365 3555 1421 ergo

1955 1436 2260 1496 catholicus
2289 1447 2390 1508 est,
2420 1441 2510 1497 cui
2540 1441 2838 1512 Apostolus
2867 1440 3113 1508 mandat,
3144 1447 3208 1496 ut
3250 1448 3472 1512 spernat
3499 1447 3554 1496 et

1954 1527 2195 1584 declinet
2239 1545 2272 1585 a
2325 1529 2529 1586 fabulis
2583 1530 2876 1588 inanibus:
2929 1531 3147 1604 quietus
3204 1529 3367 1587 debet
3415 1544 3552 1598 esse,

1953 1625 2017 1674 ut
2045 1634 2257 1690 semper
2282 1618 2349 1674 de
2377 1621 2715 1677 conscientia
2739 1621 2906 1677 verba
2929 1622 3168 1688 emittat,
3194 1637 3297 1677 nec
3316 1621 3556 1693 patiatur

1955 1721 2011 1762 se
2050 1722 2231 1763 coram
2264 1707 2435 1780 impia
2466 1707 2635 1765 verba
2662 1708 2932 1782 depromi.
2964 1712 3110 1766 Dant
3137 1710 3286 1765 enim
3315 1709 3555 1782 quibus-

1953 1796 2078 1853 dam
2120 1797 2484 1866 occasionem,
2527 1798 2675 1855 utin
2705 1798 2859 1870 pejus
2887 1798 3214 1872 proﬁciant;
3260 1815 3370 1855 non
3402 1799 3551 1856 enim

245 1890 543 1963 patiamur,
586 1890 922 1948 sustinentes
959 1890 1096 1959 haec,
1145 1890 1312 1947 simul
1351 1907 1477 1948 cum
1521 1889 1620 1945 illo
1659 1904 1844 1960 regna-
1878 1891 1924 1951 B
1955 1885 2157 1942 desunt
2185 1888 2303 1960 qui,
2325 1887 2610 1944 audientes
2629 1888 2877 1960 profana,
2907 1889 3224 1962 concipiant
3249 1889 3550 1962 cogitatum

235 1978 455 2046 bimus;
488 1977 717 2050 dignum
750 1987 832 2036 est
861 1980 1010 2036 enim
1040 1987 1102 2035 ut
1151 1979 1247 2053 qui
1275 1995 1374 2052 pro
1418 1978 1517 2034 illo
1547 1975 1842 2051 opprobria

235 2067 450 2140 patitur
485 2076 539 2125 et
565 2069 754 2138 exilia,
797 2068 854 2124 in
886 2085 1053 2141 regno
1081 2067 1200 2140 ejus
1248 2068 1520 2141 gloriosus
1565 2076 1839 2140 appareat.

251 2180 273 2206 ι
293 2157 351 2214 Si
375 2173 656 2231 negamus,
681 2165 736 2214 et
763 2157 858 2215 illo
879 2159 1102 2232 negabit
1131 2176 1249 2216 nos.
1279 2159 1486 2216 Verum
1509 2165 1612 2224 est,
1637 2157 1768 2231 quia
1795 2157 1842 2214 si

238 2248 473 2305 minime
505 2248 741 2305 confessi
777 2248 937 2304 illum
969 2249 1239 2304 fuerimus
1276 2263 1461 2304 coram
1501 2247 1839 2316 hominibus,

240 2344 381 2396 tunc
408 2337 557 2394 dicet
583 2345 635 2394 et
663 2336 778 2410 ipse
807 2336 968 2394 nobis
998 2337 1057 2392 in
1089 2337 1187 2392 illa
1216 2337 1538 2394 necessitate
1565 2336 1739 2393 futuri
1755 2335 1842 2408 ju-

239 2427 408 2485 dicii:
457 2451 476 2476 ‹
503 2427 702 2484 Nescio
742 2443 840 2486 vos
857 2427 1079 2500 (Matth.
1101 2443 1242 2495 xxv,
1279 2427 1391 2500 i2).
1423 2451 1441 2477 ι
1486 2428 1614 2486 Haec
1641 2434 1723 2484 est
1746 2443 1844 2500 pu-

237 2519 475 2578 nitionis
498 2519 850 2593 signiﬁcatio.

316 2618 498 2690 (Vers.
533 2617 648 2690 13.)
694 2641 713 2666 ι
745 2617 800 2676 Si
826 2634 940 2675 non
965 2616 1264 2686 credimus,
1293 2617 1388 2674 ille
1411 2616 1590 2674 ﬁdelis
1618 2632 1844 2690 perma-

242 2713 357 2776 net,
389 2722 586 2780 negare
617 2707 971 2780 semetipsum
1014 2723 1124 2763 non
1157 2713 1355 2780 potest.
1384 2731 1402 2756 ι
1457 2708 1627 2763 Nemo
1665 2713 1844 2778 potest

244 2797 489 2856 Domino
520 2798 733 2855 auferre
761 2798 908 2872 quod
939 2796 1123 2854 habet.
1157 2796 1291 2863 Quis
1329 2797 1478 2853 enim
1507 2797 1606 2853 illo
1643 2795 1843 2852 fortior

237 2895 324 2946 est
371 2905 466 2964 per
513 2904 674 2962 quem
707 2887 894 2944 omnia
930 2887 1265 2944 exstiterunt
1303 2887 1330 2943 ?
1372 2887 1484 2943 Nec
1519 2890 1670 2949 308
1714 2885 1842 2942 addi

238 2993 424 3061 potest
461 2985 736 3058 perfecto;
771 2985 897 3059 quia
937 3001 1049 3041 non
1092 2984 1178 3041 illi
1229 2983 1441 3058 aliquid
1476 2990 1716 3058 praestat,
1748 2983 1842 3058 qui

241 3075 421 3134 credit
449 3075 586 3132 ilum
607 3095 620 3144 ;
640 3075 916 3149 quomodo
941 3075 1086 3131 nihil
1118 3075 1297 3132 aufert
1325 3073 1395 3144 ei,
1418 3074 1512 3148 qui
1543 3090 1653 3130 non
1668 3074 1845 3131 credit

240 3167 302 3224 in
334 3165 516 3224 illum.
560 3166 844 3240 Quidquid
885 3181 1011 3239 ergo
1042 3165 1240 3239 agitur,
1286 3163 1356 3220 ad
1397 3163 1704 3239 profectum
1747 3179 1842 3220 no-

1952 1977 2159 2033 malum
2186 1993 2198 2033 :
2231 1975 2461 2049 ideoque
2490 1976 2646 2033 obest
2674 1977 2980 2034 contentio.

2027 2068 2211 2140 (Vers.
2245 2068 2371 2138 18.)
2411 2091 2429 2115 ι
2456 2070 2543 2124 Ex
2573 2069 2775 2141 quibus
2806 2077 2888 2125 est
2918 2071 3251 2141 Hymenaeus
3279 2079 3332 2127 et
3356 2068 3555 2126 Phile-

1952 2163 2064 2225 tus,
2108 2155 2206 2229 qui
2253 2157 2647 2214 deerraverunt
2689 2174 2721 2213 a
2765 2157 3016 2226 veritate,
3065 2157 3310 2216 dicentes
3361 2174 3554 2215 resur—

1951 2254 2253 2311 rectionem
2286 2251 2401 2325 jam
2449 2254 2648 2311 factam
2696 2269 2832 2323 esse,
2889 2262 2942 2310 et
2980 2253 3146 2310 ﬁdem
3187 2254 3553 2328 quorumdam

1953 2344 2362 2400 subverterunt.
2412 2367 2433 2393 ι
2498 2344 2660 2400 Nunc
2700 2343 2946 2416 ipsorum
2988 2361 3223 2418 quorum
3265 2361 3429 2402 causa
3472 2343 3553 2400 vi-

1952 2433 2146 2490 tandas
2174 2434 2556 2490 contentiones
2599 2441 2806 2503 monet,
2850 2433 3096 2506 prodidit
3134 2435 3382 2504 nomina,
3418 2451 3554 2508 quos

1953 2531 2006 2579 et
2026 2524 2285 2596 profanos
2315 2531 2369 2580 et
2385 2523 2584 2596 impios
2607 2524 2940 2597 designavit,
2968 2533 3212 2582 errantes
3233 2542 3265 2582 a
3283 2525 3550 2594 veritate;

1953 2611 2059 2669 hoc
2093 2613 2240 2668 enim
2283 2613 2576 2686 negabant,
2610 2613 2757 2686 quod
2803 2614 3043 2687 palmare
3072 2621 3154 2671 est
3199 2613 3554 2671 Christiano-

1951 2719 2075 2760 rum
2111 2705 2255 2776 (77),
2284 2711 2348 2759 ut
2375 2704 2599 2761 credant
2619 2722 2675 2762 se
2701 2705 2758 2761 in
2791 2705 3040 2763 futurum
3063 2723 3095 2763 a
3122 2707 3355 2764 mortuis
3375 2723 3552 2764 resur-

1955 2810 2098 2866 gere.
2132 2795 2200 2850 Hi
2248 2803 2451 2864 autem,
2482 2795 2626 2852 sicut
2654 2812 2724 2850 ex
2758 2798 2866 2853 alia
2894 2796 3165 2869 scriptura
3191 2797 3472 2868 docemur,
3492 2799 3551 2856 in

1955 2884 2087 2940 ﬁliis
2141 2885 2262 2942 ﬁeri
2319 2886 2777 2942 resurrectionem
2834 2886 3112 2956 dicebant,
3170 2887 3373 2962 quibus
3438 2905 3550 2945 non

1955 2972 2160 3043 deerat,
2210 2973 2309 3048 qui
2357 2991 2638 3032 assensum
2687 2983 2967 3048 praestaret
3000 2993 3319 3050 perversum
3363 2987 3554 3036 contra

1954 3060 2140 3132 ﬁdem,
2171 3079 2334 3136 quam
2363 3064 2420 3120 in
2451 3063 2753 3138 primordio
2787 3065 2968 3124 fuerat
2995 3075 3339 3124 consecutus.

2027 3157 2210 3228 (Vers.
2266 3157 2379 3230 19.)
2431 3179 2449 3204 ι
2480 3157 2728 3215 Firmum
2778 3167 2960 3216 autem
3001 3159 3424 3218 fundamentum
3453 3159 3553 3218 Dei

242 3264 421 3314 strum
475 3257 732 3330 pertinet,
783 3272 853 3313 ne
899 3257 958 3313 in
1005 3255 1319 3330 ignorantia
1356 3271 1694 3312 maneamus.
1734 3255 1845 3312 Nec
1877 3257 1921 3318 C
1956 3255 2080 3316 stat,
2115 3247 2321 3304 habens
2360 3247 2705 3322 signaculum
2751 3247 2895 3318 hoc;
2934 3250 3195 3322 cognovit
3239 3251 3387 3308 enim
3435 3253 3555 3308 Do—

239 3346 390 3404 enim
429 3363 460 3402 a
487 3345 648 3402 nobis
674 3346 946 3415 ﬁrmatur,
979 3361 1106 3402 cum
1137 3345 1253 3419 ipse
1291 3361 1360 3402 ex
1405 3360 1460 3401 se
1502 3352 1557 3402 et
1602 3341 1749 3416 apud
1786 3359 1843 3399 se

241 3435 438 3492 ﬁrmus
457 3433 548 3492 sit.

319 3533 503 3606 (Vers.
536 3531 650 3604 14.)
693 3554 712 3579 ι
742 3531 871 3589 Haec
893 3529 1146 3600 admone,
1179 3538 1493 3588 contestans
1523 3547 1707 3589 coram
1737 3532 1841 3590 Do-

241 3625 419 3683 mino.
450 3624 576 3681 Noli
606 3622 794 3680 verbis
824 3639 1064 3696 pugnare
1089 3640 1100 3678 :
1134 3621 1202 3678 ad
1226 3621 1369 3678 nihil
1399 3620 1546 3678 enim
1574 3622 1712 3678 utile
1741 3631 1841 3692 est,

244 3716 356 3774 nisi
405 3715 473 3773 ad
520 3712 940 3772 subversionem
983 3710 1348 3769 audientium.
1403 3736 1422 3759 ι
1451 3711 1844 3771 Contentiones

243 3803 504 3863 vitandas
561 3810 769 3872 monet,
826 3809 1094 3876 praecepta
1139 3809 1320 3858 autem
1374 3800 1553 3857 danda
1599 3800 1700 3858 sub
1745 3800 1845 3857 Dei

242 3897 444 3954 timore
503 3903 558 3952 et
610 3903 854 3964 terrore;
910 3894 1041 3968 quia
1092 3893 1374 3950 contentio
1424 3902 1605 3968 potest
1663 3893 1847 3950 adhuc

247 3984 434 4042 minus
480 3982 741 4041 stabilitis
788 3999 1046 4057 generare
1082 3985 1423 4058 scrupulum.
1465 3985 1654 4042 Solent
1697 3984 1845 4040 enim

248 4075 311 4132 in
349 4074 706 4134 contentione
754 4076 885 4132 talia
937 4076 1141 4150 opponi
1179 4077 1402 4134 elimato
1444 4075 1846 4133 malevolentiae

246 4166 414 4234 ferro,
447 4173 510 4221 ut
541 4171 801 4222 moveant
828 4163 1043 4222 animos
1071 4165 1459 4241 incipientium
1491 4168 1744 4225 fratrum.

324 4261 506 4334 (Vers.
540 4261 654 4335 15.)
725 4285 744 4310 ι
773 4261 1018 4319 Sollicite
1061 4279 1194 4321 cura
1222 4262 1594 4336 temetipsum,
1625 4268 1688 4316 ut
1727 4277 1847 4333 pro-

245 4350 491 4408 babilem
529 4357 584 4405 te
615 4347 878 4406 exhibeas
921 4352 1056 4420 Deo,
1107 4351 1416 4424 operarium
1451 4367 1563 4407 non
1598 4349 1847 4423 impudoo

247 4448 454 4509 ratum,
476 4448 620 4497 recte
636 4447 960 4497 tractantem
973 4439 1204 4497 verbum
1229 4441 1498 4499 veritatis.
1521 4467 1538 4490 ιι
1575 4439 1847 4510 Quoniam

254 4541 389 4592 sunt
443 4532 617 4608 aliqui
665 4534 760 4609 qui
805 4533 993 4590 dicant
1036 4535 1446 4592 contentionem
1497 4535 1849 4592 audientibus

1956 3340 2141 3397 minus
2184 3341 2280 3413 qui
2329 3348 2458 3397 sunt
2507 3341 2708 3414 ipsius:
2755 3348 2809 3397 et
2855 3341 3102 3398 discedat
3145 3342 3213 3398 ab
3260 3341 3556 3415 iniquitate

1956 3432 2138 3488 omnis
2167 3431 2262 3504 qui
2297 3432 2546 3487 nominat
2586 3448 2787 3488 nomen
2828 3432 3073 3488 Domini.
3120 3457 3142 3483 ι
3201 3432 3552 3490 Fundamen-

1955 3528 2073 3577 tum
2103 3522 2204 3578 Dei
2236 3522 2372 3579 ﬁdes
2397 3530 2499 3592 est,
2529 3539 2648 3596 quae
2677 3522 2923 3580 continet
2953 3539 3074 3595 quae
3101 3522 3357 3596 promisit
3386 3525 3551 3591 Deus,

1957 3629 2076 3687 quae
2108 3613 2244 3670 ﬁdes
2268 3630 2380 3670 non
2409 3615 2612 3686 poterit
2641 3613 2872 3687 infringi
2900 3615 3237 3687 perﬁdorum
3267 3624 3321 3672 et
3341 3615 3554 3671 haereti-

1957 3721 2148 3762 corum
2179 3704 2538 3772 commentis;
2572 3705 2827 3778 quamvis
2865 3706 3014 3762 enim
3045 3705 3104 3762 hi
3134 3713 3334 3778 negent
3371 3705 3556 3761 futura

1959 3809 2078 3867 qua:
2104 3793 2416 3862 credimus;
2446 3795 2591 3851 Deus
2619 3801 2802 3851 tamen
2833 3795 2986 3852 dabit
3012 3813 3132 3869 quae
3156 3795 3430 3852 credimus
3463 3793 3555 3850 da-

1959 3891 2146 3941 turum
2189 3885 2371 3954 illum,
2425 3893 2562 3942 teste
2603 3885 2970 3959 promissione
3015 3885 3152 3958 ejus.
3201 3887 3553 3960 Signaculum

1958 3975 2144 4048 itaque
2173 3975 2554 4048 promissionis
2595 3976 2718 4045 Dei,
2762 3975 2898 4033 ﬁdes
2931 3985 3120 4034 nostra
3163 3986 3266 4043 est,
3316 3993 3437 4050 quas
3466 3977 3556 4032 ﬁr-

1959 4073 2075 4122 mat
2122 4067 2221 4122 Dei
2253 4067 2440 4124 verba.
2475 4069 2537 4124 In
2580 4067 2670 4124 die
2703 4067 2902 4140 judicii
2935 4077 3225 4142 cognoscet
3263 4070 3427 4138 Deus,
3460 4067 3555 4141 qui

1959 4155 2166 4212 habent
2204 4155 2422 4229 signum
2461 4156 2604 4229 ejus,
2634 4156 3022 4215 dissentientes
3052 4174 3085 4212 a
3129 4156 3463 4230 perﬁdorum
3503 4164 3558 4214 et

1959 4243 2343 4302 haereticorum
2385 4244 2698 4319 iniquitate,
2731 4263 2852 4320 quae
2880 4247 2982 4304 Dei
3009 4245 3429 4319 promissionem
3459 4245 3559 4301 in-

1959 4336 2177 4394 ﬁrmare
2219 4354 2275 4394 se
2323 4346 2510 4411 putat;
2557 4337 2700 4394 nihil
2741 4339 2887 4395 enim
2918 4346 3031 4395 tam
3079 4339 3354 4414 iniquum,
3394 4356 3555 4414 quam

1960 4431 2061 4487 Dei
2107 4431 2234 4488 ﬁdei
2278 4430 2573 4488 contraire.
2622 4433 2695 4488 Et
2731 4431 2812 4489 sic
2855 4431 3093 4500 Dathan,
3137 4437 3192 4488 et
3237 4431 3470 4499 Abiron,
3502 4439 3556 4487 et

1960 4521 2097 4580 Core
2139 4523 2351 4579 dictum
2403 4531 2489 4580 est
2535 4539 2568 4579 a
2610 4523 2819 4596 Moyse,
2855 4538 2994 4584 .cum
3028 4531 3221 4579 contra
3263 4522 3361 4578 Dei
3405 4538 3556 4594 prae-

250 4625 536 4700 prodesse:
597 4626 898 4699 Apostolus
952 4633 1136 4682 autem
1179 4627 1358 4684 sciens
1413 4627 1588 4700 magis
1641 4627 1850 4697 obesse,
1881 4619 1935 4682 D
1960 4627 2179 4692 ceptum
2229 4621 2423 4678 oﬂ'erre
2470 4621 2737 4679 sacriﬁcia
2777 4625 3172 4694 praesumerent
3211 4619 3402 4687 (Num.
3433 4633 3554 4687 xvr,

251 4715 359 4772 hoc
402 4713 646 4786 mandat,
697 4724 760 4773 ut
788 4716 1169 4791 unusquisque
1213 4715 1317 4774 hoc
1366 4725 1540 4788 curet,
1585 4724 1647 4773 ut
1673 4727 1853 4790 spreta

251 4805 616 4864 altercatione
674 4806 818 4880 (75),
879 4807 1232 4880 semetipsum
1289 4807 1628 4881 probabilem
1688 4809 1852 4866 faciat

251 4893 637 4969 impudoratos
677 4895 960 4970 appellans
1005 4912 1098 4952 eos
1128 4897 1224 4971 qui
1272 4896 1724 4955 contentionibus
1768 4899 1852 4955 ni-

251 4991 469 5043 tuntur.
499 4985 728 5042 Necesse
773 4993 856 5042 est
899 4985 1048 5042 enim
1098 4994 1161 5043 ut
1211 4987 1492 5044 contentio
1529 4995 1852 5062 extorqueat

250 5074 484 5150 aliquid,
517 5073 629 5131 imo
667 5076 842 5132 multa
871 5091 991 5150 quae
1033 5075 1296 5137 dicuntur
1322 5086 1513 5135 contra
1555 5081 1853 5137 conscien-

251 5163 386 5222 tiam
415 5181 427 5222 :
449 5172 513 5224 ut
529 5164 680 5222 intus
700 5166 760 5222 in
788 5167 974 5222 animo
990 5167 1200 5241 perdat,
1224 5168 1359 5226 foris
1378 5169 1557 5227 victor
1575 5169 1848 5229 abscedat.

250 5255 424 5314 Nemo
477 5257 625 5314 enim
674 5257 882 5332 patitur
918 5275 972 5315 se
1012 5257 1185 5328 vinci,
1232 5259 1360 5316 licet
1397 5261 1532 5319 sciat
1562 5279 1692 5320 vera
1730 5281 1850 5338 quae

253 5343 448 5403 audit:
509 5355 653 5404 recte
700 5355 881 5405 autem
933 5354 1149 5418 tractat,
1197 5357 1250 5406 et
1303 5349 1452 5407 bona
1491 5355 1848 5425 conscientia,

253 5440 350 5516 qui
397 5440 716 5498 volentibus
762 5442 1008 5517 loquitur
1041 5452 1096 5501 et
1141 5445 1402 5519 paciﬁcis.
1453 5448 1687 5508 Collatio
1723 5466 1850 5524 ergo

254 5535 401 5592 inter
427 5535 527 5592 Dei
548 5553 735 5592 servos
762 5551 882 5594 esse
911 5537 1093 5607 debet,
1126 5555 1239 5595 non
1269 5539 1571 5598 altercatio.

328 5632 447 5847 $75)
479 5631 666 5690 Codex
693 5633 890 5717 Laud,
920 5642 979 5692 ut
1005 5635 1244 5720 spiritali
1270 5639 1635 5721 altercatione.

359 5703 450 5847 76;
482 5705 640 5762 Rom.
663 5705 821 5787 edit”
847 5710 1136 5780 proﬁciunt
1163 5710 1235 5765 ad
1264 5717 1598 5794 impietatem.

358 5775 422 5833 77
483 5775 687 5836 Omnes
705 5776 862 5847 θὼι..
892 5781 1033 5847 quod
1063 5782 1250 5847 palam
1277 5789 1354 5841 est
1387 5783 1635 5844 Christzai

359 5703 450 5848 76;
482 5705 640 5762 Rom.
663 5705 821 5787 edit”
847 5703 1136 5780 proﬁciunt
1163 5710 1235 5765 ad
1264 5710 1598 5782 impietatem.

359 5775 422 5833 77
483 5775 687 5836 Omnes
705 5776 862 5848 θὼι..
892 5781 1033 5848 quod
1062 5782 1250 5848 palam
1277 5789 1354 5841 est
1387 5782 1598 5844 Christi}

358 5775 450 5848 77)
483 5775 687 5836 Omnes
705 5775 866 5848 edit;
892 5775 1033 5852 quod
1062 5782 1250 5856 palam
1277 5775 1354 5841 est
1387 5782 1846 5854 Christianorum;

1961 4714 2148 4786 28-30)
2172 4732 2184 4770 :
2233 4738 2251 4762 ι
2276 4713 2570 4787 Cognovit,
2587 4712 2789 4786 inquit,
2820 4712 3090 4769 Dominus
3108 4709 3204 4783 qui
3234 4716 3362 4764 sunt
3379 4707 3543 4780 ejus.-

1961 4804 2083 4872 Quo
2131 4803 2282 4860 dicto
2324 4803 2566 4860 ostendit
2613 4819 2734 4876 quae
2764 4799 3036 4875 pernicies
3071 4805 3314 4856 maneret
3341 4813 3432 4854 eos
3461 4798 3554 4872 qui
3590 4874 3593 4877 ν

1959 4895 2060 4953 Dei
2090 4894 2257 4952 verba
2285 4895 2641 4950 inverterent.

2036 4988 2216 5059 (Vers.
2249 4987 2367 5059 20.)
2413 5011 2432 5034 ι
2470 4987 2532 5043 In
2564 4999 2760 5056 magna
2809 4990 2991 5040 autem
3022 4982 3187 5040 domo
3234 4999 3347 5040 non
3376 4985 3553 5042 solum

1960 5088 2091 5136 sunt
2119 5095 2250 5136 vasa
2289 5092 2453 5134 aurea
2493 5083 2548 5133 et
2578 5082 2853 5148 argentea,
2880 5091 3074 5132 verum
3105 5084 3160 5132 et
3190 5075 3370 5149 lignea
3397 5083 3451 5134 et
3477 5077 3556 5134 ﬁ-

1961 5173 2143 5231 ctilia:
2169 5179 2222 5229 et
2244 5169 2494 5244 quaedam
2525 5167 2749 5244 quidem
2770 5167 2828 5224 in
2849 5166 3138 5238 honorem,
3156 5167 3403 5242 quaedam
3425 5185 3556 5224 vero

1961 5266 2019 5322 in
2051 5262 2464 5322 contumeliam.
2496 5285 2516 5310 ι
2560 5263 2675 5319 Hoc
2701 5259 2851 5319 dicto
2879 5260 3212 5335 signiﬁcavit
3239 5259 3558 5317 inEcclesla

1960 5357 2208 5414 diversos
2248 5371 2364 5412 esse
2409 5353 2696 5411 homines:
2734 5351 2999 5428 quosdam
3029 5352 3202 5410 bonos
3231 5359 3285 5408 et
3312 5366 3558 5408 summos

1961 5452 2131 5520 viros,
2182 5467 2318 5526 quos
2362 5447 2418 5506 in
2451 5465 2586 5506 auro
2627 5448 2861 5522 intelligi
2889 5447 3044 5505 vult:
3091 5443 3354 5518 quosdam
3383 5443 3558 5502 bonos

1960 5547 2200 5610 tantum,
2251 5557 2388 5614 quos
2429 5537 2488 5596 in
2535 5548 2759 5614 argento
2789 5539 3067 5613 designat:
3105 5537 3242 5595 alios
3285 5552 3416 5593 vero
3444 5551 3558 5593 non

1959 5657 2091 5720 mss.
2124 5656 2256 5720 vero
2287 5640 2521 5720 partim,
2557 5641 2696 5711 quod
2727 5639 2974 5712 palmare
3013 5643 3105 5720 est,
3151 5636 3374 5712 partim,
3406 5636 3559 5720 quod

1954 5709 2430 5785 palmarium—est;
2468 5709 2766 5785 utrumque
2806 5709 3095 5770 commode
3119 5709 3328 5770 {unus
3370 5709 3553 5777 etiam,

1959 5783 2101 5858 quod
2119 5785 2340 5859 speciale
2361 5791 2437 5844 est
2463 5783 2917 5845 Christianorum.
