3970 6372
509 386 612 444 519

1547 383 1643 438 AD
1684 382 1919 440 OPEIlA
1958 381 2014 436 S.
2043 379 2376 438 AMBROSII
2419 378 2802 438 APPENDIX.

3709 383 3819 439 520

507 509 701 577 bonos,
733 524 871 582 quos
899 523 1029 564 vasa
1076 507 1253 579 lignea
1304 515 1359 562 et
1405 504 1602 563 ﬁctilia
1642 505 1900 577 appellat.
1949 504 2107 572 Quod
2135 509 2185 568 Α
2214 511 2352 577 patae
2389 511 2539 574 sunt,
2577 520 2640 560 ac
2685 520 2781 576 per
2811 501 2917 560 hoc
2955 519 2988 558 a
3034 503 3136 562 Dei
3165 519 3327 561 servo
3356 502 3628 578 fugiendae
3670 516 3824 565 sunt.

507 600 650 658 nulli
678 599 998 671 ambiguum
1044 605 1220 670 puto;
1267 613 1395 654 nam
1443 596 1503 653 in
1541 597 1958 656 Corinthiorum
2001 597 2108 654 hoc

505 693 753 752 Ecclesia
789 691 984 764 probat
1037 690 1296 762 frequens
1345 705 1525 746 sermo
1571 689 1916 762 objurgantis
1960 692 2103 762 Apo-

507 779 656 838 stoli.
688 779 847 836 Nunc
891 785 1075 834 autem
1123 779 1182 835 in
1210 778 1458 836 Ecclesia
1504 788 1692 836 nostra
1731 785 1878 844 309
1926 781 2106 853 palam

507 885 609 946 est,
647 885 700 934 et
749 876 806 932 in
846 876 1053 948 templo
1091 877 1510 951 Hierosolymis,
1555 879 1613 935 in
1653 896 1762 953 quo
1787 888 1953 952 typus
1991 887 2108 935 erat

506 965 788 1034 Ecclesia,
820 965 1128 1022 manifestis
1172 966 1506 1024 lectionibus
1533 968 1886 1041 approbatur.
1933 969 2107 1024 Erant

506 1057 654 1114 enim
686 1056 764 1112 ibi
798 1054 1103 1125 Sadducazi,
1135 1074 1205 1114 ex
1234 1073 1467 1131 quorum
1499 1057 1680 1115 radice
1707 1066 1864 1114 erant
1892 1058 2108 1130 Hyme-

508 1166 660 1206 naeus
699 1156 753 1204 et
799 1147 1080 1206 Philetus:
1113 1150 1181 1206 de
1223 1167 1457 1224 quorum
1490 1167 1656 1223 prava
1682 1151 1956 1206 sententia
1979 1167 2105 1206 cum

506 1241 804 1315 Apostolus
849 1249 990 1298 esset
1037 1242 1278 1311 locutus,
1315 1243 1501 1300 statim
1548 1243 1652 1300 hoc
1695 1241 1948 1315 subjecit,
1987 1259 2102 1300 non

507 1351 622 1392 esse
669 1333 923 1390 mirabile
966 1333 1025 1390 in
1066 1335 1315 1392 Ecclesia
1357 1334 1535 1390 videri
1599 1335 1852 1391 homines
1897 1335 2104 1392 dissen-

506 1424 727 1482 tientes.
764 1427 898 1483 Nam
943 1435 996 1482 et
1029 1425 1087 1481 in
1128 1426 1543 1484 Corinthiorum
1591 1428 1856 1495 Ecclesia,
1894 1427 1961 1482 de
1999 1443 2108 1499 qua

507 1516 648 1584 dixi,
689 1514 912 1589 quidam
957 1525 1112 1573 erant
1157 1516 1252 1588 qui
1292 1516 1702 1585 dissentientes,
1751 1517 2104 1574 resurrectio-

509 1625 634 1665 nem
675 1607 969 1680 negabant.
1019 1609 1251 1664 Insanus
1279 1616 1463 1664 tamen
1509 1609 1848 1666 Novatianus
1896 1610 2013 1680 (78)
2046 1619 2107 1666 ut

508 1697 683 1753 errori
756 1713 856 1753 suo
907 1695 1246 1764 blandiatur,
1304 1697 1464 1752 aliter
1519 1696 1626 1755 hoc
1685 1697 2106 1769 intelligendum

508 1789 712 1855 tradit;
755 1796 818 1843 ut
864 1786 1062 1843 domus
1100 1802 1296 1859 magna
1345 1793 1495 1842 totus
1525 1784 1765 1841 mundus
1806 1785 2106 1857 signiﬁcari

2231 620 2248 644 σ
2279 598 2492 654 Sectare
2531 613 2664 672 vero
2684 595 2982 668 justitiam,
3017 596 3204 666 ﬁdem,
3234 597 3582 668 charitatem,
3609 616 3824 672 pacem,

2217 705 2342 745 cum
2385 687 2454 744 iis
2496 687 2591 760 qui
2623 687 2887 743 invocant
2931 686 3233 742 Dominum
3278 687 3346 744 de
3395 704 3533 761 puro
3569 689 3756 746 corde.
3791 714 3810 736 ι

2218 782 2347 837 Haec
2373 781 2632 837 sectanda
2654 775 2832 851 jubet,
2866 795 2988 852 quae
3007 778 3250 849 juvenili
3277 779 3427 838 atati
3443 781 3603 837 devia
3631 783 3824 840 viden-

2218 887 2310 936 tur
2357 885 2412 933 et
2453 893 2660 950 aspera.
2693 875 2798 943 Qui
2836 875 2984 931 enim
3028 874 3304 946 justitiam
3355 875 3530 948 eligit,
3580 877 3630 932 ei
3675 878 3823 934 nihil

2218 969 2351 1026 facit
2396 967 2758 1035 contrarium,
2787 974 2842 1022 et
2868 966 2964 1038 qui
3007 965 3171 1022 ﬁdem
3204 965 3409 1040 diligit,
3455 977 3638 1024 servat
3667 985 3820 1024 man-

2216 1061 2377 1119 data:
2409 1062 2505 1134 qui
2535 1069 2718 1118 autem
2748 1059 3072 1118 charitatem
3102 1059 3374 1132 sequitur,
3409 1061 3669 1118 omnibus
3702 1062 3823 1118 bu-

2218 1153 2368 1211 milis
2393 1161 2502 1208 est:
2542 1151 2692 1224 pacis
2719 1166 2850 1206 vero
2877 1156 3062 1206 custos
3093 1149 3311 1206 nullum
3345 1151 3563 1208 lacessit
3593 1150 3659 1207 ad
3684 1149 3823 1222 jur-

2219 1245 2388 1317 gium.

2293 1343 2476 1415 (Vers.
2521 1341 2637 1413 23.)
2669 1366 2686 1389 ›
2745 1342 2950 1397 Stultas
2989 1347 3172 1396 autem
3216 1348 3269 1396 et
3315 1339 3618 1398 ineruditas
3657 1357 3822 1414 qure-

2217 1432 2423 1488 stiones
2453 1431 2658 1498 devita,
2703 1430 2876 1486 sciens
2918 1430 3048 1503 quia
3085 1439 3345 1501 generant
3388 1430 3533 1487 lites.
3567 1457 3585 1478 ι
3631 1432 3819 1487 Insen-

2175 1529 2346 1577 'sataa
2392 1521 2722 1595 quaestiones
2776 1519 2976 1592 partim
3021 1518 3351 1587 inﬁdelium,
3392 1520 3591 1591 partim
3648 1519 3819 1575 haere-

2217 1609 2452 1666 ticorum
2491 1617 2652 1666 sunt:
2704 1625 2774 1664 ex
2814 1614 2965 1679 parte
3013 1606 3348 1672 infidelium,
3380 1625 3500 1680 quae
3540 1609 3822 1664 modestos

2218 1697 2472 1755 homines
2500 1705 2704 1770 cogunt
2731 1696 2799 1752 ad
2829 1696 3016 1762 litem;
3050 1695 3418 1751 immutantur
3461 1697 3609 1752 enim
3643 1695 3824 1752 nimia

2218 1787 2653 1844 contradictione
2705 1785 3004 1859 impietatis
3054 1801 3266 1853 eorum,
3321 1791 3376 1839 et
3438 1784 3565 1841 irati
3621 1785 3822 1842 dicunt

506 1877 779 1945 credatur,
819 1876 915 1949 qui
967 1873 1132 1930 habet
1173 1873 1463 1931 hominum
1519 1873 1933 1942 diversitatem;
1977 1892 2101 1931 cum
2132 1879 2178 1938 B
2215 1877 2425 1950 aliquid
2456 1885 2648 1934 contra
2693 1875 3048 1947 praepositum
3077 1890 3236 1930 suum
3282 1873 3422 1944 (80).
3455 1874 3592 1928 Nam
3639 1874 3822 1929 solent

508 1980 723 2028 constet
753 1971 1077 2042 Apostolum
1108 1971 1362 2042 exemplo
1391 1986 1550 2025 usum
1595 1969 1793 2026 domus
1831 1969 2024 2026 divitis
2053 1979 2108 2026 et

508 2060 780 2134 opulenti,
813 2077 956 2132 quze,
1011 2059 1263 2132 quamvis
1292 2058 1512 2130 cepiosa
1553 2058 1647 2126 sit,
1695 2057 1893 2114 habeat
1921 2065 2107 2113 tamen

508 2167 637 2206 vasa
670 2150 850 2222 lignea
878 2158 932 2204 et
959 2147 1184 2205 ﬁctilia:
1219 2148 1326 2204 hoc
1355 2149 1518 2204 modo
1538 2157 1590 2204 et
1621 2147 1884 2215 Ecclesia,
1919 2163 2106 2219 quan-

510 2257 673 2314 quam
724 2247 910 2296 sancta
957 2239 1194 2306 dicatur,
1239 2238 1402 2293 habet
1443 2247 1625 2294 tamen
1673 2245 1728 2294 et
1773 2238 2004 2294 vitiosos
2054 2245 2109 2293 et

511 2347 680 2404 prava
735 2329 1054 2396 sentientes,
1111 2328 1253 2384 sicut
1291 2327 1543 2400 superius
1581 2327 1905 2383 memoravi.
1959 2327 2108 2393 Quos

506 2418 845 2476 contumelia
889 2418 1084 2490 dignos
1119 2417 1380 2484 ostendit,
1428 2434 1540 2474 non
1578 2427 1759 2474 tamen
1809 2417 2101 2489 perituros,

507 2510 601 2568 sed
640 2508 952 2582 purgandos
998 2524 1094 2579 per
1140 2507 1360 2578 ignem;
1392 2508 1520 2580 quia
1573 2507 1764 2563 domui
1807 2523 1877 2562 ex
1922 2507 2108 2578 aliqua

508 2611 662 2675 parte
691 2599 984 2658 necessarii
1026 2608 1174 2656 sunt.
1223 2599 1562 2654 Novatianus
1591 2606 1771 2654 autem
1801 2597 1976 2652 elatus
2004 2611 2107 2649 su-

510 2693 720 2766 perbia,
759 2699 822 2747 ut
864 2691 1124 2748 Ecclesiae
1175 2707 1286 2746 suae
1330 2689 1617 2746 veritatem
1665 2695 1720 2743 et
1757 2685 2103 2744 sanctitatem

505 2783 811 2856 generalem
843 2780 1178 2847 defenderet,
1205 2779 1311 2835 hoc
1341 2778 1505 2834 modo
1536 2777 1957 2850 intelligendum
1989 2791 2104 2831 esse

505 2872 776 2937 decrevit,
803 2871 959 2944 quasi
991 2869 1239 2927 Ecclesia
1269 2886 1432 2942 penes
1454 2869 1633 2940 ipsum
1665 2867 1758 2936 sit,
1791 2874 1844 2922 et
1875 2875 2105 2923 cunctos

506 2963 705 3019 habeat
743 2960 1082 3033 puriﬁcatos,
1131 2968 1352 3030 propter
1390 2958 1514 3014 illas
1543 2973 1734 3014 causas
1773 2956 1975 3028 quibus
2003 2972 2104 3011 nos

507 3050 831 3108 innocentes
884 3055 1102 3105 accusat
1145 3049 1286 3117 (79).
1339 3047 1444 3102 Sed
1482 3046 1616 3118 quid
1661 3061 1799 3116 opus
1843 3053 1957 3099 erat
2001 3043 2105 3100 hoc

510 3139 631 3196 loco
659 3139 727 3195 de
750 3137 960 3195 mundo
990 3135 1200 3209 aliquid
1216 3136 1420 3202 dicere,
1451 3143 1544 3190 aut
1560 3142 1620 3190 ut
1649 3133 1782 3206 quid
1811 3133 2105 3188 aﬂirmaret

2216 1966 2440 2039 quidam
2472 1966 2854 2023 haereticorum
2884 1963 3207 2037 patientiam
3237 1962 3440 2034 ﬁngere
3474 1962 3758 2034 (quamvis
3785 1980 3817 2018 a

2215 2055 2490 2112 catholico
2537 2073 2648 2111 non
2696 2053 2909 2127 possint
2945 2053 3134 2109 audire
3181 2051 3393 2124 aliquid
3421 2053 3724 2122 asperum),
3757 2060 3819 2106 ut

2216 2146 2604 2202 commendent
2639 2161 2809 2217 prava
2840 2161 2938 2199 sua
2965 2140 3270 2214 colloquia:
3306 2139 3512 2197 idcirco
3542 2140 3816 2196 dissimu-

2217 2235 2444 2292 landum
2474 2235 2542 2291 ab
2573 2235 2660 2292 his
2688 2245 2788 2292 est.

2291 2337 2472 2407 (Vers.
2505 2321 2592 2406 2’s,
2627 2337 2714 2404 25,
2747 2337 2861 2407 26.)
2927 2361 2943 2383 ι
2974 2336 3204 2391 Servum
3236 2340 3418 2389 autem
3446 2331 3668 2388 Domini
3699 2347 3811 2387 non

2216 2436 2428 2500 oportet
2459 2428 2692 2500 litigare,
2725 2429 2821 2484 sed
2867 2428 3055 2483 mitem
3100 2443 3216 2482 esse
3254 2425 3321 2481 ad
3351 2441 3560 2492 omnes,
3586 2422 3812 2479 docibi-

2216 2517 2344 2584 lem,
2380 2517 2699 2588 patientem,
2755 2517 3084 2583 modestum,
3141 2513 3502 2585 corrigentem
3573 2527 3662 2566 eos
3712 2509 3813 2581 qui

2214 2604 2433 2660 diversa
2461 2605 2740 2661 sentiunt:
2774 2605 2820 2661 si
2851 2604 3070 2678 quando
3099 2603 3191 2659 det
3227 2602 3340 2658 illis
3372 2605 3518 2658 Deus
3543 2599 3814 2672 poeniten-

2215 2695 2348 2751 tiam
2415 2696 2483 2752 ad
2543 2696 2882 2768 agnitionem
2947 2695 3219 2762 veritatis,
3276 2703 3332 2751 et
3397 2693 3718 2764 resipiscant
3786 2708 3818 2746 a

2213 2785 2418 2841 diaboli
2452 2786 2681 2858 laqueis,
2713 2804 2745 2842 a
2768 2802 2877 2858 quo
2906 2792 3164 2841 tenentur
3191 2783 3335 2854 capti
3364 2782 3431 2838 ab
3457 2799 3520 2838 eo
3544 2780 3611 2836 ad
3640 2779 3816 2851 ipsius

2214 2876 2576 2932 voluntatem.
2614 2899 2632 2923 ι
2678 2876 2805 2930 Hzec
2852 2875 3008 2930 nulla
3053 2873 3301 2944 indigent
3341 2869 3813 2942 interpretatione,

2214 2973 2343 3021 sunt
2396 2967 2544 3021 enim
2592 2965 2904 3021 manifesta.
2949 2965 3224 3030 Quantum
3266 2969 3446 3016 tamen
3497 2959 3670 3032 prosit
3701 2975 3816 3012 mo-

2214 3053 2409 3113 destia.
2441 3052 2772 3117 declaravit;
2805 3052 2851 3107 si
2881 3050 3028 3106 enim
3060 3051 3165 3104 hoc
3191 3051 3250 3103 in
3280 3048 3610 3120 quibusdam
3644 3046 3816 3102 haere.

2213 3138 2338 3194 ticis
2367 3138 2629 3210 placitum
2660 3145 2762 3204 est,
2803 3136 2934 3208 quia
2973 3136 3211 3190 humiles
3239 3136 3557 3192 videantur:
3605 3142 3818 3207 quanto

506 3229 776 3286 mundum
795 3229 1021 3286 domum
1039 3243 1289 3300 magnam
1310 3225 1618 3298 signiﬁcare
1636 3226 1663 3281 ?
1683 3225 1820 3281 Nam
1849 3224 2104 3280 dicitDo-
2139 3237 2182 3297 ί]
2216 3227 2388 3299 magis
2417 3225 2690 3282 laudabile
2730 3234 2784 3281 et
2813 3224 3154 3280 fructuosum
3186 3223 3292 3278 erit
3329 3223 3387 3279 in
3430 3223 3734 3288 catholico,
3769 3221 3815 3278 si

503 3319 690 3377 minus
722 3320 1015 3393 apostolis:
1063 3344 1081 3366 ε
1108 3318 1231 3373 Non
1274 3315 1409 3373 estis
1437 3315 1504 3370 de
1532 3313 1762 3382 mundo,
1793 3331 1890 3386 ego
1921 3323 2102 3370 autem

503 3413 644 3487 elegi
665 3431 761 3470 vos
789 3412 856 3468 de
874 3410 1081 3468 mundo
1111 3411 1291 3481 (Joan.
1316 3426 1413 3477 xv,
1439 3408 1550 3481 19).
1572 3433 1590 3456 ι
1625 3407 1913 3475 Quomodo
1935 3405 2106 3478 igitur

504 3503 651 3559 intra
683 3502 953 3558 mundum
997 3497 1362 3557 concludendi
1408 3506 1558 3566 sunt,
1589 3497 1685 3571 qui
1731 3505 2000 3568 negantur
2037 3494 2104 3550 de

503 3591 712 3649 mundo
764 3592 930 3649 esse?
972 3593 1045 3646 Et
1083 3590 1229 3646 idem
1276 3591 1605 3661 Apostolus:
1667 3613 1684 3636 ι
1716 3588 1857 3656 Quo,
1898 3586 2098 3659 inquit,

503 3681 644 3737 mihi
675 3681 742 3736 de
765 3680 856 3747 iis,
889 3679 983 3752 qui
1014 3678 1314 3747 forissunt,
1340 3677 1591 3750 judicare
1616 3679 1672 3750 (Ι
1697 3677 1823 3734 Cor.
1857 3695 1912 3744 v,
1939 3676 2086 3747 12).-

501 3770 637 3826 Nam
669 3769 728 3825 in
757 3784 867 3824 una
881 3766 1048 3822 domo
1077 3783 1268 3823 omnes
1285 3766 1388 3822 sub
1411 3784 1526 3823 uno
1554 3773 1684 3822 sunt
1713 3765 1936 3821 nomine
1956 3783 1969 3831 ;
1989 3781 2100 3820 uno

502 3856 650 3914 enim
681 3855 906 3912 Domini
927 3855 1012 3911 sui
1032 3853 1256 3912 nomine
1277 3864 1571 3913 censentur
1592 3873 1783 3912 omnes
1813 3875 1824 3912 :
1859 3855 2100 3911 mundus

501 3961 683 4010 autem
727 3952 957 4009 diversae
1004 3953 1362 4025 professionis
1404 3953 1653 4010 continet
1697 3953 1988 4021 homines;
2023 3953 2099 4009 ita

501 4051 563 4099 ut
592 4042 836 4114 dispares
863 4043 1226 4115 proﬁteantur
1255 4060 1312 4100 se
1355 4043 1555 4101 habere
1584 4053 1639 4100 et
1667 4043 1798 4101 deos
1824 4052 1877 4100 et
1907 4044 2097 4100 domi-

500 4152 619 4192 nos.
654 4135 775 4190 Non
804 4151 931 4208 ergo
961 4134 1189 4190 domum
1219 4152 1475 4208 magnam
1514 4136 1782 4192 mundum
1812 4135 1970 4204 dicit,
2002 4134 2097 4190 sed

497 4224 822 4292 Ecclesiam,
872 4225 929 4280 in
969 4240 1077 4296 qua
1124 4241 1314 4281 omnes
1351 4224 1453 4281 sub
1495 4227 1660 4281 unius
1707 4226 1927 4281 Domini
1967 4235 2096 4282 sunt

500 4313 746 4383 nomine,

571 4407 752 4478 (Vers.
789 4405 906 4477 21.)
953 4429 972 4452 ι
1003 4405 1059 4462 Si
1105 4405 1227 4479 quis
1256 4423 1385 4478 ergo
1414 4407 1728 4479 purgaverit
1756 4408 1994 4479 seipsum
2025 4407 2093 4462 ab

496 4497 637 4566 istis,
670 4498 775 4555 erit
803 4515 899 4555 vas
942 4498 1001 4554 in
1048 4497 1313 4554 honorem
1348 4499 1772 4568 sanctiﬁcatum,
1804 4499 1939 4556 utile
1972 4501 2093 4556 Do—

2214 3318 2381 3373 fuerit
2419 3317 2590 3384 mitis,
2639 3316 2697 3371 in
2746 3331 2854 3388 quo
2902 3323 2955 3371 et
3001 3330 3193 3370 sensus
3249 3313 3425 3381 utilis,
3471 3320 3524 3369 et
3569 3313 3816 3385 gravitas

2213 3406 2483 3463 imitanda
2509 3405 2841 3479 perspicitur
2864 3405 2876 3460 l

2835 3547 3062 3606 CAPUT
3093 3547 3186 3603 IlI.

2284 3679 2466 3750 (Vers.
2504 3677 2638 3746 1-5.)
2679 3703 2695 3725 ι
2725 3676 2841 3733 Hoc
2861 3685 3042 3732 autem
3073 3673 3378 3748 scito,quia
3397 3672 3455 3729 in
3485 3672 3812 3730 novissimis

2208 3767 2403 3824 diebus
2450 3767 2736 3823 instabunt
2783 3774 3027 3838 tempora
3068 3764 3410 3836 periculosa:
3445 3771 3606 3819 erunt
3655 3763 3806 3818 enim

2208 3857 2460 3913 homines
2490 3856 2574 3914 sui
2605 3863 2819 3912 tantum
2849 3864 3140 3922 amatores,
3171 3853 3345 3922 avari,
3375 3852 3694 3918 insolentes,
3719 3870 3810 3908 su-

2207 3947 2382 4020 perbi,
2436 3945 2762 4018 blasphemi,
2797 3943 3116 4017 parentibus
3156 3959 3268 3998 non
3300 3941 3682 4016 obsequentes,
3725 3942 3809 3999 in-

2206 4036 2364 4108 grati,
2398 4035 2576 4107 impii,
2610 4035 2728 4091 sine
2759 4033 2885 4099 ﬁde,
2903 4032 3022 4089 sine
3052 4031 3368 4098 dilectione,
3402 4031 3805 4098 criminatores,

2206 4126 2636 4195 incontinentes,
2685 4123 2949 4191 immites,
2983 4123 3252 4179 bonorum
3291 4120 3530 4189 inimici,
3562 4121 3805 4193 prodito~

2204 4233 2307 4285 res,
2364 4217 2631 4288 protervi,
2686 4213 2910 4282 tumidi,
2961 4220 3228 4269 amatores
3275 4213 3623 4283 voluptatum
3691 4228 3802 4266 ma-

2203 4306 2284 4378 gis
2349 4322 2511 4378 quam
2568 4303 2688 4371 Dei,
2745 4303 3010 4359 habentes
3066 4308 3213 4364 310
3274 4300 3509 4356 formam
3557 4299 3799 4372 pietatis,

2201 4405 2463 4460 virtutem
2521 4413 2702 4460 autem
2764 4401 2883 4473 ejus
2941 4400 3314 4472 abnegantes:
3371 4406 3426 4454 et
3493 4397 3594 4454 hos
3647 4395 3799 4454 devi-

2199 4501 2274 4550 ta.
2340 4519 2359 4542 ι
2421 4493 2714 4565 Prophetia
2751 4498 2832 4547 est
2887 4490 3004 4546 haec
3043 4489 3218 4545 sancti
3265 4485 3539 4559 Apostoli,
3586 4485 3644 4541 in
3693 4502 3801 4558 qua

495 4589 666 4647 mino:
710 4591 779 4648 ad
825 4608 989 4649 omne
1030 4608 1169 4663 opus
1214 4590 1420 4648 bonum
1453 4601 1837 4665 praeparatum,
1862 4619 1879 4639 ι
1936 4593 2095 4650 Nunc
2124 4597 2172 4655 1)
2200 4581 2460 4656 prmvidit
2489 4589 2692 4655 quanta
2734 4581 2878 4636 mala
2908 4580 3097 4635 futura
3123 4585 3304 4634 essent
3332 4574 3713 4631 haereticorum
3745 4582 3800 4630 et

493 4681 602 4737 alia
649 4681 872 4740 haeresis
924 4682 1114 4740 fraude
1162 4699 1260 4738 sua
1301 4682 1675 4752 convincitur,
1733 4701 1854 4757 quae
1902 4685 2094 4741 asserit

493 4774 701 4830 animas
728 4776 992 4848 quasdam
1030 4783 1228 4831 natura
1256 4791 1373 4832 esse
1404 4776 1596 4844 malas,
1628 4793 1748 4849 qua).
1784 4775 1853 4832 ad
1882 4775 2089 4832 bonum

494 4864 612 4936 cogi
645 4883 756 4922 non
788 4867 1031 4938 possint:
1063 4883 1188 4922 cum
1218 4866 1312 4923 hic
1339 4866 1486 4923 dicat
1515 4884 1671 4939 posse
1689 4869 1861 4924 malos
1892 4867 2088 4924 immu-

494 4955 597 5009 tari
652 4955 710 5009 in
756 4956 986 5024 bonum,
1031 4965 1086 5013 et
1139 4957 1391 5015 sordidos
1440 4959 1740 5032 puriﬁcari.
1791 4961 2090 5016 Potuerant

492 5047 639 5103 enim
672 5047 1003 5120 Hymenaaus
1030 5059 1084 5107 et
1102 5051 1351 5108 Philetus
1377 5051 1642 5108 mundare
1667 5067 1884 5108 sensum
1903 5069 2085 5119 suum,

490 5137 537 5192 si
569 5137 907 5194 voluissent:
957 5149 1022 5196 ut
1062 5140 1258 5197 ﬁerent
1298 5159 1395 5198 vas
1423 5142 1848 5211 sanctiﬁcatum,
1882 5158 2085 5214 praepa-

491 5234 668 5282 ratum
703 5226 760 5282 in
791 5226 1080 5284 honorem.

563 5319 749 5389 (Vers.
795 5317 912 5389 22.)
979 5340 998 5364 ι
1027 5317 1304 5374 Juvenilia
1344 5329 1527 5376 autem
1575 5320 1846 5378 desideria
1872 5321 2016 5393 fuge.
2054 5347 2072 5369 ι

490 5405 768 5462 Juvenilia
811 5404 1088 5462 desideria
1133 5405 1363 5462 adversa
1403 5418 1562 5465 sunt:
1616 5417 1745 5465 sunt
1791 5409 1939 5465 enim
1977 5426 2086 5465 vo-

492 5493 726 5564 luptates
758 5495 1072 5564 mundanae,
1105 5511 1225 5568 quae
1256 5495 1512 5552 omnibus
1549 5497 1823 5553 illecebris
1864 5497 2084 5554 manci-

721 5613 783 5668 In
829 5615 990 5691 Rom:
1040 5614 1174 5671 edit.
1203 5612 1297 5670 hic
1341 5623 1397 5671 et
1424 5614 1569 5671 infra
1607 5632 1720 5672 non
1749 5617 2082 5674 Novatianu-s

493 5682 777 5751 scribitur,
809 5685 902 5741 sed
932 5687 1187 5743 Novatus.

567 5754 682 5825 (79)
719 5755 878 5812 Rom.
905 5756 1063 5827 edit.,
1092 5775 1187 5817 nos
1217 5764 1275 5816 ut
1298 5764 1527 5817 nocentes
1555 5767 1784 5817 accusat.

2201 4673 2546 4739 Judaorum;
2600 4672 2656 4728 in
2701 4671 2790 4727 his
2831 4671 2978 4726 enim
3010 4669 3196 4726 omnia
3234 4667 3355 4736 ista,
3407 4683 3526 4739 qua:
3570 4664 3799 4720 inimica

2200 4765 2328 4822 ﬁdei
2372 4771 2521 4831 sunt,
2567 4762 2922 4819 denotantur.
2954 4763 3074 4832 Ipse
3101 4759 3247 4815 enim
3292 4756 3588 4830 Apostolus
3617 4755 3790 4812 dixit:

2213 4877 2232 4899 α
2262 4854 2382 4921 Quo
2410 4853 2559 4908 enim
2608 4850 2746 4906 mihi
2797 4850 2863 4906 de
2911 4848 2999 4917 iis,
3037 4849 3130 4922 qui
3174 4847 3310 4904 foris
3359 4853 3506 4913 sunt,
3542 4843 3795 4916 judicare

2201 4946 2258 5016 (Ι
2280 4947 2406 5003 Cor.
2439 4963 2494 5013 v,
2531 4943 2618 5015 12)
2643 4942 2671 4999 ?
2693 4969 2709 4990 -
2754 4941 2860 5009 Qui
2881 4941 3027 4997 enim
3051 4941 3193 4997 male
3222 4939 3288 4995 de
3310 4941 3422 4996 Deo
3449 4936 3718 5004 sentiunt,
3741 4944 3796 4991 et

2197 5055 2309 5094 non
2340 5037 2558 5104 timent,
2591 5033 2739 5109 quod
2781 5033 2848 5090 ad
2892 5032 3151 5104 injuriam
3194 5031 3311 5103 ejus
3342 5028 3599 5103 pertinet,
3629 5026 3792 5099 proﬁ-

2198 5127 2328 5194 teri;
2377 5124 2652 5199 quomodo
2708 5123 2766 5180 in
2810 5127 3224 5180 conversatione
3276 5119 3518 5175 humana
3563 5123 3794 5190 possunt

2195 5233 2312 5274 esse
2337 5214 2592 5271 benevoli
2617 5215 2644 5271 τ
2671 5213 2800 5270 Ideo
2820 5213 2969 5269 enim
2996 5210 3160 5267 dixit:
3207 5233 3224 5255 ι
3248 5207 3524 5263 Habentes
3553 5207 3788 5262 formam

2194 5309 2433 5383 pietatis,
2485 5307 2747 5364 virtutem
2793 5314 2973 5364 autem
3026 5302 3142 5376 ejus
3185 5301 3550 5372 abnegantes;
3597 5325 3616 5347 ι
3660 5299 3792 5371 quia

2193 5400 2522 5473 proﬁtentur
2577 5397 2797 5473 quidem
2865 5393 3183 5465 semetipsos
3238 5390 3601 5457 Christianos,
3661 5406 3788 5445 cum

2191 5490 2304 5546 sint
2347 5499 2401 5546 et
2439 5486 2761 5562 nequissimi
2810 5484 3008 5557 operis,
3058 5489 3112 5536 et
3159 5498 3322 5537 sensu
3371 5479 3633 5553 perversi.
3665 5479 3787 5534 Non

2266 5609 2405 5680 (80),
2432 5606 2618 5680 Codex
2647 5603 2817 5671 Vall.,
2861 5601 3159 5680 invitantur
3186 5600 3324 5654 enim
3371 5599 3537 5680 nimia
3563 5602 3788 5652 contra-

2190 5677 2435 5736 dictio-nis
2463 5678 2724 5751 impietate
2760 5690 3008 5743 συναίτια,
3040 5679 3225 5729 contra
3247 5677 3578 5745 propositum
3606 5686 3782 5725 suum.
