3970 6358
151 403 260 464 521

1163 406 1524 467 COMMENT.
1570 408 1640 465 IN
1679 407 1895 464 EPIST.
1939 409 1987 466 ll
2027 409 2123 464 AD
2162 404 2448 464 TIMOTH.

3353 408 3460 467 522

151 536 307 593 enim
357 536 414 592 in
449 533 784 609 professione
825 533 1014 609 magis,
1046 551 1207 609 quam
1238 535 1293 591 in
1329 534 1492 608 gestis
1523 535 1639 591 laus
1660 535 1756 591 Dei
1790 538 1837 596 A
1870 534 1964 590 nui
1987 542 2068 590 :et
2089 551 2155 590 ex
2175 531 2804 589 omnibusliberavitme
2829 533 3119 591 Dominus.
3145 535 3248 592 Sed
3266 552 3458 596 omnes

147 632 214 683 et
240 625 420 684 virtus
445 633 546 684 est.

232 716 416 787 (Vera.
449 716 502 784 6,
533 715 612 788 7.)
658 739 678 764 ε
703 715 791 773 Ex
821 715 910 772 his
939 715 1086 772 enim
1117 723 1264 784 sunt,
1302 715 1394 789 qui
1428 715 1676 789 irrepant
1697 717 1754 772 in

146 803 374 875 domos,
422 813 476 862 et
537 805 784 878 captivas
825 805 1035 862 ducunt
1096 805 1447 861 mulierculas
1507 812 1757 862 oneratas

147 894 416 965 peccatis,
451 910 574 966 qua
602 893 882 950 ducuntur
911 911 943 949 a
993 893 1163 950 variis
1205 893 1513 962 desideriis,
1544 910 1756 966 semper

144 981 458 1051 discentes,
488 990 542 1038 et
571 999 853 1056 nunquam
883 981 951 1038 ad
975 983 1261 1040 scientiam
1294 982 1544 1039 veritatis
1571 999 1754 1054 perve-

146 1070 392 1127 nientes.
425 1095 444 1117 ι
497 1069 763 1136 Quamvis
819 1071 1078 1127 omnibus
1109 1071 1380 1128 haereticis
1410 1072 1516 1129 hoc
1543 1089 1756 1130 conve-

149 1160 298 1228 niat,
358 1169 420 1216 ut
446 1159 820 1217 subintrantes
871 1161 1083 1228 domos,
1119 1160 1376 1217 mulieres
1428 1161 1675 1218 subdolis
1703 1169 1756 1216 et

149 1248 400 1305 versutis
424 1247 607 1304 verbis
661 1249 900 1320 capiant,
934 1256 995 1304 ut
1024 1265 1119 1321 per
1147 1265 1234 1304 eas
1281 1248 1430 1305 viros
1477 1248 1756 1321 decipiant

149 1353 312 1393 more
328 1336 499 1408 patris
521 1336 604 1392 sui
626 1337 856 1404 diaboli,
879 1337 972 1410 qui
995 1353 1092 1409 per
1114 1339 1287 1393 Evam
1316 1338 1490 1394 Adam
1521 1339 1753 1394 circum-

150 1426 315 1482 venit
340 1444 352 1490 ;
388 1423 704 1480 Manichzeis
719 1432 903 1481 tamen
934 1443 1043 1498 prae
1074 1427 1284 1482 caeteris
1304 1429 1576 1499 congruit.
1604 1428 1753 1483 Nulli

150 1514 308 1570 enim
329 1522 438 1570 tam
473 1513 799 1586 importuni,
829 1523 938 1570 tam
963 1515 1204 1584 fallaces,
1225 1524 1336 1571 tam
1354 1517 1581 1588 captiosi
1603 1525 1751 1586 sunt,

151 1621 324 1678 quam
355 1603 459 1677 ipsi
493 1621 630 1676 quos
651 1611 866 1661 constat
894 1605 1047 1660 aliud
1063 1606 1259 1672 colere,
1283 1615 1337 1662 et
1365 1607 1516 1662 aliud
1538 1607 1752 1679 proﬁte-

151 1695 206 1750 ri
232 1713 246 1762 ;
279 1693 431 1750 aliud
462 1694 613 1750 intus
642 1709 843 1764 gerere,
875 1701 929 1749 et
951 1694 1084 1750 foris
1110 1694 1264 1751 aliud
1292 1695 1593 1752 vindicare.
1617 1697 1752 1753 Nam

152 1782 587 1841 sanctimonium
621 1783 945 1852 defendunt,
979 1791 1033 1840 et
1081 1785 1194 1856 lege
1242 1801 1338 1841 sua
1359 1787 1596 1852 favente,
1628 1793 1756 1842 tur-

1864 623 1959 696 qui
1988 624 2185 680 volunt
2205 621 2291 696 pie
2309 622 2494 678 vivere
2516 622 2573 678 in
2603 620 2822 679 Christo
2842 621 2990 690 Iesu,
3021 625 3455 695 persecutionem

1864 713 2160 784 patientur.
2225 712 2470 784 Nequam
2522 717 2703 768 autem
2749 710 3001 768 homines
3046 720 3101 768 et
3145 712 3459 785 deceptores

1847 801 2153 874 [proﬁcient
2183 802 2239 857 in
2271 800 2427 874 pejus
2451 817 2463 854 :
2498 801 2602 873 ipsi
2630 809 2875 857 errantes
2903 808 3066 874 atque
3095 801 3234 857 alios
3264 809 3457 859 errori-

1867 891 1968 947 bus
2002 893 2368 948 involventes.
2404 916 2422 936 -
2494 889 2621 946 Ideo
2651 906 2770 962 qua
2797 897 2850 945 et
2881 898 3087 962 quanta
3117 908 3306 963 passus
3364 895 3456 963 sit,

1866 989 2133 1037 memorat
2163 999 2175 1047 ;
2209 989 2270 1036 ut
2299 979 2509 1034 auxilia
2538 979 2637 1035 Dei
2680 979 2948 1048 ostendat,
2983 980 3185 1052 quibus
3215 981 3461 1039 defendit

1865 1076 1920 1124 et
1952 1076 2102 1125 tutos
2125 1077 2344 1140 praestat
2373 1083 2560 1124 servos
2589 1084 2716 1124 suos
2745 1067 2813 1123 ab
2843 1068 3186 1140 impudentia
3215 1071 3455 1127 Satanae:

1867 1165 1927 1212 ut
1985 1173 2204 1213 securos
2235 1157 2362 1212 illos
2416 1157 2580 1213 faciat
2610 1165 2663 1212 et
2719 1157 2912 1228 erigat,
2961 1173 3029 1214 ne
3078 1159 3312 1216 timeant
3339 1176 3458 1231 qua:

1866 1244 2099 1316 irrogari
2122 1253 2350 1316 possunt
2379 1261 2407 1299 a
2439 1244 2664 1316 perﬁdis
2693 1261 2704 1300 :
2737 1245 2830 1300 sed
2865 1246 2922 1301 in
2950 1248 3327 1318 persecutione
3350 1250 3457 1304 ala-

1865 1349 1983 1390 cres
2037 1334 2169 1402 sint,
2225 1333 2359 1391 certi
2417 1333 2546 1405 quia
2593 1349 2784 1389 omnes
2829 1335 2924 1406 qui
2973 1336 3031 1391 in
3062 1336 3282 1394 Christo
3315 1347 3459 1395 recte

1863 1430 2285 1490 conversantur,
2316 1421 2445 1477 odio
2501 1421 2776 1477 habentur
2830 1423 2995 1478 etiam
3029 1441 3059 1480 a
3085 1426 3329 1497 corporis
3371 1426 3458 1482 sui

1864 1511 2142 1567 membris.
2177 1511 2305 1567 Mali
2362 1521 2541 1566 autem
2574 1511 2629 1566 in
2689 1511 2929 1568 deterius
2978 1514 3291 1584 proﬁciunt,
3326 1517 3459 1572 dum

1864 1598 2054 1655 vident
2083 1601 2286 1654 multos
2318 1599 2422 1654 sibi
2453 1599 2583 1654 dare
2609 1614 2910 1667 assensum,
2942 1599 3020 1654 ita
3059 1608 3120 1656 ut
3147 1610 3374 1659 czeteros
3400 1603 3460 1658 in

1864 1703 2104 1744 errorem
2154 1688 2396 1744 mittant.
2449 1689 2592 1743 Dum
2623 1689 2770 1742 enim
2814 1687 3067 1744 sciuntur
3101 1706 3217 1746 esse
3247 1691 3377 1746 mali
3406 1699 3461 1748 et

1863 1778 2198 1851 deceptores,
2255 1788 2309 1836 et
2356 1778 2724 1834 nihilominus
2753 1777 2945 1835 ﬂorere
2973 1787 3028 1834 et
3057 1782 3363 1853 prosperari
3399 1782 3458 1838 in

151 1873 304 1946 piter
331 1873 564 1928 vivunt:
611 1871 1048 1929 misericordiam
1092 1873 1340 1942 laudant,
1370 1890 1496 1930 cum
1529 1874 1672 1930 inter
1699 1891 1754 1931 se
1786 1893 1830 1952 Β
1865 1876 2095 1944 mundo,
2149 1875 2436 1932 attrahunt
2481 1873 2770 1948 quosdam,
2820 1881 2881 1928 ut
2913 1873 3218 1930 imitatores
3265 1891 3458 1931 eorum

153 1960 357 2033 injusti
387 1960 900 2034 deprehendantur:
953 1961 1221 2017 mundum
1261 1963 1629 2034 spernendum
1656 1980 1754 2020 as-

151 2057 374 2117 serunt,
404 2056 459 2105 et
488 2064 701 2122 semper
729 2048 970 2106 accurati
1001 2050 1305 2122 procedunt
1333 2069 1346 2118 ;
1365 2051 1596 2124 jejuniis
1625 2053 1753 2108 insi-

151 2147 304 2195 stere
332 2153 389 2194 se
420 2136 692 2210 jactanter
738 2137 1056 2210 praedicant,
1107 2157 1232 2197 cum
1285 2156 1476 2196 omnes
1523 2141 1752 2212 saginati

153 2227 455 2284 videantur
487 2234 740 2294 ;tantum
781 2228 926 2300 quod
973 2235 1087 2284 arte
1129 2229 1364 2301 quadam
1394 2228 1587 2301 pallidi
1628 2246 1755 2284 cer-

152 2323 390 2384 nuntur,
421 2323 482 2372 ut
527 2315 740 2372 fallant.
774 2317 900 2374 Haec
928 2332 1054 2389 ergo
1081 2317 1377 2389 Apostolus
1419 2317 1658 2372 maxime
1688 2317 1754 2373 de

154 2404 249 2462 his
278 2405 650 2478 prophetavit,
693 2421 829 2477 quos
857 2413 1072 2462 constat
1102 2408 1477 2477 apostolorum
1509 2414 1755 2478 tempore

153 2510 270 2549 non
301 2494 492 2562 fuisse,
523 2494 668 2552 sicut
696 2511 796 2551 nec
824 2495 1096 2563 Arianos;
1154 2495 1358 2568 quippe
1386 2512 1512 2552 cum
1544 2495 1754 2554 Diocle-

153 2583 344 2638 tianus
375 2583 672 2655 imperator
701 2583 1100 2640 constitutione
1129 2599 1228 2639 sua
1247 2583 1517 2656 designet,
1543 2583 1750 2642 dicens:

154 2670 448 2728 Sordidam
506 2672 649 2730 hanc
677 2680 732 2728 et
765 2672 1040 2745 impuram
1074 2673 1346 2742 haeresim,
1400 2690 1519 2746 qua:
1557 2691 1752 2745 nuper,

153 2761 362 2833 inquit,
423 2778 636 2833 egressa
689 2770 772 2818 est
823 2760 889 2816 de
944 2762 1162 2817 Perside
1195 2762 1357 2833 (Vide
1409 2763 1620 2820 Collect.
1657 2765 1750 2834 leg.

152 2851 381 2908 Mosaic.
411 2850 752 2920 etRoman.).
782 2849 850 2905 Hi
873 2851 1167 2906 inveniunt
1188 2851 1446 2910 mulieres
1467 2867 1576 2924 prae
1603 2852 1752 2908 vani—

155 2947 274 2995 tate
304 2956 507 2995 novum
561 2939 773 3012 aliquid
803 2939 1175 2996 desiderantes
1229 2941 1442 3010 audire,
1476 2952 1531 2999 et
1562 2959 1657 3015 per
1695 2960 1757 2999 ea

154 3045 280 3102 quae
310 3028 513 3099 placita
544 3036 694 3096 sunt,
721 3027 952 3084 suadent
981 3028 1094 3084 illis
1123 3029 1262 3086 fceda
1313 3037 1366 3085 et
1397 3031 1630 3098 illicita;
1664 3050 1755 3089 cu-

155 3117 303 3189 pidae
329 3116 476 3171 enim
507 3124 634 3172 sunt
651 3116 917 3185 discendi,
937 3134 1059 3175 cum
1090 3116 1362 3189 judicium
1385 3137 1492 3176 non
1519 3120 1756 3177 habeant

1863 1960 2193 2030 efficiantur,
2255 1979 2364 2018 non
2421 1962 2599 2018 solum
2647 1960 2707 2016 in
2752 1959 2990 2031 propriis
3020 1961 3300 2018 erroribus
3347 1977 3461 2033 pu-

1865 2050 2076 2120 niendi,
2132 2069 2325 2108 verum
2358 2051 2522 2107 etiam
2570 2048 2630 2106 in
2658 2049 2879 2118 horum,
2912 2067 3049 2123 quos
3077 2052 3332 2122 exemplo
3361 2067 3460 2105 suo

1863 2140 2189 2211 deperdunt.

1939 2228 2120 2298 (Vers.
2163 2230 2248 2297 14,
2284 2230 2398 2301 15.)
2468 2254 2486 2277 ε
2512 2229 2594 2285 Tu
2624 2245 2754 2286 vero
2785 2245 3070 2301 persevera
3100 2229 3157 2285 in
3199 2228 3309 2298 his,
3341 2245 3461 2301 quae

1864 2315 2140 2386 dedicisti,
2173 2325 2224 2373 et
2253 2335 2373 2391 quae
2421 2318 2523 2374 tibi
2553 2318 2759 2376 credita
2789 2327 2937 2386 sunt,
2976 2319 3153 2376 sciens
3203 2335 3234 2373 a
3263 2319 3463 2392 quibus

1864 2405 2147 2474 didiceris,
2205 2414 2259 2462 et
2313 2407 2444 2479 quia
2495 2406 2564 2462 ab
2593 2407 2831 2463 infantia
2872 2424 3052 2464 sacras
3081 2408 3288 2464 litteras
3317 2413 3455 2469 311

1865 2503 2033 2572 nosti,
2065 2521 2184 2576 quae
2220 2510 2450 2575 possunt
2506 2511 2558 2558 te
2614 2503 2835 2559 erudire
2863 2505 2931 2560 ad
2960 2505 3212 2560 salutem.
3248 2530 3266 2552 ι
3309 2505 3464 2560 Mul-
3563 2497 3576 2512 ’

1865 2601 1980 2650 tum
2042 2592 2296 2666 prodesse
2331 2591 2604 2663 signiﬁcat
2653 2592 2867 2648 Veteris
2898 2592 3231 2649 Testamenti
3263 2593 3462 2649 habere

1867 2683 2158 2744 notitiam;
2218 2683 2362 2753 ipsas
2415 2683 2561 2737 enim
2619 2699 2799 2738 sacras
2859 2682 3070 2737 litteras
3123 2681 3280 2750 dicit,
3339 2698 3459 2753 qua:

1865 2770 2070 2830 Christi
2092 2786 2378 2842 personam
2401 2769 2709 2836 insinuant,
2732 2775 2785 2823 et
2807 2769 3237 2824 incarnationem
3260 2766 3378 2839 ejus
3393 2768 3462 2824 ad

1866 2862 2094 2918 salutem
2141 2858 2428 2914 hominum
2465 2857 2839 2914 redimendam
2869 2858 3166 2914 declarant.
3200 2859 3463 2914 Hortatur

1866 2957 2046 3004 autem
2081 2964 2228 3014 eum,
2251 2954 2312 3002 ut
2343 2946 2401 3002 in
2432 2946 2518 3002 his
2538 2945 2790 3019 proﬁciat
2815 2965 2828 3013 ;
2851 2945 3150 3018 antiquitas
3174 2947 3319 3002 enim
3345 2947 3461 3005 haec

1867 3037 2035 3094 robur
2061 3044 2141 3092 est
2173 3035 2458 3102 novitatis,
2482 3035 2662 3091 sciens
2691 3035 2821 3107 quia
2848 3051 2879 3090 a
2910 3051 3019 3108 quo
3048 3034 3264 3091 didicit
3295 3035 3455 3090 ﬁrma

1865 3135 1948 3183 est
1975 3125 2305 3190 auctoritas;
2359 3124 2515 3196 signa
2559 3123 2706 3180 enim
2759 3133 2813 3181 et
2845 3124 3095 3196 prodigia
3135 3124 3278 3180 vidit
3318 3125 3462 3180 facta

153 3205 426 3278 probandi
455 3226 466 3263 ;
501 3205 606 3263 hoc
633 3213 714 3262 est
742 3222 954 3279 semper
983 3207 1284 3277 discere,et
1313 3211 1562 3266 veritatis
1581 3211 1755 3267 scien-
1783 3245 1834 3308 Ο
1865 3233 1959 3289 per
1987 3235 2135 3282 cum,
2164 3216 2365 3288 quibus
2395 3215 2579 3271 omnis
2605 3232 2784 3271 sermo
2815 3215 3144 3272 succumbit.

157 3295 296 3351 tiam
329 3312 439 3351 non
471 3295 688 3353 habere.

237 3385 421 3455 (Vers.
456 3385 510 3452 8,
541 3386 624 3454 9.)
688 3408 706 3430 ε
737 3384 1210 3452 Quemadmodum
1259 3395 1439 3443 autem
1470 3387 1670 3444 Jannes
1703 3395 1757 3443 et

154 3468 434 3528 Mambres
463 3473 784 3528 restiterunt
843 3474 1044 3544 Moysi,
1073 3474 1150 3529 ita
1169 3473 1294 3528 ethi
1320 3474 1583 3530 resistunt
1615 3475 1754 3530 veri-

157 3561 286 3629 tati,
344 3560 594 3617 homines
622 3562 863 3633 corrupti
899 3569 1097 3630 mente,
1149 3561 1363 3634 reprobi
1393 3563 1539 3619 circa
1565 3565 1751 3622 ﬁdem.

156 3649 266 3707 Sed
297 3667 407 3706 non
442 3650 731 3722 proﬁcient
758 3651 1033 3723 amplius;
1066 3650 1374 3721 ignorantia
1394 3652 1542 3708 enim
1563 3670 1751 3710 eorum

156 3740 390 3798 evidens
411 3741 516 3796 erit
535 3741 814 3809 omnibus,
845 3741 988 3798 sicut
1005 3742 1302 3798 etillorum
1333 3742 1459 3799 fuit.
1493 3769 1511 3792 ι
1553 3745 1751 3800 Exem-

157 3832 313 3905 plum
348 3829 452 3887 hoc
489 3830 556 3887 de
583 3830 916 3903 apocryphis
944 3838 1061 3898 est;
1097 3833 1298 3887 Jannes
1325 3833 1471 3887 enim
1504 3841 1556 3888 et
1585 3835 1751 3889 Mam-

155 3921 285 3978 bres
313 3921 508 3977 fratres
535 3929 691 3976 erant
747 3920 888 3992 magi
921 3921 1006 3976 vel
1046 3921 1277 3977 veneﬁci
1338 3923 1750 3994 .IEgyptiorum,

155 4010 256 4084 qui
291 4018 405 4067 arte
435 4011 625 4083 magia:
644 4027 755 4066 sua:
787 4010 1086 4067 virtutibus
1106 4011 1226 4079 Dei,
1256 4027 1376 4084 quae
1407 4028 1502 4084 per
1525 4014 1751 4086 Moysen

154 4098 478 4171 agebantur,
537 4099 886 4156 aemulatione
953 4101 1332 4157 commentitia
1390 4103 1640 4160 resistere
1695 4123 1752 4162 se

156 4188 429 4260 putabant
461 4191 665 4258 (Exod.
699 4208 800 4258 vn,
835 4191 947 4262 11).
1001 4190 1106 4247 Sed
1155 4208 1279 4248 cum
1311 4192 1517 4265 Moysis
1573 4194 1752 4250 virtus

155 4277 218 4330 in
258 4277 517 4348 operibus
557 4287 846 4346 cresceret,
877 4279 1116 4336 humiles
1168 4281 1320 4348 facti,
1352 4283 1589 4338 confessi
1622 4291 1752 4339 sunt

155 4381 287 4422 cum
337 4364 527 4421 dolore
583 4368 876 4422 vulnerum
921 4369 1094 4424 Deum
1135 4369 1191 4424 in
1226 4370 1413 4441 Moyse
1460 4379 1748 4444 operatum

160 4454 370 4525 (Exod.
402 4471 526 4522 vrri,
561 4455 672 4525 19).
707 4455 862 4510 Unde
886 4455 1144 4511 similiter
1169 4463 1222 4511 et
1250 4456 1350 4512 hos
1375 4475 1486 4514 non
1513 4461 1750 4533 amplius

156 4543 426 4618 proficere
456 4545 513 4599 in
561 4544 841 4616 impietate
886 4544 1204 4599 assertionis
1232 4562 1343 4600 suae
1381 4547 1552 4615 dicit;
1621 4553 1748 4622 quia

156 4632 440 4706 imperitia
495 4649 684 4689 eorum
743 4635 920 4706 palam
971 4634 1065 4690 ﬁet
1094 4642 1148 4690 et
1197 4636 1481 4704 seductio;
1538 4647 1591 4694 et
1622 4639 1750 4696 licet

155 4722 346 4791 inviti,
402 4721 813 4778 conﬁtebuntur
866 4731 1049 4780 tamen
1107 4740 1260 4779 suam
1316 4725 1648 4798 imperitiam
1687 4729 1746 4784 in

153 4813 377 4871 ultimo.

232 4903 413 4974 (Vers.
437 4903 522 4971 10,
557 4903 668 4974 11).
715 4927 734 4950 ι
763 4903 843 4958 Tu
873 4919 1004 4959 vero
1031 4911 1310 4961 assecutus
1337 4919 1394 4960 es
1438 4903 1746 4961 doctrinam

155 5008 355 5060 meam,
377 4992 804 5061 institutionem,
834 4995 1198 5066 propositum,
1216 4993 1375 5050 ﬁdem
1389 5036 1403 5060 ,
1422 4995 1746 5067 longanimi-

155 5089 346 5148 tatem,
379 5080 754 5148 dilectionem,
787 5081 1132 5154 patientiam,
1163 5083 1589 5155 persecutiones,
1613 5101 1746 5156 pas-

152 5172 356 5229 siones.
381 5195 400 5219 ι
444 5171 650 5228 Eorum
684 5171 805 5228 vult
832 5187 946 5228 esse
962 5172 1245 5240 aemulum,
1272 5189 1392 5245 quae
1419 5182 1704 5230 enumerat
1728 5193 1742 5242 ;

155 5261 274 5317 hac
300 5259 447 5316 enim
491 5260 550 5316 in
589 5260 786 5318 ultimo
828 5277 939 5318 non
992 5261 1060 5317 ad
1090 5260 1490 5334 paenitentiam,
1537 5263 1631 5320 sed
1675 5263 1744 5320 ad

157 5349 406 5406 laetitiam
437 5350 748 5423 proﬁcient.

230 5439 412 5510 (Vers.
444 5440 530 5505 l2,
564 5441 676 5512 13.)
720 5463 739 5488 ε
771 5441 966 5509 Qualia
1013 5442 1152 5498 mihi
1190 5443 1332 5500 facta
1371 5452 1501 5501 sunt
1536 5444 1744 5502 Antio-

153 5528 316 5597 chiae,
347 5528 541 5597 Iconii,
572 5538 626 5585 et
662 5531 898 5602 Lystris,
934 5533 1122 5606 quales
1152 5534 1556 5606 persecutiones
1583 5535 1741 5591 susti-

227 5721 346 5793 (81)
376 5721 505 5779 Mss.
538 5722 815 5790 nonnulli,
843 5725 914 5781 ad
940 5743 1090 5783 omne
1133 5726 1322 5783 bonum
1361 5727 1666 5785 instructus.

473 5821 712 5881 ΡΑτιιοιι.
753 5822 929 5881 XVII.

1941 3307 2103 3376 (Vers
2145 3305 2231 3372 16,
2266 3305 2379 3375 17.)
2426 3330 2443 3351 ι
2465 3304 2658 3360 Omnis
2687 3303 2969 3375 Scriptura
2997 3303 3268 3360 divinitus
3292 3304 3458 3376 inspi-

1866 3401 1983 3449 rata
2013 3393 2167 3449 utilis
2198 3401 2279 3447 est
2306 3393 2374 3448 ad
2421 3391 2751 3458 doctrinam,
2811 3390 2878 3446 ad
2914 3391 3334 3461 correptionem,
3391 3391 3460 3448 ad

1866 3481 2404 3552 redintegrationem,
2463 3479 2532 3534 ad
2563 3478 3026 3549 redargutionem.
3057 3477 3125 3533 ad
3182 3477 3459 3534 eruditio-

1865 3593 2013 3644 nem,
2069 3592 2189 3648 quae
2218 3582 2298 3630 est
2331 3575 2386 3629 in
2418 3573 2535 3646 ipsa
2558 3571 2798 3644 justitia,
2831 3580 2891 3627 ut
2920 3578 3139 3644 paratus
3185 3572 3261 3626 sit
3293 3571 3457 3627 homo
3520 3619 3536 3634 ,

1863 3665 1984 3733 Dei,
2015 3664 2082 3720 ad
2111 3680 2273 3721 omne
2304 3681 2440 3736 opus
2467 3663 2676 3718 bonum
2709 3669 3122 3718 consummatus
3155 3662 3295 3733 (8|).
3322 3687 3338 3708 ι

1863 3755 2212 3812 Manifestum
2253 3762 2335 3808 est
2380 3753 2510 3826 quia
2544 3752 2724 3807 omnis
2771 3752 3065 3823 scriptura,
3117 3749 3276 3821 cujus
3314 3752 3458 3806 Deus

1862 3853 2052 3902 auctor
2081 3843 2410 3910 ostenditur,
2443 3842 2598 3898 utilis
2628 3849 2710 3897 est
2739 3859 2752 3906 ;
2787 3841 2855 3897 ad
2885 3841 2988 3898 hoc
3018 3842 3166 3896 enim
3197 3839 3321 3896 data
3354 3849 3456 3907 est,

1863 3943 1924 3988 ut
1954 3933 2202 4006 proﬁciat
2229 3930 2522 4003 imperitis,
2553 3940 2605 3986 et
2653 3931 2922 3986 instauret
2950 3929 3245 3997 deformes,
3278 3939 3459 3986 attra-

1863 4030 2000 4086 hens
2056 4029 2276 4102 iniquos
2322 4029 2389 4084 ad
2418 4027 2718 4100 justitiam,
2779 4036 2841 4084 ut
2870 4029 3037 4084 homo
3066 4029 3167 4084 Dei
3219 4030 3275 4084 in
3306 4030 3457 4083 omni

1862 4134 2021 4189 Opere
2071 4118 2213 4174 bono
2271 4117 2544 4189 perfectus
2589 4117 2698 4181 sit;
2760 4116 2817 4171 in
2850 4133 2994 4172 novo
3048 4117 3203 4172 enim
3234 4116 3458 4172 homine

1862 4208 2128 4281 gradatim
2162 4207 2473 4281 proﬁciens,
2506 4205 2799 4264 constituit
2831 4207 2989 4262 illum
3011 4205 3291 4262 hominem
3326 4207 3445 4263 Dei.

2481 4339 2709 4397 CAPUT
2740 4340 2835 4397 IV.

1934 4453 2114 4523 (Vers.
2152 4453 2201 4520 1,
2243 4451 2324 4521 2.)
2365 4474 2383 4496 ι
2413 4451 2799 4506 Testorcoram
2827 4453 2941 4506 Deo
2969 4457 3023 4506 et
3053 4451 3274 4508 Christo
3302 4451 3452 4514 Iesu,

1858 4540 1951 4614 qui
1973 4539 2329 4611 judicaturus
2357 4549 2437 4596 est
2465 4541 2620 4594 vivos
2645 4548 2699 4593 et
2731 4547 2997 4606 mortuos,
3029 4556 3124 4610 per
3152 4539 3450 4594 adventum

1859 4629 2051 4701 ipsius,
2083 4637 2136 4685 et
2173 4645 2398 4701 regnum
2428 4627 2548 4698 ejus
2579 4645 2592 4694 ;
2623 4627 2859 4699 praedica
2893 4626 3142 4690 verbum,
3177 4626 3320 4680 insta
3351 4643 3447 4698 op-

1858 4726 2114 4790 portune,
2177 4718 2530 4788 importune:
2594 4731 2776 4786 argue,
2838 4714 3080 4781 hortare,
3116 4712 3337 4783 increpa
3392 4714 3448 4766 in

1855 4806 2007 4861 omni
2068 4805 2516 4877 magnanimitate
2549 4813 2602 4859 et
2655 4802 2928 4858 doctrina.
2963 4825 2982 4850 ι
3049 4801 3180 4856 Tam
3211 4801 3448 4856 sollicite

1857 4895 2077 4950 mandat
2118 4895 2382 4950 inviolate
2414 4890 2819 4963 praedicandum
2844 4889 2941 4944 Dei
2972 4889 3202 4958 donum,
3233 4897 3294 4944 ut
3321 4907 3446 4947 cum

1855 4984 2143 5040 testatione
2192 4982 2289 5038 Dei
2340 4980 2514 5036 Patris
2542 4987 2596 5033 et
2626 4978 2831 5036 Christi
2876 4978 3004 5034 Filii
3035 4977 3152 5050 ejus
3181 4977 3286 5034 hoc
3319 4995 3448 5035 mo-

1855 5080 1980 5128 neat
2035 5070 2362 5135 curandum,
2410 5068 2836 5139 instandumque
2887 5068 2945 5123 in
2989 5084 3053 5124 eo
3111 5072 3174 5124 ut
3228 5067 3447 5124 assidua

1853 5159 2239 5234 praedicatione
2269 5167 2324 5214 et
2377 5155 2567 5214 crebra
2608 5155 2993 5228 objurgatione
3013 5173 3139 5214 cum
3187 5165 3444 5230 opportu-

1853 5249 2026 5306 nitate
2083 5254 2342 5322 provocet
2407 5245 2475 5301 ad
2527 5245 2811 5302 meliorem
2872 5247 3207 5320 prefectum:
3273 5254 3327 5301 et
3382 5252 3441 5300 ut

1853 5339 2071 5395 facilius
2099 5337 2349 5410 arguenti
2404 5335 2724 5404 assentiant,
2757 5335 2877 5393 sine
2909 5335 3278 5394 amaritudine
3335 5334 3440 5390 hoc

1851 5429 2120 5503 agendum
2154 5429 2425 5486 hortatur.

1927 5519 2108 5589 (Vers.
2145 5518 2199 5588 3,
2233 5518 2313 5590 4.)
2383 5521 2546 5576 «Erit
2591 5520 2740 5575 enim
2798 5524 3035 5589 tempus,
3085 5532 3211 5574 cum
3251 5531 3436 5572 sanam

3150 5821 3216 5879 17
