3970 6364
510 391 618 460 823

1554 373 1650 440 AD
1690 370 1924 439 OPERA
1964 373 2019 436 8.
2061 363 2393 435 AMBROSII
2423 358 2803 431 APPENDIX.

3705 348 3813 421 82L

508 522 818 583 doctrinam
867 532 980 575 non
1027 509 1418 580 sustinebunt;
1456 508 1550 566 sed
1584 507 1652 565 ad
1686 523 1785 564 sua
1831 501 2102 562 desideria
2133 504 2186 564 A
2214 497 2369 558 utilis
2396 498 2452 556 in
2503 494 2845 555 ministerio:
2898 489 3205 567 Tychicum
3254 503 3388 547 vero
3437 489 3564 547 misi
3617 490 3812 563 Epho-

511 612 802 684 magistros
828 606 936 665 sibi
957 609 1215 679 aggerent
1236 602 1378 674 (82),
1404 598 1712 673 prurientes
1733 594 1976 651 auribus:
2001 600 2054 650 et
2073 610 2099 649 a

511 683 745 759 veritate
784 694 1010 770 quidem
1055 692 1308 750 auditum
1336 694 1607 756 avertent,
1630 685 1700 742 ad
1729 683 1944 741 fabulas
1972 700 2103 739 vero

514 796 926 851 convertentur.
959 810 979 834 ι
1042 784 1116 840 Et
1174 782 1292 838 hinc
1346 778 1521 837 simili
1580 776 1746 834 modo
1818 773 2108 847 prophetia

512 891 595 940 est
645 879 822 939 sancti
874 872 1146 949 Apostoli,
1179 871 1273 946 qui
1320 869 1579 944 priescius
1622 867 1959 934 futurorum,
2005 864 2105 920 in-

510 976 769 1035 standum
816 971 876 1029 in
913 968 1166 1027 doctrina
1193 964 1429 1022 sollicite
1470 959 1757 1035 praecipit;
1789 968 1851 1016 ut
1880 955 2103 1014 formati

510 1068 569 1125 in
603 1065 713 1123 fide
741 1071 795 1120 et
820 1060 982 1118 bonis
1012 1056 1288 1130 operibus,
1324 1052 1527 1109 eruditi
1557 1051 1615 1107 in
1637 1049 1931 1122 disciplina
1949 1063 2101 1115 sana,

512 1154 726 1213 robusti
771 1155 1050 1216 maneant,
1098 1153 1159 1203 ut
1206 1153 1483 1217 postremo
1530 1150 1774 1213 tempore
1815 1156 1938 1197 cum
1969 1137 2105 1211 qui-

510 1244 636 1301 dam
667 1259 700 1299 a
743 1240 973 1297 veritate
1000 1236 1069 1293 ad
1107 1249 1346 1292 errorem
1392 1231 1643 1290 converti
1671 1228 1956 1300 eruperint,
1989 1225 2104 1280 im-

511 1333 743 1392 mobiles
805 1331 1171 1402 perseverent.
1230 1323 1386 1379 Tales
1456 1319 1607 1378 enim
1682 1320 1899 1375 futuros
1944 1315 2100 1383 dicit,

513 1423 609 1497 qui
638 1436 738 1494 pro
766 1415 1056 1476 desideriis
1105 1411 1223 1470 suis
1246 1409 1433 1467 doceri
1478 1424 1536 1464 se
1562 1404 1738 1462 velint
1764 1423 1778 1473 ;
1818 1412 1879 1461 ut
1909 1419 1943 1458 a
1977 1417 2104 1457 ma—

514 1492 700 1586 gistr—is
744 1504 1126 1566 constantibus
1173 1509 1337 1574 atque
1381 1494 1670 1554 veracibus
1716 1493 1785 1550 ad
1834 1492 1935 1549 hos
1960 1508 2105 1548 con-

514 1581 820 1666 vertantur,
888 1595 984 1669 qui
1026 1593 1144 1650 haec
1207 1590 1335 1646 illos
1395 1586 1651 1653 doceant,
1701 1599 1822 1655 quas
1872 1581 2106 1637 libenter

513 1690 781 1756 audiant;
815 1685 948 1760 quia
992 1681 1197 1739 veritas
1226 1677 1341 1735 illis
1367 1690 1558 1750 aspera
1585 1672 1886 1740 videbitur,
1917 1678 1981 1728 ut
2010 1688 2106 1729 re-

516 1780 646 1837 licta
670 1794 771 1837 sua
796 1773 1070 1841 doctrina,
1100 1768 1304 1828 fabulis
1340 1772 1557 1826 vacent.
1592 1765 1802 1822 Nolunt
1830 1761 1980 1819 enim
2009 1778 2108 1817 ar-

2212 609 2353 647 sum.
2381 612 2406 642 ››
2458 589 2594 646 Cum
2642 592 2854 645 constet
2899 587 3044 646 312
3090 598 3311 639 omnem
3375 581 3808 638 instructionem

2213 686 2318 742 viri
2348 684 2702 743 ecclesiastici
2736 682 2851 755 (84)
2898 680 2958 736 in
2987 679 3224 752 epistola
3245 679 3549 748 contineri,
3578 687 3811 752 propter

2213 777 2445 832 multam
2486 784 2671 831 tamen
2699 772 3023 830 charitatem
3055 769 3403 842 przes‘entiam
3437 768 3558 842 ejus
3590 768 3809 826 deside-

2215 877 2331 925 rat:
2365 868 2548 923 Marco
2594 871 2778 921 autem
2831 861 3041 920 idcirco
3085 860 3467 917 testimonium
3524 859 3807 933 perhibet,

2213 956 2343 1031 quia
2372 972 2581 1013 memor
2608 962 2689 1010 est
2714 951 3115 1025 praeteritorum
3144 950 3265 1023 ejus
3294 951 3567 1007 laborum.

2287 1047 2470 1118 (Vers.
2505 1043 2681 1115 13.)”
2710 1042 2972 1099 Penulam
3008 1057 3173 1114 quam
3195 1039 3395 1112 reliqui
3431 1037 3640 1094 Troade
3658 1037 3811 1111 apud

2212 1135 2469 1207 Carpum,
2532 1132 2759 1188 veniens
2795 1132 2927 1188 aifer
2975 1139 3178 1198 tecum,
3223 1138 3277 1185 et
3324 1130 3513 1196 libros,
3564 1127 3811 1184 maxime

2211 1232 2394 1281 autem
2425 1222 2768 1279 menbranas.
2796 1246 2815 1270 ιι
2870 1220 3168 1292 Apostolus
3194 1227 3391 1275 natura
3428 1219 3650 1274 Judaeus
3677 1216 3809 1284 fuit,

2211 1330 2316 1370 nec
2347 1311 2647 1386 quidquam
2669 1309 2865 1365 habuit
2894 1308 3155 1364 alienum.
3180 1307 3335 1365 Unde
3363 1324 3492 1380 ergo
3523 1307 3607 1363 illi
3636 1321 3813 1378 penu-

2212 1404 2265 1459 la
2286 1402 2314 1458 ?
2356 1400 2461 1458 Sed
2505 1399 2637 1473 quia
2665 1408 2838 1456 erata
2873 1398 3064 1467 Tarso,
3096 1414 3233 1470 quos
3274 1406 3491 1457 constat
3518 1397 3578 1453 in
3635 1393 3815 1452 socie-

2210 1500 2379 1548 tatem
2409 1493 2780 1549 Romanorum
2809 1496 3075 1560 receptos,
3121 1495 3183 1543 ut
3224 1487 3294 1544 de
3340 1496 3537 1545 caetero
3568 1484 3818 1559 appella-

2214 1588 2405 1638 rentur
2453 1578 2602 1637 cives
2648 1577 2918 1645 Romani;
2972 1576 3178 1633 idcirco
3231 1594 3449 1634 necesse
3490 1586 3574 1632 est
3614 1592 3709 1632 eos
3759 1582 3819 1630 et

2213 1670 2420 1729 curiam
2452 1669 2672 1737 habere,
2703 1667 2762 1724 in
2790 1683 2953 1739 quam
3000 1682 3151 1723 more
3178 1666 3553 1722 Romanorum
3585 1663 3819 1736 penula-

2215 1760 2258 1816 ti
2289 1759 2642 1817 conveniant.
2699 1756 3023 1828 Quicunque
3066 1754 3215 1810 enim
3261 1754 3360 1809 illo
3386 1760 3635 1826 tempore
3684 1768 3816 1809 cum

515 1869 607 1943 gui
658 1866 899 1938 maligna
934 1877 1104 1936 opera
1159 1874 1293 1915 sua:
1326 1871 1495 1929 quare
1542 1854 1678 1911 tales
1705 1852 1901 1907 volunt
1932 1850 2100 1922 magi-
2135 1867 2180 1926 Β
2215 1849 2537 1905 muneribus
2579 1845 2800 1902 obviam
2844 1844 3085 1901 exissent
3130 1842 3409 1910 Romanis,
3458 1840 3819 1898 immunitate

513 1938 678 2024 atros,
722 1953 819 2028 qui
867 1950 1113 2009 serviant
1138 1945 1386 2003 moribus
1408 1958 1599 2000 eorum
1623 1959 1637 2009 ;
1667 1939 1926 2012 pruriunt
1956 1938 2105 1994 enim

514 2061 672 2103 aures
699 2058 910 2110 eorum,
941 2046 1006 2096 ut
1035 2034 1263 2094 audiant
1291 2032 1507 2090 fabulas
1531 2030 1837 2085 vanitatum
1867 2043 2103 2098 compo-

514 2135 647 2192 sitas
657 2132 760 2189 sub
785 2129 1012 2187 nomine
1023 2124 1313 2192 doctrinae,
1335 2120 1535 2195 quibus
1555 2119 1915 2174 delectentur.
1947 2116 2107 2183 Quod

514 2222 687 2281 nullis
713 2228 827 2277 tam
855 2216 1139 2291 proprium
1171 2220 1273 2281 est,
1315 2225 1477 2283 quam
1510 2206 1846 2275 Manichaeis,
1880 2205 1977 2277 qui
1999 2221 2107 2261 ne-

512 2312 629 2370 scio
652 2327 772 2386 quae
801 2307 1007 2364 habent
1034 2305 1252 2361 diversa
1282 2306 1593 2357 commenta
1619 2295 1826 2352 inﬂatis
1853 2294 2109 2350 nomini—

514 2401 619 2457 bus
646 2383 980 2471 nuncupata;
1011 2410 1139 2453 cum
1159 2392 1272 2450 sint
1299 2406 1385 2446 res
1415 2387 1631 2444 frivolae
1658 2394 1713 2442 et
1740 2384 1990 2458 quaedam
2018 2383 2107 2441 de-

514 2490 824 2548 liramenta.

585 2581 769 2653 (Vera.
801 2578 859 2647 ὅ,
885 2575 967 2649 6.)
1015 2596 1035 2622 ι
1055 2575 1139 2631 Tu
1164 2587 1297 2629 vero
1322 2568 1539 2626 sobrius
1566 2572 1682 2623 esto
1714 2564 1856 2637 (83),
1886 2562 1945 2619 in
1982 2579 2111 2653 om-

513 2651 678 2731 nibus
723 2666 960 2740 patiens,
1007 2679 1146 2736 opus
1190 2661 1278 2719 fac
1333 2656 1704 2731 evangelista,
1738 2651 2109 2709 ministerium

513 2769 672 2819 tuum
700 2756 898 2828 exple;
930 2769 1030 2826 ego
1056 2749 1205 2808 enim
1229 2748 1345 2821 jam
1376 2746 1612 2813 delibor,
1645 2751 1699 2800 et
1717 2751 1933 2814 tempus
1952 2741 2113 2797 solu-

515 2847 689 2907 tionis
732 2860 868 2902 meaa
913 2842 1103 2900 instat.
1127 2866 1146 2891 ιι
1179 2839 1457 2896 Admonet
1481 2844 1535 2893 et
1571 2834 1823 2890 hortatur
1869 2838 1932 2888 ut
1959 2828 2113 2902 vigi-

517 2939 595 2995 let
638 2935 697 2992 in
742 2931 1041 3004 disciplina
1068 2925 1458 2991 ecclesiastica,
1502 2922 1741 2980 viriliter
1784 2927 1926 2992 agat,
1973 2919 2114 2976 Scri-

518 3034 704 3099 pturas
749 3021 1029 3093 explanet,
1075 3025 1137 3075 ut
1165 3014 1464 3089 prudentes
1500 3020 1553 3069 et
1582 3009 1786 3068 eruditi
1816 3010 2008 3065 inanes
2037 3008 2112 3065 fa-

517 3098 676 3173 bulas
739 3113 936 3169 vitent.
1010 3108 1309 3181 Apostolus
1373 3104 1522 3161 enim
1579 3101 1758 3159 sciens
1806 3098 2115 3173 passionem

2218 1948 2479 2013 perpetua
2527 1938 2737 2007 donati,
2794 1938 2944 1995 cives
2990 1934 3221 1993 Romani
3268 1941 3323 1990 et
3368 1933 3565 1989 fratres
3618 1948 3817 1988 eorum

2218 2030 2699 2104 nuncupabantur,
2746 2035 2887 2085 teste
2909 2026 3102 2083 eodem
3130 2024 3415 2097 Apostolo.
3466 2024 3653 2078 Potest
3681 2038 3815 2094 ergo

2216 2123 2359 2191 ﬁeri,
2390 2132 2452 2179 ut
2479 2122 2526 2179 si
2556 2137 2669 2177 non
2716 2134 2892 2187 suam;
2924 2118 3055 2191 quia
3112 2124 3294 2173 totum
3322 2131 3379 2172 se
3425 2112 3531 2185 legi
3562 2111 3811 2179 dederat,

2219 2213 2391 2285 patris
2419 2214 2511 2270 sui
2532 2212 2759 2269 haberet
2789 2210 3070 2283 penulam.

2291 2304 2473 2376 (Vera.
2522 2301 2608 2370 14,
2642 2302 2759 2371 15.)
2813 2323 2832 2348 ι
2862 2296 3177 2355 Alexander
3206 2293 3434 2350 aerarius
3462 2293 3637 2348 multa
3664 2291 3813 2348 mala

2218 2391 2360 2449 mihi
2384 2391 2659 2449 ostendit:
2688 2389 2878 2447 reddet
2908 2387 2994 2443 illi
3021 2385 3291 2443 Dominus
3316 2381 3615 2439 secundum
3643 2396 3816 2453 opera

2218 2496 2337 2538 sua.
2371 2481 2544 2549 Quem
2590 2490 2645 2539 et
2694 2488 2758 2536 tu
2785 2479 3013 2546 devita;
3046 2475 3208 2531 valde
3253 2472 3402 2529 enim
3440 2472 3641 2529 restitit
3685 2486 3815 2525 ver-

2218 2570 2306 2627 bis
2335 2572 2559 2628 nostris.
2585 2594 2605 2619 ι
2658 2566 2973 2625 Alexander
3006 2565 3111 2621 iste
3139 2573 3194 2621 et
3219 2565 3418 2621 Demas
3463 2559 3816 2633 supradictus

2220 2661 2442 2733 collega:
2478 2660 2725 2716 fuerunt.
2776 2657 2845 2713 Hi
2874 2656 3030 2729 prius
3078 2672 3205 2713 cum
3239 2652 3505 2725 Apostolo
3532 2656 3708 2717 erant,
3741 2647 3815 2704 si-

2220 2751 2495 2806 mulantes
2538 2748 2624 2805 illi
2650 2747 2995 2804 amicitiam:
3047 2752 3102 2801 et
3146 2744 3275 2817 quia
3303 2743 3522 2799 fallaces
3568 2749 3819 2812 tempore

2222 2842 2548 2914 probantur,
2580 2839 2742 2895 ambo
2774 2838 2843 2895 ab
2871 2854 2936 2894 eo
2956 2842 3322 2894 recesserunt.
3350 2832 3454 2888 Hic
3477 2837 3658 2887 autem
3681 2844 3819 2885 aera-

2223 2930 2360 2998 rius,
2395 2929 2490 3002 qui
2521 2927 2781 2985 audacior
2807 2934 2925 2983 erat
2953 2927 3012 2982 in
3056 2923 3235 2992 malis,
3266 2921 3348 2979 sic
3375 2920 3444 2977 ab
3472 2936 3536 2976 eo
3567 2916 3821 2982 recessit,

2225 3027 2287 3075 ut
2307 3026 2363 3074 et
2388 3017 2762 3076 contradictor
2787 3015 3083 3071 verborum
3106 3012 3225 3085 ejus
3245 3012 3527 3067 existeret.
3560 3007 3667 3075 Qui
3688 3022 3825 3079 ergo

2224 3109 2489 3180 Apostolo
2526 3123 2692 3163 ausus
2753 3110 2869 3160 erat
2917 3096 3312 3167 contradicere,
3381 3115 3494 3154 non
3535 3095 3826 3152 immerito

519 3220 674 3262 suam
706 3200 1032 3295 -ίωιῐιξῐιθιᾮ,
1074 3195 1392 3295 exemplum?!
1439 3192 1543 3295 Pi.aa
1571 3188 2011 3295 οοηῖξθΐδξξίοηίδ
2058 3195 2112 3243 et
2142 3233 2186 3295 Ο
2225 3197 2548 3254 evitandum
2581 3196 2731 3251 hunc
2756 3194 3037 3261 admonet,
3067 3191 3167 3248 Dei
3190 3189 3403 3261 judicio
3429 3187 3599 3243 istum
3633 3186 3829 3246 dimit-

518 3308 664 3353 sanaa
692 3289 958 3349 doctrinae
979 3287 1038 3345 in
1060 3292 1251 3343 sancto
1301 3280 1594 3340 Timotheo
1621 3281 1743 3335 vult
1756 3277 2071 3350 relinquere
2096 3294 2109 3344 ;

519 3391 584 3441 ut
611 3398 708 3455 per
723 3379 1003 3437 traducem
1022 3390 1308 3447 nunquam
1334 3372 1585 3429 deessent
1613 3368 1867 3427 doctores
1890 3364 2076 3424 idonei
2100 3382 2114 3432 ;

522 3473 830 3548 passionem
856 3475 1042 3526 tamen
1071 3483 1227 3524 suam
1256 3463 1651 3523 delibationem
1699 3458 1975 3532 appellat;
2006 3456 2119 3512 Deo

520 3564 671 3622 enim
695 3561 1035 3628 immolatur,
1065 3556 1159 3631 qui
1185 3571 1285 3629 pro
1309 3554 1430 3626 ejus
1462 3550 1683 3625 justitia
1711 3549 1941 3623 patitur.

597 3653 780 3724 (Vere.
801 3651 858 3715 ϐ,
889 3648 967 3720 7.)
1006 3647 1314 3704 «Certamen
1346 3643 1555 3700 bonum
1580 3640 1879 3705 decertavi,
1900 3651 2121 3693 cursum

527 3737 930 3806 consummavi,
950 3736 1113 3793 ﬁdem
1131 3732 1368 3792 servavi.
1386 3731 1546 3801 Quod
1562 3728 1839 3802 reliquum
1857 3733 2118 3796 est,repo-

529 3832 636 3890 sita
646 3836 729 3888 est
753 3827 893 3885 mihi
910 3842 1113 3884 corona
1132 3822 1386 3897 justitiaa,
1398 3836 1560 3895 quam
1577 3817 1767 3875 reddet
1785 3813 1925 3872 mihi
1940 3812 2125 3871 Domi-

529 3939 634 3980 nus
655 3919 822 3979 inilla
836 3918 925 3976 die
935 3917 1120 3989 justus
1126 3913 1319 3988 judex:
1336 3928 1447 3969 non
1468 3911 1649 3968 solum
1665 3915 1846 3965 autem
1866 3903 2127 3973 mihi,sed

530 4018 587 4068 et
605 4010 675 4066 iis
702 4007 798 4081 qui
825 4006 1066 4079 diligunt
1083 4004 1387 4060 adventum
1418 3999 1557 4073 ejus.
1582 3996 1785 4056 Omnia
1805 4012 1926 4069 quae
1949 3991 2055 4050 sibi
2075 3999 2128 4049 et

533 4098 746 4161 caeteris
761 4096 923 4154 utilia
936 4103 1119 4152 essent
1133 4101 1187 4149 et
1198 4107 1480 4165 prospera,
1491 4103 1737 4146 servasse
1758 4102 1815 4142 se
1830 4088 2096 4140 memorat
2112 4098 2125 4148 ;

535 4205 649 4248 non
677 4188 857 4245 solum
903 4183 1051 4241 enim
1085 4181 1144 4238 in
1191 4178 1396 4247 verbis,
1427 4177 1521 4235 sed
1549 4185 1603 4234 et
1634 4176 1690 4231 in
1736 4172 1992 4247 operibus
2022 4170 2129 4227 for-

539 4294 684 4336 mam
697 4291 753 4332 se
766 4270 1000 4346 praebuit
1020 4266 1464 4334 audientibus;ut
1483 4272 1536 4321 et
1557 4262 1768 4320 auctori
1784 4279 1881 4317 suo
1902 4260 2132 4317 veritate

540 4361 947 4442 praedicationis
990 4358 1170 4415 ﬁdelis
1206 4356 1552 4428 dispensator
1579 4351 1888 4420 exsisteret,
1921 4357 1976 4405 et
2002 4366 2130 4406 con-

540 4437 628 4514 tra
654 4450 852 4510 mundi
879 4448 1158 4522 principes
1185 4453 1240 4502 et
1260 4452 1550 4518 potestates
1578 4439 1732 4498 omni
1757 4437 2133 4497 sollicitudine

543 4554 600 4602 et
625 4540 824 4618 peritia
847 4539 1197 4606 colluctatus,
1220 4534 1535 4606 exemplum
1552 4528 1829 4606 quomodo
1853 4527 2137 4584 vinceren-

2225 3295 2365 3343 tens.

2301 3374 2483 3447 (Vera.
2527 3373 2639 3445 16.)
2685 3395 2704 3421 ι
2725 3373 2788 3429 In
2813 3371 2991 3444 prima
3010 3386 3131 3427 mea
3162 3366 3483 3425 defensione
3501 3381 3665 3422 nemo
3682 3364 3830 3421 mihi

2227 3464 2429 3533 adfuit,
2461 3463 2557 3521 sed
2585 3478 2775 3520 omnes
2806 3477 2894 3516 me
2923 3459 3377 3532 dereliquerunt:
3410 3471 3523 3511 non
3552 3453 3667 3511 illis
3723 3454 3830 3509 im-

2231 3560 2474 3627 putetur.
2494 3576 2514 3601 ι
2542 3553 2828 3608 Pressuras
2845 3559 2899 3606 et
2914 3547 3302 3606 tribulationes
3320 3544 3426 3603 sibi
3443 3544 3623 3601 illatas
3639 3542 3834 3599 defen-

2231 3642 2446 3699 sionem
2474 3657 2629 3698 suam
2650 3645 2930 3712 nuncupat
2954 3657 2969 3707 ;
3000 3636 3179 3710 passio
3195 3634 3345 3692 enim
3367 3629 3696 3692 Christianis
3710 3630 3837 3686 vita

2231 3740 2334 3801 est,
2385 3739 2439 3788 et
2480 3730 2789 3804 persecutio
2836 3727 3122 3785 defensio:
3175 3740 3428 3799 pressura
3473 3722 3622 3781 enim
3674 3720 3833 3777 illata

2234 3822 2572 3897 projustitia
2619 3821 2868 3879 defendit
2898 3821 3061 3876 illum
3090 3818 3151 3873 in
3173 3817 3265 3874 die
3290 3814 3514 3889 judicii,
3547 3828 3670 3869 reos
3699 3828 3835 3869 con-

2237 3915 2485 3972 stituens
2515 3913 2929 3986 perﬁdos.Inter
2957 3910 3074 3981 ipsa
3094 3924 3222 3978 ergo
3240 3905 3401 3963 initia
3423 3905 3589 3960 illatas
3618 3917 3834 3974 pressu-

2240 4019 2314 4059 rae
2360 4001 2690 4058 derelictum
2743 4016 2799 4056 se
2850 3995 3248 4069 conqueritur:
3296 4002 3352 4050 et
3396 3992 3529 4066 quia
3555 3988 3661 4047 scit
3688 3988 3837 4045 hanc

2236 4109 2355 4150 esse
2381 4089 2861 4157 consuetudinem,
2914 4103 3024 4143 non
3055 4085 3170 4141 illis
3202 4085 3321 4139 vult
3359 4080 3626 4154 imputari
3656 4098 3672 4149 ;
3703 4079 3838 4153 quia

2240 4190 2296 4239 et
2321 4180 2623 4238 Dominum
2653 4195 2685 4233 a
2733 4176 2940 4234 Iudaeis
2985 4175 3389 4248 apprehensum
3419 4170 3682 4244 discipuli
3707 4169 3835 4226 reli-

2240 4278 2517 4345 querunt;
2575 4270 2778 4343 quippe
2811 4282 2937 4323 cum
2995 4265 3260 4337 scriptum
3315 4262 3389 4319 sit
3418 4262 3477 4318 in
3526 4258 3833 4333 propheta:

2255 4388 2275 4412 ι
2294 4361 2603 4420 Percutiam
2656 4369 2950 4433 pastorem,
2984 4363 3039 4415 et
3065 4356 3450 4430 dispergentur
3476 4369 3610 4410 oves
3657 4349 3837 4424 gregis

2248 4453 2441 4524 (Zach.
2475 4467 2604 4519 xm,
2636 4450 2714 4523 7).
2737 4474 2757 4496 ι

2322 4551 2504 4624 (Vers.
2540 4550 2655 4622 17.)
2697 4573 2717 4597 ι
2745 4547 3016 4606 Dominus
3045 4553 3227 4602 autem
3256 4541 3397 4599 mihi
3426 4539 3626 4608 astitit,
3647 4546 3841 4595 etcen-

544 4644 656 4704 ωδ
702 4630 1068 4703 relinquere”
1118 4632 1181 4682 ut
1210 4623 1502 4712 invida?
1529 4621 1801 4712 doimina’
1861 4627 1914 4676 et
1945 4615 2136 4712 agon?“
2164 4598 2217 4664 Β
2247 4598 2504 4698 ἰοέῐέιξνξῖ
2529 4598 2654 4708 me];
2710 4598 2783 4696 ut
2799 4598 3444 4712 'ﬁé;'-n;"§{sdicatio
3491 4598 3841 4702 impleretur,

546 4702 1165 4796 legitimumicertamen
1208 4712 1402 4785 dignos
1444 4710 1573 4767 illos
1599 4708 1802 4764 faceret
1848 4702 2138 4772 coronari;

550 4793 682 4888 quia
710 4812 854 4867 Deus
894 4806 1079 4881 justus
1118 4803 1294 4878 judex
1339 4801 1496 4859 dabit
1534 4798 1876 4888 amplissima
1918 4793 2145 4869 praemia

553 4883 910 4975 diligentibus
958 4913 1035 4967 se,
1085 4902 1138 4952 et
1175 4890 1625 4966 exspectantibus
1677 4887 1880 4946 Filium
1916 4885 2035 4958 ejus
2078 4883 2147 4943 de

557 4991 731 5049 caelis.

634 5087 815 5162 (Vera.
843 5086 1021 5157 9-12).
1057 5106 1077 5132 ι
1106 5082 1390 5140 Sollicitus
1415 5087 1531 5137 esto
1552 5079 1741 5136 venire
1770 5077 1838 5134 ad
1858 5090 1945 5132 me
1961 5086 2148 5148 quam-

558 5179 803 5254 primum
835 5191 849 5243 ;
880 5176 1077 5231 Demus
1118 5171 1268 5228 enim
1309 5187 1396 5226 me
1431 5167 1747 5242 dereliquit,
1781 5165 2018 5238 diligens
2043 5162 2149 5219 hoc

559 5253 847 5335 saeculum,
905 5272 961 5321 et
987 5262 1128 5320 'abiit
1175 5260 1646 5328 Thessalonicam,
1676 5257 1938 5315 Crescens
1966 5254 2023 5309 in
2049 5253 2151 5309 Ga-

565 5362 774 5427 latiam,
803 5356 961 5412 Titus
976 5354 1033 5408 in
1064 5350 1416 5417 Dalmatiam,
1438 5349 1610 5405 Lucas
1634 5352 1718 5402 est
1738 5359 1953 5401 mecum
1980 5342 2149 5399 solus.

564 5452 810 5508 Marcum
849 5459 1094 5511 assume,
1145 5449 1197 5497 et
1252 5439 1431 5497 adhuc
1470 5446 1651 5494 tecum
1680 5453 1694 5502 ;
1728 5443 1810 5491 est
1838 5433 1985 5489 enim
2015 5430 2155 5488 mihi

668 5603 760 5667 82)
788 5603 949 5659 Rom.
972 5598 1128 5666 edit.,
1161 5591 1581 5667 magistrosﬂsibi
1608 5587 1978 5667 aggregqbuitt.

668 5603 735 5659 82
788 5603 949 5659 Rom.
972 5603 1128 5666 edit.,
1161 5603 1440 5667 magistros
1478 5603 1581 5646 sun
1608 5603 1978 5661 aggregaount.

644 5603 761 5753 £83)
790 5672 999 5753 Eadem
1031 5672 1190 5727 Rom.
1229 5665 1392 5731 edit.,
1429 5663 1508 5722 Tu
1538 5678 1659 5717 vero
1690 5662 1873 5733 vigila,
1905 5658 1961 5714 in
1979 5656 2159 5712 omni-

571 5742 664 5801 bus
696 5742 922 5799 viriliter
955 5757 1067 5812 age.

2252 4740 2306 4787 et
2334 4730 2590 4787 audirent
2623 4745 2814 4786 omnes
2863 4735 3070 4801 gentes.
3092 4748 3111 4773 ι
3172 4726 3400 4796 Propter
3428 4718 3577 4794 quod
3616 4717 3843 4774 Domini

2253 4820 2429 4877 nostri
2457 4818 2683 4875 auxiliis
2702 4817 2979 4873 munitum
3009 4831 3066 4870 se
3094 4812 3251 4881 dicit,
3270 4819 3324 4867 et
3359 4816 3580 4867 auctum
3614 4808 3845 4874 virtute,

2254 4918 2317 4967 ut
2363 4909 2811 4983 praedicationem
2866 4906 3120 4978 impleret
3163 4898 3223 4959 in
3250 4898 3510 4957 omnibus
3550 4895 3842 4970 gentibus:

2256 4998 2466 5057 idcirco
2500 4997 2709 5071 ignosci
2740 4996 2880 5070 petit
2927 4994 3026 5064 eis,
3057 5008 3090 5050 a
3127 4991 3328 5066 quibus
3354 4987 3651 5045 derelictus
3678 4993 3762 5041 est
3790 4985 3847 5039 in

2257 5091 2581 5148 necessitate
2610 5107 2625 5158 ;
2656 5096 2720 5145 ut
2747 5088 2886 5145 bene
2910 5092 3165 5158 acceptus
3198 5101 3229 5140 a
3253 5084 3389 5149 Deo,
3418 5075 3726 5135 vindictam
3738 5091 3850 5132 non

2259 5186 2485 5254 quaerat.
2541 5180 2656 5235 Hac
2708 5177 2859 5234 enim
2921 5190 3084 5233 causa
3112 5170 3350 5245 amplius
3376 5167 3627 5240 adjutum
3655 5182 3713 5223 se
3740 5181 3853 5222 cre-

2260 5272 2346 5328 dit
2372 5284 2403 5326 a
2432 5272 2566 5337 Deo,
2597 5267 2727 5341 quia
2753 5266 3049 5323 derelictus
3071 5270 3152 5318 est
3179 5260 3247 5317 ab
3278 5256 3619 5314 hominibus.

2336 5361 2518 5431 (Vera.
2555 5359 2668 5429 18.)
2713 5379 2731 5403 ‹
2762 5357 2835 5411 Et
2864 5355 3126 5411 liberatus
3155 5364 3276 5407 sum
3306 5348 3376 5405 de
3409 5362 3503 5404 ore
3532 5342 3733 5401 leonis.
3768 5342 3855 5400 Li-

2264 5449 2479 5508 berabit
2506 5464 2593 5504 me
2620 5443 2891 5503 Dominus
2910 5443 2975 5498 ab
3004 5439 3156 5496 omni
3171 5454 3334 5511 opere
3362 5436 3528 5504 malo,
3559 5442 3614 5490 et
3637 5432 3853 5490 salvum

2342 5589 2459 5661 (84)
2487 5589 2615 5647 Mss.
2648 5587 2878 5658 aliquot,
2900 5598 3101 5639 onmem
3130 5577 3525 5636 instructionem
3536 5570 3686 5644 juris
3710 5576 3857 5631 eccle-

2269 5661 2471 5719 siastici
2480 5703 2493 5718 .
