3970 6390
113 422 220 486 323

1185 419 1550 486 COMMENT.
1592 425 1663 484 IN
1699 421 1917 484 EPIST.
1959 423 2056 484 AD
2096 422 2333 486 TITUM.

3300 429 3407 492 826

115 553 275 609 faciet
308 553 366 608 in
401 569 626 626 regnum
657 566 816 608 suum
849 550 1096 610 cceleste:
1148 552 1236 610 cui
1265 552 1433 627 gloria
1467 552 1523 612 in
1551 561 1701 611 zeter-
1739 557 1785 616 Α
1819 551 2064 612 Priscilla
2120 552 2174 610 hi
2217 562 2364 622 sunt,
2397 551 2540 627 apud
2569 569 2704 628 quos
2745 549 3052 627 hospitatus
3081 557 3408 630 operabatur

115 661 272 709 num,
304 661 486 699 amen.
517 667 535 689 ν
581 642 852 698 Similiter
881 643 1017 699 dicit
1050 651 1103 698 et
1131 644 1323 699 Petrus
1367 648 1710 717 coapostolus

113 735 266 808 ejus:
306 735 482 803 «Quia
510 734 856 791 adversarius
888 741 1070 790 noster
1093 734 1345 791 diabolus
1361 737 1580 806 circuit,
1607 738 1709 794 fre-

113 841 269 882 mens
295 825 440 882 sicut
475 823 578 892 leo,
598 840 848 896 quaerens
869 840 1030 898 quem
1049 824 1274 880 devoret
1291 827 1500 897 (IPetr.
1516 845 1571 895 v,
1590 827 1695 892 8)..

112 914 218 971 Sed
264 915 394 988 quia.
439 915 496 970 in
535 915 809 985 ‘Apostolo
839 913 1183 970 occasionem
1214 931 1325 970 non
1372 914 1708 984 inveniebat,

112 1021 221 1077 qua
261 1003 419 1059 illum
463 1004 759 1076 deciperet,
796 1020 892 1075 per
926 1004 1072 1058 ﬁlios
1113 1020 1240 1058 suos
1274 1020 1586 1076 pressuram
1627 1004 1712 1060 illi

112 1091 396 1149 excitabat
447 1099 500 1148 et
533 1110 760 1165 poenas;
804 1102 865 1148 ut
903 1093 948 1148 si
982 1110 1095 1148 non
1125 1092 1275 1165 quasi
1311 1103 1578 1166 peccator,
1623 1096 1711 1150 vel

112 1183 272 1256 quasi
291 1181 494 1254 justus,
521 1181 588 1237 de
610 1183 712 1238 hac
742 1190 923 1238 tamen
956 1183 1240 1238 tolleretur
1266 1183 1398 1252 vita,
1419 1200 1486 1239 ne
1510 1185 1712 1241 multos

112 1271 431 1327 hortaretur
459 1270 526 1327 ad
561 1271 745 1327 ﬁdem.
780 1272 938 1339 Quod
965 1289 1092 1329 cum
1123 1289 1289 1344 prope
1318 1273 1593 1344 impleret,
1613 1273 1712 1329 Dei

113 1363 466 1434 providentia
480 1362 741 1418 liberatus
755 1364 1305 1435 Apostolus,insultat
1318 1365 1610 1433 illi,inﬁrm
1621 1381 1710 1420 um

113 1451 275 1508 illum
295 1452 747 1524 testiﬁcans,quia
762 1452 829 1508 de
845 1469 936 1508 ore
953 1452 1070 1523 ejus
1085 1461 1302 1524 ereptus
1315 1455 1550 1527 est,quia
1567 1453 1713 1526 quod

113 1544 353 1616 cupivit,
411 1545 640 1616 implere
695 1562 808 1601 non
847 1545 1046 1617 potuit.
1105 1545 1280 1617 Igitur
1333 1545 1432 1602 Dei
1486 1545 1714 1601 auxiliis

115 1637 284 1692 morti
318 1652 374 1692 se
407 1644 654 1708 ereptum
684 1636 1010 1709 gratulatur,
1042 1645 1094 1692 et
1137 1635 1204 1692 de
1235 1639 1585 1709 providentia
1614 1641 1712 1696 Dei

114 1734 488 1786 tamsecurus
515 1735 619 1794 est,
651 1733 712 1781 ut
742 1725 808 1781 de
835 1725 1037 1782 futuris
1065 1726 1464 1782 tentationibus
1493 1727 1713 1783 liberari

111 1835 173 1872 se
194 1818 408 1874 credat:
442 1825 496 1873 et
526 1834 636 1874 non
671 1820 851 1874 solum
881 1817 1102 1873 liberari
1134 1818 1202 1874 ad
1232 1835 1488 1890 praesens,
1521 1835 1713 1874 verum

1819 645 2072 700 manibus
2114 646 2254 716 (Act.
2280 662 2442 712 xvui,
2477 645 2553 716 3).
2592 644 2966 716 Onesiphorus
2992 654 3170 701 autem
3195 647 3286 704 hic
3305 656 3407 717 est,

1819 735 1908 792 cui
1933 734 2082 790 testis
2111 743 2191 789 est
2217 733 2275 788 in
2297 732 2534 789 secunda
2555 733 2784 805 epistola
2815 735 2903 805 (ΙΙ
2928 735 3060 791 Tim.
3083 737 3410 807 1,16).Quid

1819 833 1901 880 est
1945 832 2147 892 tamen,
2199 833 2259 880 ut
2289 832 2554 896 praesente
2582 825 2864 896 Apostolo,
2895 823 2992 898 qui
3027 834 3272 882 mortuos
3303 842 3412 882 ex.-

1819 913 2043 980 citabat,
2077 912 2409 984 Trophiinus
2437 913 2809 970 inﬁrmaretur
2829 914 2856 969 ?
2877 914 2982 970 Sed
3009 914 3164 987 signa
3194 922 3412 986 propter

1822 1002 2134 1059 incredulos
2185 1003 2327 1060 facta
2379 1010 2552 1060 sunt:
2589 1011 2642 1060 et
2684 1004 2812 1077 quia
2853 1021 2923 1060 ex
2971 1003 3206 1062 diversis
3235 1005 3413 1062 causis

1822 1092 2081 1148 meritum
2111 1093 2412 1149 collocatur
2439 1093 2583 1165 apud
2611 1096 2784 1150 Deum
2811 1112 2824 1160 ;
2862 1101 2923 1150 ut
2951 1094 3067 1150 sive
3097 1093 3155 1150 in
3185 1094 3410 1150 tribula-

1822 1183 1992 1252 tione,
2025 1184 2142 1240 sive
2174 1184 2232 1240 in
2261 1184 2608 1256 aegritudine,
2641 1183 2737 1256 qui
2774 1186 2888 1240 Deo
2917 1184 3116 1256 gratias
3151 1185 3280 1257 agit,
3314 1201 3416 1242 nec

1821 1274 1890 1332 ad
1935 1274 2162 1331 adversa
2212 1284 2363 1348 parte
2415 1275 2735 1346 suffragium
2795 1275 3010 1348 quaerit,
3063 1285 3126 1332 ut
3165 1275 3414 1347 proﬁciat

1823 1363 2034 1419 meritis
2060 1363 2206 1435 apud
2235 1365 2431 1419 Deum.
2457 1364 2686 1434 Propter
2707 1363 2908 1420 imbres
2927 1371 3108 1420 autem
3129 1371 3182 1419 et
3213 1365 3416 1437 frigora

1823 1452 2187 1519 commonuit,
2220 1459 2280 1506 ut
2309 1459 2575 1508 autumno
2601 1451 2669 1508 ad
2691 1468 2747 1508 se
2777 1453 3010 1508 veniret.
3057 1476 3076 1499 ι
3105 1452 3314 1509 Salutat
3361 1459 3414 1506 te

1822 1540 2070 1597 Eubolus
2092 1550 2147 1597 et
2176 1542 2410 1610 Pudens,
2446 1542 2615 1599 Linus
2643 1551 2697 1598 et
2725 1542 2974 1610 Claudia,
3004 1551 3058 1598 et
3091 1557 3280 1598 omnes
3312 1540 3415 1596 fra-

1823 1638 1951 1686 tres.
1976 1654 1993 1678 ι
2037 1631 2185 1688 More
2227 1640 2488 1688 consueto
2517 1633 2788 1706 completa
2836 1632 3175 1705 estepistola
3202 1631 3417 1688 saluta-

1827 1717 1972 1774 tione
2003 1720 2254 1776 fratrum.

1898 1827 1923 1859 «
1954 1809 2226 1865 Dominus
2252 1810 2406 1866 Jesus
2433 1808 2684 1867 Christus
2713 1829 2838 1870 cum
2870 1811 3070 1886 spiritu
3098 1817 3194 1867 tuo
3225 1808 3365 1882 (85).
3383 1835 3400 1855 ι

112 1903 285 1960 etiam
317 1907 532 1962 salvum
563 1923 620 1962 se
649 1907 897 1963 futurum
949 1907 1008 1962 in
1039 1906 1129 1963 die
1162 1906 1386 1978 judicii,
1415 1915 1468 1963 et
1516 1924 1716 1979 regna—
1755 1920 1802 1980 Β
1829 1907 2334 1981 Ηωο,ειώεοτὶριίο
2380 1912 2631 1982 Apostoli
2687 1921 2790 1977 est,
2837 1911 2983 1984 quod
3037 1912 3254 1984 signum
3304 1926 3418 1967 esse

113 2002 309 2049 turum
338 2012 466 2052 cum
496 1995 736 2052 Domino
770 1995 991 2053 Christo
1017 1996 1076 2052 in
1105 2005 1310 2052 aeterna
1338 1998 1554 2052 smcula.

191 2082 377 2153 (Vers.
413 2083 500 2151 19,
537 2083 623 2152 20,
659 2084 774 2154 21.)
819 2109 837 2130 ι
867 2084 1054 2140 Saluta
1100 2084 1428 2148 Priscillam,
1465 2091 1518 2139 et
1549 2082 1717 2156 Aqui-

112 2175 249 2243 lam,
292 2185 347 2232 et
394 2177 725 2248 Onesiphori
776 2177 1023 2232 domum.
1057 2177 1282 2232 Erastus
1312 2173 1572 2233 remansit
1602 2179 1716 2234 Co-

111 2263 294 2321 rinthi
320 2282 332 2320 :
367 2264 729 2336 Trophimum
760 2275 940 2321 autem
970 2265 1167 2338 reliqui
1206 2266 1488 2321 inﬁrmum
1519 2266 1713 2323 Mileti.

111 2352 413 2415 Sollicitus.
463 2363 580 2410 esto
625 2364 752 2411 ante
801 2354 1038 2410 hiemem
1096 2354 1305 2411 venire.
1337 2380 1354 2402 ι
1397 2357 1603 2428 Aquila
1664 2365 1718 2412 et

1824 1993 1962 2050 dicit
1982 1995 2038 2050 in
2069 1996 2220 2052 omni
2246 1998 2495 2069 epistola.
2515 2001 2586 2054 Et
2615 2000 2743 2071 quia
2771 2000 2946 2056 Filius
2972 2001 3072 2058 Dei
3095 1999 3239 2056 idem
3269 1998 3419 2054 ﬁlius

1825 2088 2069 2145 hominis
2099 2099 2198 2158 est,
2231 2098 2285 2146 et
2304 2091 2458 2147 Iesus
2479 2093 2686 2148 dicitur
2713 2103 2765 2149 et
2787 2093 3070 2150 Christus:
3101 2098 3164 2148 ut
3183 2100 3236 2149 et
3253 2091 3419 2148 homo

1827 2177 2171 2249 signiﬁcetur
2199 2186 2254 2234 et
2279 2182 2446 2248 Deus,
2469 2181 2686 2238 duobus
2715 2182 3034 2238 nominibus
3050 2189 3417 2254 nuncupatur.

1827 2268 2067 2340 Utroque
2091 2276 2275 2325 tamen
2304 2271 2530 2327 nomine
2562 2272 2803 2346 dignitas
2839 2273 3177 2347 designatur,
3204 2289 3312 2347 qua
3341 2289 3421 2330 ra-

1825 2357 1975 2412 tione
2007 2367 2135 2415 sunt
2162 2358 2340 2430 posita
2358 2359 2603 2418 nomina.

193 2487 312 2561 (85)
367 2487 525 2546 Rom.
575 2489 732 2558 edit.,
764 2505 878 2544 cum
909 2489 1102 2561 spiritu
1131 2495 1238 2546 tuo.
1287 2491 1478 2546 Gratia
1523 2491 1804 2559 vobiscum,
1835 2505 2006 2546 amen.

505 2807 640 2891 IN
732 2805 1504 2892 EPISTOLAM
1601 2810 1718 2895 D.

646 3117 733 3176 31
747 3119 792 3176 3
819 3111 1201 3171 PROLOGUS.

1825 2808 2227 2894 PAULI
2313 2811 2481 2894 AD
2571 2811 3035 2899 TITUM.

1826 3119 1984 3184 cepto
2029 3112 2176 3170 dono
2217 3114 2432 3186 paciﬁci
2457 3114 2594 3172 ﬁant
2641 3131 2768 3173 cum
2825 3117 2938 3174 Deo
2966 3125 3019 3174 et
3047 3117 3240 3187 Patre;
3289 3119 3420 3193 quia

190 3211 383 3268 Titum
413 3213 710 3285 Apostolus
741 3214 947 3271 creavit
975 3213 1290 3286 episcopum
1325 3211 1440 3284 (86)
1468 3228 1480 3278 ;
1514 3218 1567 3266 et
1599 3209 1720 3267 ideo
1753 3234 1796 3294 ο
1827 3203 2012 3260 omnia
2063 3221 2130 3294 ex
2175 3205 2292 3277 ipso
2325 3213 2474 3274 sunt,
2502 3213 2557 3261 et
2594 3204 2814 3263 Christo
2842 3207 2968 3263 Iesu
2998 3207 3277 3265 Salvatore
3306 3225 3418 3265 no-

117 3311 448 3372 commonet
486 3317 634 3372 eum,
697 3310 760 3359 ut
803 3304 874 3360 sit
930 3303 1201 3359 sollicitus
1254 3301 1310 3357 in
1350 3301 1722 3357 ecclesiastica

121 3390 474 3447 ordinatione
508 3409 519 3446 :
572 3390 629 3447 id
668 3401 768 3460 est,
814 3391 880 3448 ad
918 3391 1181 3464 quosdam
1221 3390 1316 3462 qui
1368 3389 1719 3445 simulatione

118 3481 361 3554 quadam
414 3479 610 3552 dignos
639 3495 694 3536 se
721 3487 1016 3546 ostentant,
1048 3486 1109 3534 ut
1137 3480 1427 3534 sublimem
1469 3476 1718 3533 ordinem

120 3577 398 3636 teneant;
447 3569 722 3641 simulque
758 3577 811 3625 et
858 3567 1141 3625 haereticos
1187 3584 1255 3622 ex
1302 3565 1720 3624 circumcisione

118 3657 524 3730 corripiendos.

647 3798 874 3857 CAPUT
911 3798 1203 3856 PRIMUM.

197 3930 379 4001 (Vers.
417 3927 552 4001 1-4.)
599 3953 616 3975 ι
648 3929 848 3985 Paulus
872 3945 1064 3986 servus
1091 3927 1210 3996 Dei,
1234 3921 1511 3998 apostolus
1537 3931 1717 3980 autem

114 4022 251 4077 Jesu
309 4019 514 4076 Christi
572 4018 872 4075 secundum
930 4018 1094 4073 fidem
1146 4018 1444 4072 electorum
1489 4014 1609 4083 Dei,
1667 4022 1719 4071 et

114 4109 462 4184 agnitionem
494 4109 744 4166 veritatis
791 4107 928 4179 ejus,
965 4125 1083 4180 quae
1122 4104 1420 4163 secundum
1461 4104 1719 4176 pietatem

111 4209 200 4259 est
231 4200 290 4255 in
319 4215 469 4271 spem
499 4199 627 4254 vitae
657 4206 872 4253 aeternae
903 4213 1064 4270 quam
1099 4195 1350 4268 promisit
1377 4197 1521 4250 Deus
1551 4211 1718 4249 verax

110 4299 247 4348 ante
294 4297 540 4360 tempora
587 4288 912 4344 saecularia:
946 4287 1320 4343 manifestavit
1350 4294 1530 4340 autem
1571 4293 1720 4340 tem-

111 4378 349 4454 poribus
395 4377 508 4432 suis
549 4377 606 4432 in
641 4376 1029 4447 praedicatione
1080 4375 1309 4430 verbum
1349 4391 1530 4441 suum,
1573 4374 1719 4447 quod

111 4467 394 4526 creditum
443 4473 525 4521 est
579 4465 738 4532 mihi,
771 4464 1072 4520 secundum
1106 4471 1436 4535 praeceptum
1461 4464 1719 4518 Salvato-

113 4557 197 4613 ris
243 4554 419 4612 nostri
448 4553 545 4609 Dei
576 4571 588 4609 :
623 4553 747 4607 Tito
779 4567 1036 4624 germano
1082 4551 1199 4606 ﬁlio
1228 4551 1525 4606 secundum
1559 4568 1719 4606 com-

113 4661 346 4702 munem
378 4643 566 4699 ﬁdem.
598 4641 786 4698 Gratia
812 4648 865 4696 et
894 4656 1000 4711 pax
1029 4656 1061 4696 a
1089 4642 1203 4696 Deo
1242 4641 1419 4708 Patre,
1451 4649 1503 4695 et
1532 4641 1716 4696 Domi-

115 4753 194 4793 no
225 4736 351 4791 Jesu
373 4733 592 4790 Christo
623 4731 904 4787 Salvatore
920 4736 1128 4785 nostro.
1151 4755 1170 4778 ι
1198 4731 1488 4785 Decretum
1508 4730 1713 4785 donum

113 4843 150 4882 a
193 4827 328 4891 Deo,
361 4821 508 4896 quod
555 4828 681 4877 ante
709 4820 908 4876 saecula
953 4818 1299 4890 promiserat,
1330 4826 1574 4890 tempore
1604 4820 1715 4875 Sal-

114 4913 330 4971 vatoris
379 4912 436 4967 in
466 4910 854 4984 praedicatione
883 4909 1255 4981 apostolorum
1304 4908 1714 4964 manifestatum

114 5003 404 5068 declarat;
452 5000 532 5057 sic
577 5000 728 5058 enim
777 4998 1122 5072 promiserat.
1179 4997 1338 5065 Quod
1393 4997 1556 5052 etiam
1609 4998 1715 5055 sibi

113 5094 394 5153 creditum
416 5091 574 5157 dicit,
605 5100 668 5148 ut
705 5090 959 5163 gentibus
997 5089 1300 5145 insinuaret
1353 5088 1717 5161 praedestina-

117 5194 235 5242 tam
266 5182 700 5239 misericordiam
731 5182 863 5248 Dei;
885 5188 948 5236 ut
971 5187 1026 5236 et
1051 5180 1206 5236 Titus
1227 5195 1391 5236 verus
1407 5179 1525 5252 ejus
1546 5180 1712 5249 ﬁlius,

120 5277 181 5332 id
210 5283 312 5342 est,
343 5273 646 5331 secundum
675 5272 1037 5344 Evangelium
1064 5271 1194 5343 (hoc
1225 5279 1306 5328 est
1333 5272 1478 5327 enim
1500 5289 1713 5340 verum,

114 5366 268 5440 quod
299 5374 562 5421 aeternum
594 5364 698 5435 est)
724 5362 864 5419 hanc
890 5362 990 5418 Dei
1030 5362 1369 5417 voluntatem
1399 5369 1453 5417 et
1484 5363 1715 5419 sollicite

116 5455 428 5528 suspiciens
455 5453 774 5527 praedicaret
803 5453 1032 5526 gratiam
1061 5451 1160 5509 Dei
1188 5459 1241 5506 et
1271 5467 1477 5523 pacem,
1526 5459 1588 5508 ut
1616 5468 1718 5507 ac-

197 5583 317 5654 (86)
351 5579 487 5636 Cum
510 5577 626 5654 hinc
657 5577 712 5632 in
743 5578 1028 5654 epistolam
1060 5576 1126 5631 ad
1158 5576 1718 5654 Titum_commenta-

118 5649 215 5709 ria‘
253 5649 310 5708 in
361 5668 490 5706 mss.
544 5651 726 5721 priora
755 5653 864 5722 sint
893 5649 1301 5722 commentariis
1344 5649 1408 5722 in
1432 5657 1718 5722 utramque

119 5726 191 5782 ad
233 5723 611 5790 Timotheum,
659 5721 825 5777 semel
875 5721 1280 5777 admonendum
1322 5721 1539 5777 videtur
1584 5721 1719 5777 alias

119 5813 340 5871 quoque
370 5811 484 5853 non
512 5793 726 5863 eodem,
745 5808 852 5866 quo
876 5792 936 5849 in
965 5792 1182 5861 Bibliis,
1208 5791 1402 5850 ordine
1431 5793 1713 5854 collocari.

1747 4605 1796 4664 D

1828 3302 1962 3361 stro,
1996 3293 2125 3365 quia
2154 3302 2207 3348 et
2240 3294 2355 3366 ipse
2385 3295 2642 3352 liberavit
2673 3311 2772 3351 nos
2801 3311 2833 3350 a
2865 3303 3059 3351 morte.

1901 3383 2084 3454 (Vers.
2113 3385 2302 3455 ὅου.)
2347 3411 2364 3432 ι
2396 3385 2572 3457 Hujus
2601 3385 2678 3442 rei
2709 3385 2882 3456 gratia
2911 3385 3110 3457 reliqui
3139 3394 3192 3442 te
3227 3388 3424 3455 Creta,

1827 3482 1891 3529 ut
1919 3489 1982 3529 ea
2009 3488 2130 3544 quae
2157 3473 2378 3542 desunt,
2402 3475 2660 3545 corrigas,
2681 3481 2735 3530 et
2763 3474 3065 3531 constituas
3093 3489 3189 3546 per
3216 3477 3424 3533 civita-

1829 3569 1908 3618 tes
1954 3562 2322 3634 presbyteros,
2366 3563 2510 3618 sicut
2539 3571 2594 3618 et
2639 3580 2738 3635 ego
2788 3563 2891 3619 tibi
2918 3563 3184 3637 disposui.
3213 3565 3270 3621 Si
3300 3568 3425 3640 quis

1829 3660 1910 3706 est
1951 3651 2069 3706 sine
2106 3651 2358 3719 crimine,
2397 3651 2564 3707 unius
2612 3652 2862 3708 mulieris
2892 3653 2999 3721 vir,
3034 3652 3180 3710 ﬁlios
3219 3654 3423 3711 habens

1827 3739 2036 3809 ﬁdeles,
2078 3756 2191 3798 non
2240 3739 2297 3795 in
2346 3741 2692 3797 accusatione
2735 3741 2993 3810 luxuriae,
3043 3749 3138 3798 aut
3193 3742 3424 3800 inobse-

1827 3837 2074 3901 quentes.
2131 3830 2358 3902 Oportet
2413 3831 2562 3886 enim
2627 3829 2945 3903 episcopum
3010 3831 3132 3888 sine
3191 3833 3424 3890 crimine

1827 3935 1963 3986 esse,
1994 3919 2136 3976 sicut
2166 3921 2266 3976 Dei
2293 3920 2757 3992 dispensatorem:
2791 3938 2902 3978 non
2937 3930 3276 3994 protervum,
3312 3941 3423 3981 non

1827 4008 2175 4078 iracundum,
2210 4027 2321 4066 non
2377 4011 2511 4067 vino
2566 4011 2841 4080 deditum,
2885 4027 2995 4068 non
3025 4024 3422 4084 percussorem,

1828 4115 1939 4155 non
1994 4100 2178 4172 turpia
2249 4101 2402 4157 lucra
2463 4110 2853 4174 appetentem:
2924 4103 3016 4159 sed
3072 4103 3421 4176 hospitalem,

1825 4188 2146 4261 benignum,
2179 4190 2524 4262 prudentem,
2550 4191 2785 4263 justum,
2810 4201 3084 4258 sanctum,
3126 4193 3426 4250 continen-

1827 4287 1961 4345 tem,
2002 4289 2244 4336 tenacem
2272 4280 2389 4352 ejus
2428 4283 2716 4350 sermonis,
2745 4282 2839 4355 qui
2871 4282 3173 4339 secundum
3206 4283 3426 4340 doctri-

1827 4384 1955 4424 nam
1985 4369 2164 4426 ﬁdelis
2195 4378 2304 4436 est;
2338 4381 2401 4428 ut
2429 4381 2620 4443 potens
2669 4371 2742 4428 sit
2771 4371 3055 4428 exhortari
3087 4373 3144 4428 in
3174 4372 3426 4428 doctrina

1828 4475 1980 4527 sana,
2047 4467 2101 4514 et
2179 4459 2619 4517 contradicentes
2696 4461 2995 4518 revincere.
3075 4461 3216 4518 Sunt
3275 4463 3423 4517 enim

1827 4548 1990 4604 multi
2048 4565 2160 4605 non
2223 4549 2562 4617 obedientes,
2625 4549 2910 4622 vaniloqui
2973 4560 3028 4606 et
3088 4550 3421 4619 seductores,

1827 4639 2066 4695 maxime
2099 4640 2136 4694 ii
2163 4640 2258 4712 qui
2289 4648 2420 4696 sunt
2449 4657 2518 4697 ex
2549 4639 2993 4704 circumcisione,
3040 4655 3178 4710 quos
3209 4645 3422 4709 oportet

1824 4728 2080 4800 redargui
2105 4748 2118 4786 :
2142 4731 2236 4802 qui
2254 4731 2542 4786 universas
2572 4729 2763 4785 domos
2795 4729 3146 4794 subvertunt,
3167 4727 3422 4784 docentes

1824 4833 1945 4888 qua
1993 4835 2105 4875 non
2158 4827 2376 4892 oportet
2429 4819 2606 4890 turpis
2657 4818 2798 4873 lucri
2855 4816 3043 4888 gratia.
3076 4840 3094 4863 ι
3135 4816 3424 4873 Manifesta

1823 4915 1974 4976 sunt,
2003 4925 2124 4980 quas
2176 4910 2316 4966 lecta
2358 4917 2523 4974 sunt;
2557 4907 2872 4979 episcopum
2915 4903 3061 4959 enim
3092 4911 3146 4959 et
3171 4912 3422 4960 sanctum

1825 4996 1884 5054 in
1939 5001 2217 5072 operibus,
2268 5006 2322 5054 et
2369 4997 2554 5053 verbis
2599 4995 2922 5069 prudentem
2963 4994 3210 5051 ordinari
3255 4996 3420 5064 vult;

1825 5101 1888 5149 ut
1940 5101 1994 5150 et
2035 5094 2232 5150 fratres
2278 5090 2563 5148 exhortari
2619 5089 2812 5162 possit,
2873 5094 2928 5146 et
2984 5085 3424 5146 contradicentes

1823 5185 2172 5251 convincere,
2227 5181 2468 5239 maxime
2504 5198 2595 5237 eos
2618 5181 2713 5253 qui
2751 5185 2906 5237 erant
2939 5197 3008 5238 ex
3052 5180 3273 5248 Iudaeis,
3326 5180 3423 5252 qui

1824 5275 1928 5330 sub
1976 5274 2201 5328 nomine
2247 5271 2454 5330 Christi
2492 5270 2772 5344 judaizare
2820 5267 3089 5327 docebant
3117 5269 3323 5342 (Galat.
3357 5283 3420 5336 ιι,

1824 5362 1908 5435 4),
1937 5377 2073 5434 quos
2123 5361 2255 5417 alibi
2311 5361 2478 5418 falsos
2511 5360 2705 5417 fratres
2732 5361 2986 5433 appellat.
3031 5358 3224 5416 Benati
3272 5355 3420 5413 enim

1825 5451 1885 5506 in
1941 5451 2182 5519 Christo,
2242 5467 2356 5507 non
2414 5450 2538 5522 puri
2597 5459 2753 5507 erant
2807 5446 3150 5513 Christiani;
3221 5445 3420 5519 partim

1824 5569 1957 5633 Nam
1991 5585 2110 5648 post
2141 5577 2425 5648 epistolam
2458 5575 2523 5632 ad
2555 5574 2936 5648 Philippenses
2965 5579 3270 5648 sequuntur
3295 5563 3418 5625 dum

1828 5650 1897 5704 ad
1929 5642 2462 5724 Tliessalonicenses,
2488 5642 2784 5724 deinde—ea
2813 5662 2934 5717 qua
2955 5643 3023 5698 ad
3040 5642 3418 5724 lColossenses,

1825 5737 1889 5779 ac
1943 5722 2172 5795 demum,
2213 5737 2334 5795 quas
2361 5713 2458 5795 ad
2487 5713 2913 5795 Titum.__Quem
2961 5713 3214 5773 ordinem
3252 5713 3419 5770 etiam

1826 5802 2114 5853 servarunt
2143 5789 2443 5852 Pri-masius
2471 5799 2526 5851 et
2556 5789 2832 5852 Sedulius.
