3970 6372
567 426 673 483 527

1562 422 1660 477 AD
1691 419 1924 478 OPERA
1963 416 2018 476 S.
2063 415 2396 477 AMBROSII
2431 414 2813 475 APPENDIX.

3774 411 3884 472 528

568 562 715 605 emm
768 546 963 619 legem,
1015 545 1216 620 partim
1269 544 1549 603 Christum
1579 543 1829 600 venerari
1872 543 2158 602 volebant.
2189 547 2239 607 Α
2274 551 2388 599 tam
2415 544 2795 609 irreverentes,
2827 549 2882 599 et
2908 540 3237 611 diﬁidentes,
3269 550 3323 599 et
3350 541 3618 599 cervicosi
3651 542 3891 598 inventi

567 640 682 696 Hos
721 636 878 707 dicit,
934 636 1031 711 qui
1082 638 1275 695 domos
1304 635 1695 694 subvertebant
1723 651 1893 708 prava
1920 635 2025 691 ista
2052 635 2166 692 do-

568 729 766 788 ctrina.
807 728 1031 801 Duplici
1082 729 1232 785 enim
1275 744 1468 800 genere
1504 727 1757 799 turpibus
1789 725 1959 783 lucris
1983 726 2165 785 stude-

570 820 739 878 bant:
794 820 925 893 quia
972 819 1096 876 ideo
1142 820 1260 876 haec
1297 818 1470 891 magis
1502 817 1752 889 agebant,
1802 824 1864 873 ut
1889 818 2167 890 placerent

570 910 794 977 Iudaeis,
844 926 876 966 a
917 907 1117 982 quibus
1146 916 1396 979 sumptus
1422 907 1730 978 sperabant,
1786 913 1848 962 ut
1877 906 2166 978 pecuniam

573 999 963 1055 lucrifacerent
983 1006 1037 1053 et
1065 996 1418 1069 praeputium.
1437 996 1507 1051 Hi
1526 1003 1682 1052 erant
1700 1003 1939 1069 quastus
1954 1012 2164 1066 eorum,

574 1090 718 1147 sicut
746 1088 1017 1145 Dominus
1069 1086 1206 1143 dicit
1241 1084 1477 1142 Iudaeis:
1525 1110 1543 1133 ι
1572 1087 1885 1143 Ambulatis
1924 1102 2073 1142 mare
2114 1095 2168 1143 et

573 1180 803 1246 aridam,
823 1186 885 1234 ut
905 1177 1116 1235 faciatis
1147 1193 1317 1234 unum
1341 1179 1678 1250 proselytum
1705 1179 1897 1250 (Matth
1938 1196 1976 1247 ι,
2003 1195 2165 1247 xxur,

577 1270 689 1339 15).
722 1292 741 1315 ι
784 1268 913 1324 Haec
940 1264 1050 1323 duo
1081 1267 1261 1340 turpia
1287 1268 1441 1324 lucra
1474 1268 1714 1340 appellat
1740 1285 1753 1335 ;
1788 1268 1917 1340 quia
1944 1270 2039 1340 qui
2068 1268 2170 1325 sub

574 1359 799 1415 nomine
853 1357 950 1415 Dei
988 1357 1167 1425 docet,
1214 1365 1267 1413 et
1313 1374 1425 1413 non
1482 1356 1795 1413 devotionis
1845 1374 2027 1425 causa,
2076 1356 2171 1413 sed

576 1456 835 1522 quaestus,
866 1447 1046 1520 turpis
1084 1446 1225 1503 lucri
1255 1454 1503 1519 captator
1540 1454 1658 1502 est:
1709 1445 1967 1502 similiter
1995 1453 2048 1502 et
2076 1445 2172 1518 qui

577 1554 673 1611 per
716 1535 1193 1593 circumcisionem
1224 1535 1463 1608 aliquem
1501 1537 1625 1592 vult
1659 1537 1960 1609 acquirere.
2019 1536 2173 1592 Unde

577 1627 710 1685 alibi
738 1627 853 1683 ait:
908 1649 929 1674 ι
973 1627 1047 1683 Et
1075 1626 1247 1699 gloria
1296 1626 1353 1681 in
1383 1625 1655 1697 pudendis
1683 1642 1874 1683 eorum
1911 1625 2170 1699 (Philipp.

576 1735 661 1786 ιιι,
695 1716 807 1788 19).
838 1740 859 1763 ι

650 1826 833 1898 (Vers.
869 1823 1096 1897 12,13.)
1139 1847 1158 1871 ι
1185 1821 1344 1880 Dixit
1389 1823 1613 1897 quidam
1661 1841 1730 1880 ex
1760 1823 1895 1897 ipsis
1924 1821 2179 1897 proprius

2273 643 2422 703 sunt,
2453 634 2585 690 talia
2613 651 2676 691 ac
2727 641 2881 690 tanta
2909 640 3234 705 acceperunt
3273 632 3547 702 mandata,
3581 632 3640 690 in
3673 631 3891 706 quibus

2272 727 2541 798 respirare
2588 742 2700 782 non
2742 733 2982 798 possent.
3011 724 3154 783 Hinc
3181 725 3386 789 factum
3415 733 3517 792 est,
3561 733 3623 781 ut
3654 733 3718 782 et
3749 723 3890 781 boni

2276 815 2585 871 laborarent
2630 831 2756 871 cum
2796 815 2977 884 malis,
3034 816 3312 887 accepturi
3369 815 3703 873 mercedem.
3762 815 3891 869 Haec

2275 920 2403 976 ergo
2454 922 2553 977 pro
2598 904 2849 962 vindicta
2900 906 3028 962 data
3068 912 3217 974 sunt,
3251 906 3329 961 ita
3373 913 3435 961 ut
3475 913 3734 978 tempore
3781 922 3891 977 quo

2275 993 2608 1065 promissum
2664 994 2890 1051 advenit
2936 993 3145 1050 donum
3186 993 3308 1061 Dei,
3354 992 3753 1055 misericordia
3792 995 3893 1050 Dei

2277 1083 2548 1138 relaxaret
2585 1084 2791 1152 omnia,
2820 1100 2939 1158 qua:
2970 1083 3125 1156 prius
3152 1082 3539 1140 interdixerat.
3568 1082 3738 1150 Quod
3782 1099 3893 1138 non

2277 1171 2649 1245 intelligentes
2688 1173 2888 1241 Judaei,
2928 1172 3029 1229 sub
3066 1170 3202 1245 jugo
3244 1180 3584 1246 permanent,
3620 1180 3679 1227 et
3737 1188 3889 1245 quo-

2278 1260 2532 1316 rumdam
2585 1261 2896 1318 libertatem
2943 1260 3030 1316 his
3070 1262 3267 1319 volunt
3320 1262 3563 1319 vinculis
3593 1262 3889 1335 obligare;

2279 1342 2512 1416 ideoque
2541 1344 2642 1400 hos
2682 1345 3051 1418 objurgandos
3094 1345 3374 1412 admonet,
3405 1355 3466 1403 ut
3510 1346 3577 1402 ab
3610 1346 3706 1403 his
3739 1362 3894 1403 aver-

2280 1440 2471 1490 tantur
2483 1476 2495 1489 .

2357 1522 2539 1595 (Vers.
2576 1523 2689 1597 15.)
2734 1548 2753 1571 ι
2776 1524 2974 1581 Omnia
3011 1524 3237 1597 quidem
3266 1524 3473 1583 munda
3500 1524 3768 1582 mundis:
3814 1524 3896 1580 his

2284 1627 2415 1667 vero
2443 1614 2538 1685 qui
2585 1614 2944 1670 contaminati
2978 1622 3108 1670 sunt
3134 1623 3189 1671 et
3216 1614 3334 1671 sine
3362 1614 3492 1683 ﬁde,
3542 1614 3691 1671 nihil
3737 1631 3895 1669 mun-

2286 1700 2439 1770 dum,
2472 1702 2566 1758 sed
2597 1701 2883 1775 inquinata
2918 1711 3001 1759 est
3027 1719 3214 1759 eorum
3245 1712 3299 1760 et
3332 1720 3485 1759 mens
3514 1711 3569 1760 et
3601 1703 3894 1760 conscien-

2284 1790 2382 1844 tia.
2436 1812 2455 1839 ι
2522 1791 2662 1846 Istos
2725 1789 2960 1845 mundos
3016 1806 3133 1846 esse
3179 1789 3451 1861 signiﬁcat
3519 1791 3615 1862 qui
3671 1798 3740 1846 et
3796 1807 3896 1863 qua

579 1878 831 1973 εοιῖιέιέῖ
851 1878 1119 1988 sapia.
1144 1931 1157 1969 ε
1185 1878 2174 1986 ‘c...eage;"';.n;ge:"agnata,
2204 1914 2253 1975 Β
2496 1878 2791 1935 interdicta
2834 1887 2962 1988 sugg
3004 1887 3230 1977 ηοτξιιιρ,
3279 1887 3333 1988 εει
3381 1896 3490 1979 qui
3510 1970 3524 1988 ι

474 2038 479 2041 η
581 2006 737 2062 malas
781 2003 989 2071 bestias,
1039 2011 1263 2060 ventres
1310 2003 1473 2077 pigri.
1507 2003 1907 2060 Testimonium
1956 2001 2063 2057 hoc
2091 2017 2180 2055 ve-

581 2113 703 2153 rum
751 2103 851 2151 est.
884 2121 903 2144 ι
945 2094 1180 2162 Quidam
1231 2111 1302 2150 ex
1354 2093 1703 2151 Cretensibus
1731 2091 2048 2146 meloriatus
2085 2105 2183 2161 per

581 2185 931 2258 disciplinam
973 2184 1345 2248 Dominicam,
1381 2182 1516 2255 quid
1545 2179 1893 2237 sentiendum
1923 2184 2062 2234 esset
2112 2178 2179 2235 de

583 2273 934 2347 Cretensibus
964 2272 1203 2329 indoctis
1231 2270 1522 2342 expressit,
1554 2267 1701 2340 quod
1739 2276 1793 2323 et
1832 2266 1962 2321 mali
1992 2275 2177 2322 essent

582 2370 637 2419 et
662 2362 825 2419 otiosi
854 2362 1061 2418 vellent
1086 2361 1405 2420 comedere:
1439 2356 1651 2412 malitia
1678 2355 1824 2410 enim
1851 2355 2000 2428 pasci
2029 2356 2179 2410 vole-

582 2453 736 2521 bant,
780 2452 878 2525 qui
923 2468 1051 2508 cum
1106 2451 1248 2507 nihil
1288 2446 1519 2520 prosint,
1572 2446 1812 2518 gestiunt
1853 2453 1907 2501 et
1960 2462 2175 2502 nocere.

581 2544 801 2615 Duplex
855 2558 984 2613 ergo
1036 2541 1241 2595 malum
1288 2545 1390 2593 est.
1438 2534 1594 2590 Tales
1650 2542 1807 2589 erant
1854 2532 2175 2602 Cretenses;

583 2630 731 2687 unde
774 2631 942 2686 istum
973 2626 1292 2699 prophetam
1331 2622 1590 2695 appellat,
1634 2622 1728 2678 sed
1757 2622 1817 2678 in
1844 2639 2010 2679 causa
2028 2628 2183 2685 314

586 2726 949 2786 Cretensium.
1000 2722 1133 2777 Tam
1178 2734 1309 2774 vera
1354 2717 1503 2773 enim
1542 2716 1693 2775 hunc
1740 2719 1854 2776 illis
1881 2719 2075 2776 asserit
2103 2720 2181 2776 lo-

586 2825 802 2885 cutum,
833 2823 895 2871 ut
922 2811 1244 2885 prophetam
1267 2828 1281 2877 ;
1312 2808 1430 2865 falli
1451 2809 1599 2866 enim
1626 2809 1950 2884 prophetam
1980 2812 2181 2884 impos-

590 2911 749 2969 sibile
777 2914 878 2964 est.

662 3016 842 3088 (Vers.
887 3008 1000 3079 14.)
1048 3032 1067 3058 ι
1096 3006 1269 3075 Quam
1299 3007 1369 3064 ob
1412 3023 1632 3064 causam
1661 3023 1825 3079 argue
1874 3008 2001 3064 illos
2024 3007 2181 3076 dure,

591 3114 653 3163 ut
691 3101 809 3159 sani
836 3100 949 3156 sint
984 3096 1044 3153 in
1072 3096 1201 3165 ﬁde,
1234 3113 1348 3153 non
1394 3096 1743 3153 intendentes
1765 3095 2003 3168 judaicis
2031 3096 2182 3153 fabu-

588 3192 659 3248 lis
687 3199 741 3246 et
768 3186 1043 3243 mandatis
1072 3185 1362 3242 hominum
1392 3185 1767 3241 aversantium
1801 3185 1918 3257 (87)
1952 3201 2010 3241 se
2037 3201 2067 3239 a
2092 3202 2183 3241 ve-

590 3280 768 3336 ritate.
802 3303 821 3327 ι
863 3275 1236 3332 Insistendum
1280 3274 1529 3347 praecipit
1577 3275 1637 3330 in
1664 3274 2013 3345 correptione
2061 3274 2180 3329 illo-
2214 3272 2257 3332 C

590 3384 734 3437 rum,
758 3366 828 3422 ut
858 3365 1107 3423 converti
1136 3364 1369 3437 possint,
1402 3371 1455 3420 et
1499 3364 1597 3419 illa
1635 3363 1832 3419 sectari
1876 3378 1996 3435 quin
2036 3360 2188 3434 justa

590 3464 738 3525 sunt,
770 3462 826 3512 et
871 3455 987 3527 lege
1016 3454 1118 3511 Dei
1151 3453 1445 3524 condigna,
1477 3459 1785 3508 avertentes
1823 3467 1878 3507 se
1902 3467 1933 3505 a
1950 3449 2187 3522 judaicis

588 3545 830 3614 fabulis;
854 3544 985 3619 quia
1016 3544 1076 3601 in
1102 3545 1219 3617 lege
1248 3560 1409 3599 nemo
1433 3542 1771 3616 justiﬁcatur
1815 3541 1960 3614 apud
1989 3542 2187 3609 Deum,

592 3641 797 3708 quanto
847 3633 1022 3706 magis
1076 3633 1135 3688 in
1191 3632 1466 3688 mandatis
1513 3630 1853 3688 hominum!
1909 3628 2190 3703 Quidquid

592 3723 740 3780 enim
765 3723 1055 3780 adversum
1086 3722 1375 3779 veritatem
1404 3720 1725 3793 opponitur,
1743 3720 1984 3781 humana
2000 3720 2189 3774 inven-

594 3821 672 3878 tio
727 3829 847 3889 est;
910 3819 1215 3876 nescientes
1273 3818 1422 3874 enim
1475 3817 1590 3872 vim
1652 3816 2084 3887 Scripturarum,
2138 3822 2193 3872 et

594 3911 859 3969 interiora
906 3909 1203 3965 verborum
1245 3907 1398 3980 legis,
1442 3907 1684 3963 colorem
1713 3913 2039 3978 sequuntur,
2079 3921 2194 3960 non

596 4019 862 4076 saporem.
894 4001 1021 4057 Ideo
1068 3999 1284 4055 fabulas
1310 3998 1574 4055 dicuntur
1603 4013 1847 4067 narrare,
1892 4014 2003 4053 non
2037 3994 2194 4052 veri-

597 4102 802 4160 tatem;
847 4098 1045 4164 putant
1085 4090 1233 4147 enim
1264 4104 1549 4161 nunquam
1579 4088 1945 4146 recedendum
1986 4087 2054 4143 ab
2102 4087 2192 4156 iis,

598 4201 720 4258 quae
747 4184 966 4254 Moyses
1004 4178 1258 4246 tradidit,
1287 4188 1350 4234 ut
1399 4185 1536 4250 puta
1582 4178 1651 4235 de
1679 4179 1836 4247 escis,
1868 4186 1965 4235 aut
2007 4177 2196 4250 conju-

599 4271 725 4345 giis,
752 4277 847 4326 aut
876 4267 1201 4335 neomeniis,
1234 4274 1328 4321 aut
1370 4267 1635 4339 sanguine
1683 4268 1952 4335 mustelae,
1985 4269 2071 4323 vel
2103 4267 2196 4324 do-

598 4378 691 4417 mo
718 4358 1009 4416 immunda
1052 4355 1246 4412 diebus
1294 4363 1501 4428 septem
1529 4373 1544 4423 ;
1579 4372 1702 4412 cum
1733 4356 1912 4413 sciant
1932 4356 2199 4428 primores

599 4466 728 4507 suos
756 4445 1058 4511 Abraham,
1087 4447 1238 4502 Isaac
1265 4452 1320 4501 et
1362 4445 1528 4502 Jacob
1558 4445 1677 4503 sine
1723 4445 1812 4503 his
1847 4444 2197 4517 justiﬁcatos,

600 4547 654 4596 et
707 4540 807 4595 Dei
853 4536 1058 4594 amicos
1103 4535 1444 4608 appellatos;
1502 4542 1556 4590 et
1608 4535 1896 4591 Ezechiele
1933 4533 2201 4607 propheta

2289 1984 2437 2024 cessa
2483 1976 2612 2023 sunt
2651 1974 2854 2039 postea.
2898 1968 3034 2023 Nam
3082 1966 3131 2023 si
3178 1968 3238 2023 in
3280 1968 3478 2024 Genesi
3510 1968 3723 2040 legitur
3770 1968 3894 2041 quia

2289 2057 2477 2115 omnia
2529 2073 2650 2129 quas
2702 2056 2834 2113 fecit
2887 2057 3054 2126 Deus,
3101 2055 3247 2113 bona
3295 2067 3425 2115 sunt
3481 2060 3639 2131 (Gen.
3673 2076 3718 2127 ι,
3776 2058 3891 2128 31),

2288 2147 2520 2203 dubium
2546 2163 2657 2201 non
2681 2154 2762 2202 est
2790 2146 2920 2219 quia
2945 2155 2998 2204 et
3028 2149 3236 2205 munda
3263 2156 3394 2205 sunt
3418 2167 3430 2205 :
3480 2149 3576 2221 qui
3614 2165 3755 2205 vero
3785 2164 3895 2204 non

2288 2236 2628 2309 intelligunt,
2658 2238 2933 2294 immundi
2980 2249 3139 2308 sunt;
3172 2248 3515 2297 accusatores
3557 2239 3707 2295 enim
3743 2237 3894 2295 Scri-

2288 2336 2461 2400 pturae
2492 2336 2640 2383 sunt.
2672 2328 2727 2384 Si
2757 2329 2906 2384 enim
2935 2329 3080 2385 bona
3106 2330 3253 2387 facta
3280 2330 3557 2402 leguntur,
3591 2345 3692 2387 cur
3721 2328 3895 2383 inter-

2289 2416 2552 2473 dicuntur
2606 2419 2759 2491 quasi
2815 2419 3176 2476 exsecrabilia
3204 2421 3233 2477 ?
3270 2420 3329 2476 Si
3371 2418 3735 2476 exsecrabilia
3782 2434 3897 2475 non

2288 2514 2436 2574 sunt,
2461 2507 2590 2579 quia
2619 2507 2762 2563 bona
2788 2518 2957 2578 sunt;
3010 2519 3233 2582 propter
3275 2508 3537 2566 duritiam
3582 2507 3775 2565 cordis
3814 2507 3898 2563 in-

2289 2596 2523 2651 terdicta
2555 2605 2877 2666 noscuntur,
2910 2598 3041 2672 quia
3060 2598 3276 2672 indigni
3302 2599 3477 2655 habiti
3506 2603 3634 2654 sunt
3664 2604 3791 2653 tota
3816 2596 3896 2652 uti

2290 2687 2392 2742 Dei
2420 2694 2687 2743 creatura.
2720 2689 2857 2745 Nam
2888 2689 3036 2760 quia
3058 2688 3381 2745 melioribus
3413 2686 3676 2762 prohibiti
3700 2687 3899 2742 viden-

2291 2780 2401 2841 tur,
2465 2774 2662 2831 horum
2720 2793 2875 2833 mens
2931 2785 2985 2834 et
3040 2778 3376 2836 conscientia
3423 2777 3714 2851 inquinata
3764 2784 3894 2844 est;

2293 2862 2422 2936 quia
2446 2874 2756 2922 creaturam
2772 2866 2871 2923 Dei
2898 2876 3181 2937 accusant,
3194 2876 3257 2924 ut
3272 2876 3535 2925 excusent
3549 2866 3893 2939 semetipsos.

2367 2955 2549 3026 (Vers.
2602 2957 2718 3029 16.)
2761 2982 2780 3005 ι
2808 2959 2982 3014 Deum
3031 2959 3360 3031 proﬁtentur
3412 2975 3469 3015 se
3512 2973 3692 3026 nosse,
3739 2955 3895 3012 factis

2293 3052 2475 3102 autem
2524 3055 2762 3120 negant;
2816 3049 3075 3120 quoniam
3116 3057 3248 3105 sunt
3294 3048 3678 3116 exsecrabiles,
3712 3046 3895 3102 inobe-

2294 3133 2524 3203 dientes,
2556 3145 2610 3192 et
2640 3135 2709 3191 ad
2738 3152 2901 3191 omne
2938 3153 3075 3209 opus
3102 3136 3310 3192 bonum
3356 3137 3598 3208 reprobi.
3632 3162 3652 3187 ι
3699 3136 3894 3205 Quam-

2294 3222 2381 3278 vis
2409 3221 2477 3278 ad
2506 3238 2697 3278 omnes
2726 3222 3010 3280 haereticos
3027 3225 3298 3295 pertineat
3325 3224 3559 3292 dictum,
3583 3225 3696 3282 hoc
3719 3233 3893 3281 tamen
3939 3238 3942 3323 η

2295 3312 2362 3368 de
2392 3312 2595 3368 Judteis
2621 3313 2955 3385 intelligitur
2984 3315 3222 3384 locutus,
3254 3315 3347 3389 qui
3379 3332 3435 3371 se
3463 3314 3708 3371 Abrahae
3728 3318 3894 3372 Deum
3940 3312 3941 3339 ‘

2296 3403 2442 3458 solos
2463 3401 2658 3458 dicunt
2679 3402 2840 3471 scire,
2865 3404 3124 3476 operibus
3141 3422 3272 3461 vero
3290 3405 3582 3479 abnegant,
3597 3404 3750 3462 sicut
3769 3402 3893 3460 dicit

2297 3491 2601 3548 Dominus:
2652 3516 2670 3539 ι
2696 3491 2753 3547 Si
2781 3491 2885 3547 ﬁlii
2937 3492 3172 3549 Abrahae
3210 3494 3420 3562 essetis,
3461 3510 3625 3566 opera
3663 3491 3893 3550 Abrahai

2298 3578 2551 3636 faceretis
2600 3581 2781 3652 (Joan.
2823 3599 2948 3651 VIII,
2979 3584 3090 3655 39).
3122 3608 3141 3632 ι
3181 3583 3470 3650 Quomodo
3500 3600 3626 3655 ergo
3674 3588 3892 3656 possunt
3940 3620 3941 3631 χ

2299 3669 2472 3725 Deum
2511 3669 2747 3725 Abrahae
2787 3671 2947 3741 scire,
2997 3673 3093 3745 qui
3134 3675 3463 3747 mysterium
3493 3682 3545 3729 et
3588 3673 3758 3729 ﬁdem
3788 3670 3892 3742 ejus

2301 3759 2576 3830 ignorant,
2610 3777 2721 3817 non
2765 3762 3057 3841 Evangelii
3091 3779 3256 3835 opera
3307 3771 3593 3832 sectantes,
3643 3762 3743 3820 sed
3772 3759 3891 3832 legis

2302 3846 2574 3904 factorum
2603 3848 2663 3903 in
2698 3849 3024 3918 neomeniis,
3051 3859 3107 3907 et
3135 3851 3575 3920 circumcisione,
3598 3860 3652 3907 et
3669 3849 3886 3915 caeteris,

2301 3936 2733 4008 perturbatores,
2797 3937 2953 4009 impii
3013 3946 3068 3994 et
3118 3939 3531 3997 irreverentes?
3582 3940 3715 3998 Haec
3777 3944 3891 3994 sunt

2305 4042 2488 4097 opera,
2519 4041 2638 4099 quae
2667 4027 2840 4084 Deum
2874 4026 3147 4084 nesciunt.

2933 4145 3160 4202 CAPUT
3197 4147 3268 4203 ΙΙ.

2380 4253 2562 4325 (Vers.
2597 4254 2676 4326 1.)
2721 4277 2741 4301 ι
2770 4253 2851 4310 Tu
2879 4261 3062 4310 autem
3093 4255 3315 4328 loquere
3345 4271 3465 4329 quae
3493 4254 3690 4313 decent
3718 4267 3889 4311 sanam

2307 4340 2635 4398 doctrinam.
2673 4367 2692 4391 ι
2739 4343 2867 4400 Haec
2894 4342 2999 4400 scit
3027 4345 3227 4413 Deum,
3276 4360 3397 4418 quae
3425 4345 3736 4416 appellatur
3777 4354 3891 4399 sana

2308 4428 2589 4497 doctrina;
2620 4430 2721 4487 Dei
2748 4431 2899 4487 enim
2929 4431 3183 4489 doctrina
3210 4433 3466 4489 salutaris
3492 4443 3593 4489 est.

2390 4525 2536 4582 315
2568 4520 2750 4591 (Vers.
2796 4520 2877 4594 2.)
2918 4544 2938 4566 ι
2972 4520 3226 4578 Seniores
3254 4521 3465 4578 sobrios
3512 4538 3649 4590 esse,
3697 4533 3887 4594 graves,

601 4634 964 4694 contestante,
994 4626 1123 4699 quia
1141 4603 1387 4697 propter
1434 4623 1581 4698 quod
1630 4627 1803 4697 legem
1831 4603 1952 4681 Dei-
1965 4632 2017 4680 et
2037 4603 2202 4695 justi-
2230 4632 2281 4692 1)
2309 4616 2627 4689 prudentes,
2659 4629 2820 4672 sanos
2876 4611 3003 4681 ﬁde,
3054 4612 3367 4680 dilectione,
3417 4611 3710 4684 patientia.
3740 4634 3759 4658 ι
3800 4603 3889 4699 Qui

601 4719 889 4775 ﬁcationes
920 4716 1039 4788 ejus
1085 4715 1524 4788 profanaverint,
1572 4722 1841 4788 pracepta
1880 4720 2207 4785 acceperunt

603 4815 658 4862 et
709 4804 967 4862 mandata
1012 4820 1124 4860 non
1179 4803 1346 4872 bona,
1394 4802 1455 4859 in
1502 4802 1703 4875 quibus
1749 4801 2044 4875 justiﬁcari
2093 4818 2205 4858 non

604 4903 845 4967 possent.
880 4893 1034 4951 Unde
1062 4901 1118 4949 et
1150 4894 1421 4950 Dominus
1457 4892 1536 4947 ait
1569 4892 1805 4949 Iudaeis:
1862 4916 1881 4939 ι
1909 4890 2054 4959 Quia
2089 4891 2208 4948 haec

605 4985 677 5041 ad
704 4984 969 5040 duritiam
998 4981 1181 5040 cordis
1218 4980 1388 5038 vestri
1414 4980 1635 5052 scripsit
1671 4981 1887 5053 Moyses
1918 4981 2113 5052 (Marc.
2145 4996 2203 5048 x,

608 5073 691 5143 5).
717 5096 736 5121 ι
776 5073 919 5128 Hinc
943 5079 1023 5129 est
1051 5071 1198 5127 unde
1221 5078 1275 5127 et
1300 5072 1496 5128 Petrus
1524 5072 1836 5143 apostolus:
1881 5093 1901 5117 ι
1933 5069 2078 5137 Quid
2106 5070 2208 5126 im-

610 5159 836 5236 ponitis,
871 5159 1076 5231 inquit,
1092 5158 1287 5231 jugum
1321 5176 1484 5231 supra
1514 5159 1759 5217 cervices
1786 5159 2210 5232 fratrum,quod

610 5264 787 5323 neque
835 5253 1015 5320 patres
1061 5248 1258 5315 nostri,
1303 5264 1481 5321 neque
1527 5266 1628 5306 nos
1669 5250 1953 5322 potuimus
1993 5257 2210 5320 portare

614 5339 758 5413 (Act.
804 5353 905 5407 xv,
944 5335 1032 5409 10)
1062 5336 1090 5391 ‘i'
1130 5362 1148 5385 ι
1187 5336 1323 5393 Nam
1368 5337 1415 5394 si
1448 5337 1609 5394 utilia
1634 5338 1886 5407 fuissent,
1920 5345 2058 5395 tunc
2084 5338 2212 5394 data

612 5434 812 5495 essent,
854 5425 1075 5499 quando
1106 5433 1160 5482 et
1188 5427 1278 5482 lex
1329 5428 1389 5483 in
1425 5428 1631 5485 tabulis
1659 5430 1786 5485 data
1812 5437 1927 5486 est:
1960 5427 2055 5484 sed
2081 5427 2211 5501 quia

614 5524 738 5587 post
805 5525 960 5573 tanta
1030 5515 1183 5588 signa
1239 5516 1638 5589 prodigiorum,
1712 5526 1767 5574 et
1847 5520 2018 5591 legem
2084 5517 2211 5574 edi-

690 5696 810 5779 (8_7)
844 5699 1030 5779 “Rom.
1096 5701 1253 5770 edit.,
1310 5718 1417 5757 non
1478 5702 1884 5760 attendentes....

620 5774 988 5838 aucrtmtium,
1018 5779 1122 5830 etc.
1200 5831 1205 5836 ,

1943 5704 2214 5760 hominum

2311 4706 2426 4763 sint
2474 4722 2618 4762 sanae
2671 4703 2957 4769 doctrinm,
2999 4701 3277 4770 ostendit;
3327 4709 3392 4757 ut
3444 4699 3632 4756 minus
3672 4697 3888 4758 sobrios,

2314 4796 2500 4853 minus
2528 4809 2740 4868 graves,
2773 4792 3045 4859 inﬁdeles,
3074 4791 3193 4848 sine
3221 4790 3508 4857 charitate,
3537 4789 3888 4861 impatientes,

2315 4885 2521 4943 insanae
2560 4883 2828 4941 doctrinae
2865 4881 3169 4953 discipulos
3215 4874 3565 4952 signiﬁcaret.
3616 4877 3719 4934 His
3760 4872 3890 4930 enim

2317 4975 2575 5048 operibus
2608 4972 2852 5029 nescitur
2879 4973 3046 5039 Deus,
3068 4985 3245 5043 neque
3268 4968 3486 5043 justitia
3512 4966 3653 5040 ejus.
3700 4991 3706 4996 θ

2391 5069 2574 5143 (Vers.
2624 5067 2676 5135 3,
2708 5065 2764 5136 4,
2794 5064 2877 5137 5.)
2926 5087 2946 5112 ι
2984 5063 3140 5120 Anus
3168 5061 3285 5135 pari
3315 5060 3482 5118 modo
3519 5060 3579 5115 in
3607 5067 3756 5116 statu
3784 5049 3892 5143 reli-

2318 5140 2480 5233 gione
2518 5157 2687 5232 digno
2713 5155 2855 5228 (88),
2886 5170 2999 5210 non
3033 5149 3584 5218 criminatrices,non
3612 5149 3749 5205 vino
3772 5140 3890 5200 mul-

2317 5231 2391 5306 to
2415 5231 2737 5314 servientes,
2770 5245 2917 5301 bona
2957 5242 3251 5308 docentes;
3300 5246 3363 5296 ut
3412 5239 3708 5297 instituant
3734 5231 3890 5291 adole-

2318 5337 2592 5396 scentulas
2620 5335 2770 5392 viros
2812 5351 2940 5391 suos
2968 5333 3217 5405 diligere,
3254 5346 3437 5386 amare
3482 5329 3649 5396 ﬁlios,
3681 5322 3889 5399 pruden-

2318 5435 2421 5496 tes,
2471 5426 2700 5500 pudicas
2727 5440 2862 5491 esse,
2911 5430 3104 5488 castas,
3153 5420 3349 5476 domus
3390 5435 3577 5475 curam
3627 5415 3889 5472 habentes,

2322 5516 2572 5574 subditas
2602 5513 2840 5588 propriis
2869 5510 3004 5567 viris
3032 5529 3043 5567 :
3078 5525 3148 5566 ne
3194 5508 3429 5566 verbum
3468 5506 3568 5564 Dei
3596 5503 3891 5577 blaspheme

2389 5698 2514 5773 (88)
2546 5697 2704 5755 Rom.
2739 5694 2898 5764 edit.,
2925 5692 2985 5751 in
3012 5692 3199 5752 habitu
3221 5691 3473 5765 religione
3498 5690 3679 5762 digno.
