3970 6360
90 385 228 445 529

90 605 280 664 bonas
326 611 765 668 conversationis
807 612 1124 685 junioribus
1149 636 1163 684 ;
1192 626 1251 673 ut
1272 619 1316 674 si
1346 619 1594 679 inﬁdeles
1624 624 1719 678 vi-

92 712 207 751 ros
247 697 507 768 habeant,
542 696 922 773 congaudeant
950 706 1030 760 eis
1056 708 1245 779 magis,
1270 724 1433 780 quam
1466 710 1717 783 blasphe-

94 793 275 841 ment
325 804 528 843 nomen
563 790 685 857 Dei,
718 790 849 846 dum
880 793 1074 849 vident
1103 796 1231 868 quia
1263 805 1482 869 propter
1508 799 1609 855 Dei
1638 800 1719 855 ti-

91 888 332 931 morem
375 879 700 951 propensius
730 880 1110 956 obsequuntur
1135 885 1249 940 suis
1277 886 1433 943 \iris.

182 984 375 1055 (Vers.
406 986 461 1056 6,
497 987 549 1052 7,
580 988 663 1059 8.)
706 1014 723 1037 ε
753 988 1009 1047 Iuniores
1037 991 1295 1048 similiter
1323 993 1541 1051 hortare
1573 1013 1718 1052 con-

90 1071 360 1130 tinentes
433 1091 547 1132 esse
579 1119 594 1144 ,
660 1095 757 1150 per
812 1078 999 1135 omnia
1055 1082 1406 1153 temetipsum
1468 1084 1715 1157 praebens

94 1164 438 1234 exemplum
483 1165 755 1224 bonorum
802 1185 1050 1241 operum,
1083 1171 1140 1226 in
1170 1171 1443 1240 doctrina,
1473 1172 1532 1229 in
1563 1174 1717 1230 inte-

97 1250 345 1321 gritate,
385 1253 443 1309 in
473 1256 760 1327 gravitate,
799 1259 1031 1315 verbum
1061 1277 1278 1330 sanum,
1310 1262 1715 1334 irreprebensi-

90 1338 268 1408 bile;
322 1351 385 1399 ut
414 1344 462 1400 is
497 1345 593 1418 qui
621 1363 650 1402 e
689 1348 908 1406 diverso
935 1359 1036 1419 est,
1067 1360 1406 1421 revereatur,
1437 1352 1581 1408 nihil
1622 1352 1713 1409 ha-

99 1428 262 1487 bens
290 1432 473 1489 dicere
501 1436 568 1491 de
598 1437 759 1493 nobis
784 1438 1014 1510 dignum
1042 1440 1489 1513 reprehensione.
1507 1466 1526 1488 -
1570 1442 1711 1513 Quo-

94 1523 269 1580 niam
296 1526 565 1598 juventus
596 1533 738 1587 solet
778 1531 1004 1589 modum
1035 1535 1240 1607 egredi,
1275 1536 1388 1593 imo
1408 1538 1715 1609 promptior

89 1630 228 1669 esse
263 1615 331 1671 ad
363 1619 597 1691 lapsum,
639 1620 847 1678 idcirco
877 1623 1190 1680 salubribus
1219 1625 1543 1682 retinaculis
1571 1643 1693 1683 con-

90 1702 284 1758 tineri
300 1704 549 1776 jubetur,
578 1716 641 1764 ut
661 1709 935 1768 infrenata
963 1712 1173 1770 divinis
1205 1713 1415 1785 legibus
1435 1714 1714 1786 guberne—

88 1799 223 1847 tur.
291 1793 449 1860 Quod
504 1805 567 1852 ut
613 1798 755 1854 elﬁci
802 1816 914 1856 non
964 1801 1036 1858 sit
1079 1801 1312 1858 arduum
1337 1811 1433 1859 aut
1463 1803 1709 1873 diﬂicile,

90 1881 441 1953 magistrum
473 1885 705 1942 formam
732 1903 846 1944 esse
885 1890 1170 1962 praecipit;
1195 1899 1256 1947 ut
1286 1907 1348 1946 ea
1377 1908 1496 1964 quae
1524 1892 1702 1961 docet,
1736 1894 1782 1955 B

86 1970 392 2041 quomodo
420 1971 579 2041 ﬁant,
608 1975 860 2032 ostendat
886 1995 898 2033 :
932 1986 992 2033 ut
1025 1978 1065 2033 ii
1095 1978 1189 2050 qui
1222 1978 1436 2050 profani
1475 1988 1624 2047 sunt,
1656 1990 1710 2038 et

89 2068 331 2126 inimici
372 2070 522 2140 ﬁdei,
555 2072 900 2142 erubescant,
936 2075 1187 2132 videntes
1219 2077 1349 2149 quia
1376 2093 1496 2150 quae
1526 2078 1709 2134 verbis

86 2156 293 2225 docet,
319 2174 452 2213 vera
480 2175 596 2215 esse
628 2162 824 2232 probat
852 2162 1034 2219 factis.

178 2262 202 2333 (
216 2263 372 2320 Vers.
405 2264 459 2330 9,
498 2264 612 2334 10.)
644 2289 661 2311 ι
685 2265 882 2322 Servos
910 2267 1154 2324 dominis
1184 2269 1299 2324 suis
1324 2269 1574 2326 subditos
1593 2288 1708 2328 esse

90 2351 157 2405 in
202 2350 467 2407 omnibus
520 2353 663 2425 (89),
706 2354 965 2426 optimos,
996 2373 1107 2412 non
1138 2365 1562 2430 responsatores,
1595 2375 1706 2415 non

92 2439 454 2508 fraudantes,
483 2441 578 2496 sed
621 2458 842 2497 omnem
889 2443 1057 2500 ﬁdem
1087 2444 1287 2501 bonam
1318 2446 1701 2516 ostendentes;

88 2537 163 2583 ut
219 2528 534 2585 doctrinam
582 2531 884 2587 Salvatoris
928 2533 1103 2588 nostri
1134 2533 1232 2588 Dei
1262 2542 1459 2590 ornent
1487 2538 1543 2591 in
1577 2553 1707 2593 om-

90 2616 297 2673 nibus.
324 2641 343 2664 ι
386 2617 557 2674 Bonis
585 2620 844 2691 operibus
873 2629 927 2675 et
956 2619 1063 2676 ﬁde
1093 2621 1399 2678 doctrinam
1432 2624 1569 2679 dicit
1604 2642 1705 2680 or—

88 2707 230 2761 nari
280 2707 668 2775 Dominicam;
722 2717 853 2765 tunc
906 2710 1056 2765 enim
1109 2711 1310 2782 placita
1336 2720 1417 2768 est
1455 2712 1707 2769 doctrina

94 2795 259 2866 (90),
308 2796 355 2852 si
391 2795 485 2851 hic
530 2796 627 2868 qui
676 2813 793 2852 eam
825 2796 1133 2868 profitetur,
1161 2814 1273 2854 non
1301 2799 1453 2855 illam
1483 2816 1703 2857 exesam

92 2883 297 2950 faciat,
356 2884 631 2955 abnegans
679 2885 861 2952 factis,
910 2884 1003 2941 sed
1052 2885 1343 2941 amabilem
1373 2894 1427 2942 et
1480 2905 1701 2957 veram;

94 2990 222 3029 non
274 2980 453 3044 potest
504 2974 652 3030 enim
686 2974 1008 3031 indecorum
1040 2991 1176 3039 esse,
1203 2976 1349 3049 quod
1378 2994 1568 3035 verum
1600 2988 1700 3037 est.

96 3060 250 3119 Cum
274 3078 404 3134 ergo
432 3062 580 3119 dicta
607 3063 964 3135 sequentibus
988 3064 1149 3123 factis
1177 3064 1499 3137 implentur,
1524 3078 1699 3125 osten-

94 3150 323 3206 duntur
349 3167 497 3219 vera,
525 3168 588 3207 ac
618 3168 715 3224 per
745 3152 849 3209 hoc
877 3152 1092 3209 decora.
1138 3154 1290 3211 Tunc
1334 3164 1563 3227 possunt
1590 3157 1701 3214 do-

98 3240 252 3295 mini
282 3256 469 3298 servos
498 3258 626 3298 suos
653 3258 764 3298 non
806 3250 1019 3299 tantum
1050 3260 1081 3299 a
1108 3244 1216 3300 ﬁde
1246 3261 1356 3300 non
1387 3247 1699 3319 prohibere,

88 3348 296 3388 verum
319 3333 481 3389 etiam
516 3334 780 3407 gaudere;
830 3336 960 3407 quia
985 3335 1148 3391 ﬁdem
1175 3352 1364 3393 eorum
1396 3338 1561 3395 etiam
1592 3340 1698 3396 sibi

91 3423 299 3479 vident
338 3424 621 3495 proﬁcere.
658 3427 829 3481 Nemo
856 3426 1002 3482 enim
1034 3425 1199 3481 ﬁdem
1236 3428 1569 3497 custodiens,
1602 3428 1700 3483 in-

89 3511 281 3568 ﬁdelis
311 3522 490 3586 potest
519 3532 636 3571 esse
664 3514 1003 3570 hominibus.

169 3620 359 3692 (Vers.
388 3622 600 3693 11,12.)
647 3644 664 3667 ι
689 3620 883 3676 Illuxit
901 3620 1046 3676 enim
1072 3618 1246 3692 gratia
1272 3620 1372 3676 Dei
1401 3619 1699 3677 Salvatoris

88 3710 287 3765 nostri
318 3710 578 3766 omnibus
606 3709 950 3779 hominibus,
996 3708 1252 3767 erudiens
1280 3726 1400 3779 nos,
1431 3717 1493 3765 ut
1522 3709 1699 3765 abne-

87 3808 223 3872 gata
250 3798 532 3872 impietate
563 3809 617 3857 et
646 3799 1004 3857 saecularibus
1036 3799 1346 3868 desideriis,
1377 3806 1697 3870 temperan-

86 3897 200 3958 ter,
236 3897 289 3944 et
311 3888 478 3960 juste,
500 3897 555 3945 et
569 3890 657 3963 pie
687 3890 941 3947 vivamus
966 3890 1025 3946 in
1054 3890 1160 3946 hoc
1186 3888 1433 3946 saeculo.»
1476 3890 1695 3944 Donum

90 3978 200 4034 Dei
234 3978 486 4034 illuxisse
519 3978 841 4035 hominibus
868 3978 1006 4035 dicit
1034 3995 1129 4051 per
1169 3977 1475 4042 Christum,
1506 3976 1563 4032 id
1591 3985 1693 4044 est,

90 4069 388 4123 veritatem
440 4067 611 4124 unius
656 4067 757 4124 Dei
795 4067 1202 4124 manifestatam
1253 4067 1312 4122 in
1340 4065 1561 4123 Christo
1590 4083 1602 4119 :
1633 4072 1694 4121 ut

95 4154 193 4226 pia
214 4156 553 4227 professione
581 4157 894 4214 Creatorem
928 4156 1291 4229 praedicemus
1320 4155 1380 4211 in
1407 4154 1693 4211 Trinitat’s

91 4244 346 4301 unitate:
411 4245 558 4317 quod
601 4248 757 4317 prius
790 4246 953 4302 latuit
981 4246 1284 4302 humanum
1316 4261 1507 4317 genus,
1546 4261 1695 4301 nunc

91 4340 285 4388 autem
325 4333 703 4389 misericordia
732 4334 831 4390 Dei
868 4335 1046 4389 eluxit
1075 4352 1089 4400 ;
1122 4343 1186 4391 ut
1213 4335 1415 4390 erro'ris
1444 4334 1693 4390 tenebras

94 4422 391 4488 evitantes,
442 4421 499 4478 id
544 4429 648 4487 est,
680 4423 1047 4494 ignorantiam
1077 4431 1130 4479 et
1158 4422 1493 4494 impietatem
1519 4438 1693 4478 mun-

94 4510 370 4566 danorum
430 4511 719 4582 fugientes,
779 4512 858 4583 pii
913 4511 1264 4567 inveniamur
1309 4512 1367 4567 in
1410 4521 1689 4584 parentem

1203 394 1564 455 COMMENT.
1608 401 1680 459 IN
1716 402 1934 463 EPIST.
1977 410 2073 466 AD
2101 410 2339 471 TITUM.

92 525 229 575 tur.
265 543 284 567 ›
318 518 474 577 Tales
504 521 753 595 praecipit
780 538 897 581 esse
926 527 1186 596 seniores,
1235 537 1296 584 ut
1325 534 1582 604 exemplo
1600 534 1712 591 sint
1746 538 1797 597 A

3311 429 3418 487 530

1905 538 2086 612 (Vers.
2122 542 2208 612 13,
2243 542 2328 612 14,
2365 544 2479 616 15.)
2524 568 2543 593 ι
2572 546 2965 619 Exspectautcs
2997 551 3212 611 beatam
3244 574 3419 629 spem,

1827 639 1884 688 et
1936 632 2235 691 adventum
2294 637 2484 708 gloriae
2527 637 2672 694 beati
2720 641 2821 696 Dei
2869 643 3005 713 (91),
3039 654 3092 700 et
3121 646 3422 706 Salvatoris

1829 723 2001 777 nostri
2036 723 2164 778 Iesu
2197 723 2425 791 Christi,
2449 726 2542 797 qui
2571 727 2724 784 dedit
2745 734 3098 803 semetipsum
3122 753 3220 806 pro
3241 739 3419 808 nobis,

1827 821 1887 867 ut
1937 812 2234 870 redimeret
2265 832 2366 871 nos
2393 816 2462 873 ab
2490 819 2645 874 omni
2676 820 2986 893 iniquitate,
3018 833 3073 880 et
3100 830 3423 885 emundaret

1826 901 1931 957 sibi
1964 901 2253 974 l{populum
2303 904 2697 978 abundantem,
2745 913 3119 970 aemulatorem
3150 917 3420 976 bonorum

1826 1011 2102 1067 operum»
2146 998 2296 1055 Hanc
2326 1017 2441 1056 esse
2463 1002 2601 1059 dicit
2627 1002 2838 1060 beatam
2871 1023 3021 1078 spem
3054 1008 3417 1069 credentium:

1824 1085 1921 1158 qui
1968 1096 2287 1159 exspectant
2334 1091 2631 1149 adventum
2676 1096 2862 1166 gloria;
2908 1099 3090 1170 magni
3120 1100 3241 1168 Dei,
3273 1102 3420 1175 quod

1825 1179 2057 1235 revelari
2104 1180 2289 1249 habet,
2331 1182 2521 1254 judice
2571 1184 2812 1254 Christo,
2868 1188 2926 1242 in
2976 1204 3086 1260 quo
3113 1191 3213 1246 Dei
3244 1191 3419 1247 Patris

1824 1267 2108 1326 videbitur
2131 1281 2368 1343 potestas
2395 1284 2449 1331 et
2477 1276 2687 1347 gloria;
2721 1285 2784 1335 ut
2820 1278 2948 1335 ﬁdei
2988 1297 3100 1337 suae
3130 1284 3416 1353 praemium
3502 1346 3517 1361 δ

1823 1369 2251 1434 consequantur.
2305 1364 2393 1420 Ad
2428 1365 2534 1423 hoc
2578 1369 2725 1423 enim
2758 1370 2991 1428 redemit
3020 1389 3118 1429 nos
3144 1373 3415 1444 Christus,

1823 1457 1904 1516 ut,
1962 1466 2154 1521 puram
2203 1452 2375 1509 vitam
2405 1465 2692 1526 sectantes,
2726 1460 2919 1532 repleti
2950 1463 3206 1533 operibus
3234 1464 3415 1534 bonis,

1824 1538 1977 1609 regni
2010 1540 2109 1594 Dei
2142 1539 2384 1599 baeredes
2415 1560 2530 1600 esse
2570 1548 2862 1617 possimus.
2913 1572 2931 1596 ι
2963 1552 3090 1608 Haec
3124 1554 3345 1625 loquere
3365 1563 3420 1611 et

1823 1626 2134 1697 exhortare,
2196 1639 2252 1687 et
2293 1649 2457 1706 argue
2505 1654 2630 1693 cum
2681 1640 2834 1695 omni
2873 1642 3129 1715 imperio.
3170 1645 3339 1702 Nemo
3365 1655 3417 1705 te

1822 1727 2158 1778 contemnat.
2190 1747 2208 1769 ι

2442 1825 2676 1884 CAPUT
2704 1830 2799 1885 III.

1889 1908 2070 1973 (Vers.
2146 1911 2225 1983 1.)
2318 1937 2336 1960 ι
2408 1914 2658 1974 Admone
2718 1918 2845 1975 illos
2906 1921 3307 1995 principatibus
3362 1934 3416 1981 et

1822 1999 2186 2067 potestatibus
2233 2002 2483 2060 subditos
2530 2022 2663 2074 esse,
2699 2007 2848 2063 dicto
2878 2009 3123 2077 obedire,
3155 2012 3222 2067 ad
3253 2029 3415 2069 omne

1820 2092 1957 2155 opus
1988 2087 2195 2143 bonum
2229 2099 2442 2161 paratos
2472 2109 2606 2148 esse.
2639 2117 2657 2139 ι
2724 2095 2853 2161 Quae
2887 2096 3034 2151 salus
3071 2098 3413 2156 credentium

1818 2175 1911 2245 sit,
1960 2178 2216 2234 admonet
2262 2182 2401 2252 (92);
2454 2192 2516 2239 ut
2547 2186 2883 2253 manifestet,
2914 2205 3038 2243 cum
3081 2202 3412 2262 arguuntur,

1817 2273 1880 2320 ut
1935 2266 2111 2322 sciant
2154 2269 2245 2324 cui
2277 2271 2425 2327 bono
2475 2281 2764 2344 aptentur:
2816 2284 2879 2331 ut
2907 2293 3017 2333 non
3047 2295 3235 2351 aspere
3259 2284 3415 2338 acci-

1816 2353 1991 2426 piant,
2022 2358 2157 2412 certi
2189 2360 2318 2430 quia
2347 2376 2446 2432 pro
2476 2364 2650 2420 salute
2679 2381 2777 2420 sua
2805 2367 3219 2439 corripiuntur:
3273 2379 3326 2427 et
3354 2382 3413 2428 ut

1818 2442 1885 2498 ad
1933 2446 2142 2501 malum
2194 2447 2336 2503 tardi
2380 2450 2513 2519 sint,
2558 2451 2626 2507 ad
2674 2452 2877 2509 bonum
2918 2472 3049 2511 vero
3078 2460 3271 2530 parati,
3300 2477 3410 2516 non

1816 2532 1989 2586 nescii
2036 2535 2171 2605 quid
2208 2536 2442 2608 singulis
2471 2540 2710 2608 persolvi
2750 2552 3017 2614 oporteat.

1889 2627 2072 2698 (Vers.
2106 2629 2186 2701 2.)
2252 2655 2270 2677 ι
2300 2631 2587 2688 Neminem
2618 2634 3018 2708 blasphemare,
3048 2657 3159 2696 non
3190 2641 3409 2715 litigio—

1815 2732 1903 2771 sos
1959 2731 2107 2784 esse;
2164 2719 2260 2775 sed
2306 2720 2604 2790 modestOS,
2633 2729 2778 2787 316
2809 2728 3160 2784 ostendentes
3187 2746 3403 2787 omnem

1813 2815 2294 2873 mansuetudinem
2338 2819 2411 2875 ad
2449 2837 2639 2877 omnes
2691 2820 2964 2880 homines.
2996 2849 3015 2872 ι
3067 2825 3408 2885 Christianos

1812 2906 2073 2964 omnibus
2129 2908 2450 2968 hominibus
2481 2912 2721 2969 humiles
2749 2914 2869 2969 vult
2895 2914 3073 2971 videri
3103 2934 3118 2983 ;
3148 2918 3230 2976 sic
3256 2921 3402 2975 enim

1811 3006 2039 3068 possunt
2067 3000 2261 3070 perﬁdi
2290 3001 2360 3057 ad
2389 3002 2630 3060 futuram
2657 3021 2810 3076 spem
2841 3009 3048 3065 vocari.

1883 3087 2060 3157 (Vers.
2086 3090 2167 3162 3.)
2218 3116 2236 3139 ι
2263 3091 2399 3147 Nam
2430 3109 2647 3150 eramus
2684 3097 2961 3169 quondam
2992 3107 3046 3155 et
3074 3116 3174 3156 nos
3202 3101 3405 3159 incon—

1810 3176 1965 3244 sulti,
2006 3176 2453 3252 inobsequentes,
2492 3192 2756 3252 errantes,
2788 3187 3089 3244 servientes
3117 3190 3404 3248 desideriis

1810 3278 1865 3324 et
1896 3270 2277 3341 voluptatibus
2308 3274 2496 3343 variis,
2530 3276 2588 3330 in
2617 3278 2832 3334 malitia
2845 3286 2897 3334 et
2926 3278 3139 3336 invidia
3158 3294 3395 3353 agentes,

1809 3356 2069 3429 odibiles,
2128 3360 2256 3416 odio
2303 3378 2404 3418 nos
2442 3364 2684 3423 invicem
2730 3369 2993 3426 habentes
3032 3372 3171 3444 (93).
3212 3397 3232 3421 ι
3273 3376 3399 3433 Haec

1807 3444 1952 3501 bona
1983 3464 2102 3519 qua:
2140 3450 2500 3508 incredulitas
2546 3471 2657 3510 non
2689 3455 2876 3524 habet,
2915 3457 3246 3516 Christianis
3274 3461 3395 3519 data

1807 3543 2113 3605 memorat;
2172 3546 2234 3593 ut
2275 3539 2333 3594 in
2377 3542 2529 3597 omni
2566 3542 2787 3613 justitia
2826 3546 3089 3615 lucentes,
3121 3550 3395 3607 manifesti

1808 3623 1943 3679 ﬁant
1983 3626 2133 3697 quod
2177 3628 2277 3683 Dei
2319 3631 2560 3687 cultores
2596 3632 2730 3689 sint.
2774 3633 2912 3690 Cum
2943 3636 3090 3692 enim
3121 3638 3393 3710 quondam

1808 3711 2129 3781 inconsulti,
2172 3732 2321 3773 nunc
2347 3717 2610 3775 videntur
2644 3738 2741 3793 per
2764 3722 2951 3780 omnia
2983 3724 3103 3780 sani
3131 3742 3247 3783 esse
3271 3743 3397 3783 con-

1805 3800 1938 3867 silii,
1970 3801 2224 3859 laudatur
2252 3804 2310 3860 in
2331 3805 2418 3861 his
2445 3809 2609 3865 Deus.
3310 3884 3315 3887 χ

1879 3894 2059 3965 (Vers.
2118 3895 2261 3968 4-7.)
2331 3922 2350 3945 ι
2408 3898 2547 3957 Cum
2593 3918 2725 3957 vero
2756 3898 2974 3960 benitas
3000 3913 3053 3961 et
3080 3904 3396 3981 humanitas

1805 3981 1996 4039 illuxit
2042 3984 2299 4042 salutaris
2346 3987 2443 4043 Dei
2487 3989 2682 4057 nostri,
2714 4007 2825 4046 non
2856 4008 2926 4047 ex
2956 3993 3214 4064 operibus
3236 3993 3396 4066 justi-

1804 4071 1918 4139 tiae,
1953 4089 2075 4145 qua)
2104 4091 2205 4130 nos
2231 4075 2483 4133 fecimus:
2515 4079 2609 4134 sed
2628 4080 2929 4136 secundum
2964 4083 3394 4140 misericordiam

1802 4178 1956 4217 suam
2011 4165 2191 4220 salvos
2249 4182 2348 4221 nos
2376 4165 2511 4223 fecit
2538 4184 2633 4239 per
2662 4170 2938 4226 lavacrum
2974 4174 3398 4243 regenerationis

1802 4258 1855 4307 et
1890 4253 2265 4310 renovationis
2299 4253 2538 4327 Spiritus
2571 4257 2765 4326 sancti,
2797 4275 2958 4330 quem
2987 4259 3184 4316 eﬁ‘udit
3210 4261 3268 4315 in
3298 4278 3397 4316 nos

1809 4340 2025 4398 abunde
2056 4359 2152 4414 per
2178 4343 2361 4399 Iesum
2397 4343 2702 4412 Christum,
2733 4347 3070 4403 Salvatorem
3101 4356 3351 4404 nostrum
3379 4369 3391 4417 ;

1800 4438 1862 4485 ut
1884 4429 2174 4501 justiﬁcati
2204 4432 2375 4503 gratia
2396 4432 2572 4501 illius,
2603 4433 2844 4491 haeredes
2872 4436 3175 4492 efﬁciamur
3205 4453 3394 4493 secun-

1800 4515 1931 4573 dum
1988 4536 2137 4591 spem
2177 4522 2307 4576 vitae
2346 4530 2580 4577 aeternae.
2636 4546 2654 4568 ι
2722 4523 2838 4578 Hoc
2894 4523 3099 4578 bonum
3139 4525 3285 4597 quod
3336 4525 3391 4579 in

96 4600 358 4656 omnium
416 4602 613 4669 Deum,
649 4600 969 4673 proﬁtentes
1007 4617 1133 4656 eum
1164 4600 1222 4656 in
1250 4600 1503 4669 veritate,
1533 4617 1694 4673 quam
1729 4597 1779 4656 D
1810 4608 2139 4665 Christianis
2168 4610 2364 4667 ﬂorere
2393 4611 2705 4680 videtur,de
2735 4613 2916 4669 radice
2945 4614 3160 4685 pietatis
3188 4614 3391 4670 divinae

97 4688 273 4745 tradit
308 4690 677 4762 Evangelium
705 4690 835 4746 Filii
866 4688 1017 4761 ejus:
1060 4697 1116 4745 et
1145 4696 1206 4744 ut
1234 4687 1402 4760 hujus
1429 4689 1507 4743 rei
1538 4705 1694 4744 mer-

98 4776 289 4833 cedem
322 4777 523 4834 habere
554 4778 847 4851 possimus,
876 4778 1019 4835 bona
1047 4795 1210 4851 Opera
1238 4778 1520 4833 faciamus.
1553 4778 1694 4845 Quo-

104 4864 267 4921 modo
324 4866 472 4923 enim
528 4867 613 4923 illi
669 4867 762 4941 qui
810 4868 988 4923 solum
1018 4868 1231 4924 Patrem
1266 4867 1545 4940 pradicet,
1575 4883 1695 4939 spes

105 4957 259 5013 nulla
285 4967 388 5027 est,
420 4960 467 5016 si
497 4976 609 5017 non
640 4960 965 5033 proﬁteatur
984 4961 1043 5016 in
1063 4961 1250 5017 eadem
1267 4961 1499 5018 veritate
1526 4969 1581 5017 et
1606 4960 1691 5016 Fi-

107 5047 240 5104 lium
266 5066 278 5103 :
331 5049 407 5106 ita
433 5059 487 5106 et
516 5050 682 5122 hujus
706 5068 829 5123 spes
857 5051 1061 5107 frustra
1088 5058 1189 5119 est,
1239 5052 1334 5124 qui
1363 5051 1533 5108 solam
1565 5066 1691 5124 pm'

106 5138 394 5196 fessionem
430 5140 559 5197 ﬁdei
588 5141 753 5198 habet
782 5142 900 5198 sine
927 5141 1089 5198 bonis
1107 5140 1385 5213 operibus.

176 5291 289 5363 (89)
320 5286 550 5349 Eadem
593 5294 751 5355 Rom,
796 5292 954 5360 edit.,
985 5293 1042 5347 in
1070 5292 1309 5346 omnibus
1339 5292 1686 5361 obsequentes.

178 5363 293 5436 (90)
327 5363 529 5419 Omnes
546 5365 677 5444 _dit.,
704 5365 908 5444 placita
930 5371 1004 5444 est
1029 5370 1077 5419 et
1098 5364 1283 5444 decora
1311 5381 1328 5417 :
1348 5372 1539 5444 contra
1562 5379 1690 5444 vero

105 5448 232 5490 mss.
273 5434 460 5507 prope
497 5436 565 5493 ad
612 5434 781 5491 unum
818 5436 1109 5507 nobiscum
1158 5434 1390 5489 faciunt.
1418 5435 1492 5507 ᾼῐ
1520 5434 1685 5507 infra,

105 5520 200 5575 pro
252 5504 559 5562 indecorum
603 5524 727 5576 esse,
776 5507 1009 5564 habetur
1058 5505 1116 5561 in
1166 5522 1297 5562 mss.
1337 5504 1684 5578 quibusdam,

108 5592 388 5651 inamabile
412 5612 536 5651 esse.

178 5666 293 5737 (91)
348 5667 509 5740 Rom.
548 5666 706 5734 edit.,
736 5668 919 5737 gloriae
944 5669 1119 5740 magni
1145 5668 1303 5725 Dei..
1342 5712 1352 5725 .
1385 5669 1485 5723 sibi
1508 5686 1690 5740 popu-

114 5736 213 5791 lum
234 5736 573 5810 peculiarem.

1803 4698 2001 4766 oritur;
2045 4701 2190 4755 Deus
2221 4701 2369 4756 enim
2400 4700 2778 4756 misericordia
2804 4718 2901 4756 sua
2929 4704 3110 4757 salvos
3139 4718 3238 4757 nos
3261 4702 3386 4758 fecit

1804 4803 1899 4858 per
1927 4787 2230 4859 Christum,
2258 4788 2419 4860 cujus
2449 4790 2620 4861 gratia
2648 4789 3110 4860 renati,Spiritum
3141 4797 3387 4846 sanctum

1802 4877 2114 4948 accepimus
2138 4877 2389 4943 abunde;
2423 4884 2485 4931 ut
2530 4877 2690 4932 bonis
2728 4876 2985 4947 operibus
3013 4876 3179 4932 inniti
3209 4880 3391 4951 possi—

1803 4986 1944 5037 mus,
2002 4971 2121 5042 ipso
2174 4986 2275 5026 nos
2327 4969 2382 5024 in
2433 4967 2690 5023 omnibus
2718 4968 3032 5039 adjuvante,
3064 4978 3125 5025 ut
3152 4986 3247 5041 per
3275 4971 3391 5028 haec

1801 5059 2002 5116 haeredi
2013 5070 2176 5117 tatem
2194 5059 2346 5131 regni
2365 5060 2629 5115 caelorum
2661 5059 2873 5133 assequi
2898 5060 3387 5131 possimus.Quam-

1800 5149 1988 5206 obrem
2046 5148 2198 5205 omni
2237 5148 2529 5203 devotione
2582 5146 2715 5205 huic
2769 5149 2996 5223 obsequi
3049 5151 3309 5210 debemus
3337 5164 3388 5210 et

1873 5307 2235 5387 (92),.Omnes
2282 5305 2418 5387 edit,
2450 5321 2581 5387 cum
2614 5321 2744 5362 mss.
2776 5306 3082 5387 nonnullis,
3274 5323 3387 5377 spes

1798 5376 2113 5434 credentium
2147 5378 2232 5433 sit.
2262 5421 2275 5434 .
2299 5421 2309 5433 .
2334 5377 2418 5431 cui
2447 5376 2577 5431 bono
2601 5384 3008 5449 prceparentur;
3041 5376 3225 5432 ceteri
3254 5376 3383 5433 mss.

1797 5459 1858 5507 ut
1884 5449 2268 5529 Iin‘cqntextu.
2765 5520 2785 5529 _
2994 5518 3006 5529 .
3141 5518 3152 5529 _

1873 5522 1988 5591 (93)
2037 5522 2117 5602 I_t_a
2168 5529 2279 5602 vet.
2320 5519 2452 5602 edit.
2504 5535 2567 5575 ac
2597 5520 2871 5602 mss;-fere
2909 5518 3191 5602 universi;
3218 5519 3382 5602 _Rom.

1798 5590 1976 5649 autem
2010 5593 2147 5648 edit.
2173 5601 2228 5648 et
2254 5591 2476 5664 quidam
2506 5608 2659 5660 mss.,
2697 5592 2818 5647 Haec
2866 5590 3033 5655 mala,
3064 5607 3180 5661 qua:
3208 5592 3388 5647 incre—

1796 5667 1993 5722 dulitas
2016 5665 2186 5729 habet,
2226 5664 2557 5721 Christianos
2590 5680 2767 5719 cavere
2795 5668 3067 5717 memorat.
