3970 6380
571 421 672 483 831

1590 423 1688 485 ΑΒ
1724 421 1960 486 arena
1995 423 2053 485 s.
2096 425 2432 486 menosn
2459 427 2839 492 APPENDIX.
2923 415 2932 423 ”

3773 437 3880 502 832

573 554 858 630 praeceptis
891 552 1009 630 eius
1031 571 1256 632 parere;
1301 555 1432 632 quia
1463 553 1734 630 quidquid
1756 553 1814 610 in
1843 555 2002 612 nobis
2030 556 2160 628 pul-
2194 555 2245 616 A
2276 569 2358 618 est
2387 562 2730 637 hujusmodi,
2761 574 2816 625 et
2853 565 3130 644 delinquit
3149 585 3180 626 a
3212 566 3504 646 semetipso
3523 568 3867 632 damnatus.»

571 648 769 707 chrum
825 658 926 720 est,
966 649 1348 725 spiritualibus
1410 649 1760 706 lineamentis
1815 648 1933 721 ipse
1983 648 2172 722 depin-

573 738 670 810 git.

646 847 828 920 (Vers.
859 848 942 920 8.)
989 870 1008 894 α
1038 847 1244 904 Fidelis
1273 864 1452 904 sermo
1477 863 1489 902 :
1521 846 1662 904 etde
1691 845 1780 901 his
1809 846 1938 902 volo
1966 855 2020 903 te
2046 863 2172 903 con-

574 936 828 1008 firmare;
859 944 921 993 ut
949 935 1175 992 solliciti
1203 935 1317 992 sint
1343 936 1413 992 ad
1442 936 1697 993 etfectum
1727 933 2000 991 bonorum
2048 951 2170 1008 ope-

571 1042 694 1084 rum
753 1025 814 1096 ii,
870 1025 966 1099 qui
1013 1024 1369 1082 crediderunt
1419 1027 1554 1082 Deo.
1604 1025 1733 1081 Haec
1774 1031 1905 1080 sunt
1949 1023 2093 1082 bona
2119 1031 2172 1080 et

571 1113 733 1172 utilia
780 1113 1126 1174 hominibus.
1169 1139 1189 1163 ι
1249 1113 1404 1172 Nihil
1447 1120 1555 1170 tam
1606 1122 1878 1186 apertum,
1909 1112 2036 1186 quia
2069 1111 2170 1168 mi-

573 1203 872 1262 sericordia
912 1213 1075 1278 atque
1123 1203 1442 1260 humanitas
1485 1201 1630 1258 bona
1676 1210 1758 1257 est
1794 1200 1864 1256 ad
1911 1216 2168 1274 praesens,

571 1303 626 1351 et
656 1293 813 1352 utilis
841 1293 900 1350 in
940 1293 1230 1363 futurum;
1262 1299 1317 1350 et
1343 1291 1434 1350 hic
1467 1292 1613 1348 enim
1644 1289 1811 1348 habet
1842 1289 2080 1358 laudem,
2117 1297 2171 1345 et

577 1384 636 1440 in
681 1382 882 1456 judicii
931 1382 1021 1440 die
1061 1399 1342 1440 coronam.
1376 1381 1572 1440 Omnis
1600 1380 1749 1437 enim
1779 1380 1892 1436 Deo
1919 1377 2169 1448 credens,

576 1471 970 1530 misericordias
1015 1471 1178 1529 debet
1227 1471 1466 1540 studere,
1502 1485 1598 1543 per
1625 1484 1790 1542 quam
1821 1467 1986 1526 vivit.
2016 1467 2086 1524 Ut
2111 1466 2169 1522 in

574 1559 694 1619 haec
747 1577 875 1634 ergo
927 1569 1066 1618 esset
1120 1560 1393 1618 sollicitus
1448 1565 1629 1616 rector
1670 1557 1883 1636 populi,
1914 1557 2166 1614 admone-

574 1658 685 1708 tur.

653 1761 836 1833 (Vers.
871 1763 951 1835 9.)
1016 1785 1036 1810 ε
1074 1761 1282 1822 Stultas
1310 1769 1494 1820 autem
1537 1759 1892 1834 quaestiones,
1923 1766 1976 1814 et
2005 1757 2168 1830 origi-

575 1868 708 1909 num
744 1854 1205 1918 enumerationes,
1236 1860 1291 1909 et
1337 1852 1738 1920 contentiones,
1778 1859 1833 1908 et
1859 1866 2066 1924 pugnas
2095 1849 2167 1903 le-

2283 653 2538 714 Haaretici
2591 657 2648 713 hi
2685 666 2835 728 sunt,
2868 659 2962 733 qui
2992 677 3090 733 per
3129 661 3295 718 verba
3325 662 3460 734 legis
3491 665 3665 737 legem
3699 665 3880 737 impu-

2281 753 2488 815 gnant;
2523 747 2806 820 proprium
2836 749 2982 808 enim
3020 765 3237 806 sensum
3284 752 3471 808 verbis
3509 761 3770 810 astruunt
3794 754 3882 810 le-

2283 833 2385 905 gis,
2429 841 2490 888 ut
2541 835 2866 906 pravitatem
2929 839 3132 895 mentis
3190 857 3302 896 suae
3355 840 3489 914 legis
3545 841 3880 898 auctoritate

2279 923 2686 980 commendent.
2739 925 2926 982 Sciens
2971 928 3121 983 enim
3180 928 3434 1001 impietas
3488 931 3878 988 auctoritatem

2282 1011 2416 1082 legis
2471 1014 2710 1072 multum
2756 1017 2960 1085 valere,
3008 1017 3282 1074 fallaciam
3329 1018 3431 1075 sub
3476 1021 3705 1076 nomine
3761 1018 3882 1091 ejus

2279 1104 2591 1176 componit;
2643 1113 2705 1162 ut
2751 1108 2882 1182 quia
2912 1124 2998 1164 res
3027 1110 3172 1165 mala
3216 1125 3313 1182 per
3339 1111 3687 1183 semetipsam
3719 1127 3882 1168 acce-

2279 1192 2502 1264 ptabilis
2548 1211 2662 1251 esse
2708 1212 2819 1254 non
2850 1205 3048 1270 potest,
3073 1198 3220 1257 bono
3247 1200 3491 1258 nominis
3518 1202 3880 1259 commende-

2279 1288 2390 1338 tur.
2422 1282 2636 1341 Idcirco
2683 1285 3005 1358 hujusmodi
3055 1288 3312 1347 homines
3357 1297 3420 1346 ut
3467 1289 3882 1348 inexcusabiles

2279 1369 2413 1442 sint,
2444 1374 2609 1428 semel
2640 1373 2842 1447 corripi
2873 1383 3123 1449 oportere
3145 1377 3312 1435 dicit:
3351 1378 3696 1454 frequentius
3727 1379 3880 1436 enim

2277 1459 2536 1534 correpti,
2572 1464 2982 1522 exercitatiores
3007 1466 3142 1524 ﬁent
3172 1467 3230 1524 in
3259 1469 3425 1526 malo.
3456 1468 3658 1541 Cogere
3690 1477 3880 1526 autem

2279 1552 2406 1608 illos
2433 1553 2672 1619 videtur,
2701 1556 2796 1628 qui
2827 1573 2970 1630 saepe
2996 1548 3251 1630 corripit;
3278 1565 3342 1614 ut
3369 1557 3727 1615 sollicitiores
3743 1556 3885 1614 ﬂant

2277 1641 2345 1698 ad
2397 1642 2760 1716 perditionem
2816 1647 3156 1703 multorum:
3199 1646 3324 1702 ideo
3378 1646 3772 1715 dimittendos,
3819 1653 3884 1702 ut

2279 1733 2701 1808 negligentiores
2729 1734 2932 1803 effecti,
2966 1735 3070 1790 soli
3098 1735 3240 1791 forte
3267 1735 3580 1806 depereant.

2351 1833 2532 1905 (Vers.
2569 1834 2682 1905 12.)
2727 1857 2745 1882 ε
2776 1833 2912 1892 Cum
2934 1833 3132 1889 misero
3161 1831 3230 1889 ad
3265 1841 3316 1891 te
3340 1834 3620 1891 Artemam
3645 1845 3748 1894 aut
3775 1837 3882 1910 Ty-

573 1943 656 2017 gis
712 1942 935 2016 devita;
1003 1952 1134 2002 sunt
1177 1943 1326 2002 enim
1356 1943 1584 2000 inutiles
1612 1950 1667 2001 et
1698 1919 1875 1996 vanas:
1905 1919 2170 1995 n—Stultas
2200 1919 2244 1980 Β
2275 1920 2530 2017 Chicull}._
2551 1923 2750 1980 festina
2777 1922 2866 2017 δά.
2884 1939 2970 1980 me
3002 1923 3191 2017 π’ῗηίτξὲ
3219 1923 3528 2017 Νίίξοροιίιη
3613 1923 3706 2017 ibi
3727 1927 3878 1982 enim

574 2029 674 2089 has
723 2033 1050 2107 quaestiones
1103 2034 1367 2109 appellat,
1399 2051 1521 2108 quae
1549 2030 1742 2088 salutis
1770 2029 2021 2084 eﬂ‘ectum
2057 2042 2168 2082 non

573 2121 796 2192 habent,
853 2141 1030 2200 neque
1075 2124 1317 2198 aliquam
1363 2123 1619 2180 tribuunt
1643 2118 1885 2178 scientiae
1916 2115 2167 2190 peritiam

573 2213 643 2272 ad
681 2211 1005 2270 utilitatem.
1065 2213 1164 2270 His
1220 2211 1402 2268 verbis
1449 2211 1752 2266 multorum
1781 2204 2166 2261 haereticorum

575 2302 802 2360 denotat
849 2301 1124 2378 dogmata.
1184 2299 1452 2372 Quamvis
1497 2296 1707 2360 omnia,
1741 2310 1860 2368 quae
1899 2308 2028 2348 vera
2057 2308 2167 2348 non

575 2398 725 2458 sunt,
778 2392 946 2448 stulta
987 2390 1226 2448 dicenda
1260 2388 1407 2453 sint;
1440 2385 1582 2442 alius
1610 2392 1794 2440 tamen
1824 2390 1923 2449 est,
1956 2380 2050 2454 qui
2082 2397 2166 2436 res

575 2477 856 2536 fabulosos
902 2479 1142 2546 inducit,
1173 2485 1228 2532 et
1255 2475 1396 2532 alius
1427 2473 1521 2546 qui
1554 2470 1858 2529 calliditate
1905 2469 2165 2542 tergiver-

573 2568 806 2625 sationis
859 2585 973 2626 rem
1007 2581 1220 2622 veneno
1248 2563 1462 2635 plenam
1494 2559 1773 2634 proponit,
1801 2567 1862 2615 ut
1888 2566 1970 2616 est
2000 2559 2167 2615 Arius

573 2666 628 2714 et
669 2657 960 2714 Photinus.
1003 2653 1272 2711 Fabulosa
1315 2659 1497 2706 autem
1535 2665 1644 2704 non
1676 2649 1788 2716 lex,
1819 2648 1914 2704 sed
1943 2646 2166 2704 haeresis

579 2753 680 2814 est,
733 2755 999 2820 quantum
1039 2741 1105 2798 ad
1133 2749 1350 2810 tempus
1374 2739 1613 2809 pertinet
1660 2737 1797 2795 illud
1827 2737 2164 2807 Iudaeorum,

575 2835 706 2898 dum
738 2835 960 2910 quidam
996 2846 1182 2888 eorum
1215 2828 1321 2886 sibi
1372 2828 1721 2888 vindicarent
1750 2830 2164 2903 praerogativam

580 2925 855 2998 originum
890 2918 1348 2996 patriarcharum,
1379 2936 1499 2993 quae
1542 2920 1611 2978 de
1638 2919 2008 2976 matrimoniis
2034 2927 2166 2975 ortae

575 3021 726 3080 sunt,
759 3028 886 3069 cum
915 3027 985 3066 ex
1015 3009 1119 3066 hoc
1152 3009 1368 3066 nullum
1399 3010 1657 3067 meritum
1697 3009 1770 3066 sit
1797 3009 1943 3081 apud
1967 3010 2162 3065 Deum.

575 3098 811 3168 Quidam
866 3113 1000 3155 vero
1040 3113 1330 3155 urceorum
1357 3105 1413 3155 et
1439 3107 1762 3158 cancrorum
1793 3114 2048 3154 vasorum
2076 3096 2166 3154 ba-

572 3189 796 3264 ptisma,
827 3197 880 3247 et
907 3190 1229 3263 sanguinem
1265 3192 1514 3248 mustela
1543 3205 1740 3263 magna
1773 3205 1904 3248 cura
1933 3188 2167 3262 expian-

2279 2012 2444 2067 statui
2476 2011 2736 2067 hiemare.
2768 2035 2786 2058 ι
2829 2011 2958 2066 Post
2987 2011 3272 2098 epistolam
3293 2011 3474 2067 datam
3505 2013 3673 2070 etiam
3693 2015 3876 2088 ipsum

2277 2098 2464 2155 videre
2511 2100 2634 2154 vult
2677 2101 2905 2156 affectus
2933 2117 3115 2170 causa,
3147 2109 3201 2158 et
3244 2109 3306 2158 ut
3331 2100 3545 2173 plenius
3575 2102 3736 2162 illum
3769 2105 3882 2162 ﬂr-

2277 2195 2452 2243 maret
2479 2187 2537 2244 in
2572 2189 2941 2246 ecclesiastica
2975 2179 3287 2263 disciplina.

2351 2285 2534 2356 (Vers.
2587 2287 2674 2356 13,
2723 2287 2837 2360 14.)
2865 2303 2907 2335 ἐ
2933 2290 3133 2346 Zenam
3174 2287 3548 2362 legisperitum
3588 2299 3641 2348 et
3669 2293 3884 2365 Apollo

2275 2376 2514 2434 sollicite
2561 2378 2853 2451 praemitte,
2885 2388 2948 2436 ut
3000 2379 3144 2436 nihil
3178 2380 3290 2437 illis
3319 2379 3460 2436 desit
3487 2399 3500 2436 :
3533 2381 3747 2438 discant
3778 2400 3884 2440 au-

2274 2473 2385 2522 tem
2443 2477 2497 2525 et
2541 2469 2714 2524 nostri
2767 2469 2928 2526 bonis
2959 2470 3218 2543 operibus
3246 2487 3475 2543 praeesse
3501 2469 3566 2527 ad
3599 2487 3732 2526 usus
3759 2488 3886 2528 ne—

2273 2557 2556 2626 cessarios,
2587 2567 2649 2615 ut
2678 2575 2789 2616 non
2811 2559 2924 2615 sint
2950 2559 3302 2617 infructuosi.
3337 2585 3356 2607 ι
3400 2561 3633 2636 Uterque
3659 2559 3886 2619 nobilis

2274 2645 2363 2702 vir
2390 2655 2470 2704 est
2516 2647 2782 2720 sapientia
2823 2658 2877 2706 et
2904 2649 3196 2722 operibus;
3229 2657 3282 2706 et
3311 2649 3517 2707 idcirco
3539 2648 3697 2722 jubet
3721 2667 3882 2708 sum-

2274 2741 2400 2806 ptus
2436 2735 2549 2790 illis
2604 2738 2940 2794 necessarios
2977 2737 3096 2794 dari
3138 2737 3206 2794 ab
3256 2739 3345 2808 iis,
3378 2739 3471 2812 qui
3499 2737 3884 2809 crediderant,

2274 2831 2337 2879 ut
2369 2823 2793 2896 refrigerarent;
2829 2827 2959 2899 quia
2985 2827 3211 2900 dignum
3242 2837 3356 2885 erat
3387 2835 3449 2885 ut
3477 2828 3570 2902 qui
3598 2829 3886 2901 spiritalia

2275 2913 2700 2981 tradebant,non
2733 2915 2846 2971 illis
2875 2915 3125 2972 deessent
3151 2917 3412 2974 carnalia.
3436 2917 3703 2986 Quamvis
3719 2918 3882 2974 enim

2275 3004 2474 3060 Zenam
2532 3005 2907 3077 legisperitum
2969 3007 3204 3073 vocitet;
3266 3008 3466 3080 Apollo
3519 3015 3706 3064 tamen
3737 3023 3884 3080 per-

2277 3091 2453 3149 fectus
2509 3101 2625 3149 erat
2680 3093 2738 3148 in
2790 3093 3127 3165 Scripturis:
3185 3095 3280 3151 sed
3327 3096 3456 3168 quia
3501 3097 3676 3152 Zenas
3704 3095 3884 3170 hujus

2275 3181 2634 3252 professionis
2691 3181 2868 3237 fuerat
2923 3181 2980 3236 in
3037 3182 3341 3254 Synagoga,
3372 3184 3453 3240 sic
3480 3183 3640 3240 illum
3676 3186 3882 3260 appel-
3945 3187 3948 3206 ‘

569 3278 703 3336 dum
738 3278 928 3350 (Lavit.
971 3297 1056 3349 xx,
1088 3279 1218 3354 29):
1261 3288 1316 3337 et
1343 3280 1470 3354 quia
1498 3279 1621 3338 ideo
1643 3280 1852 3354 Moysis
1879 3281 2163 3352 sepultura
2195 3270 2238 3330 C
2273 3269 2370 3327 lat.

569 3366 892 3426 abscondita
923 3376 1025 3439 est,
1055 3386 1124 3426 ne
1162 3387 1194 3426 a
1221 3371 1394 3444 magis
1426 3370 1779 3439 excitaretur,
1811 3368 1956 3443 quod
1985 3369 2030 3424 si
2061 3385 2160 3424 ve-

2347 3386 2532 3458 (Vers.
2567 3387 2682 3462 15.)
2719 3413 2737 3435 ι
2758 3387 3011 3446 Salutant
3030 3397 3082 3444 te
3111 3404 3301 3444 omnes
3322 3388 3416 3462 qui
3447 3403 3666 3445 mecum
3685 3398 3865 3446 sunt.-

3943 3259 3948 3374 1

568 3473 693 3513 rum
751 3469 912 3530 esset,
956 3469 1012 3518 et
1059 3468 1380 3518 ceterorum
1438 3467 1752 3518 sanctorum
1779 3458 2165 3516 abscondenda

2281 3475 2499 3549 Propter
2525 3477 2911 3551 compendium
2931 3478 3096 3536 simul
3114 3495 3304 3536 omnes
3325 3477 3668 3534 consalutare
3689 3479 3891 3554 signi-v
3945 3445 3948 3520 ’

569 3547 750 3604 fuerat
785 3550 1106 3622 sepultura:
1138 3556 1193 3606 et
1221 3549 1352 3623 quia
1378 3549 1636 3606 Salomon
1658 3547 1936 3621 adjutorio
1964 3549 2162 3606 daemo-

2273 3565 2417 3623 ﬁcat.
2475 3591 2494 3614 ι
2523 3566 2710 3624 Saluta
2737 3583 2829 3622 eos
2860 3567 2956 3641 qui
2984 3583 3085 3624 nos
3115 3575 3302 3624 amant
3326 3567 3383 3622 in
3408 3566 3533 3623 ﬁde.
3567 3592 3588 3616 ι
3631 3567 3772 3624 Illos
3791 3585 3870 3624 sa-

568 3636 792 3730 niorem
814 3639 1144 3730 μιιθξιη-ινιιπιιιιΔ
1175 3637 1493 3730 εεᾶίῆιξδνίι.
1528 3638 1604 3730 ip
1638 3654 1747 3730 quo
1783 3655 1946 3730 opere
1971 3639 2166 3712 ingens
2217 3665 2244 3696 δ
2273 3655 2542 3714 lutatione
2580 3674 2678 3714 sua
2702 3636 2898 3730 dignos
2927 3658 3105 3714 videri
3133 3658 3276 3726 vult,
3314 3657 3410 3730 qui
3440 3656 3682 3715 ﬁdeliter
3709 3659 3874 3716 illum

568 3725 873 3782 multitudo
900 3725 1193 3796 laboravit,
1222 3727 1356 3800 quid
1381 3735 1493 3784 tam
1519 3726 1829 3784 fabulosum
1853 3727 1884 3785 ἳ

645 3831 830 3904 (Vers.
864 3832 952 3901 10,
986 3833 1100 3908 11.)
1165 3856 1185 3880 ι
1215 3833 1546 3891 Haereticum
1578 3834 1862 3898 hominem
1893 3843 2017 3909 post
2040 3835 2164 3910 pri-

569 3938 716 3986 mam
772 3922 1176 4004 correptionem
1221 3921 1427 3997 devita,
1480 3924 1660 3987 sciens
1701 3925 1847 4004 quod
1877 3942 2166 4004 pervorsus

2272 3743 2517 3820 diligunt
2541 3747 2741 3804 affectu
2771 3747 2979 3806 Christi
3008 3747 3234 3804 Domini
3259 3747 3454 3804 nostri.
3503 3771 3522 3795 ε
3559 3745 3755 3805 Gratia
3773 3747 3873 3806 Dei

2273 3855 2399 3895 cum
2428 3839 2688 3896 omnibus
2718 3839 2894 3896 vobis.
2924 3863 2943 3887 ι
2986 3839 3145 3898 Nunc
3181 3839 3505 3912 generaliter
3531 3855 3730 3898 omnes
3779 3856 3875 3898 sa-

2274 3929 2415 3988 lutat
2443 3929 2638 3986 fratres
2667 3937 2719 3986 et
2747 3928 3075 3988 domesticos
3104 3930 3234 3988 Titi.

575 4096 3122 4126 m

694 4279 833 4370 1N
903 4278 1683 4370 EPISTOLAM
1751 4281 1868 4374 B.
1945 4282 2349 4372 PAULI
2417 4286 2585 4374 AD
2655 4285 3608 4380 PHILEMONEM.

1071 4627 1220 4685 817
1246 4620 1632 4680 PROLOGUS.

638 4720 931 4778 Philemon
987 4720 1145 4778 nulla
1192 4728 1309 4777 erat
1365 4718 1745 4777 ecclesiastica:
1797 4717 2164 4776 ordinationis

570 4811 834 4884 praeditus
861 4811 1251 4886 diguitate,sed
1282 4813 1371 4867 vir
1387 4810 1853 4879 laudabilis,unus
1882 4825 1951 4865 ex
1981 4809 2160 4882 plebe.

570 4898 674 4958 Cui
703 4917 866 4958 causa
893 4901 1141 4959 Onesimi
1171 4902 1316 4958 servi
1345 4899 1464 4974 ejus
1492 4899 1804 4962 familiaris,
1834 4898 2044 4956 litteras
2073 4898 2164 4954 fa-

567 4986 683 5055 cit;
730 4997 794 5045 ut
848 5006 961 5046 non
1000 4993 1180 5048 solum
1231 4992 1478 5065 ignoscat
1503 4990 1575 5058 ei,
1608 4988 1703 5045 sed
1731 4996 1784 5046 et
1812 4990 1926 5046 Deo
1964 4987 2164 5062 gratias

567 5083 710 5147 agat;
727 5077 858 5148 quia
887 5079 1050 5135 talem
1082 5081 1241 5136 illum
1273 5080 1501 5154 recepit,
1537 5089 1599 5138 ut
1628 5095 1740 5137 non
1769 5093 1990 5136 servum
2019 5075 2160 5133 aesti-

567 5169 700 5232 met,
731 5163 825 5220 sed
865 5163 1288 5224 dilectissimum
1320 5169 1566 5224 fratrem.

1099 5312 1332 5371 CAPUT
1357 5313 1646 5374 UNICUM.

639 5437 822 5510 (Vers.
867 5436 916 5506 1,
975 5435 1028 5504 2,
1078 5434 1158 5510 3.)
1205 5461 1224 5484 ε
1269 5435 1473 5492 Paulus
1519 5435 1742 5494 vinctus
1772 5435 1978 5495 Christi
2009 5435 2156 5502 Jesu,

565 5533 620 5582 et
649 5525 977 5582 Timotheus
1007 5525 1177 5582 frater
1208 5525 1521 5582 Philemoni
1543 5525 1748 5582 dilecto
1777 5523 1954 5592 fratri,
1987 5533 2041 5580 et
2071 5523 2160 5580 la-

563 5611 761 5670 borum
795 5615 956 5672 nobis
986 5615 1263 5689 participi,
1295 5622 1350 5672 et
1377 5614 1568 5688 Appiae
1597 5614 1771 5670 sorori
1799 5613 2156 5680 charissima,

565 5708 620 5757 et
658 5701 939 5774 Archippo
972 5705 1342 5760 commilitoni
1373 5712 1583 5772 nostro,
1615 5711 1669 5760 et
1696 5703 2012 5759 domesticae
2041 5699 2158 5772 ejus

563 5786 846 5846 Ecclesiae.
881 5789 1069 5846 Gratia
1100 5791 1258 5848 vobis
1299 5799 1354 5848 et
1383 5808 1489 5863 pax
1535 5807 1564 5846 a
1605 5791 1720 5846 Deo
1756 5791 1914 5847 Patre
1945 5799 2154 5858 nostro,

2193 4623 2243 4683 D
2271 4643 2325 4690 et
2353 4633 2592 4690 Domino
2645 4636 2773 4693 Iesu
2821 4633 3060 4693 Christo.
3093 4660 3113 4685 ι
3165 4635 3236 4692 Ut
3261 4635 3585 4710 dignitatem
3621 4638 3876 4710 epistolae

2271 4742 2302 4782 a
2331 4741 2387 4782 se
2417 4727 2596 4784 missae
2625 4726 2849 4796 faceret,
2880 4727 2948 4784 ab
2978 4727 3184 4800 injuria
3199 4745 3298 4785 sua
3325 4729 3508 4801 coepit.
3540 4727 3698 4786 Sicut
3717 4730 3871 4786 enim

2271 4815 2480 4888 peccati
2537 4833 2699 4873 causa
2733 4816 2935 4874 vinciri
2987 4816 3340 4890 opprobrium
3373 4825 3474 4887 est,
3506 4817 3583 4874 ita
3613 4834 3644 4874 e
3673 4826 3873 4875 contra

2273 4924 2370 4979 pro
2425 4906 2648 4965 Christo
2701 4906 2966 4964 custodire
3021 4905 3247 4963 vincula
3297 4906 3566 4963 sustinere
3619 4906 3872 4962 maxima

2273 4996 2482 5063 gloria:
2514 5011 2579 5052 eo
2609 4994 2755 5051 enim
2793 5004 3037 5067 tempore
3066 5011 3176 5070 quo
3205 4995 3348 5054 hanc
3375 4995 3663 5068 epistolam
3687 4997 3866 5060 misit,

2272 5084 2328 5140 in
2375 5084 2626 5141 custodia
2671 5094 2806 5142 erat.
2837 5085 3100 5154 Quamvis
3127 5094 3304 5142 autem
3337 5085 3568 5142 clericus
3590 5100 3704 5142 non
3734 5085 3871 5141 fne-

2269 5175 2344 5230 rit
2371 5175 2868 5244 Philemon,tamen
2907 5175 3168 5232 intererat
3198 5174 3582 5232 ecclesiasticis
3609 5175 3870 5230 necessi—

2270 5263 2474 5322 tatibus
2503 5281 2663 5322 causa
2688 5264 3024 5333 devotionis,
3057 5263 3203 5321 unde
3234 5263 3555 5337 participem
3586 5261 3741 5320 hunc
3767 5263 3870 5320 di—

2268 5353 2346 5411 cit
2394 5352 2665 5410 laborum.
2700 5353 2841 5412 Sunt
2877 5354 3025 5410 enim
3067 5351 3228 5409 multi
3259 5351 3507 5426 qui,cum
3541 5350 3653 5408 sint
3682 5350 3866 5424 digni,

2267 5450 2534 5498 excusant
2560 5451 2767 5508 tamen,
2798 5441 3019 5498 infimos
3039 5441 3359 5513 semetipsos
3381 5438 3694 5512 judicantes
3724 5440 3866 5498 tanti

2269 5529 2602 5586 ministerii:
2639 5529 2784 5586 unde
2823 5545 2952 5586 vere
2979 5529 3131 5600 digni
3162 5538 3444 5602 apparent.

2343 5618 2524 5689 (Vers.
2559 5617 2612 5686 4,
2661 5618 2714 5686 5,
2764 5618 2844 5688 6,)
2898 5640 2917 5664 ι
2947 5617 3162 5674 Gratias
3199 5633 3298 5690 ago
3325 5619 3440 5674 Deo
3471 5633 3616 5685 meo,
3645 5633 3870 5690 semper

2267 5705 2605 5761 mentionem
2635 5703 2720 5761 tui
2747 5704 2952 5762 faciens
2981 5703 3038 5760 in
3067 5704 3410 5762 orationibus
3438 5704 3595 5774 meis,
3629 5704 3871 5762 audiens

2266 5791 2429 5848 ﬁdem
2484 5800 2637 5848 tuam
2687 5801 2740 5850 et
2783 5793 3128 5864 charitatem,
3173 5810 3338 5867 quam
3369 5792 3536 5850 habes
3565 5792 3624 5848 in
3651 5794 3871 5850 Domi-
