3970 6358
177 423 292 489 533

1134 410 1496 481 COMMENT.
1536 416 1608 477 IN
1646 414 1862 475 EPIST.
1903 416 2000 475 AD
2036 408 2524 477 PHILEMONEM.

3363 416 3472 478 534

179 570 319 612 num
338 553 545 625 Iesum,
571 563 624 614 et
657 554 715 615 in
745 574 935 617 omnes
958 567 1206 627 sanctos;
1242 566 1305 615 ut
1340 554 1770 617 communicatio
1797 546 1850 606 Α
1883 547 2035 602 velut
2089 563 2329 619 Servum,
2389 552 2484 609 sed
2537 567 2638 626 pro
2688 567 2846 609 servo
2901 550 3167 609 dilectum
3220 549 3470 618 fratrem.

179 652 279 700 tua
306 658 527 721 accepta
554 649 649 705 ﬁat
680 650 738 706 in
762 651 1040 724 agnitione
1060 651 1240 707 omnis
1265 650 1419 719 boni,
1443 666 1563 724 qua
1593 648 1651 704 in
1679 660 1775 702 no-

178 732 269 789 bis
297 746 378 793 est
422 738 480 793 in
511 737 750 795 Christo.
792 764 811 787 ι
853 740 1100 798 Gaudere
1131 758 1187 797 se
1216 739 1374 809 dicit,
1406 747 1461 796 et
1501 740 1615 794 Deo
1661 751 1775 807 gra-

177 820 290 879 tias
323 826 524 884 referre
554 827 610 883 in
641 829 894 902 precibus
922 831 1055 899 suis,
1079 831 1208 903 quia
1230 831 1423 886 ﬁrmus
1442 836 1557 884 erat
1586 826 1645 881 in
1669 823 1778 880 ﬁde

178 920 237 967 et
267 913 433 974 bonis
461 918 720 990 cperibus
751 919 1073 980 insistebat:
1108 920 1203 995 qui
1233 921 1381 977 enim
1411 919 1596 992 diligit
1619 915 1777 974 Chri-

180 1012 358 1073 stum,
391 1007 619 1078 probare
647 1009 753 1067 hoc
786 1011 948 1067 debet
975 1011 1031 1067 in
1062 1029 1247 1069 servos
1274 1011 1393 1084 ejus
1428 1011 1568 1083 (94),
1600 1008 1777 1067 sciens

180 1093 489 1151 Dominum
537 1096 645 1154 sibi
699 1098 1099 1171 imputaturum
1150 1100 1419 1175 quidquid
1467 1098 1779 1159 constiterit

181 1191 471 1255 erogatum
519 1186 578 1243 in
626 1188 818 1245 servis.
866 1189 1165 1261 Apostolus
1191 1198 1375 1247 tamen
1409 1189 1516 1245 hoc
1556 1205 1613 1246 se
1640 1187 1777 1245 dicit

180 1274 385 1331 addere
425 1277 703 1345 precibus,
755 1287 818 1336 ut
864 1280 1110 1353 operatio
1142 1280 1260 1352 ejus
1295 1296 1420 1338 cum
1464 1279 1778 1351 cognitione

183 1363 281 1421 ﬁat
309 1364 612 1436 bonitatis;
654 1368 760 1427 hoc
787 1377 886 1438 est,
920 1377 983 1425 ut
1019 1370 1118 1426 tali
1147 1369 1252 1427 hoc
1290 1376 1471 1426 mente
1500 1376 1774 1442 operetur,

182 1462 249 1508 ut
280 1455 339 1509 in
368 1455 619 1513 futurum
648 1458 815 1531 hujus
844 1459 923 1515 rei
952 1468 1229 1532 exspectet
1253 1458 1579 1516 mercedem.

261 1545 442 1617 (Vers.
479 1548 558 1619 7.)
625 1570 645 1595 ‹
696 1548 971 1607 Gaudium
1019 1550 1166 1607 enim
1224 1564 1482 1622 magnum
1528 1545 1696 1605 habui
1725 1552 1779 1601 et

183 1636 620 1694 consolationem
675 1656 837 1712 super
884 1640 1153 1697 charitate
1205 1648 1335 1708 tua;
1391 1639 1521 1713 quia
1569 1639 1780 1695 viscera

182 1734 500 1783 sanctorum
556 1729 947 1800 requieverunt
1006 1747 1102 1803 per
1154 1738 1238 1797 te,
1293 1729 1479 1785 frater.
1520 1753 1539 1775 ι
1592 1727 1780 1782 Mani-

181 1815 386 1873 festum
431 1824 513 1874 est
562 1818 692 1891 quia
742 1819 951 1877 idcirco
998 1836 1053 1877 se
1103 1820 1375 1891 sigﬂﬂcat
1426 1821 1609 1876 laetum
1640 1834 1775 1885 esse,

181 1907 318 1980 quia
364 1914 679 1965 sanctorum
728 1910 1145 1967 necessitatibus
1182 1910 1445 1967 utensilia
1489 1907 1780 1965 ministra—
1811 1903 1858 1963 B

180 1997 318 2065 bat;
360 1998 509 2055 unde
540 2006 593 2055 et
622 2000 747 2079 plus
777 2001 1011 2076 gaudet,
1041 2008 1222 2059 certus
1258 2017 1327 2057 ex
1373 2000 1478 2056 hoc
1507 2000 1636 2073 quia
1668 1998 1778 2054 ob-

182 2098 506 2161 sequeretur
558 2098 611 2146 et
664 2091 938 2147 mandatis
990 2091 1128 2169 ejus,
1186 2107 1348 2166 quem
1406 2098 1620 2147 constat
1663 2106 1778 2146 esse

181 2178 475 2250 potiorem.

259 2265 441 2338 (Vers.
474 2268 527 2337 8,
564 2269 645 2341 9.)
691 2290 711 2317 ‹
750 2268 1096 2342 Quapropter
1122 2270 1353 2325 multam
1380 2267 1638 2325 fiduciam
1669 2268 1778 2323 ha-

179 2355 319 2412 bens
348 2355 404 2411 in
436 2356 656 2415 Christo
685 2358 992 2430 imperandi
1021 2359 1148 2428 tibi,
1179 2359 1326 2433 quod
1356 2358 1423 2415 ad
1454 2373 1566 2414 rem
1597 2355 1779 2430 perti-

180 2452 318 2513 net;
380 2456 600 2519 propter
650 2447 973 2505 charitatem
1031 2458 1214 2506 tamen
1266 2449 1439 2523 magis
1494 2447 1772 2520 deprecor,

180 2548 312 2589 cum
358 2533 433 2592 sis
464 2536 611 2605 talis,
655 2542 719 2592 ut
771 2538 975 2594 Paulus
1023 2554 1236 2597 senex:
1296 2554 1446 2595 nunc
1492 2543 1675 2595 autem
1722 2542 1775 2591 et

179 2623 407 2682 vinctus
456 2624 665 2683 Christi
712 2626 859 2684 Iesu.
906 2650 926 2675 ι
979 2628 1256 2696 Quantum
1313 2630 1455 2685 ratio
1502 2626 1775 2700 exigebat,

180 2711 411 2786 dignum
476 2722 591 2771 erat
658 2715 926 2788 imperare
984 2716 1259 2790 discipulo
1327 2718 1648 2788 magistrum
1705 2730 1776 2769 ex

177 2799 385 2859 fiducia
425 2803 739 2876 apostolicae
786 2806 1169 2869 auctoritatis;
1209 2807 1302 2862 sed
1329 2804 1459 2878 quia
1485 2804 1575 2859 vir
1599 2803 1776 2859 bonus

176 2900 299 2947 erat
324 2890 636 2961 Philemon,
680 2909 775 2965 per
801 2894 1055 2951 affectum
1107 2894 1269 2950 illum
1309 2901 1569 2966 provocat
1596 2892 1777 2949 obau-

176 2980 321 3049 dire,
381 2982 537 3056 quasi
591 2998 837 3039 coaevum
894 2982 1088 3051 aetatis,
1150 2990 1204 3039 et
1257 2983 1508 3040 vinctum
1568 2980 1773 3040 Christi

178 3071 329 3140 Iesu,
390 3071 448 3128 id
500 3080 603 3141 est,
656 3074 956 3146 obligatum
1013 3074 1249 3146 negotiis
1301 3072 1629 3142 Dominicis,
1685 3072 1773 3127 vel

178 3170 404 3236 propter
431 3178 633 3221 nomen
659 3164 777 3235 ejus
804 3164 1113 3237 subjectum
1142 3164 1383 3222 vinculis
1406 3208 1419 3231 ,
1449 3164 1592 3221 sicut
1621 3169 1775 3219 erant

1834 680 1839 689 ν
1883 636 2124 694 maxime
2149 639 2287 696 mihi
2311 658 2324 708 ;
2366 652 2573 715 quanto
2597 651 2780 699 autem
2813 643 2986 714 magis
3007 641 3115 698 tibi
3140 648 3195 697 et
3223 641 3283 698 in
3305 655 3471 699 carne

1883 736 1938 783 et
1966 729 2025 783 in
2043 729 2281 785 Domino
2301 731 2330 787 ἢ
2359 756 2378 780 ι
2411 731 2721 799 Onesimus,
2744 731 2950 787 offenso
2970 730 3197 787 domino
3226 730 3471 801 proprio,

1885 819 2133 891 confugit
2182 822 2343 893 longa
2399 822 2834 895 peregrinatione
2883 821 2953 877 ad
2994 821 3357 893 Apostolum;
3408 827 3473 876 ut

1885 911 2194 968 ostenderet
2246 929 2303 969 se
2358 928 2470 969 non
2524 912 2592 970 ad
2649 912 2756 970 hoc
2810 911 3112 978 recessisse,
3164 917 3227 965 ut
3280 907 3471 965 delicti
3508 940 3521 948 ς

1886 1008 2024 1057 esset
2055 1000 2351 1069 obnoxius,
2401 1003 2497 1058 sed
2526 1010 2588 1057 ut
2633 1001 2968 1061 oblitteratis
3009 998 3266 1072 peccatis,
3315 995 3473 1053 utilis

1886 1097 2252 1146 reverteretur
2281 1086 2339 1148 in
2368 1098 2583 1148 tantum
2605 1135 2619 1159 ,
2650 1098 2713 1146 ut
2757 1107 2866 1146 non
2909 1090 3087 1146 solum
3118 1086 3344 1143 domino
3372 1100 3473 1141 suo

1886 1178 2109 1254 aequalis
2138 1178 2291 1237 fieret
2327 1180 2559 1251 meritis,
2601 1179 2693 1237 sed
2724 1188 2777 1239 et
2824 1179 2927 1252 ipsi
2976 1175 3237 1251 magistro
3281 1175 3471 1232 frater.

1885 1267 1959 1324 Et
1991 1284 2060 1325 ne
2085 1268 2377 1326 Philemon
2404 1270 2651 1343 aliquod,
2683 1280 2745 1328 ut
2771 1269 2991 1337 assolet,
3025 1265 3180 1341 quasi
3213 1262 3474 1321 dominus

1886 1355 2178 1412 adversum
2209 1374 2449 1428 servum,
2496 1359 2781 1414 fastidium
2827 1355 3131 1414 inﬂationis
3173 1360 3471 1426 pateretur,

1887 1443 2147 1500 humiliat
2176 1446 2357 1515 illum,
2385 1463 2511 1504 cum
2538 1447 2675 1503 dicit
2700 1446 2861 1502 illum
2891 1444 3117 1500 fratrem
3137 1450 3192 1499 et
3223 1441 3283 1497 in
3311 1454 3475 1498 carne

1886 1540 1940 1589 et
1991 1533 2051 1588 in
2094 1534 2365 1604 Domino;
2420 1543 2514 1605 ut,
2566 1535 2782 1592 sublata
2831 1533 3089 1591 humanm
3137 1526 3475 1587 conditionis

1886 1637 2068 1689 causa,
2088 1621 2214 1695 quia
2236 1640 2426 1679 omnes
2453 1640 2522 1681 ex
2558 1639 2671 1679 uno
2695 1639 2885 1679 sumus
2920 1618 3119 1688 Adam,
3152 1619 3347 1675 fratres
3375 1633 3476 1673 nos

1887 1727 2322 1782 cognoscamus:
2378 1713 2618 1769 maxime
2659 1730 2785 1770 cum
2832 1712 2968 1768 ﬁdes
3011 1710 3222 1769 accedit
3271 1708 3470 1775 media,

1886 1816 2007 1873 quae
2035 1817 2251 1858 omnem
2280 1802 2593 1875 superbiam
2626 1809 2891 1874 amputat.

1962 1890 2145 1961 (Vers.
2184 1892 2297 1963 17.)
2350 1915 2369 1940 ι
2409 1892 2467 1949 Si
2497 1910 2624 1965 ergo
2653 1891 2821 1950 habes
2851 1909 2937 1949 me
2966 1890 3175 1949 socium
3208 1890 3348 1961 (96),
3378 1905 3476 1946 as-

1885 1994 2041 2034 sume
2067 1980 2229 2036 illum
2257 1980 2403 2039 sicut
2439 1997 2545 2038 me.
2578 2006 2599 2030 ι
2641 1982 2874 2038 Tantum
2908 1998 2964 2037 se
2989 1980 3244 2037 affectum
3277 1977 3478 2035 habere

1885 2066 2031 2123 circa
2088 2068 2407 2125 Onesimum
2464 2069 2726 2137 ostendit,
2777 2077 2840 2125 ut
2887 2076 3022 2125 tunc
3073 2066 3477 2133 Philemonem,

1886 2170 2050 2225 quem
2097 2157 2350 2228 superius
2378 2158 2585 2226 laudat,
2636 2158 2961 2230 participem
3008 2172 3168 2215 suum
3207 2154 3376 2223 dicat,
3428 2170 3479 2211 st

1887 2242 2054 2300 istum
2084 2245 2165 2301 sic
2192 2247 2511 2318 susceperit,
2540 2247 2687 2304 sicut
2715 2246 3063 2319 Apostolnm.
3094 2244 3210 2303 Hoc
3228 2251 3310 2302 est
3330 2242 3478 2300 enim

1886 2335 2033 2407 quod
2058 2334 2206 2392 dixit
2232 2336 2491 2395 Salomon
2534 2355 2546 2394 :
2593 2361 2613 2386 ι
2652 2337 2823 2396 Servo
2868 2336 3102 2410 sapienti
3150 2334 3309 2392 liberi
3357 2349 3480 2391 ser—

1886 2423 2039 2480 vient
2089 2426 2111 2497 (
2134 2427 2300 2484 Eccli.
2333 2444 2412 2496 x,
2450 2426 2584 2499 28).
2635 2453 2654 2478 ι
2700 2426 2860 2495 Quod
2906 2426 3115 2483 dictum
3166 2423 3363 2482 terrori
3398 2429 3481 2480 est

1884 2510 2221 2584 Philemoni,
2256 2524 2319 2572 ut
2347 2518 2541 2573 saltem
2571 2517 2658 2572 vel
2690 2515 2796 2573 hac
2822 2531 2985 2574 causa
3005 2519 3307 2573 assumeret
3329 2527 3475 2580 eum,

1882 2599 1929 2654 si
1958 2601 2225 2661 charitate
2254 2604 2401 2661 flecti
2429 2620 2544 2660 non
2574 2612 2773 2676 posset.

1956 2702 2139 2774 (Vers.
2167 2703 2252 2771 18,
2286 2704 2401 2772 19.)
2447 2726 2468 2752 ι
2516 2703 2573 2760 Si
2621 2713 2805 2761 autem
2852 2700 3068 2775 aliquid
3098 2700 3238 2757 laesit
3277 2707 3348 2766 te,
3384 2704 3480 2754 aut

1883 2789 2102 2846 debitor
2129 2798 2233 2858 est,
2266 2790 2371 2848 hoc
2397 2790 2535 2848 mihi
2566 2792 2797 2863 imputa.
2826 2814 2847 2839 ι
2878 2790 3037 2847 Nunc
3068 2786 3481 2847 excusationem

1884 2878 2187 2938 iracundiae
2217 2879 2520 2946 convellit;
2562 2896 2631 2936 ne
2660 2879 2802 2936 forte
2839 2879 2920 2937 sic
2957 2878 3149 2935 laesum
3180 2893 3237 2934 se
3264 2891 3382 2934 esse
3412 2874 3482 2935 ab

1884 2986 1949 3025 eo
1977 2978 2319 3043 quereretur,
2348 2978 2409 3027 ut
2446 2970 2531 3027 illi
2565 2969 2969 3043 ignoscendum
3000 2968 3228 3025 minime
3255 2968 3483 3025 videre-

1883 3067 1994 3116 tur.
2019 3059 2177 3127 Quod
2198 3060 2244 3117 si
2269 3068 2429 3127 esset,
2455 3059 2562 3117 sibi
2595 3058 2985 3131 imputandum
3006 3058 3168 3126 dicit,
3196 3072 3296 3129 per
3315 3071 3476 3129 quem

1883 3150 2036 3220 regni
2062 3153 2329 3207 caelorum
2361 3147 2604 3207 hairedes
2638 3147 2814 3207 futuri
2841 3156 2991 3218 sunt,
3031 3146 3163 3222 quia
3190 3154 3316 3204 ante
3344 3160 3482 3218 pec-

180 3260 237 3308 et
267 3251 371 3325 ipsi
402 3253 656 3325 apostoli.
700 3254 855 3312 Tales
885 3255 1032 3312 enim
1064 3256 1289 3313 fuerunt
1316 3254 1481 3312 Iudas
1512 3261 1565 3312 et
1608 3255 1770 3321 Silas,
1808 3261 1851 3322 ο
1884 3247 2168 3295 caverunt-

181 3339 299 3413 qni,
350 3357 474 3397 cum
515 3358 583 3398 ex
632 3342 789 3416 plebe
827 3353 1027 3413 essent,
1082 3344 1350 3417 primores
1393 3345 1539 3401 inter
1581 3344 1775 3400 fratres

184 3429 328 3501 (Act.
370 3448 466 3499 xv,
516 3432 632 3503 22),
682 3432 1059 3505 obligaverant
1107 3433 1429 3505 semetipsos
1469 3433 1775 3489 Dominicis

181 3519 436 3590 actibus;
494 3530 557 3579 ut
623 3540 735 3580 una
795 3540 920 3581 cum
982 3524 1297 3596 apostolicis
1360 3524 1775 3595 coagonizarent

180 3618 407 3682 propter
436 3610 599 3668 ﬁdem
627 3613 727 3669 Dei
761 3614 900 3683 (95).
932 3612 1088 3669 Unde
1122 3612 1262 3669 Silas
1299 3614 1568 3687 particeps
1614 3613 1776 3670 labo-

180 3715 305 3756 rum
338 3701 621 3759 invenitur
647 3704 919 3777 Apostoli.

258 3789 436 3859 (Vers.
473 3790 686 3864 10-14.)
734 3818 752 3841 ι
784 3794 1020 3851 Obsecro
1047 3800 1121 3862 te,
1156 3809 1255 3867 pro
1291 3809 1414 3850 meo
1443 3793 1587 3863 ﬁlio,
1610 3809 1772 3868 quem

182 3878 350 3950 genui
401 3879 458 3935 in
492 3881 753 3951 vinculis,
806 3883 1066 3940 Onesimo
1104 3882 1379 3957 quondam
1424 3882 1525 3940 tibi
1561 3882 1773 3953 inutili,

183 3983 336 4025 nunc
360 3985 491 4025 vero
512 3971 615 4028 tibi
648 3972 894 4048 mihique
918 3973 1164 4055 perutili,
1189 3988 1351 4047 quem
1380 3972 1569 4030 remisi
1599 3973 1668 4029 ad
1695 3980 1770 4029 te.

180 4057 268 4114 Tu
294 4068 474 4117 autem
516 4064 676 4120 illum
719 4064 863 4123 sicut
908 4081 1028 4122 mea
1055 4065 1264 4122 viscera
1308 4065 1562 4137 suscipe:
1611 4082 1773 4138 quem

182 4163 284 4219 ego
312 4151 592 4209 volueram
629 4156 774 4228 apud
818 4170 908 4212 me
949 4156 1128 4229 ipsum
1176 4156 1432 4223 retinere,
1463 4162 1525 4211 ut
1574 4172 1673 4227 pro
1722 4161 1777 4213 te

182 4237 328 4293 mihi
360 4241 698 4300 ministraret
744 4243 802 4301 in
846 4246 1088 4302 vinculis
1133 4245 1466 4318 Evangelii:
1517 4232 1612 4301 sed
1640 4244 1779 4301 citra

180 4335 341 4382 tuum
369 4331 663 4387 consilium
694 4333 834 4389 nihil
866 4335 1020 4391 volui
1054 4335 1265 4401 facere;
1297 4341 1359 4390 ut
1388 4350 1497 4389 non
1526 4335 1682 4391 velut
1708 4349 1776 4390 ex

182 4418 510 4476 necessitate
547 4420 753 4478 bonum
782 4432 939 4479 tuum
971 4432 1133 4491 esset,
1180 4423 1274 4480 sed
1310 4424 1709 4480 voluntarium.
1743 4448 1762 4472 ι

180 4505 307 4562 Νοη
351 4524 608 4575 magnum
653 4520 733 4567 est
775 4510 1041 4568 humilem
1086 4511 1353 4569 inclinare
1389 4528 1465 4581 se,
1502 4511 1780 4571 laudabile

182 4614 318 4655 vero
344 4598 637 4656 sublimem
664 4600 847 4657 virum
880 4600 1175 4658 humilium
1201 4617 1289 4668 se;
1329 4599 1454 4658 ideo
1480 4602 1774 4675 Apostolus

188 4784 450 4842 omnibus
479 4782 622 4841 318
653 4786 829 4843 forma
858 4787 930 4843 sit
961 4785 1028 4843 ad
1075 4784 1383 4859 profectum
1431 4785 1776 4842 meritorum.

187 4877 511 4934 Onesimum
548 4895 675 4951 ergo
699 4877 992 4950 profugum
1025 4883 1396 4933 recurrentem
1428 4874 1497 4932 ad
1526 4875 1778 4933 divinum

187 4966 485 5035 auxilium,
500 4984 624 5024 cum
648 4975 789 5023 esset
809 4967 867 5022 in
887 4966 1134 5023 custodia
1152 4965 1527 5033 urbislllomae,
1545 4964 1782 5037 baptiza-

187 5052 274 5111 vit
295 5054 591 5128 Apostolns
614 5056 754 5123 (Act.
779 5072 985 5121 xxvm,
1010 5056 1116 5124 16),
1142 5054 1338 5111 videns
1358 5054 1416 5110 in
1447 5054 1547 5111 illo
1572 5054 1782 5111 utilita-

186 5143 265 5199 tis
292 5159 462 5215 spem.
494 5143 665 5211 Quem
698 5144 778 5201 sic
817 5141 1183 5210 commendat,
1227 5148 1291 5197 ut
1334 5156 1494 5197 suum
1534 5142 1779 5197 animum

191 5231 253 5287 in
305 5232 402 5289 illo
449 5232 721 5308 signiﬁcet
770 5234 1030 5290 idoneum
1078 5248 1148 5288 ex
1198 5230 1387 5287 inutili
1435 5230 1639 5289 factum
1668 5239 1781 5287 tam

191 5319 563 5389 saecularibus,
598 5338 761 5395 quam
788 5320 995 5377 divinis
1025 5318 1320 5392 obsequiis.

267 5407 448 5481 (Vers.
480 5410 579 5480 15,
614 5410 727 5482 16.)
782 5433 802 5458 ι
844 5409 1094 5466 Forsitan
1131 5408 1279 5465 enim
1320 5406 1527 5465 idcirco
1564 5406 1785 5465 secessit

192 5495 261 5555 ad
292 5496 508 5565 horam,
528 5505 590 5553 ut
620 5498 679 5557 in
708 5505 973 5555 aeternum
1000 5497 1159 5553 illum
1191 5496 1459 5570 reciperes
1484 5513 1496 5553 :
1534 5512 1645 5553 non
1668 5494 1783 5568 jam

1486 5703 1625 5773 ﬁlios
1653 5702 1783 5773 ejus.

429 5702 617 5786 Codex
642 5702 814 5786 Yall.,
846 5703 1077 5786 probare
1101 5703 1375 5786 ΔΙιοιι-εζιξζιει
1402 5703 1470 5786 in

368 5708 388 5845 ἔ
431 5708 617 5761 Codex
643 5708 814 5784 V_all.,
846 5708 1077 5830 probare
1111 5708 1203 5758 hoc
1232 5708 1375 5786 debet
1402 5708 1456 5757 in
1486 5708 1538 5785 ﬁl

429 5775 589 5832 Rom.
621 5773 757 5831 edit.
790 5790 850 5831 so
875 5790 925 5843 a,
956 5781 1172 5847 propter
1204 5776 1403 5831 Filium
1423 5775 1538 5830 Dei.

270 5747 388 5843 (ὀἑῦ
429 5747 850 5832 ῑιόἷτῖῖ“ρὰῆ’.”ἑσ

1959 3334 2140 3406 (Vers.
2171 3336 2286 3406 19.)
2333 3359 2352 3385 ι
2384 3336 2501 3409 Ego
2531 3335 2734 3392 Paulus
2772 3333 2963 3406 scripti
3005 3348 3173 3390 manu
3202 3348 3345 3401 mea,
3380 3349 3479 3406 ego

1884 3422 2143 3489 reddam;
2197 3432 2260 3481 ut
2307 3440 2420 3480 non
2464 3424 2643 3480 dicam
2672 3422 2776 3479 tibi
2812 3421 2958 3496 quod
2989 3422 3153 3477 etiam
3192 3428 3247 3477 te
3294 3419 3475 3493 ipsum

1882 3511 2025 3567 mihi
2052 3511 2237 3568 debes.
2275 3537 2293 3561 ι
2336 3513 2393 3569 Si
2433 3528 2541 3585 qua
2583 3512 2789 3569 offensa
2834 3520 2917 3568 est
2944 3509 3213 3579 Onesimi,
3256 3509 3478 3566 cautio—

1882 3616 2008 3657 nem
2053 3617 2210 3658 suam
2258 3608 2492 3659 testatur
2533 3618 2593 3658 se
2636 3616 2752 3658 esse
2798 3599 3091 3668 idoneam;
3136 3607 3199 3655 ut
3242 3616 3343 3672 pro
3375 3599 3477 3657 illo

1882 3691 2201 3752 satisfaciat.
2253 3692 2326 3749 Et
2369 3702 2431 3749 ιιι
2468 3708 2663 3749 verum
2708 3693 2987 3765 loquatur,
3016 3689 3286 3762 suberigit
3312 3705 3389 3756 se,
3421 3696 3476 3745 et

1883 3779 2023 3838 dicit
2049 3781 2181 3855 quia
2205 3782 2391 3839 minus
2417 3782 2485 3839 ab
2515 3781 2614 3839 illo
2635 3780 2831 3853 exigit,
2861 3795 3026 3854 quam
3058 3778 3255 3837 debere
3282 3776 3475 3851 proba.

1882 3879 1994 3927 tur.
2022 3872 2087 3927 In
2110 3888 2269 3929 servo
2294 3871 2443 3929 enim
2472 3871 2689 3945 cogitur
2716 3870 3050 3938 satisfacere,
3083 3867 3213 3942 quia
3231 3867 3474 3941 seipsum

1882 3960 2070 4019 debito
2098 3969 2311 4018 onerat.

1956 4061 2140 4134 (Vers.
2172 4061 2261 4129 20,
2291 4061 2409 4131 21.)
2456 4083 2476 4109 ε
2515 4062 2596 4118 Ita
2639 4061 2829 4129 frater,
2878 4060 2961 4116 sic
2989 4074 3088 4131 ego
3132 4066 3187 4115 te
3227 4057 3382 4113 fruar
3416 4055 3475 4110 in

1883 4151 2145 4220 Domino,
2177 4152 2363 4208 refove
2392 4152 2605 4209 viscera
2644 4166 2766 4208 mea
2805 4150 2865 4207 in
2897 4148 3140 4208 Christo.
3188 4143 3475 4203 Fiduciam

1884 4238 2095 4297 habens
2137 4240 2511 4298 obauditionis
2552 4249 2682 4309 tuae,
2727 4240 2922 4313 scripsi
2962 4238 3085 4308 tibi,
3132 4238 3309 4296 sciens
3346 4234 3478 4308 quia

1884 4346 2050 4403 supra
2098 4347 2261 4405 quam
2312 4331 2457 4400 dico,
2513 4331 2700 4388 facies.
2755 4355 2774 4379 ι
2834 4330 2998 4387 Modo
3052 4327 3357 4396 blanditur,
3413 4333 3476 4381 ut

1885 4420 2169 4478 obauditlo
2216 4422 2336 4494 ejus
2378 4422 2696 4479 voluntaria
2739 4423 2849 4490 sit;
2900 4428 2965 4477 ut
3012 4420 3185 4493 possit
3231 4419 3475 4475 fructum

1883 4510 2107 4568 habere.
2141 4512 2232 4569 Sic
2258 4512 2404 4568 enim
2437 4520 2700 4585 provocat
2737 4525 2884 4578 eum,
2916 4518 2979 4566 ut
3008 4508 3247 4580 amplius
3285 4506 3473 4575 faciat,

1802 4631 1851 4690 D
1885 4617 2046 4674 quam
2073 4603 2384 4675 postulatur
2402 4601 2470 4657 ab
2495 4617 2586 4669 eo;
2619 4602 2756 4657 solet
2785 4600 2931 4656 enim
2952 4597 3096 4690 ﬁeri,
3120 4603 3182 4652 ιιι
3202 4596 3299 4668 qui
3323 4593 3475 4650 videt

184 4695 342 4760 rogat
370 4704 518 4756 eum,
564 4690 653 4746 cui
698 4689 1004 4764 imperandi
1051 4689 1213 4747 habet
1251 4697 1593 4762 potestatem,
1625 4689 1774 4745 utin
1806 4689 1819 4701 "

1885 4691 2026 4748 bene
2053 4693 2121 4749 de
2149 4708 2206 4749 se
2235 4690 2450 4759 sentiri,
2481 4690 2765 4747 meliorem
2804 4703 2862 4744 se
2889 4686 3145 4759 praebeat.

1962 4780 2143 4851 (Vers.
2163 4781 2281 4851 22.)
2316 4803 2335 4828 ι
2362 4780 2538 4837 Simul
2570 4786 2752 4835 autem
2774 4784 2828 4833 et
2854 4790 3096 4848 prapara
3123 4770 3264 4828 mihi
3290 4771 3475 4843 hospi-

1888 4872 2065 4939 tium;
2099 4888 2257 4943 spero
2283 4871 2432 4928 enim
2459 4868 2605 4940 quod
2638 4883 2733 4939 per
2758 4865 3033 4922 orationes
3057 4869 3268 4919 vestras
3294 4862 3479 4919 doua-
3567 4863 3572 4866 ’

1888 4961 1989 5018 bor
2016 4962 2194 5018 vobis.
2231 4986 2249 5008 ι
2294 4961 2365 5017 Ut
2391 4956 2769 5014 sollicitiorem
2808 4954 2967 5010 illum
2996 4952 3179 5020 faciat,
3210 4959 3265 5008 et
3305 4951 3480 5023 magis

1890 5052 2140 5120 obediat,
2189 5058 2487 5107 venturum
2540 5063 2596 5102 se
2642 5060 2759 5102 esse
2804 5044 2888 5100 illi
2937 5043 3246 5116 signiﬁcat;
3300 5043 3480 5099 solent

1890 5141 2037 5197 enim
2070 5139 2319 5195 absentes
2346 5135 2647 5193 contemni.
2698 5134 2771 5189 Et
2799 5141 2861 5189 ut
2901 5132 3036 5206 quid
3064 5131 3360 5204 Apostolus
3386 5129 3481 5187 hic

1890 5228 2072 5285 adhuc
2099 5243 2216 5283 esse
2250 5242 2362 5283 non
2390 5224 2738 5295 dedignatur,
2775 5221 2871 5295 qui
2909 5214 3121 5293 semper
3147 5218 3311 5276 taedia
3347 5233 3481 5291 pas-

1892 5335 1983 5373 sus
2006 5324 2087 5373 est
2117 5322 2171 5371 et
2200 5314 2392 5382 exitia,
2441 5311 2637 5378 caedes,
2679 5311 3103 5385 persecutiones,
3146 5324 3209 5365 ac
3234 5308 3479 5376 vincula,

1893 5417 1947 5465 et
1975 5407 2134 5479 cujus
2178 5404 2396 5480 requies
2435 5420 2548 5461 non
2596 5411 2734 5471 erat,
2783 5402 2892 5458 nisi
2944 5401 3001 5457 in
3048 5400 3166 5456 solo
3210 5396 3484 5457 Christo?

1893 5498 2000 5555 Sed
2034 5504 2258 5570 propter
2289 5494 2595 5568 profectum
2630 5492 2745 5565 (97)
2781 5488 3140 5557 credentium,
3170 5495 3231 5544 ut
3269 5495 3326 5544 et
3366 5486 3486 5547 ini..-

1973 5700 2089 5769 (96)
2134 5697 2338 5755 Eadem
2373 5697 2532 5754 Rom.
2566 5693 2724 5769 edit.,
2755 5691 2908 5747 habes
2936 5707 3015 5745 me
3048 5688 3383 5762 participem.
3413 5746 3424 5769 Β

1976 5764 2092 5843 (97)
2135 5771 2234 5827 Sed
2281 5775 2503 5842 propter
2538 5764 2868 5839 profectum,
2913 5771 2969 5820 et
3017 5777 3139 5836 quas
3193 5766 3498 5833 sequuntur
