3972 6358
522 400 632 462 535
1541 396 1640 454 AD
1679 394 1915 457 OPERA
1951 396 2008 455 S.
2047 397 2383 458 AMBROSII
2418 398 2798 459 APPENDIX.
3734 396 3855 458 536

522 535 696 593 mices
736 530 919 594 crucis
967 527 1177 587 Christi
1220 532 1583 590 confunderet
1626 533 1695 590 ad
1738 528 1837 587 Dei
1885 526 2113 601 gloriam
2141 536 2193 596 Α
2225 548 2441 612 nam”,
2488 547 2681 613 Lucas,
2724 522 3006 618 adiuta-05°
3047 540 3177 598 mei,
3212 564 3230 585 ι
3270 535 3381 594 Hos
3422 544 3618 593 omnes
3654 533 3857 608 parti-

522 632 1015 703 augmentandam,
1059 647 1277 686 carnem
1324 645 1477 685 suam
1526 622 1874 699 passionibus
1915 621 2123 711 oﬂ'ere-
2229 638 2377 711 cipes
2416 638 2604 711 sim-im
2640 656 2751 695 sua,
2789 646 3043 694 ιθεωιιπ,

521 718 650 788 bat;
697 728 761 777 ut
803 721 1001 777 animae
1029 737 1141 777 sum
1173 728 1228 775 et
1255 734 1421 789 corpo
1435 717 1479 773 ri
1508 729 1739 773 coronas
1776 708 2120 766 immortali-
2287 708 2483 798 ⁷(νθιζε,
2518 728 2635 799 25.)
2687 752 2706 775 ,
2745 727 2933 784 Gratia
2969 723 3194 791 Domini
3238 718 3415 777 nostri
3457 719 3587 775 Iesu
3618 715 3853 775 Christi

521 811 651 869 tatis
679 809 1006 883 acquireret.
2226 834 2353 875 cum
2382 819 2583 892 spiritu
2611 826 2817 880 vestro.
2857 834 3037 877 amen.
3070 843 3089 867 ι
3133 817 3262 874 Haec
3302 810 3637 886 subscriptio
3666 808 3850 884 Apo-

598 912 780 986 (Vers.
818 915 909 984 23,
946 914 1063 983 2b.)
1110 938 1128 961 ι
1157 913 1369 969 Salutat
1416 920 1471 970 te
1517 910 1804 984 Epaphras
1840 906 2119 981 concapli-
2226 910 2357 967 stoli
2384 917 2467 966 est
2495 908 2877 968 conﬁrmantis
2902 910 3191 984 epistolam
3221 909 3446 968 missam
3482 908 3629 979 (98).

525 1018 629 1059 vus
677 1021 834 1062 meus
863 1003 921 1061 in
971 1003 1193 1063 Christo
1241 1004 1411 1061 Jesu:
1470 1004 1705 1071 Marcus,
1738 1000 2113 1069 Aristarchus,

521 1118 589 1175 ad
655 1119 821 1177 ﬁnem
885 1138 1057 1189 usque
1121 1123 1545 1190 commentarii,
1610 1124 1995 1182 desiderantur
2058 1126 2114 1180 in
2299 1123 2414 1183 (98)
2456 1122 2864 1182 Commentaria
2907 1123 2965 1177 in
3007 1122 3295 1183 epistolam
3336 1121 3404 1178 ad
3433 1121 3701 1178 Hebrteos
3733 1137 3848 1177 cur

521 1190 777 1265 pluribus
801 1192 1131 1265 optimaeque
1160 1202 1305 1250 notae
1331 1193 1651 1252 codicibus:
1692 1196 1747 1252 in
1780 1198 1906 1254 aliis
1928 1205 2113 1253 tamen
2225 1196 2283 1252 in
2329 1195 2473 1253 hanc
2525 1194 2823 1265 editionem
2873 1192 3216 1265 admittenda
3264 1209 3378 1250 non
3422 1193 3543 1265 visa
3574 1192 3839 1265 iuerint.

520 1262 852 1324 nnnnullis.’
878 1280 978 1321 nec
1026 1282 1137 1321 non
1176 1265 1233 1322 in
1265 1267 1524 1323 omnibus
1552 1267 1894 1326 editionibus
1923 1268 2111 1325 eadem
2222 1283 2414 1324 causas
2459 1265 2748 1322 attulimus
2795 1264 2852 1321 in
2896 1264 3292 1322 Admonitione
3338 1264 3616 1321 universis
3671 1263 3841 1320 hisce

518 1331 617 1387 illa
646 1334 1019 1406 reperiuntur.
2222 1337 2637 1395 commentariis
2662 1352 2695 1394 a
2722 1335 2883 1393 nobis
2913 1335 3214 1409 praemissa,
3244 1352 3416 1410 quam
3445 1335 3697 1393 consule.

993 1552 1110 1637 IN
1181 1552 1857 1654 SEQUENTEM
1925 1552 2607 1640 TRACTATUM
2674 1551 3345 1640 ADMONITIO.

584 1801 773 1869 Liber,
804 1818 964 1876 quem
997 1803 1346 1876 subiicimus,
1387 1820 1419 1861 a
1444 1804 1704 1862 Romanae
1734 1803 1997 1861 editionis
2037 1802 2386 1860 curatoribus
2414 1802 2564 1860 inter
2594 1803 2832 1882 προπίω
2873 1803 3048 1862 sancti
3075 1802 3355 1860 Ambrosii
3384 1816 3545 1874 opera
3576 1801 3834 1874 primum

512 1891 771 1960 vulgatus
799 1900 881 1949 est
925 1891 1027 1949 sub
1070 1892 1178 1951 hoc
1214 1895 1427 1951 titulo:
1478 1896 1545 1952 In
1594 1895 1895 1965 Symbolum
1932 1893 2308 1965 Apostolorum
2356 1894 2658 1950 Tractatus.
2702 1897 2777 1949 At
2823 1892 2953 1950 licet
3003 1907 3181 1966 neque
3227 1888 3624 1948 bibliothecam
3679 1889 3835 1947 unde

512 1978 799 2051 prodierit,
833 1996 1009 2055 neque
1036 1983 1433 2054 exemplarium
1473 1999 1543 2039 ex
1584 1983 1787 2055 quibus
1826 1981 1995 2053 praelo
2034 1980 2361 2038 commissus
2400 1981 2495 2049 sit,
2542 1980 2868 2054 qualitatem
2902 1981 3011 2037 viri
3055 1979 3349 2037 clarissimi
3391 1978 3554 2034 nobis
3598 1977 3835 2037 indica-

513 2066 717 2135 verint,
767 2084 879 2124 non
923 2069 1154 2141 proinde
1195 2070 1455 2128 haesimus
1502 2071 1558 2127 in
1597 2069 1919 2142 judicando,
1971 2069 2070 2125 sed
2116 2085 2187 2125 ex
2234 2069 2416 2140 prima
2460 2068 2581 2139 ejus
2626 2068 2862 2124 lectione
2907 2066 3098 2123 mirari
3144 2065 3318 2123 subiit
3343 2064 3537 2122 doctos
3562 2065 3738 2135 viros,
3774 2076 3833 2123 et

513 2155 769 2212 acumine
795 2156 991 2214 critico
1022 2159 1291 2228 pollentes
1316 2159 1614 2227 exstitisse,
1645 2159 1740 2232 qui
1778 2157 1922 2214 hanc
1950 2158 2184 2230 opellam
2215 2157 2438 2228 ingenio
2476 2157 2736 2228 styloque
2766 2155 3133 2212 Ambrosiano
3180 2155 3342 2227 plane
3369 2152 3690 2210 destitutam
3722 2170 3830 2227 pro

513 2243 762 2313 legitimo
790 2247 965 2305 sancti
1006 2249 1259 2305 Doctoris
1297 2256 1456 2320 partu
1497 2247 1866 2303 admisissent.
1915 2245 2086 2303 Nobis
2122 2254 2308 2302 tamen
2353 2246 2531 2301 multo
2577 2245 2754 2318 major
2785 2253 2914 2302 nata
2940 2253 3022 2301 est
3054 2243 3371 2312 admiratio,
3414 2258 3542 2299 cum
3586 2259 3830 2316 apogra-

510 2331 638 2404 phis
667 2334 903 2405 duobus,
935 2352 1170 2409 quorum
1211 2337 1445 2392 alterum
1474 2350 1503 2390 e
1532 2334 1873 2391 bibliotheca
1901 2334 2089 2406 Regia,
2119 2335 2353 2391 alterum
2382 2350 2412 2390 e
2443 2334 2711 2391 Vaticana
2737 2334 3134 2407 transcriptum
3164 2333 3455 2402 habemus,
3497 2332 3568 2389 ad
3598 2349 3832 2389 memo-

511 2427 681 2477 ratam
712 2423 929 2480 collatis
957 2425 1280 2493 editionem,
1311 2433 1577 2497 quantum
1610 2424 1727 2481 haec
1768 2424 1837 2481 ab
1875 2424 1987 2480 illis
2024 2423 2307 2493 dissideat,
2358 2422 2756 2483 intelleximus.
2807 2426 2944 2482 Tum
2977 2441 3109 2482 vero
3154 2441 3267 2481 non
3312 2424 3446 2481 satis
3487 2421 3827 2491 sciebamus,

509 2524 580 2565 an
617 2513 787 2585 magis
818 2513 1137 2571 detestanda
1178 2524 1318 2571 esset
1365 2515 1682 2586 impostoris
1712 2514 2075 2587 impudentia,
2106 2517 2201 2589 qui
2232 2515 2383 2575 hunc
2411 2525 2707 2574 tractatum
2733 2525 2843 2574 tam
2876 2516 3018 2575 fmde
3060 2517 3456 2590 interpolatum
3486 2530 3549 2571 ac
3573 2512 3830 2569 detrun-

510 2610 693 2658 catum
734 2604 1115 2661 illustrissimo
1151 2607 1408 2662 Romanae
1436 2606 1699 2663 editionis
1739 2607 1956 2680 praesidi
1989 2624 2087 2680 pro
2116 2622 2249 2662 sano
2272 2613 2326 2660 et
2366 2605 2581 2679 integro
2617 2608 2927 2679 supposuit,
2964 2622 3035 2662 an
3068 2604 3318 2663 dolendae
3349 2604 3497 2660 vices
3525 2602 3825 2659 doctorum

511 2689 829 2758 hominum,
861 2694 1064 2765 quibus
1107 2694 1455 2765 postmodum
1498 2695 1762 2768 imposuit
1788 2696 1974 2752 eadem
2014 2695 2202 2751 editio.
2254 2694 2327 2750 Et
2372 2710 2501 2751 sane
2541 2696 2642 2750 vix
2685 2694 2908 2751 aliunde
2956 2695 3160 2751 clarius
3201 2691 3594 2767 deprehendas,
3646 2704 3825 2763 quam

510 2779 674 2836 facile
704 2783 778 2838 sit
804 2782 965 2837 etiam
997 2782 1390 2840 eruditissimis
1416 2784 1554 2841 viris
1599 2786 1785 2843 fucum
1816 2786 2028 2853 facere;
2062 2792 2125 2840 ut
2152 2782 2297 2840 enim
2329 2783 2465 2840 alias
2509 2785 3013 2857 pratermittamus,
3063 2790 3280 2841 constat
3318 2781 3374 2837 in
3417 2777 3665 2835 fraudem
3717 2777 3828 2833 in-

514 2867 745 2925 ductum
784 2884 899 2923 esse
936 2870 1223 2926 Petavium
1258 2874 1432 2945 ipsum
1468 2875 1592 2945 (lib.
1634 2891 1691 2930 1v
1728 2876 1792 2931 de
1829 2877 1980 2933 Trin.
2021 2890 2141 2945 cap.
2182 2874 2236 2942 3,
2279 2891 2433 2931 num.
2472 2876 2527 2943 6,
2565 2883 2620 2932 et
2642 2892 2761 2949 cap.
2798 2877 2885 2945 15,
2918 2892 3073 2932 num.
3104 2875 3187 2947 5),
3226 2890 3353 2931 cum
3385 2872 3538 2939 alibi,
3569 2878 3689 2926 tum
3720 2869 3830 2926 ubi

509 2958 580 3015 de
608 2978 743 3020 voce
786 2963 1049 3030 suppositi
1081 2979 1246 3036 agens
1276 2966 1352 3022 ita
1394 2966 1673 3040 disputat:
1730 2967 1999 3035 Sequitur,
2032 2964 2214 3038 inquit
2257 2964 2421 3025 (Ibid.
2465 2980 2583 3036 cap.
2630 2966 2688 3033 5,
2747 2981 2904 3021 num.
2949 2964 3066 3034 13),
3115 2962 3375 3035 suppositi
3421 2976 3628 3027 nomen,
3676 2960 3832 3031 quod

506 3049 685 3104 minus
714 3049 1032 3106 Latinorum
1059 3054 1284 3109 Patrum
1313 3073 1414 3111 usu
1434 3057 1712 3112 contritum
1746 3062 1821 3111 est
1845 3055 1903 3110 in
1931 3073 1992 3110 ea
2022 3054 2423 3124 signiﬁcatione,
2450 3071 2568 3125 qua
2591 3054 2795 3125 passim
2822 3054 2876 3109 in
2903 3054 3094 3109 scholis
3119 3053 3363 3119 auditur,
3393 3057 3454 3106 ut
3479 3050 3550 3105 sit
3575 3050 3831 3120 hyposta-

506 3138 581 3192 sis
608 3144 705 3193 aut
740 3155 988 3209 persona.
1030 3143 1192 3215 Apud
1219 3146 1561 3202 Ambrosium
1600 3154 1770 3202 tamen
1805 3144 2036 3200 occurrit
2067 3143 2157 3199 lib.
2191 3142 2247 3196 in
2285 3142 2458 3213 Symb.
2503 3143 2743 3214 Apostol.
2783 3160 2900 3212 cap.
2945 3141 3029 3197 l2.
3063 3142 3249 3205 Hanc,
3288 3138 3482 3209 inquit,
3522 3154 3628 3209 pro
3659 3140 3833 3192 totius

506 3227 727 3283 humani
752 3231 957 3299 generis
983 3234 1153 3288 salute
1179 3234 1237 3289 in
1263 3236 1465 3291 unitate
1493 3234 1754 3306 suppositi
1787 3232 2094 3304 assumpsit.
2121 3228 2242 3298 Quo
2279 3229 2385 3286 loci
2417 3228 2699 3286 advertere
2727 3240 2811 3286 est
2838 3228 3115 3301 duplicem
3153 3228 3213 3284 in
3253 3239 3496 3287 errorem
3527 3225 3831 3298 impegisse

506 3312 688 3370 virum
720 3314 1125 3390 doctissimum,
1166 3332 1220 3379 et
1260 3323 1407 3395 quod
1450 3323 1741 3380 Ambrosio
1781 3321 1926 3379 hanc
1959 3318 2480 3377 commentationem
2516 3319 2878 3391 adjudicarit,
2908 3326 2963 3374 et
2991 3317 3141 3391 quod
3171 3315 3338 3373 verba
3366 3314 3464 3371 illa
3494 3322 3763 3387 tanquam
3795 3332 3831 3372 a

507 3415 638 3458 vero
669 3402 914 3475 ejusdem
943 3416 1169 3466 auctore
1198 3411 1442 3480 profecta
1472 3412 1745 3478 citaverit,
1774 3428 1895 3485 qua;
1923 3420 2109 3467 tamen
2144 3425 2259 3467 non
2289 3420 2422 3468 sunt
2450 3412 2561 3469 nisi
2591 3413 2762 3470 solius
2791 3410 3219 3483 interpolatoris.

579 3490 921 3568 Quapropter
948 3513 1017 3553 ne
1047 3500 1172 3571 quis
1210 3501 1268 3556 in
1306 3510 1583 3573 posterum
1616 3500 1684 3558 ad
1719 3501 1863 3558 idem
1893 3518 2090 3559 saxum
2131 3502 2525 3577 hallucinetur,
2565 3507 2830 3580 subjectis
2873 3506 2932 3563 in
2961 3508 3206 3578 margine
3235 3502 3648 3571 assutamentis,
3678 3500 3827 3558 inte-

506 3600 662 3654 grum
693 3588 875 3657 operis
917 3596 1132 3647 textum
1171 3593 1686 3663 repraesentabimus
1712 3610 1782 3650 ex
1823 3593 1931 3650 ﬁde
1972 3593 2363 3665 praedictorum
2394 3597 2830 3670 exemplarium;
2882 3596 2940 3652 in
2979 3595 3181 3669 quibus
3209 3602 3392 3651 tamen
3429 3590 3641 3665 aliquid
3674 3604 3827 3662 prae-

506 3672 757 3741 cessisse,
788 3677 936 3747 quod
961 3679 1206 3750 perierit,
1231 3698 1300 3738 ex
1338 3682 1727 3754 conjonctione
1754 3683 1939 3754 igitur,
1967 3700 2088 3755 quas
2117 3684 2302 3740 statim
2333 3685 2544 3756 excipit
2571 3685 2806 3756 primam
2832 3701 3048 3755 vocem,
3093 3683 3441 3756 intelligitur.
3481 3680 3705 3738 Certum
3739 3688 3823 3735 est

512 3770 776 3848 praeterea
806 3765 1222 3840 inscriptionem
1252 3772 1448 3844 ipsam,
1484 3790 1604 3847 quae
1632 3791 1664 3830 a
1692 3772 1851 3829 nobis
1880 3774 2186 3845 praeﬁgitur
2203 3791 2272 3831 ex
2298 3776 2710 3848 manuscriptis.
2745 3784 2808 3832 ut
2835 3791 2899 3832 ea
2927 3791 3089 3848 quam
3121 3774 3343 3847 proprio
3374 3778 3547 3829 marte
3580 3768 3821 3825 inditam

509 3846 647 3906 huic
674 3850 819 3909 libro
847 3855 1148 3915 voluerunt
1177 3860 1415 3919 editores
1456 3846 1709 3931 Romani,
1743 3862 1891 3919 haud
1921 3864 2084 3934 paulo
2130 3863 2327 3920 melior
2355 3846 2651 3931 videatur;
2701 3880 2814 3921 non
2854 3846 3038 3922 tamen
3072 3846 3212 3920 vitio
3240 3877 3466 3936 prorsus
3510 3859 3819 3915 immunem

505 3951 641 4005 esse,
676 3954 802 3995 cum
830 3942 1076 4002 universi
1106 3951 1436 4020 argumenti,
1472 3950 1620 4023 quod
1664 3958 2051 4024 pertractatur.
2096 3955 2333 4024 speciem
2378 3964 2543 4029 atque
2593 3955 2772 4012 ideam
2803 3971 2915 4012 non
2957 3972 3068 4027 pra;
3107 3971 3163 4011 se
3208 3954 3369 4009 ferat.
3421 3951 3725 4007 Enimvero
3760 3948 3818 4002 in

504 4033 616 4082 tres
645 4037 825 4100 partes
851 4032 1207 4093 distribuitur
1232 4038 1334 4094 iste
1365 4040 1587 4098 libellus
1619 4041 1761 4114 (cap.
1788 4042 1877 4109 15,
1904 4042 1963 4097 in
1994 4041 2129 4113 ﬁne)
2164 4058 2177 4097 :
2208 4058 2441 4115 quarum
2471 4041 2694 4117 quidem
2724 4043 2902 4116 prima
2928 4052 3011 4100 est
3034 4042 3102 4099 de
3131 4042 3432 4108 Trinitate;
3476 4046 3534 4095 at
3577 4033 3821 4093 secunda

508 4120 568 4176 in
597 4120 947 4183 discutienda
993 4127 1392 4187 incarnationis
1423 4133 1728 4190 Dominicae
1772 4131 2042 4205 mysterio
2084 4142 2352 4191 versatur.
2401 4135 2585 4192 Tertia
2609 4135 2678 4192 de
2721 4136 3125 4192 resurrectione
3154 4143 3497 4192 mortuorum
3546 4130 3818 4202 disputat,

504 4221 559 4269 et
614 4230 736 4287 quas
788 4225 983 4274 contra
1040 4220 1183 4278 hanc
1237 4224 1526 4278 veritatem
1582 4223 1988 4293 objiciebantur
2040 4222 2109 4278 ab
2166 4220 2477 4291 haereticis,
2532 4222 2720 4279 diluit.
2776 4222 2951 4280 Addit
3006 4224 3170 4279 etiam
3224 4220 3328 4278 sub
3381 4219 3551 4276 ﬁnem
3608 4220 3822 4274 Auctor

505 4297 701 4370 Operis
731 4300 837 4359 hoc
865 4304 1043 4376 ipsum
1073 4324 1104 4364 a
1147 4324 1204 4364 se
1233 4326 1302 4365 ex
1331 4311 1554 4367 Patrum
1581 4310 1802 4382 scriptis
1831 4327 1948 4368 esse
1978 4312 2292 4369 collectum.
2337 4312 2410 4367 Et
2455 4329 2646 4369 revera
2672 4329 2785 4369 non
2814 4328 3018 4386 paucos
3049 4312 3198 4369 locos
3226 4311 3320 4368 hic
3360 4310 3695 4383 agnovimus
3721 4315 3821 4363 aut

504 4407 606 4463 pro
638 4392 863 4465 ingenio
893 4397 1152 4457 Auctoris
1180 4400 1443 4458 nonnihil
1477 4402 1821 4471 immutatos,
1856 4411 1953 4460 aut
1989 4415 2133 4475 saepe
2161 4400 2325 4455 etiam
2367 4398 2560 4456 iisdem
2590 4400 2775 4457 verbis
2803 4408 2996 4456 mutuo
3026 4406 3293 4472 sumptos,
3328 4396 3423 4470 qui
3465 4412 3536 4453 ex
3580 4395 3819 4468 Hilario,

504 4480 593 4536 vel
623 4483 941 4551 Ambrosio,
987 4489 1075 4543 vel
1116 4489 1428 4560 Augustino
1471 4490 1630 4562 petiti
1685 4499 1884 4548 essent.
1932 4490 2145 4558 Quibus
2191 4486 2461 4544 accedunt
2510 4505 2704 4560 magna
2749 4489 3057 4561 fragmenta
3099 4503 3129 4542 e
3178 4485 3339 4542 libris
3380 4483 3731 4550 Tertulliani,
3763 4491 3818 4538 et

503 4570 833 4644 Hieronymi
880 4574 937 4630 in
983 4576 1181 4632 Isaiam
1212 4576 1659 4648 Commentariis,
1711 4579 1857 4653 quod
1897 4579 2161 4635 ultimum
2208 4594 2365 4650 opus,
2415 4595 2543 4635 cum
2591 4596 2703 4636 non
2733 4580 2842 4636 nisi
2885 4587 3008 4653 post
3036 4586 3279 4634 mortem
3309 4575 3593 4633 Ambrosii
3645 4575 3819 4632 lucu-

501 4660 723 4716 bratum
763 4662 858 4731 sit,
904 4664 992 4720 vel
1022 4667 1202 4721 solum
1233 4666 1482 4739 detegere
1516 4678 1699 4740 posset
1742 4670 2126 4741 imposturam,
2155 4674 2218 4723 ut
2257 4682 2604 4739 nequaquam
2635 4684 2854 4724 necesse
2882 4669 2955 4724 sit
2983 4665 3049 4723 ad
3094 4667 3228 4738 styli
3260 4681 3325 4721 ac
3347 4664 3622 4721 versionis
3647 4664 3818 4720 testi-

500 4749 816 4806 moniorum
845 4766 875 4807 e
912 4752 1213 4825 Scripturis
1242 4755 1413 4811 sacris
1465 4756 1822 4829 allegatorum
1854 4757 2153 4814 discrimen
2187 4770 2486 4812 recurrere.
2523 4755 2643 4823 Quo
2675 4773 2836 4829 porro
2860 4764 2913 4812 et
2960 4771 3046 4811 res
3074 4753 3169 4809 ﬁat
3195 4754 3436 4826 planior,
3470 4762 3525 4809 et
3552 4752 3817 4810 brevitati

502 4836 691 4892 eadem
719 4855 883 4910 opera
909 4842 1253 4912 consulatur,
1296 4860 1417 4917 quae
1463 4843 1597 4901 huic
1629 4845 1819 4903 libello
1845 4846 2069 4903 aliunde
2115 4846 2322 4902 inserta
2360 4846 2850 4921 deprehendimus,
2896 4848 2966 4906 ad
2996 4848 3272 4921 margines
3309 4864 3339 4905 e
3378 4846 3598 4920 regione
3629 4862 3820 4903 anno-

500 4925 669 4982 tanda
703 4930 1038 4987 curavimus.

576 5011 846 5106 Caeterum
868 5017 915 5071 si
936 5018 1061 5090 quis
1080 5036 1179 5077 nos
1208 5030 1382 5092 roget,
1402 5024 1627 5081 cuinam
1645 5026 1862 5082 auctori
1893 5025 2101 5084 hancce
2123 5031 2360 5102 opellam
2388 5032 2797 5105 adjudicemus;
2831 5032 3067 5105 ingenue
3097 5032 3553 5106 respondebimus
3582 5033 3640 5089 in
3662 5039 3816 5089 tanta

503 5105 906 5176 exemplarium
936 5111 1209 5180 paucitate
1240 5114 1305 5169 de
1334 5115 1442 5172 hoc
1478 5133 1512 5171 a
1540 5116 1702 5172 nobis
1733 5115 1877 5171 nihil
1910 5117 2183 5188 explorati
2214 5119 2397 5176 afferri
2434 5137 2611 5193 posse.
2652 5121 2714 5178 Id
2744 5129 2928 5177 tamen
2966 5128 3116 5179 certo
3145 5105 3329 5178 dicere
3360 5120 3493 5178 licet
3522 5121 3814 5194 antiquum

501 5208 619 5251 esse
663 5195 987 5268 scriptorem
1041 5199 1222 5268 illum,
1272 5218 1387 5259 non
1438 5205 1616 5261 solum
1662 5205 1810 5279 quod
1857 5205 2034 5263 codex
2080 5208 2302 5279 Regius,
2355 5212 2414 5269 in
2456 5229 2566 5286 quo
2597 5213 2918 5271 continetur
2946 5214 3051 5272 ista
3093 5213 3504 5284 commentatio,
3549 5230 3725 5271 annos
3753 5224 3817 5270 ut

501 5286 798 5343 minimum
827 5298 1119 5346 sexcentos
1158 5308 1269 5362 prae
1315 5309 1372 5348 se
1418 5294 1579 5364 ferat,
1612 5313 1806 5353 verum
1837 5296 2003 5354 etiam
2047 5298 2192 5371 quod
2238 5300 2294 5356 in
2326 5301 2515 5359 eadem
2556 5303 2768 5360 nullius
2807 5302 3053 5361 haeretici
3083 5304 3192 5360 nisi
3222 5304 3428 5360 veteris
3455 5303 3551 5360 ﬁat
3581 5304 3812 5361 mentio.

498 5375 607 5431 Sed
636 5392 813 5450 neque
843 5377 1080 5435 nimium
1107 5380 1439 5453 conjecturae
1468 5400 1570 5440 nos
1597 5385 1908 5456 paenitebit,
1942 5386 2021 5441 sic
2053 5384 2204 5445 hunc
2234 5391 2486 5449 libellum
2517 5402 2573 5450 et
2615 5393 2879 5449 adversus
2906 5392 3458 5449 Priscillianistarum
3490 5392 3583 5464 (de
3611 5391 3815 5465 quibus

498 5470 733 5540 August.
764 5469 864 5528 lib.
894 5471 956 5526 de
982 5472 1182 5529 eres.
1213 5488 1333 5545 cap.
1369 5474 1460 5545 70)
1492 5484 1696 5533 sectam
1722 5476 1960 5545 editum,
1989 5486 2045 5533 et
2072 5479 2315 5536 concilio
2342 5481 2432 5537 sin
2473 5481 2660 5537 minus
2690 5481 2954 5538 Toletano
2991 5480 3193 5553 primo,
3235 5481 3431 5539 saltem
3461 5481 3812 5537 Braccarensi

501 5557 763 5627 secundo,
808 5560 956 5634 quod
984 5579 1131 5621 anno
1170 5564 1276 5622 563
1313 5566 1480 5639 vulgo
1528 5570 1772 5640 ponitur,
1819 5569 2224 5627 crediderimus
2272 5588 2565 5645 supparem
2609 5589 2742 5629 esse.
2792 5572 3016 5629 Etenim
3047 5571 3237 5629 eadem
3274 5572 3454 5645 capita
3491 5571 3581 5628 hic
3610 5571 3817 5643 dispu-

500 5652 713 5732 tantur,
758 5663 876 5718 quae
906 5660 1103 5708 contra
1132 5653 1349 5711 eosdem
1380 5654 1669 5711 haereticos
1699 5656 1757 5714 in
1803 5658 2005 5729 synodi
2035 5659 2311 5715 Toletanae
2341 5661 2543 5731 Regula
2578 5660 2751 5729 Fidei,
2799 5659 2855 5715 in
2900 5658 3132 5732 epistola
3175 5660 3243 5716 15
3288 5659 3465 5717 sancti
3510 5659 3711 5716 Leonis
3742 5660 3809 5714 ad

503 5731 844 5803 Turribium,
892 5746 945 5792 et
995 5740 1050 5797 in
1086 5742 1300 5816 synodo
1348 5744 1695 5802 Braccarensi
1748 5746 1984 5803 secunda
2038 5749 2474 5806 constituuntur.
2530 5748 2841 5806 Admodum
2871 5731 3000 5821 ergo
3039 5746 3318 5821 probabile
3347 5757 3424 5806 est
3477 5747 3628 5806 hunc
3656 5764 3807 5805 eum-
