3972 6358
250 415 362 474 537

1406 415 1503 474 DE
1539 414 1916 475 TRINITATE
1953 415 2388 475 TBACTATUS.

3444 420 3550 479 538

246 542 379 601 dem
432 547 731 599 tractatum
777 555 891 599 non
917 539 988 600 ad
1024 540 1413 615 exponendum
1438 542 1827 615 Apostolorum
1862 541 2198 616 symbolum,
2226 542 2320 599 sed
2347 542 2416 599 ad
2451 542 2840 601 vindicandam
2870 543 3186 602 Toletanam
3218 544 3347 604 ﬁdei
3380 561 3552 619 regu-

250 633 364 689 lam
396 629 667 703 scriptum
705 628 896 687 fuisse.
947 630 1105 699 Quod
1152 631 1301 688 enim
1334 632 1393 688 in
1422 648 1486 688 ea
1521 640 1898 689 memorantur
1943 630 2165 705 quidam
2213 647 2444 699 errores,
2489 647 2721 705 quorum
2761 630 2820 688 in
2864 631 2962 688 illo
2993 632 3201 689 mentio
3228 650 3342 690 non
3376 634 3459 703 ﬁt,
3492 634 3550 692 id

247 716 384 774 inde
411 725 593 775 ortum
640 717 1047 788 existimamus,
1078 720 1165 776 vel
1197 721 1344 794 quod
1373 729 1565 779 auctor
1607 721 1911 794 praecipuos
1938 727 2155 777 tantum
2197 719 2480 791 delegerit,
2514 737 2652 794 quos
2680 720 2973 787 refelleret,
3020 720 3107 775 vel
3141 720 3289 793 quod
3328 720 3413 777 illi
3442 721 3549 793 ipsi

244 806 503 865 haeretici
530 824 630 881 pro
656 806 846 863 innata
873 807 980 864 sibi
1012 809 1235 867 levitate
1268 826 1332 868 ac
1377 810 1747 868 inconstantia
1791 809 2008 866 eosdem
2056 823 2267 864 errores
2288 805 2402 878 jam
2437 808 2799 866 abdicassent.
2832 808 2964 865 Veri
2993 808 3158 865 etiam
3198 807 3548 865 simillimum

243 903 335 952 est
377 912 489 952 non
532 895 643 951 alia
686 896 755 952 de
795 911 960 953 causa
1002 899 1257 956 eumdem
1311 900 1515 956 librum
1550 898 1830 957 Ambrosii
1878 896 2102 954 nomine
2146 896 2473 969 insignitum
2522 913 2657 967 esse,
2689 897 2797 953 nisi
2828 897 2958 971 quia
2984 904 3259 955 constaret
3297 904 3548 954 sanctum

243 985 546 1041 Praesulem
604 993 797 1041 contra
848 995 1179 1043 memoratos
1244 986 1530 1045 haereticos
1577 985 1965 1060 conscripsisse
2019 1000 2185 1059 opera
2247 985 2383 1043 bene
2439 988 2633 1055 multa,
2693 1003 2929 1061 quorum
2994 985 3235 1043 lectione
3285 986 3551 1041 Paternus

248 1076 637 1135 Braccarensis
664 1078 955 1151 episcopus
980 1078 1049 1135 ad
1093 1078 1257 1136 ﬁdem
1301 1079 1371 1135 ab
1414 1080 1603 1136 eadem
1633 1078 1827 1137 haeresi
1865 1091 2194 1134 conversum
2224 1090 2280 1131 se
2308 1091 2424 1133 esse
2461 1076 2788 1136 testiﬁcatur
2818 1095 2830 1133 :
2867 1083 2921 1135 et
2958 1091 3027 1133 ex
3058 1075 3260 1150 quibus
3289 1072 3550 1148 operibus

249 1166 414 1237 plura
443 1167 584 1224 forte
612 1182 682 1223 an
712 1166 805 1224 hic
834 1175 1021 1225 noster
1046 1171 1255 1226 Auctor
1278 1177 1362 1225 est
1389 1177 1692 1226 mutuatus.

1037 1463 1344 1633 DE
1494 1420 2766 1635 TRINITATE

1786 1722 2026 1791 ALIAS

607 1905 788 2054 IN
906 1904 1839 2054 SYMBOLUM

1952 1904 3193 2055 APOSTOLORUM

1472 2194 2307 2282 TRACTATUS.

333 2483 474 2543 321
510 2477 738 2537 CAPUT
776 2477 1070 2536 PRIMUM.
1104 2508 1174 2519 —
1198 2480 1398 2535 Nullus
1425 2479 1595 2552 igitur
1618 2476 1713 2551 qui
1755 2492 1852 2533 sa-
1882 2482 1933 2541 A
1962 2479 2107 2536 citur
2136 2499 2151 2549 ;
2201 2482 2330 2555 quia
2371 2481 2946 2556 incomprehensibilis
2999 2496 3215 2554 semper
3245 2489 3348 2538 est.
3410 2482 3555 2541 Deus

236 2584 379 2626 num
398 2566 539 2641 sapit
568 2566 1008 2640 omnipotentem
1039 2568 1238 2635 Deum,
1270 2567 1366 2641 qui
1394 2566 1638 2622 Trinitas
1656 2574 1709 2622 et
1732 2564 1839 2637 spi-

238 2656 387 2713 ritus
415 2665 518 2726 est,
550 2672 752 2729 corpus
780 2656 1004 2728 aliquod
1032 2655 1254 2711 visibile
1296 2664 1392 2711 aut
1435 2653 1709 2727 palpabile
1743 2667 1842 2707 ar-

241 2745 516 2807 bitretur;
540 2745 633 2801 sed
648 2744 956 2816 simplicem
970 2744 1375 2811 rationabilem,
1396 2741 1844 2813 invisibilemque

243 2841 499 2891 naturam
547 2831 840 2904 intelligat,
886 2841 939 2889 et
966 2848 1087 2905 quas
1132 2831 1285 2887 nulla
1322 2829 1550 2885 omnino
1587 2843 1844 2900 compage

242 2924 482 2981 solidata
512 2926 620 2997 (i),
651 2934 745 2982 aut
786 2924 998 3000 aliquid
1025 2924 1075 2980 ei
1105 2923 1470 2991 extrinsecus,
1498 2929 1593 2977 aut
1621 2920 1843 2977 aliunde

241 3013 504 3070 videatur
540 3014 862 3086 adjunctu'm
897 3033 909 3072 :
952 3031 1114 3090 quem
1144 3014 1300 3070 nulla
1323 3011 1650 3078 substantia,
1690 3012 1845 3066 nulla

242 3110 519 3174 creatura,
548 3105 705 3161 nulla
740 3120 981 3179 unquam
1026 3102 1332 3160 dominatio
1376 3100 1668 3158 antecedit.
1701 3100 1845 3155 Fons

244 3208 376 3265 ergo
417 3201 471 3250 et
509 3194 846 3268 principium
894 3194 1166 3249 virtutum
1215 3190 1485 3259 omnium,
1535 3189 1842 3245 visibilium

244 3290 303 3337 et
334 3283 643 3343 invisilium
675 3293 1069 3352 creaturarum,
1099 3282 1156 3340 id
1180 3289 1282 3351 est,
1323 3281 1626 3339 caelestium
1657 3288 1711 3336 et
1740 3288 1844 3336 ter-

244 3373 506 3429 restrium
554 3373 861 3443 conditrix,
906 3381 1092 3430 sancta
1116 3380 1171 3428 et
1197 3370 1579 3443 inseparabilis
1606 3369 1845 3425 Trinitas

245 3469 476 3535 est,quaa
496 3462 554 3518 in
574 3479 631 3519 se.
651 3462 845 3533 recipit
866 3462 1008 3517 nihil
1026 3468 1412 3527 externum;ne
1432 3457 1848 3529 circumscripta

245 3548 521 3616 videatur,
574 3559 669 3606 aut
707 3548 943 3620 alicujus
976 3550 1054 3605 rei
1104 3548 1292 3621 indiga
1336 3563 1453 3605 esse
1506 3545 1843 3613 inveniatur,

244 3654 375 3694 cum
406 3654 541 3711 pura
567 3646 621 3693 et
646 3636 910 3693 unimoda
932 3654 995 3695 ac
1036 3637 1290 3709 mystica,
1325 3644 1396 3705 et,
1426 3645 1488 3692 ut
1531 3635 1609 3691 ita
1642 3634 1841 3703 dicam,

246 3725 455 3781 unione
481 3725 715 3783 fecunda
743 3743 959 3799 semper
988 3733 1087 3782 est.
1116 3726 1288 3781 Tanta
1316 3733 1397 3781 est
1415 3725 1563 3780 enim
1590 3724 1646 3780 in
1668 3723 1847 3780 tribus

1951 2584 2082 2642 ergo
2107 2571 2460 2644 omnipotens
2488 2572 2584 2645 qui
2614 2587 2716 2629 nec
2741 2586 2935 2627 sexum
2965 2569 3148 2638 habet,
3181 2584 3281 2625 nec
3311 2576 3547 2637 atatem,

1952 2672 2053 2713 nec
2080 2658 2308 2716 deﬁnita
2334 2660 2582 2733 corporis
2625 2661 2891 2727 membra,
2929 2660 3011 2717 sic
3040 2675 3097 2715 se
3143 2658 3323 2714 voluit
3366 2657 3545 2713 excel-

1953 2745 2277 2815 lentissime,
2318 2748 2755 2817 evidentissime,
2802 2756 2966 2821 atque
3009 2744 3552 2818 magniﬁcentissime

1953 2832 2237 2905 praedicari
2285 2835 2389 2908 (3).
2417 2836 2719 2894 Eternitas
2761 2853 2888 2908 ergo
2933 2835 2992 2892 in
3022 2836 3200 2902 Patre,
3253 2833 3463 2905 species
3491 2833 3550 2888 in

1952 2919 2212 2993 imagine,
2243 2938 2374 2979 usus
2401 2923 2460 2979 in
2481 2939 2706 2980 munere
2724 2934 2806 2981 est
2834 2924 3090 2998 (August.
3123 2924 3162 2979 ι.
3192 2939 3252 2978 vr
3279 2921 3358 2977 De
3391 2920 3545 2977 Trin.

1952 3027 1997 3067 c.
2032 3012 2115 3079 10,
2139 3027 2209 3068 ex
2235 3010 2409 3069 Hilar.
2430 3013 2469 3069 l.
2492 3029 2532 3069 ιι
2554 3013 2634 3069 De
2658 3013 2884 3086 Trinit.)
2920 3031 2933 3069 :
2956 3022 3011 3069 et
3037 3012 3155 3069 hac
3176 3010 3282 3067 tria
3300 3025 3447 3066 unus
3465 3016 3548 3065 est

1952 3102 2099 3157 Deus
2131 3117 2299 3169 ;.non
2336 3111 2521 3159 tamen
2552 3102 2611 3159 in
2657 3103 2826 3160 unius
2871 3101 3251 3175 singularitate
3279 3114 3548 3173 personae,

1953 3189 2047 3246 sed
2082 3190 2249 3248 unius
2277 3191 2566 3249 Trinitatis
2610 3193 2847 3250 essentia
2897 3200 3176 3249 constans.
3224 3189 3377 3245 Unus
3423 3203 3551 3260 ergo

1953 3278 2190 3350 diligens
2208 3296 2357 3349 eum,
2389 3281 2484 3355 qui
2514 3281 2582 3337 de
2612 3281 2712 3338 illo
2738 3290 2819 3337 est
2848 3299 2860 3336 :
2894 3289 2948 3337 et
2967 3295 3112 3335 unus
3131 3278 3369 3350 diligens
3395 3292 3544 3344 eum,

1953 3364 2021 3422 de
2040 3384 2150 3439 quo
2174 3376 2256 3424 est
2285 3368 2366 3441 (4)
2403 3388 2415 3426 :
2449 3380 2505 3426 et
2528 3370 2646 3442 ipsa
2672 3369 2899 3426 dilectio
2929 3368 3075 3425 idem
3106 3382 3252 3423 unus
3271 3371 3549 3420 utrorum-

1953 3470 2079 3527 que,
2111 3456 2170 3513 id
2198 3465 2300 3524 est,
2343 3459 2582 3532 Spiritus
2625 3469 2867 3516 sanctus.
2906 3460 2980 3515 Et
3023 3466 3207 3513 tamen
3254 3455 3363 3511 tria
3409 3454 3547 3534 haec,

1953 3550 2019 3598 ut
2055 3544 2266 3602 dictum
2298 3555 2401 3616 est,
2448 3564 2595 3604 unus
2637 3548 2837 3616 bonus,
2868 3563 3053 3615 verus,
3095 3546 3298 3619 justus,
3341 3544 3545 3613 lumen,

1954 3633 2090 3703 vita,
2122 3635 2347 3705 veritas,
2377 3636 2605 3710 spiritus
2632 3645 2798 3711 atque
2834 3636 3073 3694 charitas
3099 3642 3182 3692 est
3206 3636 3371 3691 Deus.
3405 3634 3550 3689 Deus

1953 3736 2105 3793 ergo,
2140 3724 2269 3796 quia
2296 3734 2536 3782 aeternus
2564 3733 2613 3781 et
2665 3735 2860 3783 auctor
2902 3732 2987 3783 est
3029 3723 3302 3791 omnium,
3332 3736 3549 3793 compo-

249 3814 637 3886 inseparahilis
668 3823 723 3870 et
750 3814 1040 3871 inconfusa
1061 3813 1293 3870 unitatis
1327 3813 1582 3881 essentia,
1612 3819 1675 3867 ut
1703 3810 1844 3867 nihil
1874 3826 1920 3887 Β
1956 3810 2096 3866 situs
2134 3810 2370 3886 intelligi
2420 3829 2533 3870 non
2576 3820 2756 3887 potest
2783 3832 2798 3881 ;
2839 3829 2909 3871 ne
2948 3812 3226 3870 anteriora
3258 3812 3371 3866 Deo
3416 3808 3546 3877 sint,

246 3912 407 3960 extra
457 3919 513 3959 se
558 3910 745 3959 sancta
793 3901 1034 3960 Trinitas
1073 3918 1231 3976 agere
1280 3901 1537 3958 videatur
1588 3919 1601 3957 :
1644 3900 1702 3957 in
1741 3917 1849 3974 qua

247 3999 436 4055 sancta
479 3997 535 4047 et
576 3992 925 4066 inseparabili
968 3992 1235 4048 Trinitate
1266 4007 1395 4047 vera
1440 3997 1521 4047 est
1549 3990 1844 4059 aeternitas,

246 4081 613 4138 immutabilis
645 4082 849 4138 veritas
881 4081 987 4153 (2).
1036 4089 1091 4138 et
1134 4088 1335 4137 interna
1376 4096 1441 4137 ac
1486 4079 1726 4153 perfecta
1766 4089 1849 4137 est

247 4169 506 4228 charitas.
541 4171 612 4226 Et
640 4170 765 4227 ideo
801 4172 990 4228 verius
1035 4171 1307 4244 cogitatur
1334 4172 1501 4239 Deus,
1549 4185 1713 4243 quam
1755 4168 1843 4225 di-

323 4304 406 4375 (l)
468 4306 627 4375 Rom.
685 4304 842 4371 edit.,
898 4305 1069 4371 Quam
1122 4305 1277 4360 nulla
1323 4304 1537 4359 omnino
1596 4321 1846 4375 compago

248 4374 467 4456 solidat,
522 4374 608 4456 cui
660 4376 1011 4456 extrinsecus_
1043 4375 1187 4456 nihil
1248 4375 1459 4456 advenit
1500 4393 1522 4456 ε
1589 4374 1848 4456 quamque

245 4447 403 4502 nulla
428 4451 695 4511 creatura,
725 4446 876 4516 nulla
930 4445 1242 4513 substantia,
1294 4448 1444 4501 nulla
1481 4445 1703 4516 denique
1741 4445 1851 4500 dou

245 4516 474 4573 minatio
500 4516 772 4572 antecedit.
803 4515 960 4571 Fides
998 4533 1124 4571 vero
1159 4516 1324 4571 altius
1355 4515 1717 4582 conscendens,
1745 4518 1842 4571 in-

249 4588 467 4645 timiora
519 4603 734 4658 qumque
773 4593 1076 4658 penetrans,
1124 4587 1347 4641 ostendit
1398 4587 1566 4642 Deum
1612 4588 1846 4644 omnium

247 4660 506 4715 virtutum
554 4658 772 4729 fontem,
815 4658 1144 4729 principium
1180 4674 1360 4712 rerum
1401 4659 1636 4712 omnium
1663 4660 1843 4714 visibi-

250 4732 382 4787 lium
402 4737 450 4784 et
468 4730 836 4794 invisibilium,
852 4729 1324 4799 universarumque
1338 4735 1729 4797 creaturarum,
1752 4747 1844 4785 cae-

251 4803 457 4857 lestium
481 4807 528 4855 et
567 4801 893 4856 terrestrium
939 4800 1259 4855 conditorem
1301 4817 1321 4855 :
1364 4800 1505 4871 quod
1545 4806 1620 4855 est
1665 4802 1846 4856 unitas

247 4871 550 4942 inconfusa,
580 4879 630 4927 et
652 4872 866 4927 trinitas
906 4871 1302 4942 inseparabilis,
1333 4870 1451 4942 qua:
1485 4870 1544 4925 in
1571 4888 1624 4926 se
1649 4878 1846 4927 (eterna

246 4943 386 5000 nihil
428 4942 614 5024 recipit
657 4943 1048 5024 aliundehnon
1088 4948 1162 4997 est
1205 4949 1433 5024 tempore
1467 4948 1564 4997 aut
1577 4944 1700 5024 .loco
1744 4944 1845 5024 cir:

247 5013 587 5086 cumscripta,
611 5031 702 5069 nec
729 5014 809 5069 rei
831 5014 1151 5086 cujusquam
1194 5013 1377 5086 indiga
1392 5013 1678 5086 reperitur
1712 5031 1731 5069 :
1755 5015 1843 5070 sed

248 5103 367 5142 cum
407 5083 613 5141 summa
658 5083 1008 5156 simplicitate
1034 5101 1097 5139 ac
1120 5083 1337 5157 unitate
1374 5083 1597 5157 fecunda
1646 5102 1845 5157 semper

248 5163 324 5212 est
353 5174 373 5223 ;
416 5162 663 5227 tantaque
691 5154 912 5211 unitatis
939 5154 1166 5211 essentia
1194 5154 1565 5227 inseparabilis
1587 5162 1636 5211 et
1666 5154 1840 5211 incon-

247 5227 376 5301 fusa
400 5226 639 5301 cernitur
658 5227 717 5301 in
744 5228 933 5294 tribus,
960 5233 1020 5281 ut
1048 5227 1164 5281 licet
1189 5226 1367 5301 omnia
1409 5228 1637 5301 caelestia
1663 5233 1711 5281 et
1739 5235 1839 5281 ter-

248 5298 445 5355 restria
472 5315 535 5354 ac
562 5299 784 5354 minima
810 5314 1026 5369 quaque
1048 5298 1357 5369 perspiciat.
1386 5298 1523 5352 nihil
1549 5305 1725 5353 tamen
1755 5316 1843 5352 ea:-

250 5377 339 5426 tra
384 5386 437 5425 se
475 5370 780 5441 intelligere,
820 5368 913 5424 sed
938 5368 1170 5440 singula
1206 5368 1268 5441 in
1310 5385 1364 5441 se
1386 5369 1589 5441 intueri
1610 5370 1839 5441 dicitur.

249 5443 317 5500 In
345 5441 442 5498 hac
476 5439 738 5498 Trinitate
772 5457 900 5495 vera
928 5446 1005 5495 est
1031 5439 1315 5509 (eternitas,
1342 5440 1688 5495 immutabilis
1710 5441 1843 5495 uni-

251 5520 353 5593 tas.
370 5520 581 5593 suum
606 5528 669 5568 αο
698 5511 934 5593 μνίοεεςι
952 5511 1231 5593 ﬂuxum:
1263 5511 1498 5593 υςηίιιυε
1538 5511 1737 5593 venui.
1762 5528 1841 5593 9.9-

140 5626 148 5633 .
246 5585 453 5657 gitatur
476 5584 641 5657 Deus,
670 5582 830 5654 quam
857 5584 1054 5657 dicitur
1072 5600 1093 5647 ;
1136 5583 1262 5657 quia
1309 5582 1841 5657 incomprehensibilis

250 5653 345 5712 Est.
381 5655 485 5723 Qui
512 5672 600 5709 nec
628 5653 875 5711 senum...
906 5656 995 5710 sed
1028 5654 1369 5725 omnipotens,
1402 5653 1648 5721 aternus,
1679 5653 1838 5709 incir-

249 5726 808 5814 Cttntscripms.rol'uit
842 5742 893 5779 se
932 5724 1437 5798 magnificentissime
1480 5726 1833 5797 praedicari...

1878 5186 1926 5243 D
1954 5163 2053 5243 :et,
2171 5162 2246 5210 est
2288 5157 2451 5243 Deus,
2492 5158 2722 5243 Paler'...

1954 3900 2157 3973 quibus
2178 3910 2403 3975 putatur
2421 3919 2537 3960 esse
2564 3903 2919 3976 compositus.
2943 3902 3207 3961 Cunctam
3238 3915 3368 3973 ergo
3389 3914 3551 3956 crea-

1954 3995 2157 4059 turam,
2179 4006 2302 4063 quaa
2316 4006 2428 4046 non
2447 3999 2530 4047 est
2549 3991 2697 4066 quod
2714 3982 2967 4063 ipse,non
2987 3990 3118 4048 fecit
3136 3989 3244 4046 nisi
3265 3988 3550 4062 ipse.Ergo

1955 4085 2193 4135 aeternus
2220 4079 2485 4152 appellari
2516 4096 2629 4137 non
2651 4089 2849 4152 potest,
2871 4078 2980 4136 nisi
3008 4080 3056 4134 is
3069 4078 3164 4152 qui
3187 4077 3351 4134 initio
3371 4086 3425 4132 et
3440 4074 3549 4131 ﬁne

1953 4174 2122 4236 caret,
2170 4167 2230 4224 id
2276 4175 2361 4225 est
2402 4170 2549 4225 Deus
2593 4169 2771 4235 Pater,
2820 4168 2917 4241 qui
2964 4175 3298 4224 comternum
3346 4164 3452 4222 sibi
3496 4173 3548 4220 et

1952 4302 2125 4358 virtus
2148 4304 2206 4359 in
2234 4322 2467 4362 munere.

2051 4374 2108 4445 2)
2145 4376 2269 4432 Val.
2297 4377 2444 4445 cod.,
2468 4378 2814 4434 immutabilis
2840 4377 3039 4433 unitas.

2052 4446 2109 4521 3)
2139 4448 2271 4521 Bes-
2302 4448 2449 4521 6091-.
2480 4448 2988 4521 magniﬁcentissime
3015 4446 3306 4518 deprecari-

2051 4516 2108 4588 4)
2138 4516 2296 4591 Rom.
2324 4519 2484 4588 edit.,
2515 4516 2782 4591 eu'm,'qui
2805 4520 2872 4575 ab
2900 4519 3015 4589 ipso
3045 4516 3121 4591 est
3151 4536 3163 4574 :
3192 4534 3330 4591 unus
3357 4521 3433 4591 est
3451 4516 3546 4571 di—

1955 4586 2112 4662 lectus
2156 4589 2221 4643 ab
2275 4607 2332 4645 eo
2372 4608 2406 4645 a
2449 4586 2553 4662 quo
2597 4586 2724 4656 est';
2770 4607 2877 4645 una
2920 4586 2997 4643 est
3026 4586 3547 4662 dilectio_utriusque

1954 4658 2188 4729 Spiritus
2215 4668 2442 4730 sanctus,
2456 4658 2611 4717 Mem
2639 4662 2798 4717 Deus.
2826 4662 2902 4716 Et
2946 4666 3197 4728 tanquam
3243 4658 3426 4723 bonus,
3465 4674 3544 4710 ve-

1950 4746 2115 4804 tus...
2162 4732 2397 4804 charitas
2442 4740 2491 4786 et
2533 4733 2755 4804 spiritus
2799 4731 3057 4793 dicatur;
3093 4744 3231 4783 unus
3265 4733 3437 4804 tamen
3472 4735 3545 4781 est

1950 4801 2115 4857 Deus.
2161 4802 2265 4875 Qui
2306 4798 2767 4875 compositusesse
2804 4805 3137 4875 non_pote_st,
3197 4814 3315 4875 cum
3357 4798 3544 4875 aliqua

1952 4887 2009 4925 eo
2042 4869 2317 4945 anteriora
2349 4869 2721 4945 priusastitisse
2744 4869 3135 4945 putariinefas
3161 4870 3230 4924 sit
3260 4887 3282 4935 ;
3309 4869 3546 4945 nihilqur
3581 4870 3585 4874 ’

1951 4943 2093 5012 quod
2138 4944 2205 5000 ab
2254 4962 2311 5000 eo
2350 4941 2561 5014 factum,
2595 4959 2703 4998 non
2745 4941 2860 5011 —stt,
2924 4942 3122 5014 dicente
3166 4941 3480 5013 evangelista
3527 4959 3543 4995 :

1955 5014 2146 5070 Omnia
2188 5032 2284 5086 per
2322 5012 2496 5086 ipsum
2534 5013 2678 5084 facta
2705 5020 2848 5080 sunt,
2877 5018 2927 5070 et
2946 5013 3077 5086 (sine
3101 5012 3218 5086 ipso
3244 5012 3447 5086 factum
3474 5020 3545 5068 es!

1951 5086 2107 5141 nihil.
2139 5083 2257 5157 Ipse
2298 5083 2441 5141 solus
2470 5083 2544 5140 est
2583 5091 2829 5152 teternus,
2861 5083 3187 5157 quiarinitio
3231 5091 3280 5139 et
3314 5085 3419 5156 ﬁne
3445 5100 3543 5139 ca—

2765 5157 2963 5237 9‘”.‘!“.
2993 5156 3229 5237 νενδξεπι»
3278 5171 3544 5237 “33.3"”.

1955 5227 2214 5297 Spiritum
2256 5233 2493 5282 sanctum
2519 5225 2800 5297 produxit.
2848 5227 2990 5285 Unde
3018 5227 3281 5282 credimus
3326 5225 3459 5297 Filii
3498 5234 3544 5278 et

1955 5296 2189 5369 Spiritus
2230 5298 2397 5353 sancti
2448 5296 2801 5354 substantiam
2848 5306 2970 5354 ante
3033 5314 3237 5353 omnem
3294 5296 3542 5351 exsistere

1950 5375 2270 5442 creaturam,
2295 5376 2451 5426 extra
2478 5370 2659 5426 omnia
2688 5375 2924 5442 tempora
2951 5388 2971 5434 ἱ
2998 5369 3141 5439 Ψιοά
3166 5370 3330 5424 Pam"
3347 5373 3422 5442 εἶτ
3446 5384 3542 5442 9‘."

1949 5439 2115 5505 nitor,
2158 5440 2333 5513 Filius
2368 5447 2445 5497 est
2488 5442 2710 5513 genitus,
2762 5439 2997 5513 Spiritus
3031 5445 3244 5513 sanctus
3286 5439 3540 5513 genitoris

1948 5512 2200 5585 sanctitas
2233 5510 2575 5585 spiritusque.
2614 5513 2756 5570 Nam
2796 5510 2911 5567 licet
2958 5512 3122 5585 Pater
3141 5511 3221 5585 sit
3247 5510 3534 5582 spiritus...

1947 5584 2063 5638 sola
2110 5581 2283 5640 tamen
2329 5581 2484 5641 tertia
2529 5600 2759 5657 persona
2792 5582 3012 5655 proprie
3057 5581 3291 5654 Spiritus
3330 5588 3539 5637 sanetus-

1946 5662 2304 5727 nuncupatur.
2335 5657 2473 5725 Quia
2501 5672 2623 5726 ergo
2661 5660 2937 5722 cowterna,
2967 5661 3072 5711 etc.
