3972 6416
493 439 600 500 539

1505 434 1604 496 AD
1641 435 1876 496 OPERA
1911 413 1967 496 ε.
2009 433 2348 495 mnosn
2397 433 2780 496 APPENDIX.

3705 429 3822 493 ω

492 560 910 638 coomnipotens
937 563 1182 626 Verbum
1213 573 1267 624 et
1291 563 1561 642 Spiritum
1589 565 1770 624 habet.
1803 563 1962 634 Quod
1999 562 2080 620 in-
2108 563 2160 624 A
2199 565 2323 624 ideo
2349 567 2553 641 pariter
2581 565 2890 640 abjicienda
2935 570 3018 622 est
3045 570 3102 620 et
3131 559 3289 620 stulti
3318 559 3544 619 Sabellii
3573 561 3818 620 commio

493 655 774 712 tellectum
822 655 1109 730 perspicue
1167 657 1362 730 probat
1426 657 1788 714 substantiam
1848 655 1978 712 Filii
2029 670 2092 710 ac

491 741 730 816 Spiritus
780 743 956 800 sancti
1013 753 1141 802 ante
1187 763 1409 804 omnem
1451 754 1754 804 creaturam
1803 743 2088 811 exsistere,

491 840 544 888 et
571 841 728 890 extra
754 833 942 891 omnia
987 841 1259 909 tempora,
1301 843 1464 910 atque
1505 834 1842 910 principium
1873 833 1933 888 in
1976 834 2090 890 Deo

490 921 646 977 Patre
671 939 888 995 semper
919 940 1258 998 permanere.
1305 925 1544 997 Spiritus
1573 941 1702 996 ergo
1731 931 1951 980 sanctus
1979 939 2089 978 non

491 1017 570 1065 est
597 1009 835 1082 genitus,
868 1013 962 1070 sed
993 1013 1262 1086 genitoris
1291 1013 1573 1090 genitique
1601 1012 1866 1078 suavitas,
1889 1011 2088 1068 sancti-

489 1105 572 1154 tas
599 1107 760 1172 atque
783 1101 1064 1158 aeternitas
1087 1109 1188 1159 est.
1221 1103 1358 1160 Nam
1383 1119 1510 1160 cum
1543 1102 1702 1160 Pater
1726 1101 1797 1157 sit
1826 1100 2086 1174 Spiritus,

489 1194 544 1242 et
571 1187 746 1245 Filius
773 1189 1012 1262 Spiritus
1045 1209 1059 1259 ;
1092 1199 1146 1248 et
1174 1193 1333 1248 Pater
1383 1199 1627 1260 sanctus,
1662 1199 1716 1247 et
1745 1191 1922 1246 Filius
1968 1206 2086 1247 san-

489 1287 641 1346 ctus;
673 1281 893 1354 proprie
921 1289 1105 1338 tamen
1134 1283 1202 1340 de
1232 1283 1444 1356 Spiritu
1467 1283 1676 1340 dicitur
1703 1281 1944 1354 Spiritus
1965 1295 2086 1336 san-

488 1375 627 1424 ctus.
660 1368 802 1436 Quia
845 1386 974 1442 ergo
1017 1380 1324 1430 coaeternus
1357 1381 1440 1430 est
1467 1382 1520 1430 et
1561 1370 1874 1429 communis
1903 1369 2084 1425 ambo-

486 1455 606 1526 bus,
639 1459 697 1515 id
728 1460 843 1534 ipse
873 1471 1124 1532 vocatur,
1151 1462 1298 1537 quod
1326 1463 1490 1524 ambo
1515 1470 1663 1520 sunt.

557 1556 784 1615 CAPUT
809 1561 878 1616 ΙΙ.
915 1591 974 1602 -
1009 1561 1223 1630 Quanta
1255 1561 1372 1634 jam
1413 1563 1722 1620 temeritate
1753 1567 1809 1620 et
1851 1557 2084 1616 infelici-

484 1652 594 1700 tate
631 1655 928 1704 censentur
965 1650 1180 1718 Ariani,
1211 1650 1306 1722 qui
1336 1650 1529 1707 dicunt
1557 1650 1636 1721 (5)
1671 1649 1840 1704 :Erat
1869 1657 2084 1721 tempus

483 1735 700 1805 quando
741 1753 853 1792 non
889 1747 1004 1794 erat
1043 1739 1238 1808 Filius,
1282 1741 1455 1797 lector
1491 1739 1771 1810 intelligit.
1803 1739 2083 1812 Numquid

481 1822 629 1878 enim
675 1826 858 1896 potuit
905 1843 1020 1884 esse
1062 1835 1280 1901 tempus
1327 1829 1546 1902 quando
1593 1830 1751 1884 Pater
1794 1828 1914 1884 sine
1944 1829 2078 1898 vita,

2199 658 2328 725 stio,
2360 666 2414 715 et
2442 657 2600 730 impii
2628 657 2748 714 Arii
2779 654 3051 729 separatio
3079 671 3092 711 :
3124 651 3404 710 contraria
3425 651 3633 709 etenim
3664 651 3803 720 sibi,

2200 748 2293 804 sed
2337 763 2490 821 asque
2531 745 2702 819 impia
2746 744 3116 818 protulerunt.
3156 741 3436 807 Sabellius
3469 741 3620 796 enim
3667 741 3811 796 dum

2198 835 2385 892 omnia
2426 835 2701 892 nominari
2737 840 2895 908 putat
2933 831 3074 904 (11),
3126 829 3269 886 nihil
3300 845 3414 886 esse
3452 828 3812 902 unumquod-

2200 943 2305 999 que
2353 925 2642 998 designat;
2684 924 2946 999 quoniam
2998 921 3224 996 quidem
3266 919 3470 976 desinit
3508 934 3626 974 esse
3653 917 3815 992 quod

2199 1025 2300 1083 est,
2329 1029 2454 1072 cum
2486 1015 2543 1071 in
2567 1016 2916 1082 alterutrum,
2946 1012 3005 1069 id
3034 1010 3182 1086 quod
3221 1025 3337 1066 esse
3364 1007 3573 1065 dicitur
3609 1008 3810 1064 unius-

2200 1106 2482 1180 cujusque,
2518 1105 2924 1162 transfunditur
2957 1122 2968 1160 :
3003 1103 3173 1159 Arius
3205 1107 3388 1158 autem
3415 1098 3548 1155 dum
3587 1104 3812 1156 creatu-

2197 1213 2313 1253 ram
2339 1195 2514 1252 Patris
2543 1195 2770 1264 Filium,
2802 1194 3070 1268 Spiritum
3102 1208 3234 1250 vero
3262 1197 3511 1248 sanctum
3531 1189 3665 1245 Filii
3698 1187 3810 1243 im-

2195 1285 2284 1359 pie
2311 1287 2504 1343 asserit
2525 1303 2642 1343 esse
2678 1293 3008 1342 creaturam.

2268 1374 2495 1432 CAPUT
2523 1377 2617 1432 ΙΙΙ.
2649 1405 2720 1416 -
2747 1374 2850 1430 Sed
2881 1373 3109 1446 abjectis
3150 1372 3270 1428 istis
3318 1366 3695 1442 impietatibus
3751 1373 3809 1422 et

2194 1465 2416 1537 spretis;
2465 1465 2647 1534 nobis,
2693 1466 2836 1522 sicut
2875 1463 3068 1520 beatus
3107 1461 3308 1518 Paulus
3352 1457 3632 1532 apostolus
3664 1457 3750 1512 ait
3786 1473 3800 1512 :

2209 1555 2384 1612 ¢Unus
2411 1562 2491 1612 est
2518 1556 2664 1611 Deus
2690 1556 2870 1622 Pater,
2897 1569 2967 1610 ex
2996 1569 3106 1627 quo
3138 1549 3323 1606 omnia
3355 1566 3369 1616 ;
3409 1555 3466 1602 et
3491 1562 3637 1602 unus
3666 1546 3800 1602 Do-

2193 1643 2380 1700 minus
2423 1645 2579 1700 Jesus
2621 1643 2892 1712 Christus,
2930 1659 3025 1716 per
3065 1657 3225 1714 quem
3267 1635 3490 1702 omnia;
3544 1644 3597 1691 et
3643 1650 3802 1690 unus

2193 1735 2434 1806 Spiritus
2461 1743 2704 1804 sanctus,
2733 1733 2792 1790 in
2839 1751 2947 1808 quo
2981 1731 3169 1788 omnia
3211 1730 3268 1801 (Ι
3296 1728 3420 1784 Cor.
3456 1741 3580 1790 VIII,
3633 1723 3722 1796 6).
3767 1747 3788 1771 ι

2191 1823 2308 1880 Hoc
2353 1823 2536 1897 ipsum
2585 1833 2768 1881 autem
2817 1823 2966 1898 quod
3011 1821 3270 1887 dicimus,
3319 1835 3386 1873 ea:
3423 1832 3546 1888 quo,
3587 1821 3647 1868 et
3695 1829 3806 1884 per

481 1911 599 1966 sine
627 1915 916 1988 sapientia,
948 1917 1066 1974 sine
1097 1918 1326 1985 virtute,
1358 1917 1476 1978 sine
1505 1917 1708 1987 Verbo,
1741 1916 1889 1992 quod
1920 1916 2076 1976 Chri-
2110 1927 2156 1986 B
2189 1931 2362 1987 quem,
2390 1923 2445 1973 et
2485 1915 2543 1972 in
2581 1933 2686 1988 quo
2715 1915 2925 1974 omnia:
2957 1929 3070 1972 non
3101 1919 3352 1972 naturam
3391 1921 3665 2003 secamus,

482 2007 600 2056 stus
627 2009 729 2072 est,
759 2003 978 2062 fuerit?
1003 2006 1200 2075 Absit;
1240 2023 1365 2064 cum
1388 2007 1678 2064 manifeste
1699 2008 1814 2079 ipse
1841 2005 2080 2064 declaret
2189 2003 2456 2060 unitatem
2499 2013 2554 2062 et
2595 2014 2828 2074 naturae,
2879 2012 2934 2062 et
2977 2001 3306 2068 voluntatis,
3353 2003 3409 2056 et
3453 2000 3800 2068 operationis

480 2090 640 2148 Pater
662 2093 851 2152 dicens
881 2114 896 2153 :
958 2121 978 2144 ι
1018 2099 1309 2157 Eructavit
1351 2115 1448 2156 cor
1493 2115 1676 2156 meum
1707 2098 1953 2156 Verbum
1981 2097 2076 2154 bo-

480 2195 614 2236 num
666 2183 839 2255 (Psal.
881 2201 1036 2255 κων,
1087 2188 1166 2261 2).
1214 2212 1236 2238 ι
1289 2187 1446 2256 Quod
1492 2187 1854 2260 comprobans
1885 2185 2077 2244 beatus

479 2273 715 2330 Joannes
741 2275 879 2334 dicit
915 2297 927 2335 :
971 2303 989 2326 ι
1013 2280 1077 2336 In
1106 2281 1380 2354 principio
1408 2287 1523 2337 erat
1551 2277 1820 2347 Verbum,
1854 2285 1909 2334 et
1943 2275 2074 2334 Ver-

477 2360 611 2419 bum
645 2366 751 2422 erit
778 2368 921 2440 apud
969 2371 1166 2440 Deum,
1212 2380 1268 2429 et
1312 2373 1460 2428 Deus
1487 2380 1602 2428 erat
1646 2371 1914 2428 Verbum.
1959 2369 2074 2425 Hoc

476 2460 591 2510 erat
633 2453 692 2516 in
750 2457 1025 2531 principio
1072 2461 1218 2534 apud
1259 2463 1453 2519 Deum.
1504 2460 1706 2520 Omnia
1750 2476 1848 2532 per
1887 2459 2071 2530 ipsum

476 2539 619 2598 facta
664 2553 813 2614 sunt,
855 2555 911 2605 et
957 2549 1076 2606 sine
1112 2549 1232 2622 ipso
1265 2550 1470 2608 factum
1508 2558 1590 2607 est
1637 2548 1780 2606 nihil
1815 2548 1998 2621 (Joan.
2027 2564 2068 2618 ι,

477 2635 626 2707 1-3).
659 2662 678 2686 ι
715 2637 998 2714 Quidquid
1024 2657 1154 2715 ergo
1189 2643 1535 2716 incorporale
1583 2645 1728 2708 322
1755 2649 1838 2700 est
1882 2648 1936 2698 et
1983 2640 2066 2698 in-

473 2731 714 2802 visibile,
753 2735 1076 2796 diversitate
1120 2741 1369 2798 locorum
1417 2758 1532 2799 non
1578 2748 1758 2815 potest
1803 2737 2064 2812 separari.

471 2820 528 2876 Si
575 2823 725 2879 enim
773 2836 960 2884 noster
1003 2846 1201 2899 sermo,
1259 2839 1356 2888 aut
1400 2831 1602 2898 virtus,
1640 2838 1736 2888 aut
1777 2827 2064 2902 sapientia,

471 2925 501 2964 a
545 2912 706 2969 nobis
748 2917 986 2988 separari
1039 2935 1152 2974 non
1199 2927 1396 2990 potest,
1434 2919 1542 2975 nisi
1589 2935 1715 2976 cum
1765 2934 1795 2973 e
1841 2935 2068 2992 corpore

467 2999 832 3079 abscedimus,
863 3006 1144 3078 quomodo
1173 3006 1292 3062 haec
1336 3007 1404 3062 ab
1451 3005 1754 3062 immortali
1796 3013 1850 3063 et
1889 3007 2066 3065 omni~

468 3097 688 3161 potente
716 3095 849 3160 Deo,
881 3093 978 3166 qui
1001 3093 1187 3150 omnia
1213 3109 1313 3164 per
1336 3094 1579 3150 Verbum
1601 3109 1763 3150 suum
1791 3109 1857 3149 ex
1884 3094 2065 3154 nihilo

467 3179 619 3248 fecit,
657 3189 916 3254 poterunt
963 3181 1200 3252 separari
1246 3181 1275 3238 ?
1310 3181 1445 3237 Nam
1478 3181 1636 3252 cujus
1664 3181 1770 3237 erit
1797 3182 1956 3239 Pater
1983 3198 2062 3239 se-

2187 2095 2534 2152 conﬁtemur.
2585 2097 2738 2152 Unus
2777 2112 2904 2168 ergo
2951 2097 3099 2151 Deus
3130 2093 3188 2148 in
3222 2091 3311 2148 bis
3340 2087 3538 2153 tribus,
3587 2090 3642 2138 et
3671 2081 3798 2138 haec

2186 2183 2292 2241 tria
2335 2201 2482 2242 unus
2519 2194 2603 2242 est
2645 2187 2812 2242 Deus.
2847 2183 3006 2252 Quod
3035 2185 3113 2240 ita
3141 2197 3259 2238 esse
3289 2179 3435 2236 idem
3467 2171 3798 2245 comprobat

2183 2272 2481 2345 Apostolus
2509 2274 2730 2332 dicens:
2771 2299 2789 2322 ι
2813 2277 2902 2331 Ex
2927 2273 3066 2346 ipso,
3099 2279 3154 2328 et
3175 2286 3270 2344 per
3287 2269 3491 2341 ipsum,
3513 2263 3643 2322 etin
3665 2261 3795 2334 ipso

2183 2364 2371 2420 omnia
2398 2365 2531 2437 :ipsi
2558 2366 2732 2438 gloria
2752 2367 2810 2422 in
2831 2366 3031 2422 saecula
3049 2365 3400 2429 saeculorum,
3417 2373 3576 2416 amen
3602 2356 3792 2428 (Rom.

2182 2469 2265 2522 xx,
2295 2453 2409 2526 36).
2441 2479 2460 2504 ι
2500 2454 2670 2528 Cujus
2701 2457 3104 2529 reicongruens
3131 2451 3306 2512 David
3331 2447 3591 2524 propheta
3608 2441 3784 2499 dicit:

2197 2567 2216 2590 ι
2240 2543 2535 2603 Benedicat
2581 2562 2682 2603 nos
2721 2547 2886 2616 Deus,
2933 2548 3081 2606 Deus
3107 2553 3316 2612 noster,
3363 2536 3644 2597 benedicat
3673 2547 3795 2588 nos

2181 2633 2358 2702 Deus;
2401 2641 2456 2691 et
2501 2643 2748 2693 metuant
2789 2652 2916 2694 eum
2958 2651 3150 2692 omnes
3206 2633 3344 2690 ﬁnes
3381 2639 3538 2688 terra;
3593 2619 3785 2696 (Psal.

2180 2739 2334 2792 var,
2367 2724 2420 2790 7,
2449 2723 2530 2796 8).
2559 2747 2578 2774 ›
2621 2725 2782 2782 Pater
2819 2741 2946 2799 ergo
2972 2725 3132 2781 Pater
3171 2731 3254 2780 est
3275 2723 3393 2781 sine
3424 2719 3586 2778 initio
3611 2737 3624 2788 ;
3673 2732 3793 2774 ne-

2180 2828 2286 2885 que
2313 2813 2462 2870 enim
2493 2823 2574 2872 est
2599 2814 2752 2872 aliud
2779 2813 2994 2890 aliquid
3023 2813 3170 2872 unde
3199 2814 3358 2872 Pater
3385 2813 3489 2870 sit:
3525 2817 3577 2867 et
3597 2809 3787 2866 Filius

2179 2902 2354 2960 Filius
2400 2912 2482 2962 est
2507 2904 2711 2980 absque
2763 2905 2928 2966 initio
2965 2906 3271 2973 duntaxat;
3317 2903 3384 2960 de
3430 2904 3586 2960 Patre
3623 2899 3785 2958 enim

2178 2998 2283 3060 est,
2323 2999 2376 3046 et
2405 3002 2618 3050 creator
2645 2995 2896 3052 omnium
2929 3005 3240 3068 temporum
3279 3001 3394 3050 est:
3427 3003 3482 3051 et
3511 2993 3633 3050 ideo
3665 3008 3789 3048 non

2145 3079 2154 3086 ’
2175 3079 2346 3134 sumit
2371 3079 2598 3138 initium
2620 3097 2690 3138 ex
2707 3091 2972 3154 tempore,
3003 3083 3132 3154 quia
3153 3082 3395 3140 Verbum
3413 3083 3596 3147 (Joan.
3626 3097 3669 3150 ι,
3697 3081 3789 3153 1),

2177 3165 2308 3237 quia
2337 3165 2538 3235 virtus,
2574 3169 2703 3241 quia
2734 3169 3001 3240 sapientia
3031 3177 3112 3224 est
3143 3169 3202 3238 (Ι
3244 3169 3368 3224 Cor.
3401 3187 3442 3236 ι,
3489 3168 3608 3238 24),
3653 3185 3789 3242 quae

467 3269 710 3326 cundum
739 3271 940 3342 impios
968 3269 1278 3340 haereticos,
1317 3270 1362 3327 si
1403 3269 1472 3327 ab
1500 3286 1564 3326 eo
1591 3270 1718 3327 Filii
1745 3279 1942 3328 natura
1968 3287 2064 3328 se-
2095 3277 2139 3338 ί]
2172 3269 2336 3310 omne
2367 3263 2581 3328 tempus
2625 3264 2679 3314 θῑ
2731 3256 2864 3313 feeit
2903 3266 2958 3313 θι
2993 3255 3288 3314 antecedit
3321 3256 3558 3329 Spiritus
3587 3266 3790 3316 autem

470 3365 692 3427 paratur
727 3359 758 3415 ?
785 3359 856 3414 Et
884 3375 1076 3416 rursus
1103 3359 1282 3418 Filius
1309 3359 1467 3432 cujus
1491 3359 1596 3416 erit
1638 3359 1833 3428 Filius,
1864 3359 1913 3418 si
1949 3376 2062 3417 non

467 3446 620 3519 origo
647 3464 746 3504 sua
773 3447 1042 3503 referatur
1079 3448 1149 3504 ad
1191 3449 1406 3506 Patrem
1438 3467 1452 3517 ;
1497 3457 1560 3506 ut
1590 3448 1663 3506 sit
1707 3449 1802 3506 ille
1849 3447 1945 3522 qui
1977 3465 2063 3522 ge-

466 3535 610 3603 nuit,
641 3545 695 3592 et
727 3536 820 3592 ille
849 3537 943 3608 qui
971 3553 1042 3594 ex
1071 3554 1136 3595 eo
1175 3539 1391 3612 genitus
1425 3547 1507 3598 est
1551 3539 1580 3597 ?
1621 3539 1783 3598 Pater
1809 3555 1938 3612 ergo
1967 3539 2062 3612 qui

465 3625 620 3696 origo
648 3635 731 3683 est
756 3625 978 3684 deitatis
1003 3637 1060 3685 et
1085 3629 1372 3696 bonitatis,
1403 3639 1550 3688 recte
1573 3638 1628 3688 et
1661 3630 1719 3688 in
1747 3629 1893 3687 Filio
1919 3637 1974 3688 et
2003 3631 2062 3687 in

471 3714 684 3787 Spiritu
731 3724 921 3774 sancto
967 3717 1302 3792 intelligitur
1347 3729 1402 3776 et
1437 3721 1673 3776 sentitur
1704 3738 1717 3776 :
1749 3719 1809 3776 in
1847 3720 1967 3788 illo,
2006 3719 2064 3776 id

463 3811 568 3874 est,
602 3805 659 3860 in
700 3807 866 3878 Filio,
899 3810 1055 3866 velut
1081 3810 1286 3880 Verbo,
1335 3811 1544 3868 virtute
1571 3818 1628 3868 et
1651 3809 1925 3882 sapientia
1957 3827 1969 3866 :
2001 3807 2063 3866 in

463 3893 570 3950 hoc
609 3902 815 3966 autem,
859 3898 1014 3956 velut
1058 3899 1269 3972 Spiritu
1315 3900 1384 3956 ab
1425 3899 1545 3973 ipso
1593 3897 1920 3974 procedente
1953 3897 2058 3971 (6).

355 4046 364 4055 .
463 3983 546 4040 Ita
586 3999 714 4058 ergo
757 3993 967 4044 rectum
1026 3997 1082 4046 et
1125 3990 1463 4048 catholicum
1516 3996 1616 4058 est,
1665 3996 1728 4046 ut
1775 3997 1830 4045 et
1887 4003 2062 4044 unum

461 4071 637 4128 Deum
667 4075 968 4132 secundum
990 4079 1277 4136 veritatem
1307 4079 1390 4151 (7)
1416 4078 1738 4136 substantiae
1767 4077 2060 4145 fateamur,

460 4169 516 4218 et
541 4161 780 4232 Patrem,
827 4172 884 4220 et
925 4165 1154 4236 Filium,
1184 4176 1239 4224 et
1268 4168 1543 4241 Spiritum
1582 4175 1830 4224 sanctum
1872 4166 1932 4222 in
1964 4182 2064 4222 sua

460 4267 731 4326 quemque
771 4253 1126 4312 subsistentia
1165 4255 1484 4313 sentiamus.
1535 4256 1756 4330 Absque
1825 4255 1941 4311 ulla
1981 4262 2063 4310 est

459 4356 588 4412 ergo
616 4341 726 4398 ﬁne
751 4343 833 4414 (8)
855 4343 1129 4402 credenda
1153 4353 1355 4404 sanctas
1374 4344 1662 4406 Trinitatis
1691 4343 1981 4414 divinitas,
2007 4352 2062 4400 et

459 4431 528 4487 ad
558 4432 906 4490 sentiendum
933 4435 1098 4492 etiam
1125 4435 1229 4509 ipsi
1250 4436 1423 4493 menti
1439 4435 1687 4494 diﬂicilis
1717 4434 1821 4508 (9).
1854 4435 1928 4494 Et
1957 4434 2062 4492 hoc

457 4520 635 4578 solum
665 4529 768 4591 est,
802 4524 948 4598 quod
987 4540 1057 4581 ex
1088 4541 1151 4582 ea
1177 4524 1720 4599 comprehendimus,
1753 4525 1882 4597 quia
1909 4540 2058 4582 com-

2174 3351 2400 3400 sanctus
2425 3359 2554 3400 vere
2583 3343 2822 3418 Spiritus
2848 3353 2949 3414 est,
2981 3345 3282 3419 procedens
3311 3343 3533 3418 quidem
3563 3362 3634 3402 ex
3665 3346 3790 3405 Pa-

2170 3440 2254 3489 tre
2272 3432 2389 3506 (12)
2414 3451 2426 3490 :
2460 3431 2554 3492 sed
2572 3450 2683 3491 non
2711 3441 2792 3492 est
2811 3443 2864 3492 et
2889 3435 3004 3508 ipse
3025 3435 3219 3504 Filius,
3252 3433 3381 3510 quia
3401 3451 3516 3490 non
3538 3451 3789 3508 genera-

2171 3531 2281 3594 tur,
2310 3524 2404 3582 sed
2434 3525 2678 3598 procedit
2709 3543 2741 3584 a
2767 3525 2924 3584 Patre
2957 3526 3096 3600 (13).
3129 3528 3304 3586 Omne
3331 3525 3479 3584 enim
3501 3526 3648 3602 quod
3671 3537 3783 3598 est,

2171 3623 2266 3673 aut
2313 3616 2620 3688 ingenitum
2670 3626 2771 3688 est,
2811 3627 2906 3676 aut
2949 3619 3216 3692 genitum,
3264 3626 3358 3678 aut
3393 3617 3621 3678 factum.
3673 3619 3784 3678 Est

2172 3724 2306 3782 ergo.
2327 3709 2474 3781 quod
2505 3725 2680 3782 neque
2705 3719 2916 3780 natum,
2939 3728 3116 3786 neque
3140 3711 3347 3770 factum
3368 3721 3451 3770 est
3479 3731 3492 3768 :
3515 3720 3598 3772 est
3623 3713 3781 3786 quod

2171 3806 2362 3856 natum
2393 3808 2495 3870 est,
2526 3809 2581 3858 et
2627 3800 2836 3858 factum
2885 3817 2996 3858 non
3042 3809 3161 3858 est:
3199 3809 3254 3860 et
3295 3809 3377 3858 est
3415 3801 3562 3875 quod
3591 3817 3778 3876 neque

2172 3895 2384 3957 natum,
2417 3904 2596 3962 neque
2641 3889 2848 3948 factum
2878 3897 2960 3948 est
2987 3909 3000 3948 z
3033 3899 3088 3948 et
3129 3897 3212 3948 est
3239 3890 3386 3967 quod
3429 3892 3635 3950 factum
3663 3901 3773 3964 est,

2171 3983 2226 4034 et
2257 3984 2448 4036 natum
2481 3993 2593 4034 non
2640 3986 2757 4036 est:
2807 3987 2862 4037 et
2889 3987 2971 4038 est
3014 3980 3162 4054 quod
3200 3980 3407 4039 factum
3448 3990 3552 4050 est,
3581 3990 3636 4039 et
3675 3998 3774 4042 na-

2171 4077 2290 4127 tum
2320 4079 2422 4140 est,
2470 4079 2525 4128 et
2575 4081 2825 4130 renatum
2863 4080 2985 4130 est:
3020 4079 3075 4129 et
3119 4079 3202 4130 est
3239 4073 3386 4147 quod
3427 4073 3630 4131 factum
3663 4079 3772 4142 est,

2169 4165 2317 4226 323
2345 4169 2400 4218 et
2425 4171 2613 4220 natum
2643 4171 2744 4234 est,
2768 4170 2823 4222 et
2847 4173 3095 4222 renatum
3128 4181 3238 4221 non
3269 4171 3368 4221 est.
3398 4165 3557 4222 Nunc
3581 4171 3774 4220 autem

2169 4258 2575 4332 propositorum
2601 4279 2895 4332 memores,
2925 4263 3156 4336 singulis
3181 4261 3296 4336 jam
3325 4261 3489 4319 rebus
3516 4261 3773 4318 substan-

2168 4347 2274 4404 tias
2315 4347 2686 4422 designemus,
2735 4351 2894 4420 Quod
2941 4368 3066 4426 ergo
3113 4367 3290 4426 neque
3341 4359 3554 4420 natum,
3589 4366 3775 4424 neque

2169 4435 2376 4494 factum
2436 4447 2536 4508 est,
2588 4440 2747 4498 Pater
2792 4448 2918 4500 est:
2977 4457 3090 4499 non
3135 4441 3282 4498 enim
3327 4440 3396 4498 ab
3425 4439 3610 4514 aliquo
3661 4447 3771 4496 est.

2167 4525 2326 4592 Quod
2367 4534 2550 4584 autem
2594 4537 2786 4586 natum
2830 4539 2931 4598 est,
2967 4539 3022 4586 et
3050 4529 3256 4588 factum
3303 4545 3416 4588 non
3453 4537 3558 4598 est,
3587 4527 3773 4588 Filius

456 4609 718 4712 prehendi
750 4629 860 4670 non
905 4621 1104 4688 potest.
1137 4615 1256 4672 Una
1287 4623 1368 4674 est
1413 4631 1540 4689 ergo
1569 4615 1627 4672 in
1659 4615 1836 4672 tribus
1863 4613 2056 4684 deitas,
2089 4657 2137 4716 D
2167 4625 2268 4684 est,
2301 4617 2396 4690 qui
2427 4633 2459 4673 a
2484 4618 2644 4675 Patre
2665 4620 2882 4692 genitus
2911 4629 3011 4678 est.
3043 4619 3202 4688 Quod
3223 4635 3353 4677 vero
3373 4633 3552 4693 neque
3569 4627 3768 4675 natum

454 4707 510 4756 et
536 4700 644 4758 tria
673 4709 803 4760 sunt
840 4703 898 4762 in
939 4703 1144 4776 quibus
1183 4703 1376 4762 deitas.
1417 4705 1580 4762 Nulla
1608 4721 1736 4778 ergo
1765 4703 1824 4762 in
1850 4704 2061 4762 unitate
2089 4700 2136 4716 "'
2169 4721 2345 4777 neque
2378 4705 2585 4763 factum
2614 4717 2715 4780 est,
2748 4709 2987 4782 Spiritus
3023 4717 3244 4766 sanctus
3271 4719 3371 4778 est,
3403 4709 3498 4784 qui
3536 4724 3568 4766 a
3604 4707 3772 4764 Patre

455 4789 727 4860 confusio,
759 4808 938 4866 neque
971 4794 1028 4850 in
1057 4794 1354 4852 divinitate
1379 4793 1498 4868 (10)
1528 4793 1825 4852 discidium
1855 4803 1956 4852 est.
1983 4797 2054 4852 Et

501 4935 634 5018 .(5).
670 4938 1048 5018 Rom._iedit._,
1094 4942 1332 5018 Quanta
1391 4941 1585 5018 igitar__
1619 4943 1923 5018 temeritate,
1991 4961 2056 5002 ne

454 5005 954 5092 dixerim‘ctpcitate
999 5005 1199 5070 Ariani
1256 5005 1438 5070 dicunt
1484 5031 1500 5081 ;
1556 5015 1684 5087 Reg.
1735 5005 2054 5081 cod.,'ca:-

454 5083 640 5132 cantur
667 5080 885 5136 Ariani.
1002 5098 1007 5105 '

507 5148 850 5277 (gfgtgadem
881 5152 1040 5268 Rom:
1071 5151 1208 5210 edit.
1247 5156 1388 5211 velut
1412 5157 1612 5229 spiritu
1637 5174 1673 5213 α
1700 5158 1896 5230 spiritu
1927 5174 2055 5232 pro-

452 5237 767 5420 maciei.
801 5295 952 5376 cod...
987 5255 1244 5352 unitatem
1264 5297 1588 5382 substantiae.

551 5365 609 5420 8l
640 5366 798 5420 Rom.
829 5365 988 5420 edit..
1022 5369 1136 5420 ulla
1163 5385 1284 5420 eruo
1311 5387 1574 5420 nrmmma

554 5295 609 5364 7)
643 5295 767 5350 Val.
801 5295 952 5358 cod.,
987 5296 1244 5352 unitatem
1264 5297 1588 5356 substantias.

525 5295 609 5506 g8)
640 5366 798 5422 Rom.
829 5365 988 5436 edit.,
1022 5369 1141 5450 ulla
1163 5385 1286 5450 erga
1305 5370 1574 5442 principia
1604 5377 1652 5426 et
1676 5371 1799 5452 ﬁne.
1865 5432 1874 5442 ,

632 5437 838 5524 Eadem
867 5439 1212 5524 ROIRL‘GCAIF”
1247 5441 1629 5524 ligethumanag
1655 5449 1727 5498 stt
1750 5444 1910 5500 menti

452 5509 907 5646 :zrzm’lznsione
947 5510 1196 5585 άίθῐοὶῑίε.
1255 5512 1398 5568 Unde
1443 5529 1551 5568 non
1604 5514 1889 5586 incongrue
1927 5509 2053 5572 diei-

521 5647 644 5791 (10)
680 5649 884 5706 Eadem
918 5653 1076 5712 Rom.
1121 5653 1282 5722 edit.,
1312 5671 1475 5725 neque
1500 5657 1560 5711 in
1582 5657 1874 5736 .Trinitate.

523 5719 613 5788 (11
693 5720 898 5791 Eadem
949 5725 1108 5781 Rom.
1173 5725 1331 5791 edit.,
1394 5727 1656 5782 Sabellzus
1699 5729 1837 5783 enim

523 5719 644 5791 (11)
693 5720 898 5792 Eadem
949 5725 1108 5781 Rom.
1173 5719 1331 5792 edit.,
1383 5719 1656 5782 'Sabellius
1699 5729 1837 5783 enim
1879 5729 2059 5784 docuit

448 5789 628 5846 unam
652 5789 1003 5848 substantiam
1049 5811 1157 5850 esse
1202 5789 1418 5853 Patrem
1460 5804 1508 5854 et
1546 5798 1747 5854 Filium
1790 5805 1837 5856 et
1871 5800 2056 5872 Spiri-

2161 4796 2408 4868 procedit
2439 4797 2579 4870 (14).
2601 4797 2759 4866 Quod
2785 4798 2951 4856 etiam
2979 4797 3187 4857 factum
3217 4807 3317 4869 est,
3351 4805 3406 4856 et
3429 4807 3619 4857 natum
3651 4814 3769 4854 non

2163 4951 2274 5020 tam
2327 4952 2585 5014 sanctum,
2634 4962 2896 5017 unamque
2934 4944 3214 5002 trinomine
3265 4963 3562 5020 personant
3593 4962 3621 5020 ;_
3675 4945 3771 5000 sed

2169 5017 2294 5072 dum
2324 5035 2498 5073 omnes
2541 5035 2718 5094 unum
2747 5035 2850 5074 esse
2877 5033 3160 5089 personam
3204 5017 3438 5094 reputat,
3483 5017 3622 5076 nimi
3659 5033 3771 5074 esse

2159 5105 2591 5161 unamquamque
2610 5089 2873 5161 designat.

2236 5160 2352 5295 (ἐξ)
2385 5160 2589 5224 Eadem
2621 5160 2779 5219 Rom.
2801 5161 2963 5244 edit.,
2989 5166 3038 5218 et
3065 5161 3225 5220 Filio.

2338 5232 2583 5295 )Eadem
2624 5233 2784 5291 Rom.
2815 5232 2974 5295 edit.,
3019 5249 3184 5295 neque

2264 5232 2354 5306 l3)
2379 5232 2583 5288 Eadem
2624 5233 2784 5291 Rom.
2815 5232 2974 5306 edit.,
3019 5249 3184 5304 neque
3216 5233 3413 5306 Pater,
3442 5230 3571 5302 quia
3612 5247 3764 5306 pro-

2163 5302 2241 5357 dit
2276 5303 2612 5377 ab__utroqae
2648 5321 2756 5360 non
2791 5305 3014 5377 genitus,
3063 5301 3169 5360 nan
3201 5301 3483 5375 ingenitus,
3523 5301 3630 5360 non
3677 5301 3765 5372 fa-

2161 5380 2292 5447 ctus.
2325 5375 2467 5430 Nam
2504 5392 2654 5431 omne
2689 5375 2832 5446 quod
2876 5381 2950 5432 est
2985 5382 3094 5447 aut
3133 5392 3294 5447 neque
3338 5381 3542 5442 natum,
3600 5391 3767 5444 neque

2161 5445 2364 5516 factum
2402 5453 2494 5516 est,
2522 5453 2618 5502 aut
2644 5445 2848 5514 natum,
2884 5453 2934 5504 et
2966 5445 3168 5516 factum
3200 5445 3307 5502 non
3343 5452 3436 5515 est,
3468 5451 3563 5504 aut
3598 5462 3766 5517 neque

2160 5524 2368 5582 natum,
2396 5535 2560 5588 neque
2591 5517 2791 5588 factum
2832 5525 2926 5586 est,
2972 5525 3068 5574 aut
3093 5517 3314 5587 factum,
3359 5523 3410 5575 et
3447 5523 3629 5574 natum
3653 5533 3765 5588 non

2161 5595 2256 5657 est,
2305 5595 2401 5644 aut
2437 5586 2640 5659 factum
2682 5595 2731 5644 et
2761 5595 2947 5648 natam
2989 5595 3039 5644 et
3089 5597 3334 5648 renatum
3393 5595 3486 5660 est,
3521 5594 3617 5646 aut
3673 5586 3762 5660 fa-

2163 5666 2302 5716 ctum
2331 5666 2378 5716 et
2403 5667 2608 5730 natum,
2639 5667 2688 5716 et
2715 5665 2960 5716 renatum
2988 5676 3094 5714 non
3114 5667 3204 5717 est.

2236 5731 2355 5804 (ut)
2383 5731 2588 5790 Eadem
2621 5733 2780 5791 Rom.
2814 5730 2972 5802 edit.,
3003 5737 3050 5787 et
3078 5732 3220 5789 Filio
3239 5731 3498 5803 procedit.
