3972 6362
265 397 378 462 841

1431 406 1527 469 DE
1565 407 1944 470 TRINITATE
1981 404 2413 474 TRACTATUS.

3470 425 3578 488 8H

266 533 377 630 φῖ»
403 528 628 630 ορθιιιω,
649 537 704 589 θα
738 537 901 605 terra.
945 543 1001 594 οι
1035 542 1232 596 eadem
1263 552 1383 612 quae
1402 545 1550 597 ειιηῑ·
1579 539 1737 610 Quod
1766 558 1875 601 au-
1902 539 1953 600 Α
1984 551 2152 607 tatem
2184 561 2394 613 natura;
2431 549 2628 611 novit:
2686 549 2777 611 hic
2816 560 2899 611 est
2924 555 2994 615 de
3024 572 3134 630 quo
3187 558 3363 618 Filius
3390 558 3574 620 dixit:

269 625 387 674 tem
420 618 627 677 factum
660 632 763 693 est,
795 634 852 682 et
893 634 1084 683 natum
1115 638 1215 699 est,
1258 638 1312 687 et
1345 640 1598 689 renatum
1627 641 1728 702 est,
1759 634 1873 690 ho-

268 724 369 765 mo
398 718 499 780 est,
537 712 632 786 qui
665 715 846 786 primo
878 719 1124 775 nascitur
1161 723 1415 791 carnalis,
1440 732 1495 780 et
1520 724 1578 780 in
1597 724 1872 798 baptismo

269 800 585 856 renascitur
614 802 937 875 spiritualis.
970 807 1129 875 Quod
1158 826 1290 867 vero
1324 811 1529 869 factum
1561 822 1661 883 est,
1694 822 1748 871 et
1778 830 1873 872 na-

268 893 395 942 tum
434 896 535 957 est,
567 900 621 947 et
640 901 893 952 renatum
923 912 1034 953 non
1064 906 1165 967 est,
1198 900 1460 957 animalia
1487 911 1636 960 sunt.

350 994 578 1052 CAPUT
606 998 701 1055 IV.
723 1031 795 1043 —
824 1002 895 1058 Ut
945 1020 1072 1077 ergo
1102 1005 1320 1080 singula
1351 1008 1645 1066 doceamus
1673 1027 1871 1068 exem-

271 1079 422 1152 plis;
450 1081 518 1138 de
551 1085 707 1142 Patre
736 1089 885 1145 enim
918 1092 995 1148 ita
1022 1079 1286 1169 scriptum
1318 1106 1434 1155 est:
1483 1125 1501 1147 ι
1530 1099 1682 1155 Unus
1722 1101 1870 1157 enim

270 1171 422 1261 Deus
457 1172 634 1243 Pater,
668 1193 737 1232 ex
766 1194 876 1252 quo
905 1183 1095 1239 omnia
1128 1186 1186 1258 (Ι
1214 1186 1339 1245 Cor.
1372 1202 1498 1257 vm,
1531 1189 1610 1261 6);
1638 1215 1657 1238 ι
1697 1189 1764 1246 de
1784 1189 1870 1246 Fi—

273 1257 355 1314 lio
402 1269 626 1320 autem:
684 1288 703 1312 ‹
745 1267 899 1326 Unus
940 1257 1210 1331 Dominus
1259 1276 1413 1333 Iesus
1452 1257 1726 1348 Christus,
1775 1295 1873 1351 per

271 1362 437 1421 quem
469 1352 656 1409 omnia
683 1354 895 1429 (Ibid);
931 1368 985 1417 et
1011 1361 1246 1421 iterum:
1290 1389 1308 1412 ε
1338 1365 1491 1422 Unus
1521 1367 1669 1422 enim
1700 1369 1866 1438 Deus,

273 1455 420 1496 unus
450 1451 503 1498 et
531 1444 802 1503 mediator
845 1450 945 1506 Dei
985 1461 1038 1509 et
1084 1453 1394 1527 hominum,
1424 1455 1591 1513 homo
1618 1455 1871 1514 Christus

272 1529 507 1602 Jesus(I
539 1534 760 1605 Tim.n,
784 1538 867 1611 5);
891 1566 909 1588 ι
946 1541 1013 1598 de
1030 1542 1388 1616 Spirituvero
1413 1553 1620 1605 sancto:
1662 1546 1870 1603 «Nemo

272 1618 425 1675 enim
461 1623 621 1680 novit
648 1641 769 1698 quae
800 1637 929 1686 sunt
975 1631 1241 1702 hominis,
1290 1652 1411 1709 qua
1462 1635 1519 1691 in
1564 1635 1684 1708 ipso
1719 1642 1867 1703 sunt,

272 1707 383 1763 nisi
415 1710 645 1783 spiritus
674 1715 939 1789 hominis,
977 1722 1073 1796 qui
1127 1723 1184 1779 in
1227 1707 1347 1797 ipso
1384 1735 1502 1782 est:
1560 1707 1637 1782 ita
1662 1734 1715 1781 et
1749 1740 1870 1797 quas

272 1798 375 1890 Dei
409 1812 559 1873 sunt,
593 1805 880 1865 hominum
913 1827 1077 1870 nemo
1128 1816 1307 1884 novit,
1355 1815 1464 1873 nisi
1507 1816 1743 1890 Spiritus
1769 1813 1870 1872 Dei

276 1887 334 1959 (I
365 1890 489 1947 Cor.
529 1896 791 1969 ιι,11);ι

275 1984 426 2034 tatur
446 1982 611 2040 etiam
643 1986 753 2043 alta
780 1990 879 2047 Dei
915 1992 1078 2063 (Ibid.
1116 1994 1228 2068 10).
1256 2021 1275 2044 ι
1319 1995 1476 2064 Quod
1506 2004 1686 2053 autem
1716 1994 1874 2051 Pater

274 2075 331 2123 et
358 2069 535 2128 Filius
555 2083 606 2130 et
628 2075 868 2151 Spiritus
906 2090 1128 2139 sanctus
1149 2084 1314 2141 initio
1336 2094 1536 2151 careat,
1561 2085 1761 2142 exinde
1782 2085 1873 2141 de-

272 2167 640 2233 monstratur,
671 2168 799 2238 quia
829 2169 977 2240 quod
1008 2172 1167 2229 Pater
1211 2180 1311 2242 est,
1357 2189 1472 2230 esse
1520 2190 1631 2229 non
1660 2173 1826 2246 coepit
1855 2191 1870 2243 ;

270 2254 325 2301 et
359 2247 406 2302 si
435 2264 544 2306 non
576 2255 761 2327 coepit,
795 2274 897 2315 nec
947 2259 1124 2317 Filius
1177 2262 1380 2334 ccepit:
1412 2263 1657 2336 Spiritus
1689 2269 1871 2318 autem

275 2347 522 2426 sanctus,
556 2342 651 2415 qui
681 2361 712 2400 a
740 2346 897 2404 Patre
929 2351 1175 2422 procedit
1222 2353 1364 2425 (15),
1412 2368 1513 2409 ηθθ
1544 2354 1657 2426 ἱρεθ
1684 2352 1869 2425 ccepit,

277 2424 409 2497 quia
437 2432 713 2499 processio
744 2435 864 2509 ejus
893 2439 1156 2496 continua
1199 2424 1323 2510 est,
1345 2449 1400 2498 et
1438 2442 1505 2498 ab
1552 2424 1616 2498 eo
1646 2450 1746 2511 est,
1770 2424 1873 2514 qui

273 2529 390 2570 non
420 2520 586 2591 coepit
610 2539 621 2576 :
657 2538 767 2579 non
796 2527 943 2583 enim
973 2528 1133 2585 Pater
1157 2530 1323 2603 cmpit
1351 2547 1485 2600 esse,
1518 2539 1571 2588 et
1600 2532 1729 2605 quia
1758 2546 1869 2587 non

273 2605 462 2694 ccepit,
490 2623 591 2664 nec
619 2610 859 2683 Spiritus
888 2618 1053 2690 coepit
1099 2636 1216 2676 esse
1240 2635 1252 2675 :
1317 2636 1379 2675 ea
1427 2620 1639 2677 ratione
1668 2620 1797 2694 quia
1818 2628 1871 2676 et

280 2691 341 2746 in
371 2693 490 2766 ipso
520 2706 624 2767 est,
655 2708 710 2755 et
744 2701 862 2773 ejus
909 2714 1009 2761 est.
1060 2708 1138 2763 De
1176 2708 1294 2764 ﬁlio
1345 2709 1546 2765 iterum
1582 2691 1729 2782 quo‘d
1759 2725 1870 2765 non

281 2782 471 2854 ccepit,
497 2790 832 2858 evangelista
877 2800 1112 2850 testatur
1149 2796 1380 2853 dicens:
1444 2821 1463 2844 ι
1503 2799 1564 2854 In
1595 2798 1870 2870 principio

277 2877 397 2925 erat
427 2871 690 2945 Verbum,
720 2886 772 2933 et
803 2879 1045 2938 Verbum
1097 2894 1213 2941 erat
1239 2886 1384 2959 apud
1412 2889 1611 2956 Deum,
1641 2895 1695 2943 et
1723 2889 1871 2944 Deus

276 2967 392 3050 erat
420 2961 686 3022 Verbum.
749 2966 866 3027 Hoc
908 2981 1024 3029 erat
1071 2973 1129 3030 in
1186 2976 1460 3050 principio
1509 2977 1654 3050 apud
1693 2979 1869 3034 Deum

284 3046 539 3142 (Joa_n.r,
575 3054 626 3122 1,
660 3056 741 3130 2).
774 3083 792 3106 ι
835 3060 980 3133 Ergo
1010 3064 1139 3137 quia
1162 3046 1428 3135 erat,non
1460 3046 1646 3140 coepit,
1669 3075 1721 3124 et
1743 3067 1873 3142 quia

278 3138 426 3208 apud
448 3141 617 3196 Deum
637 3152 769 3215 erat,
802 3164 915 3205 non
942 3154 1105 3224 coepit
1130 3172 1143 3223 ;
1185 3161 1239 3211 et
1268 3154 1397 3228 quia
1424 3138 1566 3213 Deus
1593 3164 1728 3225 erat,
1756 3138 1869 3212 non

1994 670 2013 694 ε
2042 647 2113 705 Ει
2140 648 2299 704 Pater
2345 665 2500 705 meus
2528 649 2682 706 dabit
2721 649 2867 706 bona
2911 652 3224 723 petentibus
3268 671 3324 710 se
3355 655 3572 727 (Matth.

1979 754 2079 801 vn,
2116 738 2229 807 11),
2262 762 2282 786 ι
2324 737 2430 795 hoc
2465 747 2567 807 est,
2616 746 2712 795 aut
2757 740 2962 812 ipsum,
3012 749 3108 797 aut
3156 758 3346 798 omnes
3377 745 3578 813 gratias

1980 826 2118 897 ejus.
2153 827 2307 885 Sicut
2335 844 2462 901 ergo
2509 829 2778 885 Dominus
2824 829 3079 887 Christus
3123 840 3178 887 et
3224 831 3491 899 Verbum,
3522 841 3577 889 et

1979 917 2180 986 virtus,
2210 926 2265 974 et
2292 919 2579 991 sapientia,
2608 927 2662 975 et
2685 919 2925 992 justitia,
2949 929 3001 976 et
3021 921 3343 993 margarita,
3370 930 3426 978 et
3454 922 3575 991 lux,

1979 1014 2034 1062 et
2062 1006 2173 1075 via,
2204 1015 2259 1063 et
2287 1009 2633 1077 resurrectio,
2684 1017 2737 1066 et
2770 1018 2964 1067 caetera
3010 1027 3130 1083 quae
3168 1010 3237 1067 de
3283 1027 3348 1067 eo
3376 1011 3579 1083 scripta

1979 1103 2128 1162 sunt,
2176 1098 2517 1168 appellatur;
2568 1098 2645 1156 ita
2697 1106 2753 1156 et
2810 1099 3049 1172 Spiritus
3090 1107 3313 1157 sanctus
3364 1101 3577 1173 sapien-

1978 1183 2089 1252 tiae,
2120 1184 2453 1255 intellectus,
2486 1187 2728 1255 consilii,
2760 1188 3133 1257 fortitudinis,
3164 1187 3433 1258 scientiae,
3467 1190 3577 1262 pie-

1977 1273 2109 1330 tatis
2135 1289 2198 1332 ac
2220 1275 2459 1345 timoris,
2510 1286 2574 1335 ut
2625 1277 2740 1350 jam
2800 1278 3014 1336 dictum
3047 1288 3148 1348 est,
3201 1287 3575 1352 nuncupatur.

1976 1361 2097 1419 Non
2127 1372 2311 1422 tamen
2338 1366 2485 1439 quod
2539 1367 2793 1425 diversus
2821 1369 2894 1425 sit
2916 1368 3079 1441 juxta
3111 1368 3452 1429 differentias
3479 1385 3577 1425 no-

1978 1452 2214 1522 minum,
2246 1454 2341 1511 sed
2371 1455 2519 1528 quod
2550 1472 2695 1514 unus
2726 1466 2890 1531 atque
2922 1458 3068 1515 idem
3098 1467 3423 1517 cunctarum
3452 1457 3578 1514 vir-

1976 1546 2160 1601 tutum
2189 1542 2312 1600 fons
2355 1544 2430 1603 sit
2478 1553 2642 1620 atque
2684 1546 3046 1620 principium,
3095 1548 3191 1623 qui
3238 1547 3295 1603 in
3338 1546 3579 1603 Domino

1978 1628 2223 1697 Christo,
2248 1640 2437 1707 utpote
2466 1651 2577 1691 suae
2605 1643 2814 1692 naturae
2844 1644 3122 1706 consorte,
3153 1652 3369 1710 semper
3407 1636 3579 1692 inha-

1976 1719 2197 1779 bitavit.
2226 1724 2322 1781 Isti
2352 1733 2480 1782 sunt
2511 1736 2721 1799 septem
2755 1727 2924 1798 oculi,
2950 1728 3044 1800 qui
3073 1726 3131 1784 in
3159 1727 3427 1784 Zacharia
3456 1745 3576 1801 pro-

1976 1810 2141 1883 pheta
2169 1813 2228 1870 in
2258 1830 2369 1871 uno
2400 1816 2579 1890 lapide
2612 1818 2800 1889 (Zach.
2842 1836 2924 1888 ιη,
2973 1819 3053 1890 9),
3096 1817 3152 1874 id
3204 1816 3304 1887 θεῖ,
3338 1818 3577 1879 1)οωὶηο

834 1908 888 1957 et
918 1901 1120 1960 iterum
1147 1923 1158 1961 :
1205 1928 1223 1952 ι
1245 1905 1483 1979 Spiritus
1512 1914 1693 1962 autem
1727 1921 1873 1963 scru-
1902 1901 1949 1962 B
1981 1901 2204 1959 Christo
2232 1905 2496 1963 dicuntur
2524 1908 2724 1969 inesse.
2756 1910 3067 1981 Proprietas
3095 1927 3244 1985 ergo,
3276 1909 3577 1982 unicuique

1981 1990 2324 2050 immobilis:
2383 1996 2478 2054 sed
2524 2014 2670 2055 unus
2723 2001 2910 2059 cultus
2958 1999 3099 2070 (17),
3130 2016 3243 2056 una
3272 1999 3576 2069 veneratio,

1982 2096 2092 2136 una
2121 2082 2486 2141 sanctiﬁcatio
2514 2102 2730 2159 semper
2758 2088 2935 2145 Patris
2963 2097 3018 2145 et
3065 2088 3195 2144 Filii
3242 2095 3295 2143 et
3339 2086 3578 2159 Spiritus

1981 2169 2158 2225 sancti
2187 2178 2288 2226 est.
2318 2172 2505 2245 Neque
2533 2176 2680 2231 enim
2712 2177 2942 2249 dignum
2998 2187 3079 2235 est
3108 2184 3204 2234 aut
3232 2177 3438 2233 Filium
3469 2175 3578 2234 de-

1981 2257 2153 2316 fuisse
2186 2260 2356 2329 Patri,
2385 2270 2480 2319 aut
2520 2263 2789 2337 Spiritum
2836 2275 3087 2325 sanctum
3137 2267 3378 2324 defuisse
3408 2265 3576 2334 Filio,

1980 2347 2125 2405 sicut
2152 2349 2309 2423 impii
2340 2351 2586 2411 haeretici
2616 2354 2981 2413 mentiuntur.
3010 2358 3120 2413 Nos
3149 2372 3276 2430 ergo
3298 2354 3415 2412 haec
3443 2371 3579 2427 prae-

1980 2446 2257 2505 caventes,
2328 2457 2612 2499 servemus
2668 2443 2878 2501 bonum
2933 2446 3300 2519 propositum,
3355 2444 3501 2518 quod
3547 2458 3579 2499 a

1982 2527 2187 2583 sanctis
2215 2528 2471 2586 Patribus
2523 2532 2884 2604 suscepimus.
2943 2534 3251 2592 Adoremus
3279 2533 3495 2591 Patrem
3524 2540 3578 2591 et

1980 2615 2186 2671 Filium
2214 2623 2269 2673 et
2305 2617 2573 2689 Spiritum
2620 2630 2891 2689 sanctum,
2941 2627 3002 2678 in
3052 2623 3196 2679 Filio
3242 2624 3480 2688 Patrem,
3517 2621 3575 2677 in

1981 2703 2189 2774 Spiritu
2220 2712 2402 2761 autem
2449 2715 2638 2765 sancto
2666 2708 2879 2766 Patrem
2910 2718 2964 2766 et
3012 2712 3217 2768 Filium
3250 2711 3575 2783 intelligen-

1978 2798 2098 2848 tes:
2131 2791 2446 2849 dividentes
2471 2803 2766 2871 antequam
2817 2798 3233 2872 conjungamus,
3264 2808 3319 2857 et
3341 2798 3573 2873 jungen-

1979 2887 2061 2937 tes
2087 2889 2384 2954 antequam
2433 2883 2784 2943 dividamus:
2819 2892 2967 2952 324
3003 2889 3270 2946 unitatem
3303 2890 3363 2946 in
3393 2888 3570 2946 Trini-

1980 2986 2089 3036 tate
2119 2991 2465 3053 venerantes,
2495 2993 2550 3042 et
2576 2984 2902 3042 Trinitatem
2961 2986 3017 3042 in
3050 2986 3262 3047 unitate
3288 2985 3571 3043 conﬁten-

1979 3075 2079 3127 tes.
2115 3070 2251 3127 Tota
2299 3087 2428 3144 ergo
2485 3089 2518 3130 a
2574 3073 2737 3132 nobis
2792 3083 2979 3132 sancta
3025 3075 3269 3132 Trinitas
3297 3073 3573 3131 adoranda

1979 3167 2083 3227 est,
2115 3160 2247 3233 quia
2276 3169 2394 3218 tota
2446 3163 2644 3235 regalis
2669 3173 2772 3234 est,
2804 3166 2935 3239 quia
2959 3166 3125 3225 unius
3154 3165 3440 3239 potestatis
3470 3174 3571 3235 est,

276 3228 473 3300 cmpit:
508 3239 580 3327 et-
615 3235 745 3306 quia
772 3239 887 3327 phoc
930 3248 1047 3297 erat
1090 3243 1147 3298 in
1192 3245 1461 3317 principio
1492 3248 1640 3319 apud
1680 3247 1868 3317 Deum,
1905 3258 1949 3319 α
1979 3256 2034 3304 et
2061 3228 2227 3309 unius
2283 3251 2469 3322 gloriae
2507 3228 2604 3311 Vest
2661 3228 2835 3325 supra.
2883 3228 3175 3323 mundum:
3223 3271 3389 3327 supra
3419 3228 3571 3312 tem;

284 3330 397 3372 non
443 3321 644 3393 ccepit:
689 3325 819 3397 quia
858 3327 937 3383 ita
982 3330 1126 3387 Deus
1172 3348 1243 3388 ex
1285 3334 1401 3390 Deo
1454 3341 1615 3391 natus
1656 3341 1757 3402 est,
1812 3341 1876 3391 ut

282 3410 508 3482 ccepisse
540 3415 764 3473 nesciat.
822 3418 1009 3491 Neque
1064 3438 1192 3494 ergo
1245 3423 1532 3481 fraudatus
1559 3433 1642 3481 est
1692 3426 1872 3495 Pater,

280 3516 347 3555 eo
375 3503 521 3574 quod
554 3505 832 3578 ingenitus
863 3518 963 3577 est,
992 3518 1089 3567 aut
1119 3514 1249 3585 quia
1277 3516 1466 3587 genuit
1495 3516 1733 3572 Filium:
1766 3531 1875 3572 ne-

280 3605 385 3662 que
413 3592 592 3649 Filius
619 3594 996 3667 defraudatus,
1029 3616 1092 3657 eo
1122 3602 1270 3676 quod
1301 3612 1587 3677 generatus
1620 3614 1728 3673 est,
1779 3612 1875 3663 aut

280 3680 410 3752 quia
440 3695 507 3734 ex
541 3680 787 3753 ingenito
817 3698 1131 3759 generatur:
1183 3706 1359 3765 neque
1391 3692 1627 3766 Spiritus
1656 3702 1875 3751 sanctus

279 3766 636 3827 defraudatus
665 3783 766 3843 est,
801 3777 931 3853 quia
976 3786 1361 3855 utrorumque,
1386 3782 1439 3839 id
1472 3792 1574 3853 est,
1604 3784 1783 3841 Patris
1820 3790 1874 3839 et

280 3858 409 3915 Filii
438 3868 537 3917 est.
569 3862 658 3920 Sic
683 3871 867 3923 tamen
898 3885 1088 3926 eorum
1127 3880 1229 3942 est,
1281 3880 1345 3930 ut
1389 3890 1565 3948 neque
1604 3874 1661 3930 in
1691 3874 1871 3942 Patre,

280 4236 416 4312 quos
445 4226 591 4294 vult,
619 4235 672 4283 et
698 4240 934 4301 quantos
978 4236 1119 4306 vult,
1169 4246 1223 4295 et
1270 4247 1534 4312 quantum
1582 4241 1725 4309 vult,
1776 4241 1874 4296 in—

281 4308 455 4403 spirat
472 4328 569 4368 sua
587 4320 810 4389 propria
824 4323 1110 4382 voluntate
1133 4308 1314 4399 (Icari.
1336 4346 1418 4397 nr,
1439 4330 1520 4402 8).
1540 4308 1731 4403 Replet
1746 4346 1874 4403 ergo

282 4399 455 4493 gratia
477 4417 575 4458 sua
600 4420 736 4477 quos
773 4412 918 4480 vult,
968 4424 1023 4471 et
1059 4425 1294 4488 quantos
1325 4399 1484 4487 vult,
1519 4427 1574 4476 et
1602 4399 1872 4493 quantum

281 4490 566 4583 vult,-non
597 4493 713 4566 ipse
742 4500 986 4572 repletur
1013 4520 1025 4558 :
1059 4505 1452 4583 perfectionem
1488 4490 1727 4581 prestat,
1759 4527 1872 4568 non

1982 3353 2135 3410 pora,
2198 3337 2479 3409 increata,
2538 3342 2840 3400 invisibilis
2872 3385 2887 3411 ,
2939 3340 3516 3413 incomprehensibilis
3552 3386 3570 3415 ,

1984 3425 2431 3500 investigabilis:
2474 3448 2595 3504 qum
2625 3447 2734 3504 quo
2783 3430 2977 3488 ordine
3023 3430 3169 3503 apud
3223 3431 3569 3504 semetipsam

1983 3517 2075 3585 sit,
2125 3518 2242 3590 ipsa
2296 3521 2412 3577 sola
2467 3521 2767 3594 cognoscit,
2840 3539 2872 3579 a
2952 3521 3113 3581 nobis
3158 3529 3339 3579 autem
3395 3537 3571 3594 aequa-

1985 3605 2112 3662 liter
2166 3607 2446 3668 adoratur.
2521 3612 2585 3669 In
2640 3627 2747 3685 qua
2836 3611 3109 3673 invisibili
3194 3618 3250 3668 et
3302 3610 3571 3669 ineffabili

1983 3703 2171 3754 sancta
2199 3699 2469 3759 Trinitate
2524 3702 2667 3763 nihil
2722 3711 2833 3761 tam
2891 3704 3199 3777 proprium,
3230 3712 3342 3762 tam
3394 3702 3570 3762 ﬁxum

1983 3786 2291 3860 intelligere
2341 3790 2635 3861 debemus,
2717 3808 2883 3865 quam
2947 3810 3134 3866 pacem
3197 3800 3252 3851 et
3304 3793 3569 3866 quietem.

1982 3876 2168 3950 Neque
2197 3879 2345 3936 enim
2375 3879 2645 3940 dissensio
2688 3883 2804 3941 ulla
2848 3883 2909 3943 in
2945 3891 3142 3942 natura
3182 3884 3283 3942 Dei
3312 3892 3412 3952 est,
3445 3886 3574 3957 quia

1984 3996 2085 4038 nec
2122 3980 2353 4038 dissolvi
2405 3997 2564 4052 posse
2618 3982 2905 4041 sentienda
2957 3992 3059 4053 est,
3092 3990 3285 4056 utpote
3314 4001 3434 4058 qua:
3464 3999 3573 4055 pax

1855 4090 1873 4102 -
1982 4084 2198 4141 semper
2224 4076 2279 4126 et
2306 4068 2544 4126 charitas
2570 4078 2671 4128 est.
2705 4070 2762 4129 Si
2791 4071 2940 4130 enim
2966 4078 3202 4144 quatuor
3227 4071 3567 4141 substantiae,

1986 4158 2044 4215 id
2071 4166 2174 4227 est,
2206 4160 2376 4228 calor,
2407 4161 2652 4233 sanguis,
2691 4160 2888 4232 ﬂegma
2933 4169 2988 4220 et
3033 4161 3253 4229 humor,
3290 4160 3573 4221 hominem

1984 4246 2202 4306 faciunt
2232 4249 2371 4321 (18),
2405 4257 2460 4307 et
2488 4266 2635 4307 unus
2687 4250 2856 4309 homo
2886 4260 3004 4320 est;
3041 4261 3102 4310 tu
3133 4251 3190 4310 in
3221 4252 3431 4310 unitate
3458 4252 3576 4309 Tri-

1983 4338 2235 4405 nitatem,
2282 4345 2377 4396 aut
2424 4339 2483 4396 in
2527 4338 2800 4399 Trinitate
2840 4341 3108 4399 unitatem
3157 4341 3434 4414 quomodo
3462 4356 3574 4399 non

1983 4427 2300 4502 intelligis?
2326 4433 2474 4488 Deus
2518 4448 2647 4505 ergo
2699 4431 2859 4489 Pater
2912 4431 3282 4504 omnipotens,
3309 4432 3575 4503 omnipo-

1980 4530 2103 4579 tens
2129 4523 2373 4581 Verbum
2404 4531 2459 4580 et
2483 4524 2752 4595 Spiritum
2794 4523 3020 4593 habens,
3078 4540 3243 4596 supra
3272 4523 3569 4581 humanam

279 4578 873 4685 aco‘ipitisanctiﬂcat,
928 4605 1042 4647 non
1064 4578 1069 4583 ’
1094 4602 1277 4650 autem
1325 4596 1441 4668 ipse
1469 4578 1864 4658 sanctiﬁcatur.
1900 4620 1949 4679 D
1981 4578 2549 4683 intelligentianVest,r
2566 4578 3565 4685 iquam‘cog‘itaripotestiino

348 4674 579 4734 CAPUT
609 4680 679 4738 V.
706 4713 776 4725 —
807 4685 910 4743 Hic
937 4703 1066 4762 ergo
1121 4690 1266 4748 sicut
1314 4691 1474 4750 Pater
1521 4694 1787 4763 ac_Filius
1813 4705 1868 4753 et

281 4766 397 4821 vita
424 4775 584 4825 estet
617 4770 930 4844 viviﬁcans,
992 4786 1047 4833 et
1094 4779 1193 4834 lux
1219 4787 1301 4836 est
1345 4788 1400 4837 et
1446 4782 1791 4852 illuminans,
1820 4792 1875 4841 et

281 4855 456 4913 bonus
484 4866 537 4915 et
566 4859 804 4933 bonitas,
865 4873 919 4922 et
976 4876 1197 4927 sanctus
1244 4879 1297 4929 et
1344 4874 1641 4931 sanctitas:
1673 4874 1767 4933 hic
1793 4885 1876 4933 est

282 4943 518 5037 Spiritus
542 4947 857 5037 adoptionis
886 4955 1063 5026 (Rom.
1098 4976 1219 5027 vm,
1256 4960 1371 5032 15),
1402 4961 1496 5019 hic
1513 4969 1595 5019 est
1616 4963 1711 5037 qui
1731 4964 1875 5021 dona

282 5050 378 5089 sua
405 5034 611 5093 dividit
640 5039 895 5114 singulis,
927 5054 1091 5116 prout
1120 5049 1243 5105 vult
1266 5050 1325 5121 (Ι
1354 5051 1478 5108 σον.
1505 5068 1607 5121 xn,
1630 5034 1754 5123 ’ως
1780 5053 1873 5110 hic

283 5131 360 5180 est
404 5148 420 5171 ι
448 5124 688 5197 Spiritus
716 5132 996 5203 sapientiae
1050 5145 1105 5193 et
1160 5137 1496 5209 intellectus,
1546 5140 1789 5198 scientiis
1819 5148 1873 5198 et

284 5211 525 5284 pietatis,
555 5219 774 5275 consilii
805 5230 859 5277 et
884 5222 1113 5281 virtutis
1150 5240 1215 5284 ac
1242 5226 1463 5286 timoris
1490 5230 1589 5286 Dei
1623 5231 1757 5301 (Isa.
1788 5246 1869 5299 χι,

284 5304 354 5374 :2):
387 5329 404 5352 ι
449 5303 541 5362 hic
569 5315 651 5363 est
679 5308 921 5379 Spiritus
968 5322 1210 5381 sanctus,
1253 5330 1349 5386 per
1379 5331 1542 5389 quem
1592 5317 1749 5374 Pater
1785 5334 1873 5391 ag-

289 5392 545 5463 noscitur,
597 5402 651 5451 et
703 5397 880 5455 Filius
935 5401 1295 5472 gloriﬁcatur,
1349 5412 1402 5460 et
1441 5422 1473 5461 a
1511 5405 1713 5480 quibus
1741 5407 1873 5463 solis

288 5482 395 5555 ipse
421 5483 788 5555 cognoscitur,
820 5495 875 5543 et
903 5488 996 5561 qui
1023 5490 1175 5547 solus
1204 5493 1392 5549 omnia
1421 5510 1612 5551 eorum
1638 5510 1734 5567 per
1751 5494 1871 5552 uni-

355 5569 473 5710 (lS)
504 5570 709 5629 Eadem
745 5574 899 5631 Rom.
935 5574 1091 5658 edit.,
1122 5578 1215 5649 qui
1251 5579 1317 5634 ab
1347 5586 1584 5651 utroque.

386 5640 447 5695 l6
533 5642 754 5700 Eadem.
805 5645 963 5704 Rom.
995 5648 1151 5710 edit.,
1184 5651 1584 5710 consubstantiai

288 5642 471 5765 mg
491 5642 754 5764 “Eadem.
805 5645 963 5704 Rom.
995 5642 1151 5718 edit.,
1184 5642 1647 5711 consubstantialis
1674 5662 1721 5711 et
1747 5672 1873 5713 cow-

305 5729 461 5765 ornus
491 5729 583 5766 ess.

356 5782 475 5853 (17)
512 5782 716 5839 Eadem
741 5786 899 5843 Rom.
932 5788 1092 5864 edit.,
1141 5792 1425 5865 unicuique
1453 5803 1546 5865 est,
1582 5802 1641 5852 ut
1683 5798 1732 5853 si
1777 5797 1872 5854 im-

1978 4700 2491 4773 comprehensibilis
2518 4710 2573 4759 et
2600 4710 2874 4758 aeternus:
2908 4717 3068 4774 quem
3100 4710 3254 4767 tunc,
3289 4708 3560 4773 quantum

1980 4790 2064 4847 fas
2121 4791 2523 4850 imbecillitatis
2573 4800 2774 4848 nostra;
2826 4790 3119 4863 permittit,
3163 4804 3455 4861 possumus
3483 4806 3571 4872 ag:

1981 4896 2225 4948 noscere,
2261 4879 2483 4953 quando
2512 4880 2810 4937 Dominum
2838 4879 3142 4946 Christum,
3177 4878 3271 4951 qui
3302 4878 3420 4950 ejus
3446 4879 3573 4935 for-

1982 4986 2072 5027 ma
2102 4970 2123 5042 (
2130 4971 2242 5042 l9),
2274 4980 2329 5028 et
2357 4971 2556 5029 unicus
2583 4972 2733 5027 filius
2752 4979 2853 5039 est,
2879 4972 3238 5029 noverimus:
3272 4973 3402 5045 quia
3430 4972 3573 5030 sicut

1983 5060 2097 5132 ipse
2127 5060 2235 5116 ait:
2282 5082 2302 5107 ι
2329 5059 2435 5128 Qui
2464 5059 2609 5116 vidit
2642 5059 2869 5129 Filium,
2902 5060 3047 5118 vidit
3099 5068 3153 5118 et
3204 5061 3443 5129 Patrem,
3475 5061 3569 5134 qui

1980 5148 2134 5204 misit
2162 5163 2308 5216 eum,
2336 5155 2391 5204 et
2418 5148 2511 5221 qui
2555 5147 2615 5204 in
2664 5164 2730 5205 eo
2766 5157 2867 5219 est,
2919 5157 2973 5206 et
3022 5150 3118 5223 qui
3160 5150 3218 5207 in
3267 5166 3333 5207 eo
3387 5156 3572 5206 manet

1984 5241 2169 5311 (Joan.
2201 5256 2320 5309 xrv,
2351 5240 2433 5310 9),
2463 5264 2484 5288 ι
2526 5247 2581 5297 et
2609 5240 2810 5298 iterum
2838 5259 2850 5298 :
2911 5265 2932 5290 ι
2978 5243 3106 5300 Haec
3134 5250 3215 5299 est
3245 5250 3424 5299 autem
3454 5241 3571 5299 vita

1981 5334 2202 5391 aeterna,
2225 5336 2289 5385 ut
2315 5337 2646 5397 cognoscant
2671 5336 2727 5385 te
2763 5328 2939 5387 Deum
2968 5346 3183 5396 verum,
3214 5337 3267 5387 et
3289 5344 3450 5403 quem
3468 5328 3570 5388 mi-

1979 5414 2121 5484 sisti,
2151 5416 2333 5474 Jesum
2366 5417 2646 5476 Christum
2679 5418 2861 5489 (Joan.
2890 5435 3030 5486 xvn,
3054 5418 3134 5490 3).
3166 5443 3185 5467 ›
3218 5417 3363 5492 Ergo
3392 5418 3569 5477 omni-

1980 5494 2173 5578 potens
2202 5506 2361 5565 Pater
2388 5524 2588 5567 nomen
2617 5508 2796 5567 Patris
2824 5524 2920 5583 per
2948 5509 3153 5569 Filium
3187 5509 3417 5571 sortitus
3445 5520 3528 5570 est
3552 5530 3567 5580 ;

1980 5587 2226 5649 mobilis;
2254 5588 2381 5659 quia
2410 5606 2549 5645 unus
2577 5592 2771 5658 cultus,
2803 5598 2908 5649 etc.

2055 5659 2173 5740 (18)
2204 5659 2408 5740 [Eadem
2445 5662 2626 5740 _Rom.
2657 5661 2815 5731 edit.,
2847 5662 2968 5740 bilis
2996 5668 3122 5720 atra
3168 5672 3216 5721 et
3242 5668 3406 5736 ﬂava,
3437 5683 3569 5723 san-

1979 5733 2101 5803 guis
2125 5737 2172 5785 et
2198 5733 2415 5803 ﬂamma
2440 5733 2699 5789 hominem
2725 5734 3067 5792 constituunt.

2055 5801 2171 5874 (19)
2200 5801 2406 5859 Eadem
2432 5804 2589 5860 Rom.
2620 5802 2779 5874 edit.,
2810 5805 3084 5862 character
3113 5812 3159 5861 et
3190 5804 3384 5878 ﬁgura.
