3972 6372
405 401 514 462 543

1411 392 1508 449 ΑΒ
1547 390 1781 449 OPERA
1817 388 1875 446 S.
1915 383 2250 447 AMBROSII
2286 382 2669 442 APPENDIX.

3595 376 3713 436 544

408 537 538 610 quia
564 540 727 594 nemo
757 534 876 594 sine
903 534 1023 593 ﬁlio
1043 544 1197 610 pater
1215 548 1330 591 esse
1351 531 1439 588 vel
1466 528 1578 588 dici
1600 532 1798 602 potest,
1820 539 1999 597 neque
2036 523 2089 583 A
2114 533 2282 610 super
2307 519 2589 592 apostolos
2617 515 2974 585 descendens,
3006 514 3251 573 diversas
3283 516 3363 573 eis
3398 514 3723 589 impertitus

408 625 558 684 ﬁlius
590 624 711 682 sine
730 634 904 699 patre.
927 626 1283 699 Unigenitum
1313 641 1447 680 vero
1474 620 1575 679 Dei
1600 618 1828 681 Filium,
1858 615 2008 671 Ver-

406 716 562 786 bum,
615 725 671 773 et
723 719 1072 793 sapientiam,
1142 734 1206 774 ac
1263 713 1531 787 Spiritum
1583 708 1701 778 ejus
1755 711 2006 759 sanctum

408 792 845 866 substantialiter
901 810 1137 882 aequales
1179 824 1276 879 per
1327 805 1518 862 omnia
1553 801 1702 860 Patri
1748 792 2004 859 conﬁteri

408 896 779 959 honoriﬁcum
810 909 910 958 est.
943 899 1076 955 Nam
1108 899 1233 972 quis
1260 912 1450 953 revera
1475 901 1572 951 aut
1608 893 1870 959 colorem,
1911 901 2006 949 aut

407 1005 683 1072 habitum,
742 1008 837 1057 aut
889 995 1335 1069 magnitudinem
1367 990 1536 1051 Verbi
1588 1001 1643 1049 et
1698 991 2003 1065 sapientiae,

403 1100 567 1172 juxta
608 1091 755 1167 quod
798 1087 1070 1161 sapientia
1112 1092 1215 1155 est,
1263 1102 1325 1142 ac
1369 1084 1608 1157 Spiritus
1646 1081 1829 1142 sancti
1869 1101 2006 1141 coa-

407 1187 587 1263 ptavit
610 1203 622 1241 :
649 1191 713 1239 ut
734 1180 934 1255 gradus
955 1178 1072 1235 illic
1096 1178 1341 1248 requirat
1358 1184 1413 1233 et
1440 1174 1663 1231 ordines
1689 1174 1877 1242 faciat,
1907 1173 2003 1230 ubi

410 1274 597 1333 omnia
626 1268 934 1328 invisibilia
972 1276 1027 1324 et
1053 1266 1215 1323 unita
1254 1282 1321 1322 ac
1366 1264 1594 1338 paciﬁca
1619 1277 1834 1334 semper
1870 1276 2006 1334 per-

407 1373 634 1425 manent
655 1363 686 1420 τ

480 1481 710 1542 CAPUT
738 1480 836 1537 VI.
866 1508 937 1520 —
958 1479 1208 1536 Primum
1230 1495 1362 1551 ergo
1388 1477 1639 1533 omnium
1670 1471 2004 1531 credendum

407 1583 490 1633 est
510 1590 685 1631 unum
711 1589 827 1630 esse
854 1573 1053 1638 Deum,
1078 1570 1172 1642 qui
1194 1575 1393 1626 cuncta
1411 1583 1482 1624 ex
1534 1565 1714 1621 nihilo
1748 1580 1845 1636 per
1870 1562 2005 1619 Ver-

405 1663 540 1720 bum
569 1678 730 1720 suum
760 1660 910 1728 fecit,
943 1666 995 1716 et
1025 1674 1123 1730 per
1171 1657 1435 1730 Spiritum
1478 1662 1727 1711 sanctum
1782 1650 2007 1707 anima-

407 1754 526 1821 vit;
562 1751 802 1825 quicum
834 1749 1096 1806 universa
1128 1746 1327 1819 capiat,
1376 1745 1491 1817 ipse
1528 1760 1560 1800 a
1586 1741 1809 1799 nemine
1846 1738 2006 1812 capi-

406 1849 517 1899 tur.
549 1838 708 1909 Quod
754 1838 832 1896 ita
879 1853 996 1894 esse
1038 1852 1151 1892 uno
1196 1834 1471 1891 versiculo
1517 1831 1696 1889 David
1742 1828 2007 1902 propheta

408 1926 829 2002 comprehendit
857 1926 1049 1983 dicens
1074 1943 1087 1981 :
1143 1948 1163 1973 ι
1198 1922 1384 1980 Verbo
1408 1921 1631 1979 Domini
1664 1919 1789 1979 cmli
1820 1916 2000 1972 ﬁrma.

407 2019 454 2075 ti
507 2025 657 2087 sunt,
688 2024 742 2074 et
803 2015 1013 2088 Spiritu
1048 2014 1160 2071 oris
1198 2012 1315 2085 ejus
1368 2011 1549 2070 omnis
1603 2009 1783 2063 virtus
1811 2022 2000 2062 eorum

412 2107 588 2180 (Psal.
620 2121 806 2171 xxxn,
838 2104 918 2174 6).
960 2128 978 2151 ι
1020 2104 1128 2159 Iste
1155 2109 1238 2158 est
1267 2101 1508 2173 Spiritus
1545 2103 1786 2163 sanctus,
1817 2093 1912 2167 qui
1943 2094 2001 2148 in

408 2194 683 2268 principio
710 2201 766 2249 et
790 2192 997 2249 fabrica
1046 2191 1240 2248 mundi
1292 2190 1568 2246 ferebatur
1615 2199 1779 2256 super
1831 2198 1999 2254 aquas

414 2284 569 2354 (Gen.
603 2299 644 2350 ι,
664 2281 745 2352 2).
768 2281 877 2337 Iste
905 2289 987 2336 est
1020 2279 1079 2336 in
1109 2296 1218 2353 quo
1243 2277 1463 2350 Moyses
1506 2279 1560 2329 et
1598 2272 1782 2327 Aaron
1816 2283 2000 2324 coram

407 2371 692 2428 Pharaone
712 2385 836 2442 rege
855 2369 1087 2442 Egypti
1108 2368 1265 2439 signa
1277 2365 1547 2427 fecerunt,
1570 2366 1627 2415 et
1644 2358 1713 2413 de
1733 2372 1842 2429 quo
1858 2354 2001 2427 Magi

409 2459 674 2517 dixerunt
697 2477 709 2515 :
757 2484 776 2507 ι
791 2458 894 2514 Hic
911 2456 1120 2530 digitus
1140 2455 1238 2512 Dei
1262 2461 1343 2509 est
1368 2448 1570 2521 (Exod.
1590 2463 1715 2513 VIII,
1739 2444 1804 2501 19
1813 2461 1878 2513 ).-
1895 2444 2001 2499 Iste

411 2556 495 2605 est
523 2549 618 2621 qui
654 2548 713 2604 in
742 2547 951 2619 Moyse,
985 2553 1037 2603 et
1069 2546 1126 2601 in
1156 2541 1417 2599 omnibus
1445 2535 1648 2594 sanctis
1674 2532 2002 2606 patriarchis

413 2645 472 2694 et
494 2636 779 2710 prophetis
823 2644 987 2710 atque
1048 2631 1309 2705 apostolis
1364 2629 1581 2684 locutus
1625 2632 1708 2681 est
1741 2624 1828 2696 (ΙΙ
1854 2624 1999 2679 Petr.

414 2744 456 2794 ι,
487 2725 603 2797 21),
635 2752 655 2775 ι
697 2726 764 2782 de
796 2742 906 2799 quo
954 2722 1250 2796 Apostolus
1299 2717 1465 2774 dicit:
1517 2741 1535 2764 ι
1562 2716 1636 2772 Et
1685 2730 1787 2771 nos
1814 2728 2003 2768 omnes

419 2833 532 2875 uno
560 2817 773 2890 Spiritu
791 2815 963 2890 potati
992 2829 1181 2871 sumus
1212 2809 1271 2880 (Ι
1297 2807 1420 2864 Cor.
1443 2825 1545 2873 XII,
1582 2805 1694 2876 13).
1728 2829 1748 2854 ι
1781 2805 2000 2870 Isteest,

411 2907 507 2981 qui
535 2924 757 2966 carnem
787 2905 961 2964 Verbi
1004 2903 1104 2960 Dei
1154 2901 1213 2957 in
1258 2914 1474 2955 sacrum
1507 2895 1753 2969 Virginis
1782 2903 2001 2951 uterum

413 2996 707 3055 fabricavit
738 2996 889 3067 (Luc.
924 3010 963 3059 ι,
996 2991 1127 3057 35):
1173 2988 1275 3045 iste
1316 2993 1419 3054 est,
1452 3001 1614 3058 quem
1645 2992 1768 3056 post
1793 2983 2001 3056 baptis-

413 3102 567 3143 mum
597 3087 759 3142 Pater
781 3099 945 3154 super
973 3079 1176 3137 Filium
1205 3075 1359 3133 misit
1399 3076 1608 3145 (Matth.
1642 3092 1726 3142 III,
1755 3074 1867 3141 i6):
1902 3072 2003 3127 iste

410 3183 514 3243 est,
546 3174 707 3248 cujus
735 3174 942 3228 virtute
990 3168 1147 3225 Iesus
1196 3166 1391 3240 plenus
1434 3180 1686 3221 reversus
1713 3171 1797 3220 est
1823 3179 1855 3218 a
1885 3163 2001 3218 Jor-

417 3237 579 3331 dane,
611 3237 665 3320 et
703 3274 981 3333 regressus
1009 3265 1092 3315 est
1120 3237 1216 3313 in—
1239 3256 1526 3312 Galilaeam
1568 3254 1589 3316 (
1595 3255 1720 3310 Luc.
1754 3268 1832 3319 Iv,
1866 3249 1955 3319 14)
1987 3266 2000 3317 ;
2034 3237 2078 3298 C

412 3353 515 3410 iste
534 3360 637 3421 est,
666 3365 828 3424 quem
859 3348 1019 3405 Pater
1043 3347 1363 3421 petentibus
1382 3363 1439 3403 se
1468 3345 1560 3401 dat
1593 3344 1748 3415 (Luc.
1771 3358 1852 3408 χι,
1883 3338 1998 3410 13);

408 3441 511 3498 iste
532 3446 633 3508 est,
672 3439 768 3513 qui
799 3456 831 3494 a
857 3438 1003 3497 Filio
1032 3439 1333 3497 advocatus
1363 3442 1551 3492 noster
1587 3431 1732 3505 apud
1762 3431 1999 3495 Patrem,

409 3535 465 3584 et
487 3527 632 3584 alius
673 3529 974 3599 paraclitus
1018 3528 1345 3600 appellatur,
1377 3540 1541 3598 quem
1590 3521 1767 3578 Filius
1808 3518 1877 3575 ad
1903 3533 2004 3572 nos

409 3617 707 3674 missurum
733 3634 791 3675 se
820 3635 938 3675 esse
964 3618 1222 3692 promisit
1253 3616 1434 3689 (Joan.
1477 3631 1600 3680 xxv,
1647 3611 1762 3681 16).
1790 3608 1847 3666 Si
1877 3621 2004 3679 ergo

408 3707 578 3763 unius
605 3713 817 3765 natura;
846 3723 960 3764 non
1007 3714 1148 3765 esset
1176 3722 1303 3764 cum
1349 3706 1511 3762 Patre
1557 3709 1613 3758 et
1656 3699 1837 3775 Filio,_
1863 3711 2003 3752 nun-

409 3796 747 3868 quamralius
794 3813 827 3853 a
878 3797 1025 3853 Fillo
1070 3797 1368 3869 paraclitus
1417 3793 1736 3850 diceretur:
1794 3786 2003 3843 idcirco

408 3900 540 3958 ergo
572 3887 714 3944 alius
740 3889 1041 3961 paraclitus
1095 3887 1320 3956 dicitur,
1353 3894 1416 3943 ut
1448 3884 1815 3958 aequalitatem
1846 3886 2004 3934 natu-

411 3992 485 4031 ra:
515 3992 579 4032 ac
605 3979 891 4049 potestatis
917 3995 1299 4052 agnoscamus.
1331 3978 1492 4034 Alius
1518 3990 1647 4047 ergo
1668 3989 1701 4029 a
1747 3968 1914 4027 nobis
1934 3968 2005 4024 ad

410 4065 626 4122 Patrem
657 4067 980 4138 ascendens,
1013 4069 1155 4126 alius
1206 4067 1275 4124 ad
1327 4084 1427 4124 nos
1479 4085 1512 4123 a
1564 4065 1724 4120 Patre
1751 4060 2004 4123 veniens,

398 4163 700 4227 paternum
725 4172 853 4229 erga
870 4173 973 4214 nos
996 4173 1209 4230 semper
1226 4174 1291 4215 ac
1310 4157 1619 4229 piissimum
1641 4154 1897 4209 affectum
1914 4148 2003 4204 de-

410 4246 602 4302 clarat.
635 4244 743 4313 Qui
791 4261 1071 4319 nunquam
1130 4263 1232 4303 nos
1287 4246 1346 4302 in
1400 4242 1800 4301 tentationibus
1844 4239 2005 4295 istius

411 4333 607 4390 mundi
636 4340 691 4389 et
742 4334 985 4390 miseriis
1014 4351 1115 4392 nec
1143 4334 1262 4391 sine
1291 4333 1558 4390 advocato
1583 4347 1687 4387 nec
1715 4329 1835 4387 sine
1861 4344 2005 4384 con-

411 4422 652 4479 solatore
689 4438 806 4479 esse
834 4422 1063 4495 patitur.
1097 4425 1204 4480 Iste
1259 4432 1360 4485 est.
1413 4419 1509 4494 qui
1554 4435 1666 4476 una
1690 4435 1816 4474 cum
1847 4418 2006 4473 Patre

413 4510 618 4567 Filium
649 4528 749 4584 pro
775 4512 951 4568 salute
982 4510 1197 4585 generis
1214 4508 1444 4567 humani
1470 4507 1641 4575 misit,
1665 4506 1808 4563 sicut
1840 4504 2007 4561 Isaias

2116 618 2199 665 est
2227 609 2444 681 linguas
2469 614 2524 663 et
2544 607 2746 679 gratias
2776 606 2918 677 (Act.
2956 624 3017 674 ιι,
3047 606 3103 672 2,
3134 605 3214 678 3),
3245 605 3421 662 sancti
3448 605 3565 662 Joel
3592 620 3725 675 pro-

2117 697 2299 770 phetae
2322 698 2651 755 vaticinium
2682 697 2968 768 complens
3019 696 3173 766 (Joel.
3216 712 3279 761 II,
3311 693 3428 764 28).
3472 695 3580 749 Iste
3609 698 3724 761 est,

2118 787 2213 860 qui
2243 789 2300 845 in
2331 787 2536 846 sanctis
2567 786 2907 858 martyribus
2935 783 3184 857 loquens,
3208 782 3491 840 diabolum
3525 788 3578 837 et
3606 779 3724 835 ad-

2116 877 2389 933 versarios
2408 875 2616 934 Christi
2645 876 2810 932 vicit:
2838 875 2942 930 iste
2970 881 3074 942 est,
3108 872 3206 945 qui
3249 872 3482 927 Paulum
3504 870 3723 941 imple—

2115 967 2221 1032 vit,
2253 974 2307 1022 et
2336 966 2394 1022 in
2414 965 2779 1039 apostolatum
2813 962 3115 1037 segregavit
3146 960 3262 1034 (20)
3299 962 3440 1029 (Act.
3471 976 3596 1026 xm,
3631 957 3720 1029 2).

2115 1053 2223 1109 Iste
2251 1062 2354 1122 est,
2386 1053 2481 1127 qui
2511 1053 2730 1109 diversa
2756 1052 2904 1110 dona
2947 1068 3047 1109 sua
3099 1052 3159 1107 in
3210 1049 3428 1121 singula
3466 1045 3724 1103 membra

2115 1146 2339 1202 Domini
2394 1145 2603 1204 Christi
2659 1162 2832 1218 usque
2879 1145 2938 1201 in
2996 1143 3162 1200 ﬁnem
3210 1138 3403 1197 mundi
3458 1144 3727 1209 operatur

2118 1235 2177 1308 (Ι
2222 1235 2349 1293 Cor.
2395 1252 2500 1304 χιι,
2531 1234 2611 1306 6).
2670 1235 2779 1291 Iste
2833 1242 2939 1303 est,
2996 1232 3092 1307 qui
3142 1247 3255 1288 non
3285 1229 3463 1286 solum
3494 1225 3725 1283 anobis

2115 1324 2371 1380 tristitias
2402 1331 2458 1379 et
2489 1339 2749 1379 maerores
2802 1331 2857 1380 et
2904 1322 3075 1379 malas
3125 1317 3538 1392 turpitudinum
3566 1314 3723 1387 cogi-

2115 1413 2351 1469 tationes
2379 1412 2648 1485 expellit;
2674 1427 2868 1468 verum
2893 1411 3060 1468 etiam
3089 1408 3189 1467 Dei
3229 1408 3289 1464 in
3319 1405 3478 1463 nobis
3508 1419 3722 1460 memo-

2114 1503 2255 1559 riam
2283 1501 2502 1571 tribuit,
2533 1506 2677 1565 325
2711 1508 2773 1558 ut
2808 1500 3010 1556 merito
3056 1515 3184 1557 cum
3232 1494 3412 1553 David
3451 1492 3725 1567 propheta

2113 1598 2298 1656 dicere
2345 1598 2650 1670 possimus:
2714 1620 2732 1644 ι
2786 1597 2997 1653 Memor
3032 1593 3115 1650 fui
3169 1592 3291 1661 Dei,
3324 1600 3379 1646 et
3405 1590 3723 1647 delectatus

2114 1703 2236 1743 sum
2271 1686 2444 1758 (Psat.
2498 1701 2689 1753 Lxva,
2732 1683 2829 1756 4);
2869 1708 2886 1731 ι
2939 1690 2997 1739 et
3033 1681 3273 1737 iterum:
3326 1702 3345 1724 ι
3382 1679 3595 1734 Memor
3619 1691 3724 1730 ero

2116 1774 2454 1830 mirabilium
2482 1781 2704 1830 tuorum
2750 1771 2913 1846 (Ibid.
2966 1771 3080 1841 12).
3122 1794 3140 1817 ι
3191 1769 3299 1825 Iste
3351 1773 3454 1831 est,
3485 1764 3582 1838 qui
3617 1778 3725 1819 no-

2037 1884 2085 1945 Β
2113 1861 2201 1918 bis
2256 1870 2402 1919 recte
2456 1860 2809 1919 credentibus
2864 1867 2918 1916 et
2969 1859 3109 1915 bene
3164 1853 3523 1929 operantibus
3549 1850 3723 1907 adve-

2114 1950 2296 2018 niens,
2327 1949 2581 2007 tenebras
2630 1957 2684 2005 et
2740 1946 3020 2021 angustias
3072 1961 3135 2001 ac
3188 1940 3718 2015 pusillanimitatem

2119 2039 2303 2098 cordis
2330 2046 2383 2095 et
2421 2055 2521 2095 sua
2572 2056 2674 2095 nos
2726 2040 2849 2095 luce
2905 2035 3252 2101 illuminans,
3306 2030 3501 2086 miscet
3527 2028 3717 2085 sensui

2117 2136 2306 2185 nostro
2327 2142 2547 2183 sensum
2578 2125 2786 2184 Christi
2810 2143 2824 2193 ;
2878 2132 2941 2181 ut
2998 2123 3169 2178 vitam
3199 2127 3466 2187 nostram,
3495 2133 3617 2190 quas
3650 2116 3712 2172 in

2118 2216 2341 2273 Christo
2370 2222 2451 2271 est
2478 2213 2821 2278 abscondita,
2852 2211 3193 2284 cogitemus;
3223 2217 3278 2264 et
3316 2207 3375 2262 in
3407 2204 3625 2263 mternis
3655 2212 3711 2259 et

2114 2308 2532 2380 superventuris
2559 2305 2798 2372 saeculis,
2828 2302 2923 2376 qui
2953 2311 3140 2359 noster
3181 2308 3360 2356 status
3387 2298 3481 2363 sit,
3512 2295 3713 2352 consi-

2115 2399 2391 2468 deremus,
2422 2407 2711 2473 sequentes
2738 2398 2926 2454 Iesum
2985 2394 3193 2450 Filium
3239 2392 3361 2459 Dei,
3414 2389 3509 2463 qui
3537 2404 3715 2462 pene—

2114 2490 2283 2546 travit
2311 2490 2496 2557 caelos,
2528 2496 2583 2545 et
2606 2489 2666 2544 in
2694 2488 2923 2544 dextera
2977 2484 3075 2541 Dei
3119 2482 3333 2551 sedens,
3377 2490 3430 2537 et
3467 2480 3522 2536 in
3552 2478 3709 2534 omni

2111 2581 2415 2639 consistens
2444 2582 2587 2648 loco,
2619 2579 2762 2635 nihil
2793 2594 2904 2634 sum
2924 2574 3227 2649 praesentiae
3267 2587 3499 2628 vacuum
3531 2569 3707 2625 dere-

2114 2671 2297 2744 liquit.
2330 2671 2387 2727 Si
2415 2680 2598 2727 tamen
2644 2685 2757 2726 non
2789 2683 2918 2723 eum
2971 2663 3139 2720 unius
3192 2660 3301 2718 loci
3331 2658 3509 2732 spatio
3534 2656 3715 2713 conti-

2118 2760 2239 2817 neri
2286 2776 2385 2832 pro
2441 2758 2850 2831 dispensatione
2879 2752 3127 2826 corporis
3173 2767 3271 2823 pro
3326 2755 3511 2804 nostra
3538 2744 3720 2800 salute

2115 2852 2354 2925 suscepti
2399 2860 2677 2925 putemus,
2735 2857 2830 2905 aut
2880 2843 3360 2915 circumscriptum
3409 2837 3718 2896 secundum

2114 2944 2428 3000 divinitatis
2454 2943 2571 3014 (2i)
2603 2948 2656 2996 et
2680 2934 3148 3011 incorporalitatis
3179 2950 3290 2989 suae
3311 2940 3587 2988 naturam.
3611 2928 3713 2984 Di-

2114 3036 2377 3091 versitate
2430 3035 2677 3090 locorum
2725 3027 2993 3085 divinitas
3037 3040 3150 3080 non
3208 3030 3386 3095 potest
3432 3017 3713 3091 separari;

2115 3123 2264 3196 quod
2295 3124 2375 3177 ita
2429 3137 2545 3177 esse
2594 3121 2711 3191 ipse
2749 3117 3001 3172 Salvator
3049 3110 3433 3183 comprobavit
3475 3108 3715 3164 dicens:

2129 3238 2147 3261 ε
2174 3212 2347 3268 Nemo
2370 3208 2616 3267 ascendit
2653 3208 2711 3262 in
2741 3207 2966 3272 caelum,
2988 3203 3095 3257 nisi
3116 3202 3211 3275 qui
3232 3201 3299 3257 de
3315 3201 3454 3256 coelo
3470 3198 3725 3253 descen-

2111 3301 2213 3368 dit,
2238 3299 2413 3356 Filius
2433 3298 2698 3367 hominis,
2726 3296 2918 3370 quiest
2939 3294 2997 3348 in
3026 3293 3166 3349 coelo
3199 3293 3383 3363 (Joan.
3418 3307 3502 3357 ιιι,
3526 3288 3646 3359 13).
3686 3315 3708 3339 ι

2111 3396 2234 3451 Νοιι
2252 3410 2382 3465 ergo
2410 3393 2479 3450 ad
2508 3392 2780 3465 explenda
2830 3405 2995 3462 opera
3023 3404 3123 3444 sua
3164 3388 3284 3443 loco
3330 3385 3543 3455 indiget
3575 3383 3723 3455 Spi—

2112 3487 2275 3555 ritus,
2317 3485 2584 3553 Verbum,
2631 3485 2833 3550 virtus,
2872 3479 3159 3553 sapientia,
3195 3475 3473 3550 splendor,
3505 3474 3715 3546 imago,

2112 3596 2303 3653 vapor,
2335 3588 2389 3637 et
2416 3578 2677 3652 splendor
2722 3576 2822 3633 Dei
2875 3576 2996 3631 sine
3051 3572 3299 3629 macula:
3341 3586 3462 3642 quae
3521 3568 3717 3624 omnia

2112 3672 2231 3730 sine
2261 3672 2433 3730 dubio
2463 3686 2749 3744 personam
2766 3667 2898 3725 Filii
2914 3666 3313 3722 demonstrant.
3333 3662 3558 3719 Nullum
3580 3678 3715 3733 ergo

2112 3759 2328 3817 exstitit
2360 3769 2595 3832 tempus,
2629 3756 2849 3831 quando
2876 3755 3033 3813 Pater
3057 3753 3176 3808 sine
3216 3750 3381 3819 Filio,
3410 3760 3505 3807 aut
3529 3750 3709 3806 Filius

2114 3848 2234 3905 sine
2259 3849 2439 3918 Patre,
2473 3855 2570 3904 aut
2602 3845 2842 3918 Spiritus
2867 3850 3090 3899 sanctus
3119 3841 3239 3897 sine
3275 3840 3435 3895 Patre
3467 3854 3531 3895 ac
3559 3839 3710 3894 Filio

2113 3937 2413 4084 fug-2PM
2443 4026 2564 4083 VII.
2591 4055 2662 4067 —
2688 4022 2978 4095 Proprium
3021 4037 3149 4092 ergo
3194 4018 3294 4075 Dei
3347 3990 3428 4074 est
3465 4032 3576 4072 non
3604 4031 3712 4071 coe-

2115 4116 2283 4189 pisse,
2314 4115 2408 4172 sed
2433 4130 2647 4187 semper
2677 4113 2824 4170 idem
2846 4128 2982 4180 esse,
3007 4108 3155 4184 quod
3180 4125 3396 4181 semper
3420 4117 3521 4165 est.
3551 4109 3708 4177 Quod

2114 4208 2191 4264 ita
2229 4225 2344 4265 esse
2371 4209 2439 4266 de
2495 4208 2790 4280 semetipso
2844 4204 3167 4278 comprobat
3208 4206 3354 4261 Deus
3382 4206 3613 4277 loquens
3642 4205 3711 4260 ad

2112 4305 2372 4378 Moysen:
2422 4330 2442 4354 ι
2484 4305 2654 4375 Vade,
2686 4315 2741 4363 et
2782 4304 2874 4362 dic
2904 4304 3037 4361 filiis
3068 4303 3261 4360 Israel:
3296 4302 3400 4370 Qui
3429 4311 3530 4372 est,
3560 4303 3711 4360 misit

2114 4411 2202 4452 me
2220 4395 2289 4452 ad
2317 4412 2417 4452 vos
2445 4397 2650 4468 (Exod.
2684 4414 2768 4465 ιιι,
2818 4395 2932 4467 id).
2967 4420 2986 4444 ι
3026 4396 3135 4451 Iste
3182 4400 3265 4449 est
3307 4392 3546 4465 Spiritus
3571 4409 3712 4449 san-

2112 4493 2253 4553 ctus,
2279 4486 2374 4560 qui
2395 4502 2573 4559 neque
2609 4495 2792 4554 natus,
2820 4500 2997 4557 neque
3025 4484 3206 4540 factus
3243 4492 3344 4548 est;
3375 4482 3470 4539 sed
3511 4492 3596 4539 est
3628 4483 3710 4538 iu-

412 4570 680 4675 propheta
705 4619 777 4660 ex
807 4570 1041 4678 persona
1071 4602 1201 4659 Filii
1233 4600 1509 4676 loquentis
1540 4570 1769 4656 testatur
1795 4595 2003 4653 dicens:

2117 4574 2315 4644 fectus,
2347 4575 2491 4631 sicut
2521 4576 2678 4631 Pater
2719 4591 2785 4631 ac
2813 4573 2990 4631 Filius
3041 4572 3180 4644 (22).
3211 4572 3317 4627 Iste
3344 4578 3428 4627 est
3465 4570 3707 4642 Spiritus

426 4715 447 4739 ι
475 4692 748 4749 Dominus
776 4693 932 4749 misit
961 4709 1068 4761 me,
1117 4700 1172 4748 et
1198 4690 1439 4764 Spiritus
1471 4688 1589 4760 ejus
1646 4689 1779 4758 (Isa.
1809 4701 2009 4752 XLVIII,

416 4781 531 4854 16).
576 4807 596 4832 ι
660 4784 767 4839 Iste
815 4790 917 4851 est,
967 4781 1026 4838 in
1082 4797 1193 4855 quo
1237 4781 1395 4837 Jesus
1451 4776 1727 4834 daemonia
1756 4773 2011 4847 ejiciebat

417 4870 631 4941 (Matth.
662 4888 764 4939 xu,
824 4871 958 4943 28):
1011 4871 1116 4927 iste
1166 4876 1271 4937 est,
1319 4882 1483 4940 quem
1529 4862 1798 4921 Dominus
1855 4863 2012 4920 Iesus

414 4956 670 5013 Christus
715 4965 841 5029 post
886 4958 1107 5015 tertiam
1156 4957 1301 5014 diem
1353 4969 1641 5027 resurgens
1692 4968 1724 5007 a
1753 4952 2006 5021 mortuis,

414 5044 571 5103 dedit
596 5044 885 5118 discipulis
937 5048 1053 5103 suis
1101 5045 1328 5103 dicens:
1399 5068 1418 5091 ι
1453 5041 1703 5114 Accipite
1744 5039 2007 5112 Spiritum

415 5142 706 5192 sanctum:
764 5148 999 5206 quorum
1074 5135 1396 5191 remiseritis
1461 5141 1681 5206 peccata
1712 5173 1728 5200 ,
1783 5129 2011 5185 remissa

416 5231 589 5281 sunt:
653 5239 889 5297 quorum
937 5230 1122 5279 autem
1180 5224 1522 5279 retinueritis
1555 5265 1571 5290 ,
1618 5228 1827 5277 retenta
1880 5226 2010 5274 sunt

419 5313 603 5385 (Joan.
663 5330 763 5382 xx,
804 5312 893 5382 22,
927 5312 1045 5384 23).
1077 5338 1096 5361 ι
1137 5313 1244 5369 Iste
1268 5319 1369 5380 est,
1398 5312 1494 5384 qui
1535 5311 1627 5368 die
1664 5310 2008 5365 Pentecostes

492 5460 612 5602 (20)
644 5462 802 5519 Rom.
826 5460 983 5529 edit,
1013 5460 1072 5515 in
1103 5458 1431 5540 apostolatus
1458 5457 1834 5516 ministerium.

518 5530 580 5587 21
637 5532 773 5588 Ead.
799 5533 959 5590 Rom.
990 5531 1149 5601 edit.,
1206 5533 1323 5587 licet
1350 5546 1466 5584 eum
1513 5530 1672 5583 unius
1703 5532 1803 5586 loci

518 5530 612 5613 2_l)
637 5532 773 5613 Ead.
799 5533 959 5613 Rom.
990 5530 1149 5601 edit.,
1184 5530 1323 5613 .licet
1350 5546 1466 5584 eum
1513 5530 1672 5613 unius
1703 5531 2007 5613 loci_spatio

419 5602 677 5683 contineri
719 5602 1333 5683 _ra_tione_corporis.....
1391 5617 1495 5683 non
1526 5607 1720 5682 .tamen
1775 5603 2009 5658 circum-

418 5673 688 5746 scriplam_
700 5673 995 5746 divinitatis
1031 5673 1083 5730 et
1106 5673 1562 5746 incorporalitatis
1591 5689 1699 5727 sum
1732 5681 2005 5746 naturam.

494 5741 613 5814 (22)
645 5741 849 5800 Eadem
879 5746 1037 5802 Rom.
1070 5745 1228 5814 edit.,
1252 5741 1354 5801 ista
1402 5760 1619 5799 rursum
1670 5751 1747 5800 est
1775 5744 2008 5816 Spiritus

2120 4675 2363 4735 sanctus,
2396 4667 2491 4740 qui
2532 4669 2711 4739 lapsos
2753 4666 2950 4738 erigit;
3006 4672 3061 4720 et
3108 4662 3421 4735 jacentibus
3457 4664 3714 4721 occasio-

2119 4776 2246 4816 nem
2275 4759 2476 4815 tribuit
2527 4757 2868 4831 resurgendi,
2911 4756 3236 4829 singulaque
3275 4754 3439 4828 juxta
3478 4755 3713 4812 varieta-
3756 4818 3767 4831 ,

2118 4857 2228 4906 tem
2255 4851 2603 4917 meritorum,
2644 4857 2700 4904 et
2730 4847 3073 4902 voluntatem
3109 4845 3288 4902 Patris
3334 4861 3398 4903 ac
3443 4844 3575 4900 Filii
3602 4844 3711 4901 dis-

2119 4948 2330 5013 pensat,
2372 4955 2608 5012 quorum
2664 4935 2853 4993 omnia
2907 4951 3018 4991 non
3060 4951 3158 5007 per
3205 4933 3709 5006 investigationem,

2118 5029 2213 5087 sed
2267 5046 2365 5102 per
2410 5030 2681 5085 unitatem
2733 5034 2944 5082 natura;
2992 5026 3173 5082 novit.
3203 5027 3324 5098 Ipse
3369 5033 3470 5092 est,
3503 5025 3572 5081 de
3603 5041 3713 5097 quo

2118 5125 2384 5201 propheta
2433 5125 2548 5181 ait:
2628 5124 2868 5196 Spiritus
2927 5122 3150 5180 Domini
3217 5122 3516 5195 multiplex
3565 5121 3711 5194 (23),

2120 5217 2388 5284 mundus,
2421 5215 2895 5288 incoinquinatus,
2952 5223 3008 5271 et
3048 5223 3270 5272 sanctus
3297 5222 3381 5271 est
3419 5215 3571 5286 (Sap.
3608 5232 3712 5279 vn,

2121 5309 2262 5383 (22).
2296 5307 2451 5365 Sicut
2476 5322 2605 5380 ergo
2635 5307 2822 5364 lumen
2867 5307 3120 5363 tenebras
3148 5320 3261 5362 non
3289 5304 3507 5377 recipit,
3542 5304 3623 5360 sic
3659 5313 3713 5360 et

2117 5462 2346 5524 sanctus,
2408 5454 2503 5526 qui
2537 5470 2645 5509 non
2682 5459 2758 5507 est
2812 5453 3008 5525 factus,
3070 5449 3204 5505 sicut
3248 5466 3341 5505 nec
3384 5449 3568 5519 Pater,
3624 5466 3716 5504 nec

2116 5529 2310 5585 Filius.
2335 5529 2457 5590 Iste,
2492 5534 2599 5582 etc.

2190 5598 2307 5670 (23)
2344 5598 2548 5654 Eadem
2588 5598 2757 5670 Rom_._
2787 5592 2943 5670 edit.,
2990 5591 3212 5670 spiritali
3251 5592 3470 5648 Domini
3516 5592 3713 5670 intelli-

2117 5664 2257 5741 gens,
2287 5664 2587 5741 multiplex,
2618 5667 2850 5741 mobilis,
2900 5664 3351 5741 incoinquinatus,
3386 5681 3587 5719 omnem
3615 5664 3706 5718 Ila-

2115 5728 2523 5810 bens'virtute'm,
2544 5728 2721 5795 nium
2744 5728 3087 5810 prospiciens.
