3972 6392
285 414 396 470 545

1444 411 1538 468 DE
1579 410 1957 470 TRINITATE
1999 401 2430 469 TRACTATUS.

3494 409 3598 468 346

286 537 528 609 Spiritus
577 543 802 592 sanctus
847 551 942 607 per
987 541 1238 590 naturam
1282 533 1465 602 habet,
1525 543 1586 591 ut
1634 536 1882 591 omnium
1911 534 1961 594 A
1997 533 2222 591 Christi.
2282 533 2438 601 Quod
2494 532 2572 589 ita
2623 548 2738 589 esse
2797 533 3116 605 comprobat
3163 533 3352 590 beatus
3387 535 3596 591 Paulus

287 625 540 682 sordium
573 625 806 698 incaan
837 623 928 680 sit.
962 624 1068 680 Iste
1097 631 1201 690 est,
1230 621 1326 696 qui
1351 640 1409 680 se
1438 624 1697 680 transfert
1726 642 1757 679 a
1783 642 1888 682 co-

287 711 674 784 gitationibus,
723 727 844 784 quae
883 710 1003 766 sine
1051 711 1166 766 Deo
1208 718 1358 767 sunt.
1405 712 1511 767 Iste
1550 717 1651 778 est,
1703 711 1798 783 qui
1833 728 1889 767 se

285 800 347 856 in
391 801 602 856 animas
650 807 863 855 sanctas
910 797 1158 854 infundit
1208 805 1262 852 et
1307 797 1513 854 amicos
1571 798 1671 854 Dei
1728 805 1890 870 atque

288 890 587 962 prophetas
629 887 940 945 constituit.
991 886 1108 944 Nisi
1152 903 1278 959 ergo
1308 887 1432 959 quis
1471 895 1720 943 sanctum
1753 887 1892 958 Spi-

287 979 462 1034 ritum
529 977 804 1045 habuerit,
857 993 959 1032 nec
1034 978 1192 1032 Pater
1245 992 1345 1034 nec
1401 976 1599 1043 Filius,
1653 992 1888 1049 quorum

285 1074 390 1133 est,
440 1074 494 1122 et
544 1082 669 1122 cum
719 1065 921 1137 quibus
976 1081 1120 1120 unus
1171 1073 1252 1121 est
1281 1067 1446 1134 Deus,
1497 1065 1564 1120 ad
1608 1081 1734 1120 eum
1783 1080 1890 1119 ve-

287 1156 472 1222 niunt,
517 1163 579 1210 ut
619 1153 766 1226 apud
805 1170 932 1208 eum
992 1154 1334 1210 mansionem
1377 1154 1602 1212 faciant.
1655 1155 1762 1210 Iste
1807 1161 1889 1210 est

286 1235 518 1315 spiritus
537 1242 838 1315 sapientiae,
873 1243 968 1315 qui
999 1242 1121 1298 ideo
1144 1243 1436 1314 multiplex
1465 1243 1792 1315 appellatur,
1824 1259 1888 1299 eo

287 1333 437 1405 quod
486 1333 660 1390 multa
700 1334 756 1389 in
788 1350 844 1390 se
885 1333 1102 1401 haheat,
1137 1341 1191 1388 et
1222 1349 1341 1405 quae
1371 1333 1556 1400 habet,
1591 1333 1696 1390 hoc
1725 1342 1778 1390 et
1807 1340 1888 1388 est

293 1421 436 1491 (24),
471 1429 525 1476 et
551 1438 645 1493 per
673 1421 860 1476 omnia
894 1437 1038 1477 unus
1069 1429 1171 1489 est,
1216 1437 1316 1477 nec
1346 1421 1402 1476 in
1431 1421 1642 1494 aliquid
1671 1438 1886 1490 eorum,

289 1526 412 1582 quae
443 1519 721 1582 operatur,
754 1509 868 1581 ipse
898 1517 1180 1577 mutatur;
1212 1509 1356 1567 sicut
1386 1511 1564 1584 imago
1603 1528 1671 1566 ex
1701 1527 1888 1566 annu-

291 1600 368 1668 lo,
397 1618 516 1673 quae
548 1601 602 1656 in
637 1617 815 1658 ceram
843 1601 1058 1668 transit,
1083 1610 1136 1656 et
1156 1602 1423 1656 annulum
1453 1618 1563 1657 non
1596 1600 1882 1673 relinquit.

286 1693 446 1762 Quod
496 1694 573 1749 ita
603 1710 719 1750 esse
748 1693 1017 1750 Dominus
1046 1693 1386 1765 comprobat,
1433 1692 1500 1748 ad
1530 1693 1760 1764 Moysen
1791 1691 1887 1746 di-

286 1799 446 1839 cens:
493 1805 511 1829 ‹
543 1783 802 1838 Auferam
834 1781 1004 1852 igitur
1032 1781 1100 1837 de
1128 1782 1361 1854 Spiritu,
1401 1781 1493 1854 qui
1525 1789 1606 1836 est
1636 1781 1694 1836 in
1726 1791 1800 1849 te,
1833 1790 1886 1836 et

1999 623 2277 695 apostolus
2305 621 2494 678 dicens
2527 637 2538 675 :
2610 644 2629 668 ι
2673 619 2730 677 Si
2778 621 2902 695 quis
2931 620 3198 693 Spiritum
3245 623 3452 680 Christi
3485 641 3595 680 non

1999 712 2182 780 habet,
2224 712 2317 768 hic
2336 728 2448 768 non
2487 717 2568 767 est
2596 709 2714 782 ejus
2746 710 2924 781 (Rom.
2955 727 3080 777 vui,
3109 711 3190 780 9).
3211 734 3230 757 ι
3262 710 3334 766 Ει
3363 711 3587 768 iterum:

2011 825 2030 850 ι
2067 804 2238 858 Nemo
2320 810 2496 874 potest
2551 800 2753 865 dicere,
2810 800 3080 856 Dominus
3154 801 3328 867 Iesus,
3387 801 3493 857 nisi
3538 802 3596 858 in

1997 890 2208 962 Spiritu
2236 897 2422 946 sancto
2459 892 2513 961 (ι
2555 891 2680 947 Cor.
2712 906 2817 959 xu,
2848 889 2928 960 3).
2971 913 2990 936 ι
3061 887 3218 954 Quod
3264 888 3598 946 conﬁrmans

1997 979 2188 1034 beatus
2258 979 2496 1035 Joannes
2550 978 2830 1050 apostolus
2899 985 2954 1033 et
3007 976 3365 1048 evangelista,
3421 977 3592 1034 dicit:

2013 1092 2029 1113 ι
2059 1069 2122 1123 In
2152 1068 2256 1124 hoc
2301 1067 2653 1140 cognoscitur
2698 1066 2941 1138 Spiritus
2971 1067 3070 1122 Dei
3101 1083 3112 1120 :
3137 1065 3321 1122 omnis
3371 1065 3599 1139 spiritus

1997 1156 2094 1228 qui
2139 1156 2436 1211 conﬁtetur
2481 1156 2667 1212 Iesum
2711 1155 2994 1213 Christum
3052 1154 3109 1210 in
3152 1170 3314 1212 carne
3360 1153 3596 1222 venisse,

1997 1261 2066 1300 ex
2101 1247 2214 1301 Deo
2243 1254 2358 1312 est;
2409 1253 2464 1302 et
2492 1245 2674 1301 onmis
2703 1245 2934 1318 Spiritus
2963 1243 3058 1317 qui
3088 1244 3259 1300 solvit
3287 1245 3498 1311 Iesum,
3529 1259 3598 1298 ex

1994 1336 2108 1390 Deo
2146 1351 2256 1390 non
2282 1343 2399 1390 est:
2432 1342 2488 1391 et
2506 1334 2598 1391 hic
2612 1341 2696 1390 est
2725 1332 3126 1402 Antichristus,
3158 1348 3321 1406 quem
3352 1332 3589 1389 audistis

1996 1422 2256 1495 quoniam
2282 1423 2474 1491 venit;
2507 1431 2565 1479 et
2593 1439 2740 1480 nunc
2757 1421 2872 1494 jam
2901 1422 2961 1478 in
2992 1421 3201 1478 mundo
3238 1429 3320 1478 est
3354 1422 3410 1492 (Ι
3437 1422 3596 1476 Joan.

1996 1527 2074 1579 IV,
2105 1511 2160 1579 2,
2191 1512 2284 1580 3);
2320 1537 2339 1560 ι
2395 1520 2451 1568 et
2479 1512 2716 1569 iterum:
2764 1537 2782 1559 ι
2811 1511 2948 1577 Quis
2977 1519 3058 1567 est
3092 1510 3187 1584 qui
3221 1510 3399 1568 vincit
3427 1527 3597 1566 mun-

1995 1599 2151 1667 dum,
2174 1600 2281 1656 nisi
2311 1601 2407 1673 qui
2438 1600 2614 1658 credit
2643 1599 2904 1673 quoniam
2935 1600 3090 1655 Iesus
3135 1607 3216 1654 est
3245 1599 3421 1655 Filius
3447 1598 3547 1656 Dei
3569 1599 3598 1654 Ὺ

1996 1690 2099 1746 Hic
2141 1699 2222 1746 est
2264 1690 2360 1762 qui
2404 1689 2560 1745 venit
2607 1704 2703 1761 per
2751 1705 2949 1762 aquam
3005 1697 3060 1744 et
3087 1687 3413 1760 sanguinem
3443 1688 3598 1744 Iesus

1995 1779 2269 1847 Christus,
2312 1794 2422 1834 non
2475 1777 2533 1833 in
2576 1794 2717 1851 aqua
2744 1778 2945 1842 solum,
2981 1777 3076 1833 sed
3107 1777 3164 1832 in
3215 1793 3357 1850 aqua
3385 1785 3440 1834 et
3467 1791 3598 1832 sau-

288 1870 432 1968 dabo
473 1870 585 1968 illis
631 1871 977 1942 septuaginta
1017 1871 1135 1942 (25)
1187 1872 1371 1941 (Num.
1404 1887 1484 1937 xi,
1516 1870 1628 1940 17),
1656 1895 1674 1917 ι
1729 1869 1883 1942 quasi
1917 1911 1963 1970 B
1999 1869 2182 1940 guine.
2209 1869 2287 1966 ιει
2309 1868 2550 1941 Spiritus
2580 1875 2664 1924 est
2687 1867 2781 1940 qui
2803 1866 3128 1965 testificatur
3142 1865 3412 1965 quoniam
3441 1865 3598 1970 Iesus

287 1958 504 2014 scilicet
535 1957 676 2030 ignis
705 1959 772 2016 de
803 1960 1045 2031 igniculo
1078 1959 1462 2024 transferatur,
1493 1958 1698 2031 absque
1716 1958 1882 2014 detri-

284 2055 475 2104 mento
531 2046 668 2118 ejus,
722 2048 869 2104 unde
899 2048 1158 2103 sumitur.
1192 2047 1275 2103 0b
1305 2047 1449 2103 hanc
1502 2063 1630 2118 ergo
1660 2048 1887 2102 incom—

287 2135 716 2192 mutabilitatem
787 2145 840 2192 et
895 2136 1168 2192 diversam
1239 2135 1614 2207 operationem
1671 2135 1883 2190 dictum

281 2232 364 2280 est
427 2242 458 2280 a
521 2223 760 2280 Domino
815 2225 882 2280 de
932 2233 1120 2281 sancto
1180 2225 1388 2280 Joanne
1441 2224 1704 2295 Baptista,
1736 2222 1885 2296 quod

283 2313 341 2368 in
398 2313 596 2384 spiritu
649 2330 711 2369 ac
765 2313 972 2370 virtute
1032 2313 1170 2369 Eliae
1228 2313 1443 2369 venerit
1492 2314 1646 2383 (Luc.
1684 2330 1721 2380 ι,
1767 2313 1881 2383 17).

280 2403 387 2457 Iste
475 2409 577 2470 est,
635 2417 795 2474 quem
881 2403 1026 2457 Deus
1100 2401 1252 2457 misit
1321 2401 1379 2456 in
1475 2400 1644 2457 corda
1695 2407 1884 2456 nostra

279 2489 609 2544 clamantem
647 2507 658 2544 :
726 2513 744 2536 ι
784 2489 960 2557 Abba,
1021 2498 1174 2561 pater
1211 2490 1425 2561 (Galat.
1491 2506 1570 2556 ιν,
1619 2488 1731 2558 6);
1761 2515 1777 2536 -
1826 2498 1882 2546 et

281 2577 338 2632 in
369 2595 476 2650 quo
496 2579 830 2634 clamamus:
877 2603 896 2626 ι
925 2579 1101 2646 Abba,
1135 2586 1319 2649 pater;
1353 2603 1370 2625 ι
1405 2587 1701 2650 utrumque
1731 2578 1882 2634 enim

279 2666 491 2723 dictum
525 2676 625 2734 est,
675 2676 730 2723 et
763 2666 1033 2738 accepisse
1075 2683 1176 2721 nos
1217 2666 1484 2737 Spiritum
1513 2667 1878 2721 clamantem:
1909 2670 1917 2678 '

296 2779 315 2804 ι
350 2758 527 2825 Abba,
563 2765 742 2828 pater;
763 2782 780 2804 ι
797 2764 851 2812 et
873 2755 1144 2827 accepisse
1161 2771 1262 2809 nos
1287 2755 1550 2826 Spiritum
1574 2755 1632 2809 in
1653 2771 1761 2826 quo
1775 2756 1882 2809 cla-

283 2863 536 2902 mamus:
569 2844 776 2912 tAbba,
797 2843 1075 2914 pater(26)
1098 2844 1410 2913 (Rom.vm,
1432 2843 1578 2913 15).»
1609 2843 1882 2913 Exposuit
1920 2863 1924 2867 ·

282 2951 414 3006 ergo
456 2933 602 3006 quod
642 2932 809 3000 dixit,
850 2934 1180 2998 clamantem,
1225 2930 1330 2986 hoc
1360 2938 1462 2998 est,
1511 2930 1747 2986 clamare
1782 2946 1881 2985 nos

285 3023 600 3080 facientem.
656 3023 764 3078 Iste
793 3030 873 3078 est
909 3021 1168 3093 Spiritus,
1202 3020 1294 3093 qui
1327 3019 1621 3092 gemitibus
1652 3019 1882 3074 inenar-

287 3112 558 3168 rabilibus
575 3113 814 3184 postulat
831 3127 928 3182 pro
949 3110 1128 3178 nobis,
1152 3109 1372 3182 quando
1393 3108 1525 3180 quid
1546 3125 1700 3164 orare
1725 3124 1880 3180 opor-

285 3208 413 3270 teat,
457 3200 700 3256 humana
742 3200 1008 3272 fragilitas
1035 3199 1249 3270 ignorat
1292 3197 1452 3270 (Ibid.
1488 3196 1603 3266 26).
1635 3196 1791 3264 Quod
1822 3196 1880 3251 in

1997 1967 2078 2014 est
2108 1956 2309 2013 veritas
2341 1975 2356 2023 ;
2393 1957 2523 2030 quia
2569 1963 2680 2012 tres
2709 1965 2859 2024 sunt,
2890 1955 2985 2028 qui
3027 1955 3412 2012 testimonium
3462 1953 3597 2010 dant

1993 2051 2052 2105 in
2091 2053 2256 2112 terra,
2303 2046 2552 2117 spiritus,
2591 2061 2732 2117 aqua
2774 2053 2829 2100 et
2859 2043 3104 2116 sanguis,
3151 2051 3207 2099 et
3261 2053 3372 2098 tres
3419 2057 3594 2097 unum

1992 2142 2122 2191 sunt
2153 2136 2210 2203 (Ι
2236 2135 2393 2189 Joan.
2423 2151 2481 2207 y,
2513 2134 2651 2204 5-8).
2685 2159 2704 2182 ι

2064 2231 2294 2287 CAPUT
2325 2230 2472 2286 V111.
2502 2230 2740 2286 —Iuste
2769 2245 2897 2302 ergo
2929 2229 3008 2286 eis
3037 2228 3132 2303 qui
3161 2245 3287 2285 eum
3315 2228 3436 2285 sine
3462 2229 3598 2304 Spi-

1994 2321 2106 2376 ritu
2144 2327 2334 2376 sancto
2382 2317 2682 2375 Dominum
2738 2318 3095 2386 conﬁtentur,
3136 2317 3389 2376 dicturus
3419 2325 3500 2375 est
3536 2317 3596 2374 in

1987 2409 2230 2481 judicio:
2279 2434 2297 2456 ι
2317 2407 2463 2475 Quid
2481 2417 2664 2464 autem
2682 2407 2891 2464 vocatis
2914 2423 3022 2476 me,
3045 2407 3303 2475 Domine,
3333 2407 3591 2474 Domine,

1991 2507 2045 2553 et
2073 2515 2184 2554 non
2199 2497 2406 2555 fecistis
2435 2513 2556 2569 quae
2582 2496 2702 2552 dixi
2735 2497 2888 2567 (Luc.
2925 2513 3006 2564 vi,
3062 2495 3198 2566 46)?
3219 2520 3238 2544 ι
3281 2503 3336 2551 et
3374 2511 3592 2552 mecum

1993 2605 2104 2642 non
2119 2588 2440 2659 colligentes
2451 2587 2726 2659 sparsistis
2743 2585 2974 2657 populos
2989 2592 3043 2640 et
3064 2585 3310 2640 membra
3330 2600 3468 2652 mea,
3493 2600 3592 2656 pro

1993 2675 2196 2748 quibus
2222 2691 2320 2746 ego
2351 2675 2674 2746 sanguinem
2704 2675 2824 2730 fudi
2855 2690 3040 2730 meum
3061 2674 3090 2729 ?
3120 2675 3192 2728 Et
3221 2673 3347 2729 ideo
3387 2673 3593 2731 oblatio

1992 2764 2400 2832 haereticorum,
2422 2763 2794 2835 quiSpiritum
2813 2771 3063 2818 sanctum
3087 2779 3201 2818 non
3231 2762 3456 2832 habent,
3480 2780 3592 2820 non

1990 2851 2049 2906 in
2079 2851 2178 2907 Dei
2206 2851 2540 2919 cultum,sed
2566 2851 2622 2906 in
2643 2853 2855 2910 cultum
2871 2850 3184 2906 daemonum
3205 2852 3324 2922 (29)
3343 2851 3586 2924 prolicit.

1990 2937 2272 3011 Quidquid
2317 2938 2466 2994 enim
2514 2939 2573 2994 in
2601 2939 2893 3012 synagogis
2935 2938 3051 2995 suis
3079 2938 3348 3008 haeretici,
3400 2939 3458 2996 id
3486 2946 3589 3007 est,

1990 3027 2049 3082 in
2078 3027 2479 3083 conventiculis
2508 3029 2720 3084 Satanae
2741 3029 3068 3100 loquuntur,
3093 3044 3206 3084 non
3221 3035 3302 3084 est
3329 3028 3586 3084 doctrina

1989 3117 2235 3184 Domini,
2282 3117 2376 3172 sed
2408 3118 2652 3174 ululatus
2679 3125 2734 3173 et
2772 3118 3045 3190 praestigia
3097 3117 3408 3174 daemonum
3456 3125 3583 3175 sunt

1994 3205 2132 3277 (30).
2194 3207 2292 3264 Isti
2349 3207 2500 3262 enim
2530 3215 2683 3276 sunt,
2741 3207 2942 3280 quibus
2970 3207 3206 3280 Spiritus
3233 3218 3454 3265 sanctus
3492 3225 3586 3283 per

282 3266 464 3361 seipso
519 3298 742 3346 sanctus
795 3266 1094 3361 Apostolus
1154 3305 1265 3344 non
1295 3266 1511 3344 tantum
1570 3286 1740 3344 verbo
1778 3303 1878 3342 nos
1910 3266 1954 3326 ί)
1990 3266 2184 3352 ίεαίξιιη
2207 3297 2530 3368 prophetam
2561 3266 2698 3352 dicit
2728 3266 3341 3368 p‘opulum‘Iudmorum
3373 3266 3586 3369 parasse

286 3379 526 3446 edocuit,
561 3395 752 3435 verum
771 3377 936 3432 etiam
967 3395 1068 3432 suo
1096 3377 1256 3432 nobis
1273 3376 1672 3432 demonstravit
1695 3391 1876 3430 exem-

283 3471 418 3542 plo;
457 3468 590 3524 hinc
631 3466 852 3540 quando
882 3473 1074 3523 contra
1127 3465 1427 3521 utilitatem
1470 3480 1627 3519 suam
1667 3480 1730 3519 ac
1760 3480 1874 3534 per-

165 3587 180 3599 ι
279 3558 576 3614 fectionem
625 3558 875 3612 nesciens
903 3553 1114 3621 orabat,
1144 3560 1206 3608 ut
1253 3552 1555 3608 discederet
1583 3551 1650 3606 ab
1679 3568 1743 3607 eo
1767 3551 1878 3607 sti—

278 3648 460 3702 mulus
507 3645 708 3712 carnis,
752 3645 845 3716 qui
877 3660 1006 3698 eum
1057 3641 1466 3714 colaphizabat:
1528 3658 1690 3714 quem
1718 3650 1878 3713 post-

277 3752 339 3790 ea
382 3735 450 3790 ab
503 3733 620 3804 ipso
659 3732 876 3804 Spiritu
924 3738 1113 3787 sancto
1160 3731 1434 3798 eruditus,
1487 3729 1694 3786 idcirco
1749 3746 1874 3786 eum

278 3822 424 3880 dixit
454 3821 644 3876 datum
676 3821 802 3888 sibi,
829 3839 895 3875 ne
917 3819 1296 3892 magnitudine
1324 3820 1724 3875 revelationum
1755 3837 1874 3875 sua-

278 3928 400 3967 rum
431 3911 788 3967 extolleretur
834 3911 974 3983 (27).
1036 3911 1124 3979 (II
1152 3910 1278 3966 Cor.
1324 3926 1425 3977 xu,
1475 3909 1526 3976 7,
1570 3908 1650 3977 8),
1683 3915 1736 3963 et
1765 3909 1877 3963 ali-

277 4001 423 4076 quod
454 4000 583 4057 boni
615 4001 877 4056 damnum
906 4009 1201 4072 pateretur.
1235 3998 1343 4056 Sed
1374 3997 1502 4072 quia
1531 4014 1656 4054 eum
1683 3998 1875 4054 Domi-

278 4109 382 4147 nus
413 4090 694 4163 diligebat,
719 4090 811 4163 qui
843 4107 1056 4163 semper
1085 4088 1400 4145 divinitatis
1431 4105 1539 4144 suae
1569 4088 1872 4160 potentiam

276 4197 371 4252 per
418 4180 637 4235 infirma
668 4196 897 4254 quasque
928 4179 1216 4236 consuevit
1263 4177 1565 4246 ostendere,
1602 4193 1714 4233 non
1745 4176 1876 4233 fecit

277 4268 422 4341 quod
470 4269 784 4340 ignorauter
839 4269 1075 4339 petebat.
1138 4269 1257 4340 Ipse
1309 4275 1391 4322 est
1448 4265 1686 4338 Spiritus
1729 4271 1873 4329 326

277 4372 515 4430 sanctus,
547 4365 643 4436 qui
697 4363 756 4418 in
785 4363 1033 4419 Ecclesia
1079 4363 1351 4420 catholica
1380 4371 1495 4419 toto
1525 4364 1656 4420 orbe
1694 4373 1874 4420 terra-

277 4471 398 4509 rum
487 4452 688 4508 dill'usa
778 4452 931 4508 omni
1004 4469 1061 4508 se
1153 4454 1450 4525 gratiarum
1526 4454 1680 4509 fonte
1750 4455 1872 4510 dif-

277 4545 436 4602 fudit.
484 4546 589 4600 lste
636 4553 719 4601 est
773 4545 1012 4617 Spiritus
1058 4546 1283 4600 Domini
1357 4546 1485 4601 Iesu
1539 4547 1634 4619 qui
1659 4548 1776 4619 (28)
1813 4549 1871 4603 in

1984 3401 2228 3440 mensam
2289 3385 2523 3442 dicens:
2569 3408 2588 3431 -
2617 3387 2689 3439 Et
2713 3385 2990 3457 parabatis
3036 3401 3280 3440 mensam
3328 3386 3584 3442 Fortunas

1988 3473 2104 3544 (31)
2136 3475 2272 3544 (~Isa.
2308 3491 2440 3542 va,
2475 3474 2594 3544 11);
2631 3497 2649 3520 ι
2691 3480 2746 3528 et
2780 3472 2903 3528 ideo
2939 3480 3052 3527 tam
3081 3473 3227 3544 ipsos
3256 3489 3418 3546 quam
3448 3491 3584 3546 pec-

1984 3569 2215 3630 catores,
2247 3563 2340 3634 qui
2371 3563 2694 3634 semetipsos
2723 3577 2834 3616 non
2855 3561 3190 3632 judicantes,
3219 3562 3477 3619 audacter
3507 3562 3579 3619 ad

1985 3660 2392 3706 sacrosanctum
2411 3667 2610 3723 corpus
2633 3659 2688 3706 et
2715 3649 3038 3722 sanguinem
3059 3650 3266 3709 Christi
3291 3650 3579 3720 accedunt,

1983 3741 2228 3812 increpat
2269 3743 2563 3813 Apostolus
2599 3740 2834 3798 dicens:
2895 3763 2914 3787 ι
2955 3740 3075 3795 Νοιι
3107 3740 3336 3813 potestis
3385 3757 3584 3797 mensaa

1983 3830 2206 3886 Domini
2259 3828 2552 3902 participes
2605 3845 2741 3897 esse,
2773 3835 2828 3884 et
2879 3843 3081 3884 mensae
3129 3827 3579 3885 daemoniorum:

1984 3936 2095 3974 non
2127 3919 2350 3990 potestis
2379 3918 2604 3974 calicem
2633 3917 2856 3974 Domini
2886 3917 3074 3974 bibere
3122 3924 3177 3973 et
3206 3919 3432 3974 calicem
3463 3917 3585 3974 dae-

1984 4008 2298 4063 moniorum
2354 4007 2410 4079 (Ι
2442 4008 2567 4064 Cor.
2599 4024 2658 4076 ιι,
2690 4007 2779 4075 20,
2815 4007 2930 4077 21).
2978 4032 2996 4054 ι
3044 4007 3169 4064 Haec
3210 4006 3278 4063 de
3307 4006 3582 4063 oblatione

1983 4097 2368 4154 haereticorum
2417 4097 2563 4152 dicta
2599 4097 2876 4153 suﬂiciant
2911 4096 3027 4169 (32)
3085 4112 3235 4154 nunc
3278 4105 3460 4153 autem
3515 4095 3583 4151 ad

1985 4186 2240 4242 ordinem
2281 4195 2640 4242 revertamur.

2053 4276 2281 4334 CAPUT
2314 4276 2407 4331 1X.
2434 4306 2504 4317 —
2532 4273 2814 4348 Quidquid
2860 4291 2988 4348 ergo
3030 4274 3098 4332 de
3143 4273 3355 4347 Spiritu
3393 4281 3580 4330 sancto

1982 4363 2249 4432 diximus,
2305 4363 2410 4420 hoc
2451 4363 2711 4421 similiter
2748 4372 2803 4420 et
2844 4381 2876 4420 a
2915 4365 3069 4420 Patre
3117 4372 3171 4420 et
3201 4380 3234 4419 a
3275 4363 3418 4420 Filio
3461 4363 3580 4419 ﬁeri

1979 4453 2188 4510 intacta
2230 4461 2285 4510 et
2336 4453 2645 4511 indiscussa
2695 4452 3052 4520 dimisimus;
3107 4453 3236 4508 licet
3290 4469 3390 4524 pro
3431 4459 3580 4509 certo

1979 4543 2296 4599 noverimus
2315 4544 2445 4617 quia
2470 4551 2657 4600 sancta
2681 4550 2736 4598 et
2759 4537 3142 4614 inseparabilis
3167 4541 3406 4597 Trinitas
3437 4556 3578 4598 nun-

276 4636 382 4691 ﬁne
429 4633 620 4689 mundi
668 4633 1070 4689 Antichristum
1119 4635 1364 4704 potentia
1429 4650 1526 4691 sua
1555 4617 1874 4694 ﬁinterﬁciet
1901 4617 1950 4676 D
1981 4647 2144 4704 quam
2173 4632 2386 4705 aliquid
2413 4640 2568 4688 extra
2587 4649 2644 4687 se
2669 4631 2889 4686 noverit
2917 4629 3156 4701 operari.
3179 4630 3250 4686 Et
3277 4636 3338 4684 ut
3363 4629 3439 4684 ita
3463 4644 3577 4684 esse

276 4724 358 4794 (II
400 4724 577 4778 Thess.
627 4740 686 4791 ιι,
719 4722 800 4793 8).
833 4723 939 4777 Iste
995 4729 1076 4778 est
1126 4721 1363 4792 Spiritus
1416 4730 1664 4793 sanctus,
1708 4742 1870 4798 quem

277 4813 460 4868 nullus
507 4811 888 4868 haereticorum
919 4811 1124 4879 habet;
1156 4810 1251 4884 qui
1283 4811 1412 4868 licet
1451 4829 1642 4870 omnes
1672 4814 1870 4873 habere

276 4919 330 4959 se
377 4903 582 4960 Christi
623 4902 894 4975 baptisma
930 4910 1144 4973 putent,
1190 4909 1372 4959 tamen
1405 4904 1516 4960 nisi
1549 4906 1774 4963 veniant
1801 4907 1869 4963 ad

274 4992 572 5049 Ecclesiam
620 4991 850 5061 Christi,
900 4991 1166 5065 Spiritum
1211 5007 1322 5048 non
1376 5001 1639 5064 poterunt
1668 4995 1868 5055 habere

275 5117 581 5245 Μέξῖῒζεέη
612 5117 800 5175 eadem
850 5119 1010 5176 Rom.
1043 5118 1178 5175 edit.
1207 5118 1431 5190 desunt,
1477 5128 1525 5177 ει
1551 5141 1667 5195 qua,
1694 5125 1864 5195 habet,

307 5205 366 5244 oc
387 5197 432 5242 et
459 5197 550 5244 est.

346 5261 462 5328 (25)
510 5261 710 5338 Eadem
748 5265 905 5338 Rom.
935 5261 1092 5332 edit.,
1126 5271 1174 5319 et
1196 5281 1394 5338 ponam
1425 5284 1584 5338 super
1633 5268 1752 5323 illos
1788 5275 1861 5336 ut,

277 5334 757 5407 tecu‘mrsuqstineant
781 5336 1027 5407 impetum
1048 5334 1254 5407 populi.

344 5402 462 5473 (26)
497 5405 695 5459 Eadem
729 5402 884 5463 Boni.
919 5402 1076 5473 edit.,
1109 5402 1157 5462 et
1192 5409 1360 5463 Deum
1389 5409 1587 5464 misisse
1614 5410 1672 5464 in
1701 5411 1864 5468 corda

277 5481 455 5552 nostra
497 5477 754 5552 Spir-itum
803 5479 1135 5552 gluma-Mem,
1179 5481 1326 5535 Abba
1368 5481 1555 5547 Pater,
1585 5488 1634 5534 et
1677 5482 1734 5536 in
1760 5499 1862 5552 quo

274 5546 586 5611 clamamus,
612 5549 761 5602 Abba
790 5550 973 5605 Pater.

345 5616 462 5696 (27)
513 5617 716 5696 Eadem
766 5621 920 5696 Rom.
955 5621 1112 5696 edit.,
1159 5623 1397 5696 eruditus
1426 5623 1566 5679 dixit
1594 5624 1666 5679 ad
1697 5625 1861 5678 virtu-

276 5694 381 5767 tum
417 5692 733 5767 incrementa
778 5692 964 5746 datum
1007 5693 1132 5760 sibi,
1175 5695 1302 5753 dum
1329 5696 1570 5753 audivit:
1605 5696 1775 5752 virtus
1807 5697 1862 5750 in

276 5759 580 5830 inﬁrmitate
607 5769 1018 5822 consummatur.

1979 4722 2220 4776 clareant
2249 4738 2370 4794 quas
2416 4721 2556 4798 dixi,
2587 4719 2830 4775 breviter
2869 4718 3182 4775 insinuabo.
3231 4717 3578 4773 Incarnatio—

1978 4827 2103 4866 nem
2137 4810 2304 4867 Verbi
2337 4809 2576 4865 Trinitas
2608 4807 2763 4874 fecit,
2798 4815 2852 4863 et
2880 4815 3064 4861 tamen
3093 4821 3205 4861 non
3231 4804 3467 4878 pertinet
3495 4806 3575 4860 in-

1977 4899 2224 4956 carnatio
2249 4897 2355 4954 nisi
2386 4897 2454 4952 ad
2484 4897 2724 4954 Verbum
2749 4896 3068 4967 (Augustin.
3097 4895 3196 4951 lib.
3231 4897 3383 4952 Cant.
3415 4886 3572 4952 serm.

1976 4992 2174 5050 Arion.
2206 5006 2257 5048 c.
2317 4989 2430 5060 15).
2466 4989 2670 5047 Vocem
2721 4987 2790 5045 de
2839 4989 2980 5044 cmlo
3007 5003 3172 5060 super
3221 4987 3425 5045 Filium
3456 4987 3576 5061 post

2052 5119 2168 5200 (28)
2203 5115 2407 5173 Eadem
2437 5115 2596 5173 Rom.
2665 5115 2822 5185 edit.,
2884 5115 3118 5188 Spiritus
3169 5113 3280 5170 oris
3336 5113 3572 5177 Domini,

1974 5200 2412 5332 ᾳιιξέξῖοίῐδὰθιιι
2441 5259 2600 5316 Rom.
2633 5259 2790 5329 edit.,
2824 5260 2882 5315 in
2907 5261 3202 5316 dwmonum
3228 5257 3572 5316 abominatio-

1974 5349 2164 5474 nes(80)
2233 5401 2436 5459 Eadem
2502 5405 2660 5460 Boni.
2720 5403 2878 5472 edit.,

1971 5477 2265 5530 dwmonum
2300 5475 2574 5547 praestigiis
2609 5483 2752 5532 sunt.

2046 5548 2163 5616 (31)
2241 5546 2445 5602 Eadem
2493 5546 2675 5619 Rom.
2737 5547 2895 5616 edit.,
2952 5553 3003 5602 et
3069 5553 3318 5619 parantes
3345 5547 3570 5602 dwmoni

1971 5635 2199 5673 mensam
2227 5625 2274 5673 et
2303 5619 2568 5690 implentes
2596 5618 2826 5687 fortuna:
2849 5618 3134 5690 potionem.

2045 5690 2161 5761 (32)
2185 5692 2395 5747 Desunt
2432 5689 2490 5746 in
2519 5691 2678 5746 Rom.
2709 5689 2870 5758 edit.,
2901 5691 3007 5748 haec
3033 5691 3095 5748 de
3123 5690 3384 5748 oblatione
3410 5692 3567 5746 han-e-

1972 5763 2194 5819 ticorum
2222 5763 2361 5820 dicta
2389 5763 2668 5835 sufﬁciant.

2961 5404 3050 5459 sed
3117 5403 3468 5476 blasphemiae,
3525 5409 3572 5457 et
