3972 6372
423 380 530 460 847

1435 376 1534 454 An
1573 379 1806 455 erasa
1847 392 1904 453 s.
1947 375 2288 456 Attamen
2333 381 2714 456 serenum.

3626 389 3748 459 848

423 523 756 599 baptismum
811 515 1054 580 Trinitas
1105 519 1255 593 fecit,
1310 530 1365 580 et
1416 529 1602 580 tamen
1632 535 1743 580 non
1776 520 2014 596 pertinet
2042 523 2094 585 A
2137 543 2156 574 ι
2191 519 2295 580 Hic
2329 521 2466 582 deus
2515 531 2725 596 noster,
2759 541 2875 582 non
2902 515 3272 584 testiinabitur
3313 519 3381 583 ad
3413 540 3540 584 eum
3570 543 3744 595 anns,

424 614 533 673 nisi
561 613 632 671 ad
660 615 897 672 Patrem.
940 613 1257 670 Adventum
1291 613 1409 685 (33)
1447 613 1686 686 Spiritus
1713 613 1887 672 sancti
1919 629 2022 669 su-

423 715 520 777 pra
547 703 755 762 Filium
785 704 844 760 in
873 704 1052 776 specie
1081 704 1353 761 columbae
1385 705 1538 776 (Luc.
1565 719 1648 772 ιιι,
1681 701 2022 776 22)Tn'nitas

423 793 576 862 fecit,
605 801 662 850 et
707 801 893 850 tamen
923 806 1035 848 non
1071 793 1308 866 pertinet
1355 793 1464 850 nisi
1493 794 1562 850 ad
1588 791 1855 866 Spiritum
1885 807 2023 848 san—

421 885 595 938 ctum.
647 881 824 948 Quam
867 879 985 952 (34)
1021 881 1227 937 trinam
1265 881 1640 954 operationem
1695 881 1754 937 in
1809 881 2022 937 unitate

423 977 734 1028 manentem
819 968 1144 1042 comprobat
1184 971 1378 1027 beatus
1429 971 1727 1042 Apostolus
1783 970 2015 1026 dicens:

434 1081 454 1107 ι
489 1059 804 1117 Divisiones
818 1059 966 1116 enim
985 1059 1284 1133 gratiarum
1306 1066 1458 1129 sunt,
1475 1075 1620 1118 unus
1647 1069 1830 1117 autem
1851 1059 2020 1133 Spiri-

422 1155 512 1206 tus
539 1167 553 1219 ;
585 1155 640 1206 et
667 1149 972 1206 divisiones
1000 1149 1438 1208 ministeriorum
1486 1158 1636 1221 sunt,
1657 1161 1802 1208 unus
1836 1159 2020 1208 autem

421 1239 731 1296 Dominus:
785 1246 840 1296 et
884 1238 1188 1296 divisiones
1249 1239 1630 1314 operationum
1677 1247 1828 1310 sunt,
1880 1255 2022 1296 unus

421 1337 604 1384 autem
631 1329 778 1385 Deus
803 1327 904 1401 qui
930 1336 1190 1402 operatur
1215 1329 1403 1386 omnia
1430 1329 1489 1386 in
1517 1330 1776 1386 omnibus
1805 1331 1864 1400 (Ι
1893 1330 2020 1386 Cor-

429 1433 535 1487 χιι,
561 1417 703 1490 doti).
725 1441 746 1467 ι
780 1417 908 1474 Tria
925 1431 1056 1490 ergo
1076 1417 1195 1476 haec
1212 1428 1378 1474 unam
1399 1419 1751 1476 credentibus
1769 1418 2024 1475 tribuunt

423 1509 676 1581 gratiam,
730 1507 860 1582 quia
909 1519 1024 1564 non
1073 1507 1183 1564 alia
1222 1518 1388 1582 atque
1430 1509 1540 1564 alia
1589 1518 1670 1566 est
1717 1507 2024 1566 substantia

421 1605 624 1654 sanctis
667 1604 721 1654 et
771 1595 1162 1670 inseparabilis
1209 1597 1498 1653 Trinitatis
1536 1597 1676 1670 (35).
1721 1597 1862 1655 Cum
1896 1610 2024 1668 ergo

419 1685 638 1760 singula
673 1691 728 1741 et
755 1685 917 1742 Pater
943 1691 998 1741 et
1027 1685 1207 1742 Filius
1234 1693 1289 1741 et
1315 1683 1556 1758 Spiritus
1589 1692 1809 1742 sanctus
1835 1684 2022 1742 dican-

419 1781 513 1830 tur
560 1772 798 1846 Operari,
849 1771 1037 1829 omnia
1073 1777 1257 1830 tamen
1314 1772 1518 1846 pariter
1561 1781 1876 1847 operantur.
1917 1777 2024 1832 Sa-

2131 614 2229 686 qni
2262 614 2322 670 in
2349 615 2513 672 terris
2541 615 2695 673 visus
2725 623 2827 685 est,
2857 623 2913 672 et
2937 629 3064 674 cum
3094 615 3417 674 hominibus
3444 633 3743 675 convom-

2132 711 2224 760 tus
2254 711 2336 761 est
2369 702 2613 778 (Bartsch
2643 717 2724 774 ιιι,
2757 706 2826 763 36
2855 713 2906 761 et
2931 703 3024 778 38)
3052 721 3066 774 ;
3097 729 3116 755 ι
3149 715 3202 763 et
3237 705 3471 764 iterum:
3515 703 3745 764 «Homo

2133 793 2196 848 in
2231 793 2442 862 dolore,
2473 803 2528 851 et
2544 795 2722 852 sciens
2751 795 2893 852 ferre
2913 787 3264 854 inﬁrmitates
3294 799 3428 870 (Isa.
3460 813 3579 867 LIII,
3609 797 3728 870 lt);-

2131 895 2327 938 verum
2381 882 2596 939 scilicet
2643 896 2842 956 corpus
2883 883 3128 941 hominis
3180 899 3278 958 per
3303 885 3421 944 haec
3448 885 3636 956 verba,
3667 896 3746 944 'et

2134 981 2322 1028 veram
2374 969 2760 1030 demonstrans
2811 973 3075 1043 animam,
3147 997 3166 1022 ε
3221 975 3315 1050 qui
3355 977 3532 1034 sciens
3588 977 3745 1033 ferre

2133 1059 2488 1118 inﬁrmitates
2525 1061 2820 1120 divinitate
2848 1063 3148 1136 superavit,
3165 1065 3459 1138 paciﬁcans
3477 1078 3576 1140 per
3605 1083 3739 1124 san-

2135 1151 2358 1224 guinem
2413 1152 2595 1210 crucis
2650 1169 2762 1210 suae
2819 1154 2935 1211 sive
2988 1169 3110 1230 qua
3135 1155 3192 1212 in
3242 1157 3398 1214 oculis
3432 1164 3580 1225 sunt,
3611 1159 3744 1216 sive

2133 1254 2256 1314 qum
2309 1240 2369 1297 in
2430 1248 2577 1298 terra
2607 1243 2844 1314 (Galeas.
2884 1259 2922 1312 ι,
2980 1243 3096 1318 20).
3125 1269 3145 1294 ι
3213 1245 3429 1304 Claruit
3457 1247 3603 1302 enim
3634 1261 3744 1319 per

2133 1329 2254 1390 haec
2308 1331 2495 1402 verba,
2541 1352 2562 1382 α
2593 1333 2651 1390 in
2671 1333 2969 1392 Dominum
2989 1335 3173 1392 lesum
3219 1335 3522 1406 Christum,
3552 1361 3572 1385 ι
3618 1351 3743 1392 non

2133 1435 2204 1478 ex
2265 1425 2416 1494 parte
2471 1423 2778 1493 veritatem,
2854 1431 2908 1480 et
2962 1439 3032 1481 ex
3081 1431 3234 1497 parte
3299 1425 3651 1484 mendacium
3723 1445 3736 1482 :

2134 1509 2230 1566 sed
2281 1525 2502 1568 omnem
2550 1511 2610 1568 in
2635 1525 2701 1568 eo
2728 1525 2845 1568 esse
2872 1512 3180 1582 veritatem,
3236 1511 3294 1571 id
3323 1521 3425 1583 est,
3457 1520 3513 1571 et
3543 1513 3644 1572 Dei
3679 1521 3744 1569 et

2134 1597 2400 1657 hominis.

2204 1687 2433 1747 CAPUT
2465 1687 2538 1744 X.
2585 1715 2657 1732 —-
2705 1685 2813 1747 Sed
2861 1689 2968 1748 hoc
3013 1701 3125 1749 non
3169 1692 3438 1767 intelligit
3487 1691 3747 1750 humana

2131 1777 2418 1850 sapientia,
2437 1791 2602 1851 quam
2629 1779 2958 1838 condemnat
2976 1781 3172 1840 beatus
3189 1783 3487 1856 Apostolus
3507 1783 3738 1840 dicens:

419 1862 628 1937 pientis
677 1860 950 1931 condidit,
997 1859 1208 1934 Spiritu
1252 1861 1543 1932 animavit,
1597 1871 1652 1921 et
1689 1862 1844 1936 justo
1903 1864 2017 1936 (36)
2049 1885 2096 1946 Β
2147 1893 2166 1916 ι
2195 1867 2357 1924 Fides
2386 1875 2569 1924 vestra
2594 1883 2708 1926 non
2737 1870 2810 1927 sit
2853 1869 2914 1926 in
2939 1871 3208 1944 sapientia
3239 1871 3553 1942 hominum,
3579 1885 3745 1946 quo-

421 1951 704 2010 ordinavlt
741 1951 973 2026 judicio.
1024 1953 1144 2026 Ipse
1184 1967 1311 2025 ergo
1353 1951 1574 2026 justitia
1622 1970 1723 2012 sua
1751 1955 2019 2012 mundum

422 2041 480 2099 in
509 2042 690 2100 varias
718 2042 922 2099 formas
953 2041 1259 2111 distribuit,
1290 2048 1346 2098 et
1376 2044 1550 2116 gratia
1576 2057 1676 2100 sua
1705 2041 2017 2111 ordinante,

423 2138 578 2188 tanta
603 2130 760 2187 illius
791 2129 1035 2187 membra
1062 2130 1703 2204 incomprehensibiliter
1719 2131 2018 2205 dispensat,

421 2219 670 2278 continet
717 2225 772 2275 et
809 2217 1075 2290 gubernat
1108 2233 1122 2274 :
1153 2218 1320 2292 cujus
1348 2219 1712 2292 providentiae
1740 2219 2022 2292 guberna-

422 2309 504 2366 tio
551 2317 663 2366 tam
689 2307 860 2380 justa,
905 2315 1016 2365 tam
1063 2320 1270 2366 arcana
1319 2309 1462 2381 (37),
1503 2316 1616 2364 tam
1647 2307 1861 2364 occulta
1895 2314 2016 2376 est;

423 2407 488 2458 ut
516 2413 638 2473 quae
667 2407 892 2473 putatur
934 2413 1116 2472 pmna,
1145 2400 1422 2458 medicina
1457 2399 1532 2456 sit
1573 2397 1824 2471 patienti.
1867 2399 2020 2456 Unus

423 2503 553 2563 ergo
592 2491 738 2547 Dens
765 2489 825 2546 in
869 2497 1061 2547 sancta
1102 2489 1374 2548 Trinitate
1401 2489 1708 2546 consistens
1735 2488 1855 2546 haec
1881 2503 2022 2562 ope-

423 2588 622 2639 ratur:
680 2581 828 2655 quod
885 2581 1006 2656 ipse
1061 2579 1130 2638 de
1177 2596 1234 2638 se
1287 2580 1672 2652 comprobans,
1701 2594 1799 2654 per
1825 2582 2019 2640 Isaiam

423 2670 746 2746 prophetam
799 2670 981 2728 dicit:
1055 2691 1076 2718 ι
1133 2671 1250 2744 Ego
1304 2663 1596 2738 Dominus,
1657 2677 1714 2727 et
1764 2685 1878 2728 non
1943 2681 2024 2730 est

423 2761 662 2835 amplius
697 2767 858 2817 extra
904 2773 992 2816 me
1033 2759 1150 2832 (38)
1185 2760 1321 2831 (Isa.
1353 2773 1484 2829 χιον,
1516 2759 1570 2830 ll,
1611 2760 1694 2833 6),
1723 2781 1742 2809 ι
1790 2761 1896 2820 hoc
1919 2767 2019 2828 est,

425 2859 621 2924 praeter
662 2848 906 2910 Verbum
957 2856 1014 2905 et
1059 2846 1332 2920 Spiritum
1381 2861 1590 2919 meum,
1645 2850 1908 2908 virtutem
1961 2865 2025 2909 ac

425 2939 748 3013 sapientiam
804 2943 946 3001 327
1003 2951 1201 3004 meam,
1231 2949 1354 3008 quae
1410 2935 1470 2992 in
1523 2951 1613 2994 me
1667 2945 1750 2997 est
1771 2953 2020 3012 semper;

424 3037 614 3095 nullus
659 3045 742 3094 est
785 3035 926 3092 alter
971 3033 1120 3088 Dens
1147 3037 1310 3104 atque
1339 3031 1590 3090 Salvator
1643 3033 1784 3107 (39),
1814 3034 1883 3091 de
1915 3051 2024 3108 quo

425 3125 572 3182 idem
601 3124 864 3201 propheta
900 3120 1075 3178 dicit:
1123 3143 1142 3169 ι
1177 3120 1250 3177 Et
1277 3120 1463 3180 mittet
1499 3123 1579 3180 eis
1604 3123 1877 3180 Dominus
1904 3125 2024 3181 sal-

424 3225 692 3285 vatorem,
723 3214 922 3288 quieos
948 3211 1130 3268 salvos
1157 3210 1324 3270 faciat
1346 3228 1378 3269 a
1399 3203 1636 3286 peccatis
1663 3227 1854 3271 eorum
1886 3215 2020 3288 (Isa.
2054 3253 2098 3315 Ο

429 3317 552 3375 11x,
577 3305 694 3377 20).
712 3327 732 3354 ι
757 3303 830 3358 Et
849 3301 1050 3358 iterum
1072 3315 1142 3357 ex
1159 3316 1390 3374 persona
1409 3302 1585 3359 Patris
1603 3317 1768 3376 supra
1785 3302 2022 3377 scriptus

426 3397 692 3472 propheta
711 3389 848 3452 dicit
870 3409 882 3448 :
903 3393 1000 3450 «In
1018 3393 1553 3470 memetipsojuravi,
1575 3397 1705 3470 quia
1717 3397 2022 3471 egredietur

427 3500 498 3544 ex
525 3501 619 3542 ore
637 3498 758 3540 meo
777 3483 1031 3554 verbum,
1054 3491 1106 3542 et
1129 3484 1200 3542 ad
1214 3499 1302 3542 me
1323 3501 1561 3543 vacuum
1581 3499 1695 3544 non
1719 3493 2024 3544 revertetur

429 3574 565 3648 (Isa.
614 3587 746 3643 xcv,
785 3573 1002 3644 23;“,
1046 3573 1158 3648 ll).
1202 3595 1222 3623 ι
1261 3575 1382 3633 Non
1432 3583 1514 3633 est
1558 3591 1748 3633 revera
1777 3577 2022 3636 Verbum

417 3661 602 3726 Patris
651 3661 722 3719 ad
775 3679 903 3720 eum
957 3677 1194 3722 vacuum
1254 3679 1558 3736 reversum,
1616 3665 1748 3741 quia
1803 3665 2025 3724 obsides

427 3751 624 3812 salutis
665 3759 886 3824 nostris,
961 3753 1021 3812 id
1057 3763 1160 3826 est,
1211 3768 1398 3813 veram
1445 3757 1688 3814 animam
1729 3763 1784 3815 et
1829 3773 2020 3816 verum

426 3857 626 3918 corpus
665 3853 979 3920 susceptum
1027 3845 1087 3902 in
1134 3846 1417 3904 dexteram
1467 3845 1762 3906 collocavit
1821 3847 2017 3905 Patris.

425 3931 586 4002 Quod
626 3933 704 3992 ita
729 3947 844 3992 esse
889 3935 1140 3992 futurum
1165 3933 1224 3992 in
1254 3934 1465 4010 Spiritu
1509 3933 1773 4010 prepheta
1803 3937 2024 3996 intuens

431 4022 614 4081 dicit:
661 4041 682 4073 ι
735 4023 877 4082 Vere
917 4032 980 4082 tu
1021 4041 1078 4082 es
1123 4025 1272 4084 Deus
1318 4025 1674 4084 absconditus
1723 4025 2021 4100 (Isa.x1.v,

433 4113 548 4186 l5),
583 4134 601 4160 ι
645 4109 703 4171 id
723 4119 826 4185 est,
856 4115 914 4172 in
944 4126 1128 4186 carne,
1180 4135 1199 4162 ι
1228 4117 1374 4172 Deus
1398 4117 1563 4174 Israel
1593 4117 1876 4187 Salvator;
1909 4145 1928 4168 ι
1970 4125 2025 4175 et

431 4206 635 4263 iterum
683 4223 695 4262 :
761 4230 781 4253 ι
826 4205 1200 4262 Absconditus
1242 4205 1430 4262 vultus
1467 4206 1584 4278 ejus
1631 4211 1685 4264 et
1736 4207 2024 4281 despectus

433 4295 570 4369 (Isa.
619 4307 740 4366 Lm,
770 4293 866 4367 2);
899 4319 918 4344 ι
961 4303 1024 4352 ut
1055 4295 1266 4352 scilicet
1294 4293 1536 4353 humano
1579 4309 1806 4370 corpore
1833 4297 2025 4355 divina

432 4387 678 4462 potentia
733 4387 1048 4456 ceiaretur;
1109 4395 1164 4444 et
1217 4386 1462 4444 iterum:
1510 4413 1528 4438 ι
1573 4387 1645 4446 Et
1699 4389 1866 4447 homo
1919 4400 2022 4460 est,

431 4483 488 4534 et
517 4473 642 4552 quis
669 4477 952 4551 cognoscit
978 4489 1104 4534 eum
1136 4475 1353 4550 (Jerem.
1387 4488 1531 4550 xvn,
1551 4477 1610 4553 9)
1633 4479 1662 4538 7
1683 4477 1756 4537 Et
1781 4480 2021 4538 iterum:

2127 1971 2252 2015 rum
2293 1955 2568 2014 Dominus
2615 1957 2978 2030 cogitationes
3021 1960 3200 2030 novit,
3251 1962 3514 2034 quoniam
3571 1975 3740 2020 vanae

2125 2053 2292 2104 sunt:
2325 2047 2420 2104 sed
2444 2048 2502 2104 in
2533 2049 2740 2105 virtute
2774 2050 2874 2106 Dei
2899 2049 2958 2122 (Ι
2986 2052 3112 2108 Cor.
3146 2065 3208 2120 π,
3241 2051 3300 2122 l5)
3329 2070 3372 2120 ;s
3413 2057 3469 2109 et
3497 2053 3730 2110 iterum:

2142 2133 2302 2194 «Non
2349 2136 2529 2194 edocti
2555 2137 2812 2195 humanas
2857 2139 3140 2212 sapientiai
3167 2140 3374 2210 verbis,
3419 2141 3516 2200 sed
3545 2141 3737 2201 edocti

2127 2225 2338 2299 Spiritu
2392 2232 2585 2282 sancto
2639 2225 2753 2299 (40)
2803 2228 2968 2300 (Ibid.
3002 2227 3166 2302 13).»
3240 2229 3386 2302 Ergo
3434 2227 3570 2289 ﬁdes
3618 2243 3736 2289 non

2129 2313 2201 2371 sit
2244 2313 2302 2370 in
2343 2311 2632 2371 hominum
2676 2314 2967 2388 sapientia,
3016 2323 3071 2372 et
3113 2316 3337 2376 b'atresis
3371 2333 3486 2375 non
3517 2325 3618 2377 est.
3660 2321 3731 2377 In

2129 2402 2290 2460 Patre
2341 2417 2471 2476 ergo
2509 2419 2728 2477 semper
2778 2404 2957 2462 Filius
2985 2412 3041 2464 et
3069 2405 3308 2480 Spiritus
3353 2415 3573 2466 sanctus
3597 2417 3683 2467 est
3718 2429 3733 2466 :

2130 2493 2280 2568 quod
2321 2495 2400 2552 ita
2426 2509 2544 2552 esse
2590 2489 2707 2569 ipse
2753 2495 2928 2554 Filius
2956 2497 3248 2556 conﬁrmat
3296 2498 3518 2558 dicens:
3559 2523 3579 2547 ι
3605 2501 3731 2574 Ego

2129 2593 2186 2642 et
2237 2584 2396 2642 Pater
2423 2601 2597 2643 unum
2627 2599 2820 2644 sumus
2849 2588 3032 2660 (Joan.
3071 2605 3132 2659 x,
3161 2588 3294 2662 30):
3327 2613 3348 2641 ι
3390 2607 3553 2648 unum
3591 2607 3740 2666 pro-

2132 2681 2253 2747 pter
2297 2681 2550 2732 naturam
2597 2669 2932 2747 divinitatis,
2979 2689 3162 2734 sumus
3206 2687 3432 2753 propter
3459 2695 3737 2753 persona-

2131 2776 2256 2822 rum
2341 2764 2756 2840 proprietates;
2843 2773 2898 2824 et
2959 2765 3206 2826 iterum:
3279 2791 3299 2818 ε
3377 2769 3521 2828 Ecce
3576 2773 3740 2830 venit

2131 2851 2334 2915 hora...
2389 2863 2452 2913 ut
2520 2872 2609 2914 me
2665 2857 2847 2915 solum
2902 2855 3273 2932 relinquatis:
3336 2867 3392 2918 et
3445 2875 3558 2918 non
3607 2877 3738 2918 sum

2131 2946 2302 3017 solus,
2357 2945 2486 3020 quia
2537 2947 2696 3004 Pater
2749 2961 2966 3006 mecum
3026 2955 3108 3006 est
3149 2950 3331 3023 (lacn.
3363 2963 3483 3020 xvt,
3517 2950 3610 3024 32)
3648 2969 3663 3019 ;
3705 2975 3726 3001 ›

2132 3044 2186 3095 et
2229 3037 2432 3094 iterum
2465 3055 2478 3094 :
2531 3057 2552 3085 ι
2597 3036 2774 3109 Opera
2821 3047 2944 3110 quae
2991 3051 3092 3111 ego
3144 3037 3307 3108 facio,
3360 3041 3521 3096 Pater
3557 3040 3617 3098 in
3645 3058 3743 3098 me

2132 3139 2379 3195 manens,
2434 3124 2549 3199 ipse
2599 3125 2765 3182 faciet
2811 3139 2875 3182 ea
2905 3119 3088 3198 (Joan.
3136 3139 3256 3196 xxv,
3291 3123 3406 3200 10).
3438 3149 3458 3177 ι
3501 3129 3625 3202 Ipse
3655 3139 3747 3188 est

2132 3230 2259 3288 ergo
2287 3229 2503 3286 semper
2549 3213 2608 3269 in
2635 3214 2796 3270 Patre
2825 3211 3022 3282 Filius,
3055 3213 3151 3286 qui
3177 3213 3245 3271 ad
3273 3213 3500 3288 Moysen
3543 3217 3694 3276 dicit
3719 3237 3741 3274 τ

2149 3331 2168 3355 ι
2196 3301 2302 3372 Qui
2353 3311 2454 3373 est,
2489 3301 2642 3360 misit
2700 3317 2788 3360 me
2817 3304 2885 3360 ad
2911 3319 3010 3360 vos
3033 3303 3238 3377 (Exod.
3271 3317 3353 3374 nt,
3387 3301 3501 3378 14).
3533 3327 3554 3356 ι
3608 3309 3741 3381 Ipse

2134 3403 2235 3462 est,
2265 3391 2358 3450 cui
2387 3392 2626 3466 perfecto
2652 3392 2784 3449 orbe
2815 3392 3192 3464 congaudehat
3219 3393 3414 3462 Pater;
3445 3393 3575 3468 quia
3608 3403 3740 3453 tan-

2133 3493 2246 3542 tam
2294 3483 2496 3539 molem
2522 3489 2680 3539 terrae
2727 3479 3010 3539 fundasset
3059 3495 3223 3556 super
3255 3483 3448 3553 maria,
3483 3487 3538 3540 et
3564 3499 3739 3560 super

2135 3569 2366 3630 ﬂumina
2394 3570 2715 3629 collocasset
2739 3587 2878 3640 eam;
2903 3579 2966 3628 ut
2983 3571 3315 3630 elementum
3340 3574 3735 3646 gravissimum

2133 3676 2298 3736 super
2326 3671 2517 3719 tenues
2545 3676 2713 3735 aquas
2743 3658 2861 3734 ejus
2889 3661 3150 3735 penderet
3171 3661 3420 3720 arbitrio.
3452 3663 3516 3720 In
3544 3663 3734 3722 stabi-

2133 3751 2288 3808 litate
2315 3765 2442 3824 ergo
2467 3749 2616 3806 orbis
2635 3757 2929 3820 terrarum,
2953 3743 3174 3823 quando
3193 3748 3346 3808 illius
3366 3751 3732 3812 fundamenta

2135 3849 2294 3906 Pater
2320 3845 2595 3918 ﬁrmabat,
2643 3847 2831 3906 nullus
2861 3857 2978 3906 erat
3005 3861 3131 3906 cum
3162 3863 3226 3908 eo
3281 3859 3478 3924 praeter
3504 3866 3595 3908 eos
3629 3852 3731 3926 qui

2135 3944 2290 3999 erant
2349 3938 2408 3996 in
2464 3957 2547 4009 eo,
2607 3935 2666 3995 id
2719 3943 2820 4008 est,
2883 3937 3059 3996 Filius
3109 3942 3164 3996 et
3215 3941 3455 4014 Spiritus
3484 3950 3729 4000 Sanetus.

2135 4027 2474 4088 Erubescant
2502 4043 2629 4103 ergo
2659 4029 2816 4103 impii
2846 4027 3114 4106 haeretici,
3145 4029 3241 4106 qui
3272 4029 3476 4090 Filium
3505 4032 3601 4090 Dei
3633 4039 3734 4088 aut

2135 4123 2402 4196 Spiritum
2425 4101 2674 4179 sanctum
2699 4101 3003 4178 creaturam
3033 4101 3249 4192 dicunt,
3281 4129 3376 4180 aut
3404 4123 3573 4181 fuisse
3592 4131 3730 4181 tem-

2135 4229 2258 4286 pus,
2308 4210 2527 4284 quando
2552 4225 2662 4265 non
2699 4205 2908 4267 fuerint
2940 4228 2954 4279 ;
2987 4220 3164 4284 neque
3215 4211 3364 4268 enim
3413 4217 3728 4286 temporum

2135 4301 2388 4360 conditor
2452 4298 2617 4356 habet
2669 4295 2966 4372 aliquando
3031 4298 3391 4373 principium.
3443 4299 3730 4374 Quidquid

2134 4403 2262 4464 ergo
2297 4383 2474 4446 Filius
2509 4387 2774 4463 loquitur,
2823 4389 2990 4446 verba
3045 4396 3177 4446 sunt
3220 4389 3420 4458 Patris,
3463 4397 3518 4448 et
3561 4391 3734 4448 verba

2135 4487 2266 4536 sunt
2319 4477 2556 4552 Spiritus
2611 4471 2785 4536 sancti
2841 4496 2854 4536 :
2913 4477 3188 4553 quidquid
3236 4479 3396 4536 Pater
3457 4478 3729 4554 loquitur,

507 4611 627 4692 (33)
667 4613 828 4692 Rom.
873 4613 1034 4685 edit.,
1086 4613 1262 4685 inquit
1287 4614 1426 4672 enim
1457 4632 1470 4673 :
1519 4617 1598 4674 Tu
1624 4632 1677 4674 es
1705 4617 1854 4692 ﬁlius
1879 4633 2024 4674 meus
2051 4623 2102 4684 D
2129 4619 2205 4676 Et
2247 4617 2381 4675 alibi
2409 4635 2427 4674 :
2491 4617 2714 4692 Verbum
2758 4619 3101 4689 quodcunque
3153 4617 3344 4692 emerit
3377 4618 3442 4674 de
3472 4636 3562 4675 ore
3589 4637 3722 4687 nico,

431 4685 670 4742 dilectus.
699 4687 1020 4753 Adventum,
1050 4696 1156 4744 etc.

506 4755 623 4840 (3b)
691 4755 898 4840 Eadem
957 4751 1114 4816 Rom.
1172 4751 1331 4840 edit,
1397 4755 1447 4840 ei
1493 4757 1774 4840 descendit,
1833 4755 2024 4840 inquit,

437 4829 696 4904 Spiritus
729 4836 942 4885 sanctus
978 4831 1251 4903 corporali
1304 4832 1468 4904 specie
1510 4834 1647 4890 sicut
1695 4829 1933 4889 columba
1974 4833 2032 4888 in

431 4900 627 4971 ipsum).
662 4902 852 4969 Quam,
881 4909 986 4959 etc.

411 4969 630 5052 -_"(35)
664 4971 892 5052 ‘Eadem
937 4974 1098 5030 Rom.
1148 4973 1308 5044 edit.,
1341 4976 1470 5052 quia
1497 4988 1609 5052 non
1634 4989 1699 5052 ei;
1735 4977 1850 5052 alia
1875 4982 2032 5052 atque

434 5041 550 5098 alia
595 5041 1061 5121 substantia__sunt
1120 5041 1317 5121 sanctae
1340 5041 1714 5121 inseparabilis
1749 5041 2031 5106 Trinitatis

428 5127 818 5187 personw,_nec
849 5114 992 5170 alius
1023 5117 1364 5187 operationis.

512 5184 660 5266 (36).
698 5183 906 5266 lia-dem
963 5183 1122 5266 Rom.
1179 5189 1346 5266 ‘edit.,_
1405 5190 1783 5266 singillatim...
1845 5191 2030 5264 aliqua

439 5255 922 5331 operariﬁpirt’tus
951 5259 1229 5324 animavit,
1256 5266 1304 5315 et
1317 5255 1465 5330 justo
1489 5255 1672 5331 Pater,
1702 5271 1807 5320 etc.

511 5329 628 5404 (δῖ)
671 5327 876 5404 Eadem
906 5331 1063 5404 lion).
1096 5331 1256 5404 edit.,
1289 5327 1392 5386 tam
1422 5327 1672 5404 provida}

513 5400 632 5526 (38}
673 5400 878 5456 Eadem
911 5402 1066 5458 Rom.
1113 5402 1270 5484 edit.,
1301 5400 1552 5474 amplius.
1586 5407 1700 5476 Ego
1730 5405 1824 5476 qui
1848 5403 2032 5476 fabri—

513 5488 556 5526 Dt
613 5489 784 5526 sucem.
818 5479 925 5526 etc.
981 5476 1242 5526 Quantam
1269 5489 1374 5526 non
1401 5481 1477 5526 est
1528 5475 1668 5526 Deus
1694 5484 1890 5526 υτωῑεν
1927 5495 2026 5526 me-

439 5474 784 5549 cunilae-em,
818 5479 928 5549 etc‘.
981 5474 1242 5549 Quoniam
1269 5481 1477 5549 n_on‘est
1527 5474 1668 5549 Deus
1690 5474 1890 5549 prater
1927 5495 2026 5534 me.

513 5541 869 5620 (39)_Eadem
896 5541 1056 5602 Rom.
1082 5543 1244 5612 edit,
1275 5546 1348 5620 Et
1374 5545 1566 5601 iterum
1591 5541 1726 5602 idem
1748 5549 2028 5620 propheta:

439 5611 588 5688 {nte
611 5611 904 5688 Πρω-βεεν
927 5623 1103 5672 etnon
1131 5623 1208 5672 est
1228 5611 1376 5671 alius
1401 5625 1600 5688 prater
1639 5626 1704 5674 te.
1746 5611 1822 5674 Et
1843 5611 1979 5675 alibi
2012 5637 2026 5676 :

440 5683 614 5771 agitur
637 5685 711 5740 eis
1043 5688 1144 5771 qui
1169 5683 1509 5771 enicabit-eos
1537 5705 1562 5771 ε.
1572 5689 1824 5771 judicans
1851 5692 2030 5771 salva-

440 5755 514 5810 bit
552 5771 703 5812 eos...
737 5755 1230 5834 Permemeﬁpsum
1267 5759 1473 5828 iuravi,
1502 5755 1614 5834 nis'i
1637 5761 1930 5834 egredietur
1963 5779 2030 5818 ea:

440 5843 530 5883 ore
583 5843 696 5884 meo
741 5825 978 5900 justitia,
1023 5825 1091 5890 δι’
1121 5825 1381 5891 sermones
1420 5825 1523 5890 nisi
1555 5825 2031 5894 non'avertantur.

2133 4706 2242 4746 non
2285 4695 2576 4745 revertetur
2625 4691 2698 4763 ad
2747 4707 2830 4763 me
2867 4707 3142 4763 (vacuum,
3177 4690 3337 4763 donec
3365 4693 3734 4763 compleantur

2172 4777 2454 4833 utecunque
2503 4761 2668 4819 volui.
2725 4759 2826 4818 Est
2855 4759 3021 4832 igitur
3075 4761 3252 4833 Filius
3281 4759 3732 4820 revera—Verbum

2185 4831 2340 4902 atris,
2363 4831 2488 4889 cum
2513 4849 2732 4889 vacuum
2760 4831 3027 4888 reversum
3055 4849 3163 4888 non
3191 4831 3360 4902 fuerit
3387 4851 3410 4900 ;
3437 4837 3565 4904 quia
3595 4833 3730 4890 obsi-

2136 4905 2316 4962 des....
2346 4905 2554 4961 intuens
2581 4905 2712 4960 dicit
2747 4921 2758 4960 :
2795 4905 2875 4960 Tu
2891 4904 3029 4959 enim
3055 4921 3106 4960 es
3134 4905 3297 4972 Deus,
3328 4910 3376 4960 et
3397 4905 3728 4975 nescivimus,

2135 4978 2278 5034 Deus
2327 4979 2500 5034 Israel
2527 4978 2784 5048 salvator.
2844 4975 3189 5046 Nesctvimus,
3229 4977 3359 5048 quia
3407 4993 3565 5033 carne
3591 4979 3729 5034 vela-

2137 5055 2240 5120 tus.
2275 5049 2350 5106 Et
2389 5049 2582 5120 iterum
2619 5065 2632 5104 :
2689 5047 2811 5106 Non
2858 5054 2933 5104 est
2963 5048 3172 5120 species,
3229 5047 3392 5120 neque
3425 5049 3602 5120 gloria
3634 5066 3652 5104 :
3684 5056 3731 5104 et

2133 5119 2298 5191 facies
2351 5119 2464 5190 eius
2506 5120 2742 5192 despecta
2796 5127 2890 5188 est,
2945 5119 2994 5192 et
3032 5134 3149 5192 non
3203 5119 3616 5192 cst’reputata;
3672 5128 3732 5175 ut

2136 5189 2328 5264 scilicet
2374 5189 2610 5248 humano
2650 5208 2868 5264 corpore
2923 5189 3115 5264 fdicina
3166 5189 3413 5264 potentis—t7
3447 5194 3726 5248 coleretur.

2134 5265 2210 5320 Et
2251 5263 2394 5320 alius
2435 5265 2692 5335 propheta
2718 5263 2755 5318 τί
2791 5264 2870 5320 Et
2916 5263 3068 5318 homo
3112 5269 3206 5332 est,
3235 5270 3286 5320 et
3321 5263 3441 5334 quis
3467 5271 3731 5334 cognoscet

2135 5351 2252 5390 eum
2288 5335 2316 5391 ?
2343 5336 2419 5407 Et
2443 5335 2652 5392 iterum:
2693 5335 2793 5392 Hic
2823 5335 2962 5390 Deus
2988 5341 3186 5402 noster,
3243 5351 3350 5390 non
3394 5335 3732 5407 reputabitur

2133 5407 2278 5463 altus
2304 5406 2562 5462 adversus
2589 5424 2724 5464 eum.
2756 5408 2832 5463 Et
2851 5423 2870 5460 :
2903 5407 3030 5461 Post
3064 5407 3158 5462 hoc
3185 5406 3243 5460 in
3273 5407 3430 5462 terris
3450 5406 3606 5460 visus
3633 5413 3728 5475 est,

2135 5484 2185 5534 et
2233 5477 2374 5533 inter
2439 5480 2672 5536 homines
2728 5483 3064 5533 conversatus
3117 5484 3208 5533 est.
3271 5480 3347 5534 Et
3383 5477 3572 5534 iterum
3601 5481 3732 5532 scri-

2133 5555 2286 5622 ptum
2334 5554 2450 5606 est:
2509 5551 2678 5608 Homo
2707 5552 2763 5606 in
2806 5555 2972 5620 plaga
3027 5549 3296 5618 assistens,
3352 5557 3403 5604 et
3435 5549 3600 5604 sciens
3621 5548 3728 5620 fer-

2133 5635 2213 5686 re,
2255 5629 2360 5678 etc.

2208 5691 2326 5766 (40)
2355 5691 2564 5774 Eadem
2592 5689 2945 5774 Rom._adit.,
2963 5693 3101 5774 Non
3135 5693 3194 5774 in
3227 5692 3590 5774 persuasoriis
3616 5692 3728 5774 tiu-7

2133 5764 2610 5892 sapientia
2657 5765 2850 5835 verbis,
2888 5765 2978 5822 sed
3008 5767 3066 5824 in
3093 5764 3381 5826 ostensione
3421 5764 3650 5839 spiritus
3678 5771 3731 5821 et

2135 5853 2220 5891 vir
2303 5851 2370 5892 is.

2135 5835 2370 5894 virtutis.
