3972 6386
206 365 330 443 849

1398 364 1494 436 bs
1549 360 1928 439 meum
1961 366 2390 439 raacrarvs.

3426 360 3532 439 380

204 512 388 570 "Orba
417 520 546 570 sum
578 506 730 580 Filii:
761 502 930 568 verba
961 510 1091 568 sunt
1118 504 1362 583 Spirims
1395 510 1570 569 εῧηοῑί
1603 525 1616 580 3
1644 506 1819 584 qnid‘
1848 513 1897 573 Α
1927 523 2116 584 tabilia
2143 540 2258 584 esse
2307 531 2538 584 testatur
2569 525 2748 599 (Rom.
2781 541 2862 593 χι,
2895 521 3012 595 33),
3055 517 3170 597 jam
3226 524 3342 598 ipse
3370 524 3529 599 cujus

206 601 355 675 quid
396 601 635 675 Spiritus
664 606 890 659 sanctus
937 600 1205 675 loquitur,
1246 599 1415 657 verba
1463 610 1593 658 sunt
1621 601 1816 669 Patris,

204 691 390 749 verba
417 699 547 748 sunt
576 690 707 747 Filii
738 689 859 748 Dei.
890 692 1036 763 Ergo
1050 690 1218 747 unius
1237 689 1333 764 qui
1349 692 1589 763 complet
1608 690 1816 759 omnia,

203 788 269 837 et
320 782 381 837 in
437 798 548 855 quo
595 784 727 838 sunt
777 782 987 850 omnia,
1044 779 1133 837 his
1179 780 1366 837 verbis
1421 779 1524 837 sub
1554 780 1818 855 mysterio

204 880 420 927 sanctae.
474 869 762 926 Trinitatis
817 869 1019 926 notitia
1073 869 1404 942 prmdicatur
1446 886 1460 937 ;
1519 870 1598 926 ait
1668 870 1817 927 enim

204 957 437 1014 Filius:
486 980 505 1006 ι
530 958 769 1030 Spiritus
814 964 1037 1014 sanctus
1073 972 1107 1012 a
1150 957 1310 1014 Patre
1355 955 1603 1030 procedit
1632 957 1816 1030 (Joan.

204 1061 315 1116 xv,
362 1045 454 1119 26)
475 1063 490 1115 ;
539 1070 558 1096 ι

205 1150 324 1209 que
354 1143 563 1192 naturae
615 1152 647 1193 a
696 1136 842 1193 Filio
884 1136 1165 1192 mittitur:
1227 1137 1323 1209 qui
1380 1132 1555 1193 Filius
1595 1136 1708 1209 (4t)
1749 1134 1817 1190 ab

206 1224 359 1281 Isaia
421 1224 690 1298 propheta
755 1225 813 1281 in
878 1225 1159 1297 regnantis
1218 1224 1412 1283 habitu
1479 1225 1634 1282 visus
1711 1231 1815 1292 est,

206 1314 313 1371 sed
382 1322 604 1386 propter
666 1314 1009 1372 consortium
1067 1312 1368 1387 majestatls
1438 1314 1817 1387 unitatemque

207 1402 539 1459 substantiae
588 1402 828 1475 Spiritus
876 1411 1100 1460 sanctus
1157 1403 1216 1459 in
1272 1402 1538 1476 propheta
1587 1411 1670 1458 est
1725 1403 1817 1458 lo—

204 1496 415 1548 cutus:
502 1491 560 1547 in
633 1492 933 1550 Cherubim
1005 1507 1134 1549 sane
1205 1500 1260 1548 et
1331 1490 1647 1565 Seraphim,
1718 1491 1815 1547 ubi

208 1579 338 1653 ipsa
393 1578 536 1636 visio
581 1580 725 1637 facta
773 1581 1126 1650 describitur,
1184 1597 1254 1638 ex
1309 1589 1461 1655 parte
1506 1579 1817 1637 ostenditur

204 1671 507 1740 Dominus,
547 1680 602 1727 et
664 1686 734 1728 ex
776 1680 927 1746 parte
982 1674 1238 1743 celatur;
1280 1674 1494 1732 duabus
1540 1673 1814 1746 siquidem

206 1760 321 1816 alis
384 1760 645 1817 valebant
703 1762 899 1819 faciem
970 1762 1109 1835 ejus,
1163 1770 1217 1820 et
1281 1764 1496 1821 duabus
1559 1763 1816 1820 vetabant

1926 614 2307 673 inscrutabilia
2355 622 2410 671 et
2436 616 2657 674 occulta
2684 620 2839 680 sunt,
2867 628 3034 686 quam
3064 612 3444 671 inscrntabilis
3472 605 3529 670 et

1926 706 2176 762 occultus
2231 705 2323 773 sit,
2376 704 2591 776 sapiens
2647 704 2820 759 lector
2866 701 3148 773 intelligit.
3190 701 3299 769 Qui
3346 711 3528 760 tamen

1926 801 2146 850 sanctus
2175 794 2474 866 Apostolus
2512 808 2623 849 non
2653 791 2839 847 dixit:
2876 789 3112 846 Diﬂicile
3164 789 3529 847 inveniuntur

1919 882 2132 956 judicia
2159 884 2282 951 Dei,
2312 889 2406 938 aut
2436 896 2717 955 nunquam
2750 897 2764 948 ;
2798 895 2869 936 ne
2889 895 3047 951 spem
3078 878 3308 951 penitus
3346 878 3526 951 inqui-

1927 971 2166 1027 rentium
2195 977 2476 1043 amputare
2497 969 2780 1026 videretur
2806 984 2819 1025 :
2858 968 2953 1025 sed
2973 967 3085 1024 ait:
3126 990 3146 1015 ι
3172 967 3527 1024 Inscrutabi-

612 1054 797 1104 tamen
860 1052 1084 1119 propter
1132 1045 1448 1105 societatem
1508 1046 1814 1102 unitatem-

1931 1060 2003 1117 lia
2024 1067 2155 1116 sunt
2169 1060 2380 1133 judicia
2400 1059 2498 1117 Dei
2530 1058 2721 1131 (Ibid.)
2754 1083 2771 1105 ι
2817 1056 3085 1125 Quamvis
3112 1070 3242 1128 ergo
3271 1056 3528 1129 proﬁciat

1925 1150 2050 1223 quis
2080 1151 2138 1206 in
2165 1150 2414 1219 scientia,
2447 1156 2504 1206 et
2536 1147 2821 1221 sapientia
2851 1147 3093 1215 deditus,
3121 1158 3321 1203 arcana
3359 1145 3523 1202 rime-

1924 1244 2053 1310 tur;
2077 1251 2261 1298 tamen
2288 1248 2468 1298 creata
2487 1248 2686 1297 natura
2700 1238 2931 1296 increati
2953 1237 3339 1294 substantiam
3369 1253 3528 1293 nun-

1925 1344 2086 1403 quam
2118 1337 2295 1404 potest
2322 1328 2784 1403 comprehendere
2812 1326 2955 1399 (50).
2988 1326 3128 1385 Cum
3162 1327 3310 1381 enim
3339 1326 3526 1399 aliqua

1924 1421 2218 1489 invenerit,
2262 1436 2482 1477 rursum
2512 1419 2621 1477 alia
2654 1436 2713 1475 se
2738 1418 2980 1475 offerunt
3013 1415 3313 1490 qumstioni
3340 1433 3354 1483 ;
3385 1432 3513 1472 cum

1924 1509 2021 1565 illa
2046 1510 2328 1582 repererit,
2352 1509 2462 1565 alia
2504 1509 2800 1564 innumera
2832 1507 2950 1579 (51)
2984 1521 3203 1579 quoque
3247 1503 3519 1563 inveniet.

1925 1598 2099 1653 Tanta
2124 1598 2311 1671 itaque
2338 1596 2702 1669 investiganti
2749 1610 2965 1668 semper
3010 1593 3239 1650 materia
3283 1594 3522 1666 suggeri-

1922 1694 2128 1755 turpet
2145 1687 2486 1761 reliquorum
2533 1685 2808 1757 ignoratio
2849 1682 3101 1740 involvat
3133 1683 3252 1754 (52)
3276 1683 3524 1755 priorum

1923 1776 2232 1833 scientiam.
2269 1775 2421 1832 Unde
2451 1783 2505 1831 et
2532 1774 2970 1847 sapientissimus
3007 1774 3270 1830 Salomon
3296 1781 3524 1830 naturas

205 1848 382 1922 pedes
427 1849 568 1922 ejus,
612 1858 667 1907 et
713 1851 927 1909 duabus
972 1853 1235 1910 volabant
1286 1853 1419 1925 (Isa.
1453 1868 1533 1920 vi,
1569 1854 1650 1925 2).
1696 1854 1814 1910 Ve-

1931 1880 2109 1922 rerum
2135 1866 2595 1938 difﬁcultatesque
2617 1878 2951 1937 cognoscens
2983 1864 3125 1934 (53),
3146 1871 3202 1919 et
3229 1862 3521 1934 imponens

206 1938 400 1995 lantur
455 1952 583 2011 ergo
634 1954 712 2007 ea,
772 1957 892 2014 quae
950 1949 1077 1997 ante
1134 1942 1404 1998 mundum
1453 1943 1696 2011 fuerunt,
1758 1948 1813 1997 et

204 2042 274 2084 ea
321 2039 443 2101 quae
490 2037 613 2101 post
671 2030 941 2087 mundum
990 2040 1173 2099 erunt,
1237 2052 1255 2078 ι
1299 2044 1421 2104 qum
1476 2046 1577 2088 nec
1616 2031 1813 2087 oculus

203 2116 378 2184 vidit,
417 2133 520 2174 nec
546 2118 695 2174 auris
725 2119 942 2175 audivit
972 2119 1129 2189 (Cor.
1156 2135 1219 2187 II,
1250 2120 1343 2191 9):
1378 2144 1397 2167 ι
1442 2133 1504 2175 ea
1527 2135 1659 2175 vero
1690 2133 1810 2191 qum

203 2205 269 2261 in
315 2220 412 2261 sex
459 2204 654 2261 diebus
706 2206 847 2263 facta
893 2212 1043 2276 sunt,
1090 2207 1253 2263 nobis
1308 2207 1367 2262 in
1407 2207 1667 2265 notitiam
1708 2221 1805 2278 per

203 2307 415 2351 sacram
441 2294 731 2350 lectionem
748 2302 1038 2351 venerunt.
1058 2296 1168 2351 Nos
1187 2306 1314 2367 ergo
1339 2292 1395 2349 in
1412 2296 1569 2351 Patre
1592 2303 1650 2351 et
1666 2293 1812 2349 Filio

202 2390 264 2441 et
291 2384 502 2457 Spiritu
526 2392 714 2442 sancto
744 2400 855 2441 non
884 2387 1066 2441 solum
1094 2400 1262 2442 unam
1292 2384 1689 2458 operationem,
1714 2383 1811 2440 sed

203 2482 264 2531 et
294 2476 660 2549 aequalitatem
690 2475 1056 2544 conﬁtemur;
1090 2477 1219 2550 quia
1239 2476 1335 2532 ubi
1352 2475 1637 2550 mqualitas
1662 2474 1808 2547 (42),

205 2568 358 2627 328
388 2565 468 2621 ibi
495 2564 686 2622 eadem
744 2573 962 2634 natura,
1009 2566 1307 2640 eademque
1354 2565 1661 2622 substantia
1703 2572 1807 2621 est.

200 2662 520 2736 Propterea,
550 2663 733 2737 inquit
783 2663 1138 2736 evangelista,
1194 2679 1321 2720 eum
1385 2662 1561 2719 Judaei
1618 2676 1812 2735 perse-

213 2751 548 2826 quebantur,
608 2752 738 2825 quia
783 2768 896 2808 non
950 2754 1128 2809 solum
1178 2752 1427 2808 solvebat
1486 2750 1806 2818 Sabbatum,

210 2840 313 2898 sed
367 2839 533 2898 etiam
588 2840 797 2896 Filium
849 2840 948 2896 Dei
1004 2854 1061 2896 se
1128 2839 1383 2909 dicendo,
1432 2840 1699 2912 aequalem
1752 2852 1808 2895 se

204 2927 450 2987 faciebat
500 2930 616 2985 Deo
666 2929 847 3002 (Joan.
905 2944 961 2994 v,
1014 2929 1127 3001 18).
1179 2928 1337 2996 Quod
1391 2928 1505 3000 ipse
1542 2927 1811 2984 Dominus

204 3017 535 3092 comprobat
570 3017 759 3075 dicens
800 3035 812 3075 :
879 3042 897 3066 ι
942 3018 1059 3089 Ego
1114 3023 1169 3074 et
1212 3018 1372 3074 Pater
1416 3030 1589 3074 unum
1622 3030 1813 3073 sumus

210 3109 400 3182 (Joan.
434 3120 493 3178 ι,
525 3107 642 3180 30),
664 3116 719 3163 et
747 3123 846 3180 ego
873 3106 931 3161 in
969 3107 1127 3163 Patre
1175 3106 1316 3178 (43),
1348 3114 1404 3162 et
1445 3107 1605 3162 Pater
1634 3105 1692 3162 in
1725 3118 1812 3160 me

1924 1970 2236 2012 mensuram
2274 1955 2556 2028 sapientiae
2583 1971 2717 2023 suae,
2749 1954 2856 2011 ait:
2909 1978 2930 2002 ι
2974 1951 3130 2020 Dixi,
3166 1952 3384 2024 sapiens
3410 1953 3521 2008 eiii-

1919 2046 2055 2115 ciar,
2083 2053 2139 2101 et
2172 2046 2285 2117 ipsa
2310 2045 2525 2117 longius
2555 2044 2778 2100 recessit
2808 2059 2838 2098 a
2870 2058 2955 2098 me
2978 2057 3141 2115 quam
3171 2049 3306 2108 erat,
3337 2049 3393 2097 et
3423 2058 3521 2098 ex-

1920 2134 2067 2190 celsa
2094 2133 2459 2205 profunditas,
2492 2133 2616 2205 quis
2646 2131 2893 2187 inveniet
2916 2147 3035 2187 eam
3061 2132 3261 2199 (Eccle.
3292 2144 3393 2199 vir,
3428 2131 3520 2201 24,

1920 2223 2016 2293 25)
2038 2222 2099 2278 7-
2135 2229 2190 2278 et
2217 2222 2450 2277 iterum:
2481 2222 2677 2277 uPlura
2704 2220 2857 2277 enim
2886 2235 3052 2291 opera
3070 2217 3294 2275 Domini
3320 2219 3381 2274 in
3400 2218 3522 2276 abs-

1919 2309 2162 2367 conditis
2186 2318 2316 2365 sunt
2347 2310 2539 2381 (Eccti.
2569 2325 2691 2374 xu,
2723 2308 2814 2380 22)
2843 2326 2897 2375 ;»
2924 2315 2981 2364 et
3008 2308 3244 2363 iterum:
3277 2330 3297 2355 ι
3320 2307 3522 2374 Quem-

1920 2398 2221 2456 admodum
2277 2397 2456 2455 nescis
2510 2411 2635 2469 quae
2703 2395 2777 2452 sit
2827 2395 2921 2452 via
2974 2395 3227 2467 spiritus,
3286 2404 3341 2451 et
3414 2412 3523 2469 qua

1920 2489 2134 2546 ratione
2165 2489 2590 2561 compingantur
2617 2503 2740 2543 ossa
2757 2487 2817 2543 in
2839 2494 3033 2542 ventre
3051 2485 3384 2559 praegnantis
3406 2486 3520 2553 ;sic

1920 2578 2098 2634 nescis
2128 2593 2293 2650 opera
2319 2576 2441 2645 Dei,
2472 2576 2568 2649 qui
2595 2575 2894 2632 fabricator
2922 2582 3005 2630 est
3033 2573 3283 2631 omnium
3315 2574 3517 2645 (Eccle.

1919 2683 2000 2737 xx,
2034 2669 2093 2739 5)
2129 2685 2142 2723 :
2176 2689 2194 2715 ι
2239 2675 2292 2723 et
2320 2667 2522 2723 iterum
2558 2682 2571 2721 :
2633 2687 2653 2714 ι
2680 2664 2896 2720 Altiora
2932 2671 2987 2720 te
3025 2678 3094 2719 ne
3122 2662 3427 2735 quaesieris,
3457 2670 3513 2718 et

1920 2756 2153 2812 fortiora
2180 2763 2235 2811 te
2265 2770 2334 2811 ne
2363 2760 2639 2811 scrutatus
2664 2751 2833 2808 fueris
2864 2751 3056 2822 (Eccti.
3091 2768 3177 2818 ιιι,
3221 2751 3315 2821 22)
3342 2768 3355 2817 ;
3395 2776 3413 2798 ι
3459 2759 3515 2808 et

1920 2844 2121 2900 iterum
2149 2860 2161 2899 :
2200 2864 2221 2891 ι
2250 2839 2725 2910 Quemadmodum
2746 2839 2841 2913 qui
2858 2839 2967 2895 mel
2988 2839 3226 2895 multum
3251 2838 3516 2907 comedit,

1920 2947 2033 2989 non
2061 2938 2144 2988 est
2178 2931 2230 2988 ei
2258 2932 2466 2988 bonum
2491 2947 2505 2999 ;
2556 2930 2636 2987 sic
2662 2928 2757 3003 qui
2785 2935 3058 2985 scrutator
3083 2937 3167 2986 est
3196 2925 3515 2999 niajestatis,

1920 3021 2254 3095 opprimitur
2273 3021 2444 3094 gloria
2466 3022 2652 3093 (Prov.
2681 3035 2813 3087 xxv,
2846 3019 2962 3092 27).
2993 3041 3013 3068 ι
3047 3018 3119 3074 Et
3149 3034 3341 3076 revera
3370 3018 3514 3077 nihil

1921 3118 2034 3167 tam
2050 3111 2411 3179 verum,nibil
2429 3120 2539 3167 tam
2563 3108 2937 3176 manifestum;
2955 3107 3225 3180 scriptum
3240 3115 3322 3163 est
3341 3105 3512 3163 enim:

207 3203 320 3265 est;
349 3220 383 3290 τῇ
409 3203 463 3253 et
514 3195 752 3253 iterum:
800 3218 819 3243 ι
845 3195 1004 3251 Pater
1049 3194 1196 3268 quod
1248 3194 1409 3290 dedit
1430 3194 1591 3263 mihi,
1628 3192 1808 3266 majus
1842 3228 1887 3290 α
1937 3224 1957 3249 ε
1984 3202 2196 3259 Delicta
2222 3200 2347 3275 quis
2378 3199 2640 3272 intelligit
2678 3200 3041 3290 (Psataxvm,
3068 3196 3159 3269 13)
3194 3197 3222 3253 ?
3247 3221 3266 3246 ι
3303 3196 3361 3253 Si
3389 3214 3518 3290 ergo

208 3285 471 3344 omnibus
499 3290 600 3355 est,
631 3293 686 3342 et
736 3298 898 3342 nemo
927 3291 1105 3358 potest
1158 3300 1349 3358 rapere
1377 3284 1445 3341 de
1488 3299 1656 3341 manu
1690 3299 1812 3341 mea

212 3376 397 3447 (Joan.
431 3390 488 3444 χ,
512 3374 640 3448 29);
676 3401 695 3423 ι
732 3374 1028 3448 statimque
1056 3374 1251 3431 infert:
1297 3394 1316 3420 ι
1345 3375 1418 3429 Et
1446 3388 1609 3429 nemo
1634 3379 1814 3445 potest

209 3479 401 3535 rapere
422 3462 489 3521 de
520 3478 687 3519 manu
714 3463 913 3519 Patris.
937 3486 956 3511 ι
997 3462 1053 3518 Si
1084 3478 1212 3535 ergo
1241 3462 1308 3518 de
1335 3478 1502 3517 manu
1532 3461 1662 3517 Filii
1692 3478 1812 3535 quae

210 3552 374 3611 Pater
395 3551 566 3621 dedit,
599 3568 762 3608 nemo
800 3558 980 3624 potest
1024 3565 1232 3623 rapere,
1282 3556 1337 3608 et
1386 3551 1504 3607 haec
1531 3549 1720 3607 eadem
1755 3551 1814 3606 in

210 3650 402 3699 manu‘
414 3641 591 3698 Patris
617 3649 764 3710 sunt,
798 3655 917 3714 quae
949 3656 1061 3697 non
1092 3639 1384 3712 rapiuntur
1412 3639 1480 3696 ab
1509 3655 1611 3707 eo;
1648 3640 1811 3713 liqui-

212 3730 289 3789 do
338 3729 731 3804 comprobatur
759 3729 946 3786 omnia
998 3728 1173 3785 Patris
1213 3736 1267 3785 et
1306 3728 1437 3785 Filii
1485 3745 1549 3785 ac
1577 3728 1815 3801 Spiritus

214 3819 415 3889 sancti,
450 3818 545 3893 qui
570 3827 624 3876 et
652 3818 829 3875 Patris
855 3827 911 3875 et
939 3817 1067 3874 Filii
1085 3825 1187 3887 est,
1220 3833 1337 3875 esse
1367 3818 1719 3876 communia:
1753 3826 1809 3875 et

214 3907 349 3967 Filii
378 3923 544 3965 manu
572 3906 771 3977 teneri,
801 3922 923 3981 quae
948 3908 1124 3965 Patris
1151 3914 1281 3964 sunt
1306 3924 1319 3975 ;
1349 3914 1403 3963 et
1440 3906 1617 3963 Patris
1648 3922 1816 3963 manu

214 3997 413 4068 teneri,
461 4014 581 4071 quae
612 3996 741 4054 Filii
770 4006 921 4055 sunt.
969 3997 1239 4054 Dominus
1267 4014 1395 4070 ergo
1428 3996 1685 4055 Christus
1716 3997 1816 4054 Dei

217 4094 275 4146 et
301 4088 545 4145 hominis
591 4086 763 4158 ﬁlius,
806 4088 903 4163 qui
947 4100 1162 4162 semper
1189 4095 1304 4145 erat
1331 4100 1457 4147 cum
1486 4088 1647 4144 Patre
1675 4095 1730 4144 et
1758 4086 1817 4143 in

218 4178 398 4247 Patre,
429 4177 647 4234 duobus
689 4177 906 4234 locutus
949 4185 1030 4234 est
1058 4177 1259 4246 modis,
1305 4174 1363 4233 id
1409 4184 1512 4246 est,
1545 4191 1696 4233 nunc
1723 4192 1818 4233 se-

219 4264 466 4324 cundum
522 4265 836 4322 divinitatis
882 4284 993 4323 suae
1037 4266 1289 4339 gloriam,
1335 4282 1487 4324 nunc
1513 4265 1816 4324 secundum

219 4362 421 4411 nostrae
467 4361 678 4410 naturae
718 4354 1001 4411 hominem
1036 4361 1374 4429 susceptum.
1417 4357 1579 4412 Pater
1605 4368 1733 4429 ergo
1759 4356 1818 4412 in

1921 3292 2126 3350 declita
2153 3308 2251 3348 sua
2279 3291 2534 3348 homines
2563 3305 2677 3346 non
2702 3287 3061 3361 intelligunt;
3111 3294 3318 3359 quanto
3346 3288 3519 3358 magis
3590 3316 3597 3323 -

1920 3392 2173 3439 naturam
2203 3380 2302 3438 Dei
2328 3388 2382 3437 et
2409 3379 2641 3437 consilia
2670 3377 2789 3449 ejus
2814 3378 3044 3433 minime
3073 3384 3334 3448 poterunt
3358 3376 3514 3432 inve-

1922 3474 2043 3530 nire
2075 3474 2089 3529 l
2126 3470 2286 3540 Quod
2315 3468 2675 3541 comprobans
2702 3465 2968 3540 propheta
3002 3464 3141 3522 dicit
3174 3483 3186 3521 :
3233 3488 3252 3512 ι
3280 3466 3513 3522 Genera-

1922 3562 2132 3620 tionem
2162 3560 2280 3634 ejus
2306 3559 2431 3634 quis
2458 3556 2736 3616 enarravit
2757 3558 2892 3629 (Ira.
2925 3572 3045 3625 ωιι,
3077 3555 3135 3626 8)
3158 3554 3224 3611 2»

1994 3725 2222 3785 CAPUT
2252 3726 2351 3782 XI.
2382 3750 2454 3765 --
2482 3725 2546 3780 In
2567 3722 2720 3780 hunc
2746 3735 2874 3794 ergo
2889 3735 3065 3777 unum
3095 3719 3270 3789 Deum
3299 3717 3514 3773 Patrem

1923 3818 2357 3890 omnipotentem
2387 3815 2684 3883 credimus,
2723 3812 3033 3870 visibilium
3060 3818 3116 3867 et
3144 3808 3513 3866 invisibilium

1923 3908 2291 3974 conditorem,
2336 3905 2495 3979 cujus
2542 3904 2756 3978 judicia
2802 3910 2965 3975 atque
3016 3899 3251 3957 consilia
3299 3898 3517 3956 occulta

1924 4005 2074 4066 sunt,
2104 3996 2297 4070 iniqua
2321 4002 2505 4052 autem
2555 4008 2861 4066 nunquam.
2891 3988 3000 4059 Qui
3027 3998 3214 4046 tamen
3248 3989 3407 4046 Pater
3432 3988 3519 4044 si—

1925 4102 1994 4142 ne
2022 4086 2142 4142 ullo
2169 4085 2276 4141 sibi
2308 4091 2460 4158 patre
2484 4085 2644 4140 Pater
2669 4090 2752 4138 est
2774 4099 2788 4139 :
2820 4088 2876 4138 et
2903 4078 3112 4137 idcirco
3133 4077 3310 4134 Filius
3328 4076 3397 4134 de
3412 4076 3517 4133 hoc

1927 4176 2164 4249 genitus,
2207 4173 2365 4246 cujus
2403 4172 2809 4246 generationem
2839 4170 3115 4226 humanus
3135 4184 3315 4224 sermo
3341 4166 3515 4224 edice-

1926 4282 1986 4322 re
2015 4282 2126 4322 non
2148 4265 2318 4333 valet,
2350 4264 2582 4321 inferior
2629 4262 2699 4319 ab
2725 4277 2791 4317 eo
2829 4276 2944 4318 esse
2973 4275 3086 4317 non
3126 4266 3335 4332 potest;
3367 4256 3515 4331 quia,

1926 4362 1991 4412 ut
2016 4355 2227 4413 dictum
2260 4361 2364 4424 est,
2402 4353 2656 4420 verbum,
2687 4351 2868 4407 virtus
2895 4356 2949 4406 et
2978 4348 3248 4421 sapientia
3263 4348 3383 4421 ejus
3415 4356 3514 4405 est.

219 4441 386 4510 Filio,
420 4450 476 4498 et
529 4440 709 4499 Filius
742 4442 800 4498 in
856 4444 1016 4499 Patre
1068 4453 1169 4512 est,
1216 4446 1275 4499 in
1314 4451 1551 4518 utroque
1579 4445 1821 4517 Spiritus
1929 4447 2105 4503 Deum
2135 4460 2264 4518 ergo
2292 4445 2593 4501 Dominum
2632 4442 2871 4497 fatemur
2910 4439 3055 4511 (54),
3091 4440 3268 4494 Deum
3311 4437 3515 4493 Filium

220 4537 442 4589 sanctus
455 4534 567 4587 est:
601 4537 654 4586 et
683 4528 807 4587 ideo
837 4537 982 4588 recta
1003 4533 1276 4589 confessio
1307 4531 1534 4606 (44-49)
1565 4534 1818 4606 mysterii

1929 4536 2029 4592 Dei
2058 4534 2235 4592 Patris
2275 4533 2554 4602 altissimi,
2571 4531 2725 4588 unici
2752 4530 3004 4595 unicum,
3034 4536 3089 4584 et
3116 4542 3244 4583 cum
3268 4526 3426 4581 Patre
3453 4542 3519 4581 ac

221 4627 423 4679 sanctis
469 4628 523 4676 et
572 4619 954 4692 inseparabilis
983 4620 1274 4677 Trinitatis
1311 4588 1601 4693 ‘ignoraltio
1627 4588 1818 4679 nostra
1849 4588 1899 4651 D
1930 4625 2140 4697 Spiritu
2168 4633 2358 4681 sancto
2386 4588 2562 4680 unum
2592 4622 2768 4677 Deum
2808 4633 2923 4675 esse
2960 4616 3325 4681 confitemur;
3358 4614 3516 4686 cujus

224 4717 307 4768 est
328 4727 342 4778 ;
373 4724 498 4767 cum
513 4708 663 4766 enim
683 4719 905 4767 sanctus
932 4711 1233 4783 Apostolus
1252 4709 1466 4783 judicia
1485 4711 1587 4768 Dei
1607 4712 1814 4769 inscru-

300 4810 414 4882 (41)
447 4804 652 4868 Eadem
691 4808 847 4869 Rom.
880 4811 1038 4883 edit.,
1063 4809 1296 4884 Spiritus
1332 4811 1591 4879 veritatis,
1624 4811 1805 4883 qui...

226 4884 429 4953 Inquit,
472 4900 507 4956 a
544 4885 708 4940 Patre
751 4886 991 4955 procedit
1015 4892 1231 4956 propter
1272 4885 1546 4956 originem.
1606 4885 1810 4954 Inquit,

224 4955 616 5094 mmFangtgam
630 4962 851 5028 propter
878 4955 1170 5012 societatem
1208 4955 1561 5027 unitatemque
1584 4961 1812 5012 natura.

314 5044 333 5080 ῑ
357 5043 548 5083 mnus.

301 5097 416 5171 (42)
447 5097 651 5171 Eadem
677 5098 836 5155 Rom.
868 5097 1025 5168 edit.,
1072 5098 1169 5155 Ubi
1189 5099 1323 5155 enim
1345 5096 1523 5155 eadem
1552 5098 1809 5170 operatio,

227 5168 622 5239 ibi'cequatims.

303 5239 417 5313 (43)
448 5241 653 5297 Eadem
684 5242 843 5313 Bom.
874 5240 1337 5313 edit.,Propterea
1352 5240 1613 5313 Dominus
1644 5241 1817 5312 inquit

261 5311 642 5370 cum-Judaei...
686 5311 911 5384 faciebat
958 5312 1088 5383 Deo)
1137 5311 1243 5368 non
1286 5318 1454 5383 potest
1496 5311 1725 5384 Filiusa
1765 5329 1818 5367 se

259 5383 402 5439 'acere
439 5401 459 5449 ;
516 5384 645 5455 quia
679 5382 783 5440 nisi
819 5384 962 5456 quod
1006 5382 1196 5440 viderit
1257 5382 1472 5441 Patrem
1519 5382 1813 5452 facientem.

234 5456 383 5527 Quod
417 5455 549 5527 alibi
577 5456 778 5527 clarius
807 5455 1029 5527 ostendit
1060 5456 1259 5527 dicens:
1286 5457 1397 5527 Ego
1430 5462 1477 5510 et
1498 5457 1677 5520 Pater,
1707 5461 1813 5527 etc.

307 5524 522 5599 (44-49)
572 5526 982 5599 Εέιάθιηγῐίοιη.
1033 5526 1219 5599 edit.,,
1253 5524 1448 5596 Quare,
1506 5527 1621 5599 licet
1670 5526 1853 5599 nobis.

232 5597 467 5671 mysterii
497 5604 689 5654 sancta
717 5605 764 5654 et
788 5598 1161 5671 inseparabilis
1192 5598 1470 5671 Trinitatis
1494 5598 1716 5668 confusa
1748 5597 1818 5651 sit

232 5668 444 5737 notitia,
502 5675 687 5741 nostra
736 5668 914 5726 tamen
960 5677 1033 5726 est
1088 5670 1361 5741 confessio.
1426 5671 1569 5727 Unde
1606 5676 1817 5725 satiatus

233 5741 520 5814 Apostolus
556 5739 763 5813 judicia
820 5740 921 5800 Dei
969 5743 1083 5799 licet
1127 5739 1668 5815 incomprehensibilia
1713 5759 1818 5797 esse

1924 4714 2054 4770 licet
2082 4712 2448 4786 mqualitatem
2469 4709 2587 4782 (55)
2620 4708 2896 4763 humanus
2916 4719 3095 4761 sermo
3120 4701 3514 4773 explicarene.

1925 4808 2155 4870 testatur,
2185 4818 2292 4857 non
2321 4810 2492 4858 tamen
2526 4816 2588 4855 ea
2610 4812 2836 4870 prorsus
2865 4792 3235 4870 inseratabilia
3276 4796 3324 4845 et
3340 4792 3513 4870 occul-

1925 4881 1980 4931 ta
2007 4863 2253 4932 decernit.
2287 4876 2408 4931 Ideo
2437 4888 2544 4927 non
2584 4863 2753 4925 dixit:
2786 4864 3148 4936 Impossibilia
3174 4863 3516 4936 inveniuntur
3564 4874 3568 4878 '

1914 4946 2125 5016 judicia
2153 4946 2273 5011 Dei,
2320 4951 2414 5000 aut
2453 4955 2725 5016 nunquam
2775 4953 2826 5016 se
2855 4933 3516 5016 oﬂ'eruntappreh-ensibi—

1926 5006 2021 5084 lia,
2042 5036 2105 5075 ne
2132 5006 2273 5088 spem
2292 5015 2500 5087 penitus
2524 5006 2901 5088 inquirentium
2921 5012 3199 5079 amputare
3226 5006 3511 5061 videretur.

1925 5082 2025 5146 Sed
2052 5091 2131 5145 ait
2153 5082 2723 5158 incarnprehensibilia,
2781 5088 2890 5140 etc.

1999 5162 2116 5233 (50)
2146 5152 2351 5233 Eadem
2382 5159 2538 5215 Rom.
2571 5154 2729 5233 edit.,
2759 5160 2819 5208 ut
2844 5152 2967 5209 talis
3003 5157 3097 5220 est,
3132 5164 3404 5221 nunquam
3421 5168 3514 5221 po-

1926 5226 2019 5289 test
2045 5226 2118 5287 ad
2140 5232 2352 5303 Ριβηιιτη
2383 5226 2843 5303 θριηρνιξὲιεηάενεο
2881 5302 2887 5303 ,
3138 5297 3174 5303 _
3400 5291 3439 5303 ..

1999 5305 2115 5376 (51)
2140 5291 2296 5376 “Vat.
2332 5291 2511 5376 eod;
2533 5299 2645 5354 alia
2704 5295 3058 5376 immutabilia
3087 5313 3108 5362 ;
3136 5297 3297 5354 Rom.
3353 5291 3511 5361 edit.,

1922 5372 2036 5433 alia
2064 5376 2221 5430 etiam
2242 5374 2443 5429 altiora
2469 5386 2686 5443 quisque
2711 5372 3016 5443 occurrunt.

2000 5448 2115 5517 (52)
2143 5449 2295 5502 ttom.
2329 5445 2464 5501 edit.
2474 5439 2494 5513 ξ
2514 5439 2882 5517 perscrutatio
2897 5440 3159 5517 oblivione
3186 5439 3441 5517 involvat.

1998 5509 2115 5591 (53)
2146 5509 2531 5591 ΕειόθηιΒοῐίιῖ
2554 5514 2711 5591 edit.,
2742 5511 3011 5591 hominum
3028 5509 3385 5582 cogitationes,
3400 5509 3518 5564 stel-

1929 5584 2104 5647 larunt
2130 5588 2491 5662 dispositiones
2519 5593 2565 5642 et
2605 5584 2912 5662 abscondita
2942 5598 3158 5662 quisque
3188 5597 3510 5662 cogpqscens.

2023 5663 2115 5733 54)
2146 5652 2352 5735 Eiidem
2385 5662 2559 5735 ~Ftom.
2589 5657 2750 5735 edit.,
2797 5652 3013 5735 Patrem
3040 5652 3213 5711 Deum
3251 5652 3512 5727 fatemur.

2023 5664 2115 5733 54)
2146 5664 2352 5719 Eadem
2401 5664 2559 5718 Rom.
2589 5664 2722 5713 edit.
2733 5697 2750 5725 ,
2797 5664 3013 5712 Patrem
3040 5664 3104 5711 Ut

1999 5664 2116 5809 i555)
2148 5733 2352 5792 Eadem
2384 5732 2540 5793 Rom.
2574 5728 2731 5797 edit.,
2763 5724 3104 5796 ntajestatem.
