3972 6406
505 362 606 432 531

1513 373 1610 430 AD
1648 368 1882 432 OPERA
1917 375 1972 432 S.
2015 375 2350 436 AMBROSII
2387 377 2766 438 APPENDIX.

3714 380 3828 438 552

505 510 687 576 queat,
718 499 1114 557 incarnationis
1147 507 1329 558 tamen
1371 500 1490 573 ejus
1517 512 1858 561 sacrosancta
1894 521 1957 560 ac
1985 519 2091 560 ve—
2118 507 2169 566 Α
2201 511 2303 573 est,
2334 503 2429 577 qui
2458 505 2603 562 sicut
2628 507 2785 564 Pater
2813 522 2876 564 ac
2916 506 3092 564 Filius
3141 508 3319 581 replet
3364 506 3553 566 orbem
3605 515 3773 566 terra:
3808 523 3821 561 :

507 588 748 648 neranda
773 588 1038 662 mysteria
1065 606 1097 645 a
1125 600 1314 648 sancto
1335 589 1587 650 Gabriele
1623 591 1950 664 archangelo
1977 610 2096 650 sau-

503 689 644 740 ctam
675 679 947 754 virginem
977 679 1227 748 Mariam,
1254 697 1376 753 quae
1405 680 1575 736 verbo
1602 681 1713 736 feta
1739 682 1856 738 sola
1881 682 2100 739 conscia

503 788 633 830 aure
661 771 915 828 maritata
942 778 1044 837 est,
1075 770 1388 842 alloquente
1437 771 1556 843 (56)
1590 771 1970 843 cognovimus.
2001 773 2098 828 Ait

502 861 651 918 enim
684 878 695 915 :
742 883 760 905 ε
791 858 1029 932 Spiritus
1066 865 1289 915 sanctus
1312 860 1663 930 superveniet
1690 859 1748 914 in
1783 869 1854 928 te,
1883 867 1937 916 et
1975 860 2101 916 vir-

504 960 591 1008 tus
627 949 902 1007 Altissimi
927 947 1280 1004 obumbrabit
1311 946 1411 1004 tibi
1437 965 1450 1014 ;
1476 948 1707 1020 ideoque
1736 955 1791 1005 et
1813 949 1961 1022 quod
1991 967 2101 1006 na-

502 1046 686 1096 scetur
718 1054 788 1094 ex
824 1045 880 1093 te
909 1044 1180 1104 sanctum,
1213 1033 1501 1091 vocabitur
1529 1034 1704 1092 Filius
1729 1035 1828 1092 Dei
1870 1037 2022 1107 (Luc.
2053 1056 2094 1106 ι,

503 1127 618 1199 35).
648 1153 667 1176 ι
707 1127 830 1183 Non
858 1142 986 1198 ergo
1016 1123 1134 1181 haec
1160 1124 1460 1196 generatio,
1492 1139 1599 1196 qua
1643 1123 1712 1180 de
1757 1124 1971 1196 virgine
1999 1143 2098 1198 pro

503 1217 676 1273 salute
706 1223 894 1273 nostra
920 1222 1082 1271 natus
1112 1222 1212 1282 est,
1246 1213 1606 1286 posteriorem
1635 1230 1761 1269 eum
1787 1213 1921 1272 facit
1942 1216 2097 1272 Patri

501 1310 646 1368 329
675 1305 792 1361 sive
829 1312 1097 1376 tempore,
1153 1302 1271 1360 sive
1319 1309 1628 1375 potestate;
1686 1303 1815 1375 quia
1851 1321 1964 1360 non
2017 1314 2099 1362 est

502 1405 819 1479 temporalis
850 1406 1084 1478 genitor,
1125 1412 1188 1459 ut
1203 1403 1346 1460 Filio
1376 1401 1764 1476 praejudicetur
1791 1419 1861 1459 ex
1892 1411 2098 1476 tempo-

503 1512 581 1564 re,
621 1496 751 1568 quia
794 1503 1033 1551 aeternus
1078 1493 1238 1548 Pater
1270 1490 1474 1548 Filium
1506 1491 1694 1564 genuit
1721 1499 2094 1550 coaeternum:

501 1602 603 1642 nec
629 1583 974 1642 extrinsecus
1004 1589 1194 1637 natum
1224 1588 1318 1636 aut
1346 1581 1576 1645 factum,
1594 1587 1656 1636 ut
1673 1579 1919 1638 hzeretici
1949 1598 2098 1638 men-

501 1676 740 1740 tiuntur,
771 1673 866 1730 sed
896 1689 964 1728 ex
994 1671 1214 1743 propria
1243 1669 1548 1726 substantia
1576 1671 1752 1728 Patris
1779 1681 2094 1744 generatum

500 1781 630 1820 vera
649 1763 786 1820 ﬁdes
815 1761 998 1818 habet.
1031 1762 1120 1816 Ex
1146 1761 1260 1817 Deo
1299 1776 1426 1832 ergo
1454 1776 1606 1829 vero,
1634 1760 1693 1816 in
1723 1778 1834 1834 quo
1863 1762 2098 1818 aeterni-

2207 594 2321 667 ipse
2343 603 2442 664 est,
2475 597 2572 670 qui
2601 613 2633 652 a
2656 597 2799 653 Filio
2825 605 3066 655 sanctus
3112 607 3167 656 et
3200 597 3379 656 bonus
3422 599 3826 672 pronuntiatus

2209 691 2324 740 est:
2356 683 2474 756 ipse
2500 693 2602 753 est,
2635 686 2727 758 qui
2759 703 2792 742 a
2825 685 3010 743 David
3058 686 3344 759 propheta,
3372 687 3518 745 sicut
3543 688 3827 746 Dominus

2209 771 2483 840 Christus,
2515 773 2696 830 bonus
2715 783 2769 831 et
2785 784 2939 831 rectu
2961 792 2986 831 s
3013 776 3402 848 pronuntiatur
3419 776 3535 848 (62)
3556 760 3709 850 (Luc.
3733 794 3824 846 χι,

2209 859 2298 930 13)
2333 879 2348 927 ;
2373 861 2450 916 ait
2474 862 2623 917 enim
2647 880 2660 918 :
2706 886 2725 909 ι
2753 864 2982 920 Rectum
3005 864 3361 921 est'Verbum
3379 864 3603 923 Domini
3629 866 3820 937 (Psal.

2205 964 2391 1015 xxx",
2416 949 2495 1020 4),
2521 975 2538 998 ι
2569 950 2675 1007 hoc
2703 950 2770 1008 de
2795 952 2960 1020 Filio,
2988 961 3047 1010 et
3080 971 3092 1009 :
3140 978 3158 1000 ι
3185 953 3474 1010 Eructavit
3500 971 3598 1011 cor
3625 972 3822 1012 meum

2209 1036 2454 1094 Verbum
2484 1038 2690 1096 bonum
2727 1042 2900 1112 (Psat.
2933 1059 3086 1109 xuv,
3112 1042 3188 1114 1).
3221 1067 3240 1091 ι
3279 1044 3358 1099 De
3385 1042 3597 1115 Spiritu
3624 1052 3820 1101 autem

2206 1134 2428 1185 sancto:
2475 1153 2493 1176 ι
2525 1129 2789 1202 Spiritum
2810 1141 3018 1190 rectum
3033 1133 3240 1191 innova
3263 1135 3322 1192 in
3352 1135 3654 1194 visceribus
3674 1136 3823 1195 meis

2210 1213 2382 1286 (Psal.
2420 1235 2473 1286 L,
2507 1219 2629 1292 i2);
2666 1245 2685 1269 ›
2731 1228 2786 1277 et
2823 1240 2834 1278 :
2876 1222 3150 1294 ¢Spiritus
3205 1233 3335 1281 tuus
3376 1224 3554 1281 bonus
3581 1225 3828 1282 deducet

2210 1321 2298 1361 me
2327 1307 2385 1362 in
2411 1308 2558 1364 viam
2588 1318 2790 1366 rectam
2812 1312 2988 1382 (Psat.
3021 1329 3191 1380 cxnn,
3232 1313 3346 1384 10).
3382 1339 3400 1363 ι
3445 1316 3564 1386 Ipse
3591 1323 3694 1382 est,
3715 1315 3820 1388 qui

2205 1392 2393 1450 futura
2423 1403 2684 1469 tanquam
2725 1401 3016 1471 praesentia
3051 1402 3362 1473 praevidet;
3403 1403 3520 1475 ipse
3561 1412 3663 1472 est,
3716 1404 3821 1477 qui

2204 1481 2366 1538 nobis
2396 1483 2601 1542 Christi
2631 1488 2856 1543 Domini
2887 1488 3258 1559 nativitatem,
3291 1491 3598 1559 mirabilia,
3631 1509 3820 1565 perse-

2203 1571 2510 1640 cntionem,
2541 1574 2872 1646 passionem,
2904 1588 3420 1649 crucem,mortem,
3440 1582 3820 1653 sepulturam,

2205 1662 2687 1734 resurrectionem,
2720 1665 2776 1720 in
2816 1667 2969 1724 caelis
3013 1669 3409 1738 ascensionem,
3441 1679 3496 1728 et
3543 1670 3614 1727 ad
3659 1669 3821 1743 judi-

2205 1752 2355 1808 cium
2390 1761 2684 1811 venturum
2716 1756 2832 1828 (63)
2853 1766 2979 1815 ante
3003 1759 3274 1831 plurimos
3289 1761 3693 1833 przenuntiavit
3715 1779 3818 1818 an-

501 1859 585 1908 tas
615 1859 672 1908 et
725 1849 1132 1923 omnipotentia
1185 1849 1437 1922 perfectae
1484 1858 1538 1906 et
1579 1857 1780 1907 sanctae
1809 1851 2094 1909 Trinitatis
2125 1861 2172 1922 Β
2206 1855 2327 1898 ηοεο
2359 1842 2513 1900 Sicut
2542 1860 2668 1915 θιέο
2695 1846 2852 1902 Pater
2874 1848 2993 1904 Sine
3022 1848 3321 1921 Principio:
3345 1849 3423 1906 ita
3447 1857 3502 1906 θῑ
3531 1850 3817 1921 Spiritum

501 1941 778 2009 consistit,
807 1956 1000 1996 verum
1040 1939 1247 1997 Filium
1289 1940 1544 1997 conﬁteri
1575 1939 1943 1999 honoriﬁcum
1973 1953 2088 2001 est:

499 2039 556 2087 et
600 2029 725 2086 ideo
753 2028 895 2086 sicut
949 2028 1006 2083 in
1038 2027 1198 2084 Patre
1251 2044 1352 2085 nos
1378 2028 1638 2085 convenit
1665 2029 1905 2098 credere,
1936 2031 2012 2087 ita
2041 2039 2096 2088 et

499 2119 558 2174 in
612 2119 792 2186 Filio;
845 2117 974 2190 quia
1028 2117 1134 2173 hoc
1175 2117 1405 2174 omnino
1459 2125 1539 2173 est
1582 2116 1676 2173 ille
1729 2118 1824 2190 qui
1880 2119 2096 2191 genitus

499 2215 601 2278 est,
645 2207 791 2281 quod
845 2207 940 2263 ille
996 2206 1089 2279 qui
1133 2207 1323 2280 genuit
1381 2207 1523 2278 (57).
1583 2206 1871 2262 Credimus
1927 2218 1980 2263 et
2036 2209 2094 2265 in

499 2298 764 2371 Spiritum
820 2305 1093 2365 sanctum,
1156 2296 1314 2368 cujus
1370 2295 1728 2367 majestatem,
1789 2297 2090 2366 potentiam

497 2395 552 2442 et
589 2385 977 2459 aequalitatem,
1035 2401 1198 2459 quam
1253 2401 1378 2441 cum
1437 2384 1595 2439 Patre
1649 2389 1702 2437 et
1759 2383 1901 2439 Filio
1955 2402 2091 2457 pos-

499 2476 662 2544 sidet,
721 2474 840 2548 ipso
907 2475 1166 2544 donante,
1229 2473 1344 2547 jam
1409 2471 1658 2544 superius
1723 2473 2086 2544 ostendimus,

499 2564 880 2638 procedentem
933 2581 1004 2621 ex
1065 2566 1244 2632 Patre,
1304 2569 1359 2619 et
1402 2577 1752 2618 communem
1808 2579 1934 2619 cum
1991 2564 2088 2619 Pa-

497 2661 581 2710 tre
609 2663 662 2711 et
700 2653 844 2713 Filio
895 2653 1175 2720 deitatem,
1205 2649 1598 2722 operationem,
1624 2666 1688 2706 ac
1716 2650 2082 2708 substantiam

498 2742 868 2815 possidentem
903 2758 914 2797 :
951 2751 1004 2798 et
1031 2741 1430 2811 distinguentes
1459 2753 1716 2811 personas
1745 2739 1802 2796 in
1833 2742 2076 2814 proprie-

495 2831 704 2888 tatibus
741 2832 892 2899 suis;
923 2830 1183 2890 deitatem
1212 2835 1397 2884 tamen
1427 2836 1628 2886 sanctae
1673 2829 1960 2887 Trinitatis
1989 2831 2087 2887 in-

496 2921 856 2994 separabilem
894 2918 1257 2983 conﬁtemur;
1309 2915 1438 2988 quia
1467 2917 1614 2990 quod
1670 2919 1991 2976 nominibus
2031 2928 2086 2976 et

496 3011 742 3084 personis
767 3007 1008 3068 dirimim
1021 3023 1102 3072 us,
1137 3005 1244 3061 hoc
1263 3011 1528 3076 potestate
1547 3015 1602 3064 et
1627 3007 1830 3064 deitate
1861 3015 1914 3064 et
1947 3009 2085 3064 uni-

495 3110 606 3159 tate
649 3101 953 3176 jnngimus.
995 3097 1140 3166 Ergo
1171 3095 1501 3152 vocabulum
1549 3105 1752 3155 sanctae
1797 3098 2083 3156 Trinitatis

2203 1941 2454 1989 sanctum
2472 1941 2526 1990 et
2554 1935 2760 1993 Filium
2797 1936 2963 1994 habet
2991 1939 3108 1995 sine
3139 1939 3478 2011 principioco
3512 1948 3816 2011 aeternum,

2207 2020 2451 2091 genitum
2481 2039 2550 2078 ex
2579 2041 2655 2090 se,
2682 2042 2792 2081 non
2823 2034 2945 2097 post
2965 2043 3022 2083 se
3053 2027 3192 2100 (64).
3211 2028 3284 2084 Et
3312 2027 3436 2084 ideo
3464 2028 3608 2085 sicut
3635 2030 3804 2086 Pater

2207 2126 2428 2167 omnem
2468 2113 2854 2185 antiquitatem
2895 2125 3204 2188 temporum
3248 2118 3544 2187 antecedit,
3573 2120 3815 2176 aeterni—

2206 2205 2316 2253 tate
2344 2201 2640 2269 consumit,
2687 2203 3038 2274 longaevitate
3084 2213 3330 2278 superat;
3382 2207 3460 2264 ita
3505 2215 3559 2263 et
3589 2208 3813 2266 Filium

2203 2285 2392 2356 genuit
2419 2295 2530 2343 tam
2562 2289 2668 2345 sibi
2697 2290 2756 2345 in
2782 2291 3009 2360 virtute,
3032 2309 3194 2366 quam
3223 2293 3279 2349 in
3301 2293 3425 2363 hac,
3458 2312 3621 2369 quam
3651 2297 3811 2354 dixi-

2204 2389 2350 2443 mus,
2407 2378 2719 2450 mqualitate
2762 2391 3070 2438 consortem
3106 2401 3119 2439 :
3155 2383 3249 2440 sed
3299 2383 3417 2441 haec
3433 2385 3630 2454 virtus,
3683 2387 3812 2444 haec

2199 2463 2489 2536 sapientia,
2518 2465 2626 2523 hoc
2654 2468 2896 2526 Verbum
2947 2470 3093 2544 quod
3146 2472 3324 2529 Filius
3358 2481 3458 2542 est,
3508 2481 3568 2531 ut
3615 2475 3812 2533 verbis

2197 2566 2320 2615 utar
2346 2561 2616 2633 Apostoli,
2663 2590 2682 2613 α
2709 2579 2837 2622 cum
2867 2566 2926 2622 in
2955 2567 3133 2624 forma
3157 2570 3251 2626 Dei
3283 2577 3444 2636 esset,
3497 2587 3604 2628 non
3637 2571 3810 2644 rapi-

2195 2665 2322 2704 nam
2355 2650 2652 2709 arbitratus
2670 2662 2773 2724 est,
2796 2665 2857 2712 ut
2882 2665 3024 2714 esset
3053 2659 3280 2731 aequalis
3302 2661 3414 2716 Deo
3438 2677 3451 2727 ;
3475 2659 3569 2716 sed
3597 2668 3805 2716 semet-

2196 2736 2377 2809 ipsum
2405 2739 2740 2812 exinanivit,
2770 2745 3004 2802 formam
3025 2747 3173 2803 servi
3193 2747 3488 2819 accipiens,
3512 2748 3572 2804 in
3591 2747 3801 2804 simili-

2199 2827 2393 2885 tudine
2413 2828 2703 2888 hominum
2727 2834 2926 2902 factus,
2943 2843 2996 2890 et
3014 2835 3208 2891 habitu
3237 2835 3498 2892 inventus
3519 2843 3579 2892 ut
3601 2835 3802 2893 homo.

2199 2916 2530 2977 l-lumiliavit
2558 2923 2912 2995 semetipsum
2961 2941 3136 2997 usque
3163 2925 3232 2980 ad
3265 2934 3518 2994 mortem,
3556 2935 3802 2982 mortem

2197 3014 2377 3062 autem
2410 3009 2609 3078 crucis,
2644 3020 2865 3084 propter
2893 3013 3039 3084 quod
3059 3021 3113 3068 et
3140 3015 3285 3070 Deus
3304 3015 3572 3070 exaltavit
3601 3014 3800 3084 illum,

2193 3101 2248 3148 et
2276 3093 2427 3151 dedit
2457 3097 2541 3153 illi
2570 3116 2792 3166 nomen,
2817 3101 2962 3174 quod
2987 3109 3069 3156 est
3100 3119 3265 3173 super
3289 3119 3452 3158 omne
3482 3119 3709 3168 nomen,
3733 3113 3802 3160 ut

495 3190 698 3264 grande
727 3185 1050 3260 mysterium
1079 3191 1134 3239 et
1161 3199 1420 3240 arcanum
1453 3192 1534 3240 est
1567 3203 1581 3253 ;
1621 3193 1675 3241 et
1706 3185 1829 3242 ideo
1860 3188 2080 3259 quando
2112 3211 2162 3274 Ο
2192 3181 2250 3236 in
2281 3184 2504 3239 nomine
2522 3186 2649 3242 Jesu
2675 3204 2838 3244 omne
2858 3204 3000 3258 genu
3029 3188 3298 3256 ﬂectatur,
3317 3191 3650 3258 cmlestium,
3687 3199 3800 3248 ter-

495 3278 562 3336 de
591 3275 969 3353 spiritualibus
996 3272 1156 3329 nobis
1181 3289 1360 3330 sermo
1388 3282 1489 3341 est,
1516 3273 1744 3330 nihilde
1768 3277 2083 3333 carnalibus

495 3376 576 3426 est
605 3367 832 3426 omnino
861 3370 988 3419 ante
1037 3363 1224 3421 oculos
1251 3361 1436 3420 cordis
1465 3364 1902 3436 proponendum.
1957 3367 2087 3424 San-

493 3467 593 3515 ctaa
609 3472 735 3528 ergo
759 3461 812 3510 et
841 3451 1194 3525 inseparabili
1219 3453 1479 3508 Trinitati
1501 3455 1599 3509 lux
1621 3454 1942 3522 invisibilis,
1976 3456 2087 3512 vir-

494 3555 582 3603 tus
612 3540 990 3615 inseparabilis
1031 3541 1172 3615 (58),
1206 3541 1515 3599 substantia
1561 3542 2086 3615 incomprehensibi-

492 3637 581 3704 lis,
607 3635 722 3690 vita
747 3634 1176 3690 interminabilis
1189 3643 1292 3702 est,
1311 3634 1400 3691 cui
1420 3650 1526 3705 pax
1547 3633 1880 3705 sempiterna
1902 3634 2086 3691 omnis

488 3721 712 3791 assistit,
765 3739 928 3795 quam
1001 3723 1156 3779 nulla
1209 3737 1453 3795 unquam
1521 3729 1771 3778 creatura
1817 3728 2085 3794 penetrat,

488 3813 642 3868 nulla
670 3812 984 3869 conturbat.
1017 3812 1072 3868 Si
1105 3811 1230 3885 quis
1258 3828 1385 3885 ergo
1429 3819 1585 3868 extra
1631 3812 1808 3868 Patris
1838 3811 2084 3884 majesta-

487 3911 597 3959 tem
619 3910 714 3958 aut
743 3900 945 3958 Filium
969 3907 1154 3969 vocat,
1184 3908 1279 3958 aut
1292 3899 1557 3972 Spiritum
1576 3909 1846 3969 sanctum,
1864 3901 2086 3958 videtur

487 3991 592 4047 sibi
622 4007 772 4062 spem
828 3990 896 4046 de
940 3989 1238 4062 semetipso
1297 3997 1498 4062 petere,
1535 3988 1594 4045 id
1621 3996 1723 4057 est,
1775 3988 1840 4045 de
1889 3989 2080 4057 simili,

485 4097 597 4136 non
621 4080 691 4136 de
717 4078 990 4152 superiori
1025 4086 1222 4134 natura
1253 4095 1266 4134 :
1300 4094 1464 4134 omne
1483 4077 1630 4133 enim
1661 4078 1807 4150 quod
1835 4089 2077 4134 creatum

486 4177 586 4238 est,
622 4175 888 4242 quantum
919 4167 987 4223 ad
1016 4167 1123 4223 hoc
1152 4166 1413 4238 pertinet,
1435 4181 1505 4220 ex
1534 4182 1598 4221 eo
1625 4165 1772 4238 quod
1802 4183 1912 4222 non
1943 4174 2085 4235 erat,

484 4260 690 4315 factum
723 4265 832 4325 est,
859 4263 912 4312 et
940 4255 1124 4312 simile
1154 4254 1259 4310 sibi
1287 4262 1387 4310 est.
1418 4256 1566 4326 Ergo
1592 4254 1827 4310 Domino
1852 4255 2077 4312 Christo

483 4350 630 4405 Deus
658 4348 817 4404 Pater
838 4343 1060 4418 propria
1091 4342 1369 4417 generatio
1397 4351 1516 4410 est;
1548 4342 1709 4399 nobis
1728 4351 1908 4400 autem
1939 4344 2083 4401 ado-

483 4439 672 4512 ptione
701 4436 1021 4493 voluntaria
1055 4453 1067 4492 :
1102 4435 1186 4491 illi
1214 4441 1367 4507 pater
1395 4444 1477 4491 est
1506 4435 1623 4507 (59)
1671 4451 1766 4507 per
1804 4446 2079 4505 naturam,

481 4527 644 4584 nobis
690 4543 787 4600 per
816 4523 1046 4598 gratiam
1081 4541 1093 4580 :
1127 4522 1212 4578 illi
1241 4524 1389 4579 Deus
1435 4531 1518 4579 est
1564 4523 1774 4580 unitate
1803 4525 2075 4596 mysterii,

480 4616 642 4673 nobis
670 4623 851 4672 autem
873 4620 1143 4687 potestate
1177 4612 1316 4683 (60).
1339 4612 1445 4679 Qui
1467 4629 1595 4684 ergo
1622 4613 1774 4670 aliud
1790 4631 1955 4687 quam
1972 4614 2077 4671 hoc

479 4713 648 4774 tenet,
680 4713 735 4761 et
763 4721 875 4761 non
905 4704 981 4759 ita
1000 4703 1194 4771 credit,
1226 4701 1516 4758 anathema
1544 4703 1615 4759 sit
1650 4704 1790 4776 (61).

553 4794 782 4853 CAPUT
813 4795 938 4850 XII.
969 4823 1040 4834 —-
1065 4791 1305 4865 Spiritus
1334 4801 1517 4848 autem
1563 4800 1785 4849 sanctus
1813 4793 1927 4865 ipse
1974 4801 2074 4860 est,

479 4887 622 4943 sicut
647 4885 760 4957 jam
793 4884 1001 4942 dictum
1035 4894 1137 4952 est,
1164 4884 1259 4957 qui
1291 4892 1344 4939 et
1373 4883 1550 4939 Patris
1574 4893 1628 4940 et
1655 4882 1783 4939 Filii
1811 4891 1926 4939 est:
1960 4883 2074 4955 ipse

701 5004 860 5082 Rpm.
895 5003 1053 5082 edit.,
1093 5001 1260 5082 Verbo
1284 5002 1445 5072 fetam
1470 5003 1790 5082 alloquente.
1995 5071 2004 5082 .

553 5005 648 5074 (56
701 5004 860 5059 Rom.
895 5004 1053 5069 edit.,
1093 5004 1256 5059 Verbo
1284 5004 1445 5072 fetam
1470 5004 1787 5072 alloquente.

553 5004 925 5146 (57)_Ead_em
968 5075 1121 5146 Rom.
1176 5073 1332 5146 edit.,
1388 5077 1517 5146 quia
1561 5073 1695 5128 sicut
1734 5072 1816 5146 hic
1861 5071 2072 5128 omnino

477 5153 572 5212 est,
604 5144 697 5215 qui
719 5144 922 5216 genitus
949 5151 1044 5211 est,
1073 5144 1151 5199 ita
1174 5144 1266 5216 itte
1288 5144 1622 5216 qui'ommno
1649 5144 1847 5216 genuit.

552 5214 670 5291 (58)
703 5214 908 5291 Eadem
961 5216 1120 5272 Rom.
1150 5214 1313 5286 edit.,
1356 5219 1452 5274 tua:
1483 5214 1872 5285 inaccessibit-is,
1902 5216 2072 5273 virtus

477 5287 873 5360 insuperabilis.

551 5359 668 5434 (59)
701 5359 908 5417 Eadem
956 5359 1114 5416 Rom.
1174 5360 1306 5418 edit.
1317 5403 1331 5429 ,
1368 5360 1600 5432 propria
1626 5359 1952 5432 generatio-ne
1973 5378 2070 5432 pa-

480 5438 557 5487 ter
585 5439 677 5488 est.

553 5505 669 5575 (60)
704 5504 908 5560 Eadem
940 5506 1100 5563 Rom.
1156 5503 1316 5571 edit.,
1344 5503 1544 5558 unitate
1571 5503 1894 5574 substantia,
1922 5502 2071 5558 nobis

478 5580 649 5646 autem
679 5592 896 5646 munere
921 5583 970 5631 et
989 5582 1255 5646 potestate.

553 5645 671 5714 (61)
705 5645 909 5700 Eadem
942 5645 1102 5704 Rom.
1126 5647 1286 5715 edit.,
1341 5647 1638 5704 A-nathema
1672 5655 1855 5705 sancta
1880 5648 2068 5704 catho-

482 5713 584 5770 lica
615 5722 661 5770 et
685 5717 973 5788 apostolica
998 5719 1236 5776 Ecclesia
1259 5713 1594 5791 pronuntiat.

2197 3269 2452 3326 restrium
2489 3280 2544 3328 et
2570 3273 2937 3344 infernorum,
2974 3283 3029 3332 et
3057 3275 3237 3332 omnis
3259 3277 3448 3349 lingua
3465 3277 3812 3337 conﬁteatur

2197 3359 2329 3432 quia
2356 3360 2620 3418 Dominus
2647 3363 2801 3420 Jesus
2823 3364 3075 3422 Christus
3097 3366 3155 3422 in
3186 3366 3364 3439 gloria
3389 3374 3471 3422 est
3500 3368 3600 3423 Dei
3621 3369 3810 3428 Patris

2200 3449 2461 3520 (Philipp.
2495 3468 2556 3519 ιι,
2579 3451 2768 3522 6-11).
2802 3479 2821 3500 ι
2855 3453 2938 3510 Ob
2969 3454 3073 3510 hoc
3093 3471 3227 3526 ergo
3257 3454 3587 3526 mysterium
3619 3458 3808 3516 Filius

2195 3539 2297 3594 Dei
2333 3539 2586 3597 Christus
2615 3549 2844 3599 vocatur
2873 3543 2989 3615 (65)
3021 3561 3034 3610 ;
3073 3543 3219 3615 quod
3237 3553 3416 3600 tamen
3449 3544 3804 3604 nativitatem

2195 3627 2314 3700 ejus
2359 3630 2662 3686 secundum
2691 3648 2934 3701 carnem,
2967 3634 3297 3705 passionem,
3335 3643 3688 3709 mortemque
3710 3638 3805 3694 si—

2196 3718 2419 3791 gniﬁcat
2451 3737 2463 3776 :
2497 3720 2595 3776 sed
2639 3720 2742 3777 ista
2787 3722 3059 3779 mirabilis
3085 3731 3141 3779 et
3182 3723 3482 3791 singularis
3509 3725 3800 3796 nativitas,

2194 3823 2301 3878 qua
2330 3807 2582 3865 Christus
2639 3812 2856 3880 genitus
2885 3819 2967 3867 est
2999 3810 3140 3882 (66),
3172 3819 3225 3866 et
3253 3810 3321 3867 de
3349 3812 3560 3883 Spiritu
3596 3823 3803 3872 sancto

2195 3903 2247 3951 et
2274 3897 2445 3952 Maria
2473 3897 2690 3969 virgine
2719 3897 2863 3954 facta
2905 3907 3003 3968 est,
3053 3899 3197 3957 sicut
3240 3900 3376 3958 ﬁdes
3407 3902 3582 3960 sancti
3615 3921 3793 3976 sym-

2193 3983 2305 4040 boli
2364 3986 2482 4058 (67)
2538 3992 2790 4043 testatur.
2834 3987 2937 4044 Hic
2981 4003 3109 4060 ergo
3155 3990 3354 4046 unicus
3409 3991 3466 4048 in
3497 3993 3800 4052 divinitate

2195 4071 2371 4129 Filius
2411 4074 2534 4142 Dei,
2577 4074 2741 4130 etiam
2786 4075 2844 4132 in
2885 4076 3173 4134 nativitate
3214 4079 3420 4136 carnali
3474 4096 3568 4151 per
3619 4099 3796 4154 quam

2193 4159 2474 4217 hominem
2509 4171 2781 4230 nostrum,
2817 4173 2879 4220 ut
2906 4165 3162 4233 salvaret,
3211 4168 3526 4240 assumpsit,
3579 4169 3788 4228 unicus

2192 4249 2515 4321 invenitur;
2552 4257 2697 4314 330
2727 4254 2876 4310 solus
2905 4263 2987 4310 est
3015 4254 3164 4310 enim
3221 4265 3382 4313 natus
3428 4273 3497 4312 ex
3531 4257 3797 4330 Virgine,

2190 4360 2312 4416 quael
2357 4363 2458 4404 nec
2485 4349 2913 4422 praegnationem
2943 4349 3010 4406 de
3056 4350 3198 4418 viro,
3231 4367 3333 4408 nec
3361 4353 3778 4424 corruptionem

2187 4433 2361 4490 sensit
2413 4452 2484 4492 ex
2536 4446 2716 4509 partu.
2756 4439 2835 4494 De
2885 4447 3074 4497 sancto
3102 4456 3229 4514 ergo
3269 4440 3478 4514 Spiritu
3527 4449 3582 4498 et
3614 4443 3791 4500 Maria

2188 4521 2402 4593 virgine
2430 4527 2734 4583 secundum
2767 4544 2985 4585 carnem
3016 4545 3140 4584 eum
3172 4537 3360 4586 natum
3392 4531 3670 4598 fatemur;
3704 4533 3791 4590 sic

2188 4613 2391 4670 etenim
2420 4623 2473 4672 et
2498 4617 2670 4675 beata:
2700 4619 2882 4675 Maria
2915 4619 3131 4691 Virgini
3161 4619 3434 4689 futurum,
3470 4631 3532 4678 ut
3553 4620 3668 4692 jam
3701 4622 3787 4679 dio

2185 4711 2333 4759 ctum
2378 4714 2478 4775 est,
2513 4708 2734 4765 Gabriel
2781 4709 3139 4781 archangelus
3186 4709 3510 4782 promiserat
3539 4711 3735 4768 dicens
3768 4732 3780 4769 :

2199 4815 2216 4837 ι
2247 4791 2485 4864 Spiritus
2517 4805 2738 4854 sanctus
2767 4797 3120 4870 superveniet
3145 4799 3202 4854 in
3223 4806 3296 4868 te,
3326 4807 3381 4855 et
3409 4799 3588 4856 virtus
3610 4802 3784 4858 Altis-

2183 4879 2310 4937 simi
2336 4882 2688 4941 obumbrabit
2717 4884 2819 4940 tibi
2845 4903 2858 4942 :
2891 4893 2945 4942 et
2973 4885 3098 4942 ideo
3126 4887 3274 4960 quod
3303 4897 3558 4945 nascetur
3603 4905 3674 4944 ex
3728 4897 3784 4945 te

2265 4998 2382 5078 (62)
2413 5001 2617 5059 Eadem
2652 5003 2812 5062 Rom.
2842 5003 3000 5072 edit.,
3036 5003 3270 5075 Spiritus
3302 5012 3363 5060 ut
3374 5005 3700 5078 principalis
3731 5013 3784 5062 et

2181 5076 2353 5133 rectus
2382 5081 2661 5131 exoratur.

2256 5142 2372 5220 (63)
2396 5144 2601 5202 Eadem
2638 5148 2796 5204 Rom.
2847 5145 3005 5217 edit.,
3055 5148 3297 5204 vivorum
3341 5155 3391 5204 et
3438 5153 3782 5205 mortuorum

2181 5221 2480 5278 aduentum.

2251 5285 2365 5364 (64)
2389 5287 2594 5346 Eadem
2625 5291 2783 5350 Rom.
2815 5292 2948 5350 edit.
2959 5335 2975 5362 ,
3007 5293 3212 5350 Filium
3238 5291 3388 5347 habet
3416 5291 3528 5348 sine
3553 5292 3782 5364 princi-

2173 5363 2286 5436 pio,
2316 5366 2646 5436 cowternum.
2701 5364 2931 5436 genitum
2958 5383 3024 5419 ea:
3051 5382 3121 5436 se,
3171 5381 3279 5419 non
3325 5371 3448 5435 post
3473 5363 3568 5434 se;
3591 5363 3671 5420 ita
3729 5371 3782 5420 et

2182 5435 2447 5507 Spiritu":
2471 5440 2712 5507 sanctum
2739 5435 2956 5492 Patriet
2983 5435 3124 5491 Filio
3150 5436 3481 5506 cowquatem.

2253 5505 2370 5579 (65)
2403 5503 2608 5579 Eadem
2639 5506 2796 5579 Rom.
2829 5507 2988 5579 edit.,
3015 5503 3435 5563 Christus’homo
3456 5512 3695 5562 vocatur.

2279 5578 2370 5646 66)
2402 5576 2607 5632 Eadem
2638 5577 2796 5634 Rom.
2829 5578 2988 5645 edit.,
3024 5579 3269 5635 Christus
3308 5579 3458 5633 homo
3485 5584 3646 5632 natus
3674 5586 3776 5635 est.

2279 5579 2370 5646 66)
2402 5579 2607 5632 Eadem
2638 5579 2796 5634 Rom.
2829 5579 2988 5645 edit.,
3024 5579 3269 5635 Christus
3308 5579 3458 5633 homo
3485 5584 3640 5632 natus

2251 5579 2369 5720 167)
2401 5646 2605 5705 Eadem
2635 5648 2794 5706 Rom.
2827 5649 2985 5718 edit.,
3015 5649 3182 5706 sancti
3210 5651 3371 5722 hujus
3399 5649 3640 5722 symboli.
