3972 6376
170 377 300 446 583

1332 389 1429 450 DE
1465 389 1841 452 TRINITA'I‘E
1880 387 2305 455 TRACTA'I‘US.

3358 411 3466 471 551,

173 516 458 577 sanctum,
486 505 776 564 vocabitur
802 506 977 566 Filius
1011 508 1110 568 Dei
1143 509 1293 583 (Luc.
1340 531 1381 580 ι,
1429 517 1541 585 35).
1577 544 1594 566 ιι
1650 519 1755 586 Qui
1800 522 1852 580 Α
1891 519 2222 605 moriturus:
2266 537 2390 578 nam
2437 538 2561 580 cum
2616 525 2878 584 divinitas
2924 535 3115 590 mortis
3161 536 3332 594 libera
3367 541 3460 605 sit,

171 596 364 653 Filius
394 596 494 653 Dei
527 597 643 668 (68)
672 612 769 669 pro
802 607 987 655 nostra
1017 599 1193 657 salute
1224 600 1326 658 sub
1370 603 1568 660 Pontio
1596 606 1773 662 Pilato

171 685 488 742 cruciﬁxus
514 693 614 754 est,
647 700 710 742 ac
739 687 1002 758 sepultus.
1029 688 1170 746 Vera
1199 705 1326 762 ergo
1351 707 1476 747 caro
1501 709 1569 748 ex
1596 692 1774 766 Virgi-

169 788 257 828 ne
303 780 569 845 suscepta,
615 784 746 830 vera
793 774 1078 844 cruciﬁxa,
1119 793 1248 834 vera
1278 779 1507 850 sepulta,
1539 798 1666 838 vera
1694 791 1776 840 est

169 869 312 932 post
338 863 556 919 tertiam
587 860 733 919 diem
767 864 1104 923 resuscitata.
1136 867 1222 922 Ad
1248 867 1458 924 viscera
1485 870 1654 941 igitur
1681 887 1776 927 sa-

169 965 294 1008 crae
330 953 595 1024 Virginis,
645 959 699 1008 et
745 952 1078 1024 suscipiendi
1109 953 1236 1010 inde
1281 971 1521 1024 carnem,
1560 965 1612 1013 et
1652 959 1776 1013 for-

171 1039 373 1094 mandi
408 1040 523 1111 (69)
554 1040 671 1098 illic
699 1039 980 1098 hominem
1002 1042 1238 1113 Spiritus
1267 1053 1485 1102 sanctus
1513 1046 1700 1118 opifex
1719 1052 1776 1103 et

174 1128 560 1185 sanctiﬁcator
613 1131 885 1198 accessit;
945 1139 1008 1188 ut
1057 1131 1442 1204 conjunctione
1505 1133 1669 1192 Verbi
1719 1140 1776 1192 et

175 1215 432 1273 hominis
451 1235 483 1274 a
511 1218 686 1290 prima
715 1220 1103 1278 informatione
1125 1223 1358 1292 perfecte
1384 1223 1636 1282 Christus
1665 1241 1775 1283 me-

176 1304 370 1361 diator
396 1305 493 1362 Dei
522 1313 575 1361 et
605 1306 892 1363 hominum
931 1317 1266 1377 nasceretur,
1298 1311 1416 1367 sine
1446 1312 1636 1369 fraude
1663 1312 1771 1372 hu-

175 1395 490 1464 manitatis,
531 1397 649 1454 sine
694 1399 1047 1471 corruptione
1090 1399 1314 1458 deitatis
1334 1404 1587 1461 exoriens
1613 1423 1624 1461 :
1655 1404 1772 1463 obi-

176 1488 350 1539 turus
380 1491 576 1554 morte,
605 1486 734 1557 quia
760 1495 1007 1555 creatus;
1040 1497 1392 1560 superaturus
1422 1500 1601 1548 autem
1632 1509 1775 1549 mor-

174 1570 263 1627 tis
292 1570 533 1640 vincula,
575 1573 728 1645 quasi
770 1583 998 1631 creator.
1029 1575 1148 1634 Non
1186 1593 1316 1650 ergo
1358 1578 1503 1636 inter
1529 1580 1772 1638 Verbum

176 1667 242 1716 et
281 1669 620 1734 assumptum
661 1664 728 1720 ab
765 1680 829 1722 eo
857 1664 1139 1723 hominem
1171 1667 1353 1742 aliqua
1380 1670 1648 1743 separatio
1675 1671 1774 1728 di-

175 1749 363 1806 cenda
390 1759 491 1818 est,
523 1751 653 1824 quia
678 1767 748 1810 ex
776 1753 990 1812 duabus
1025 1757 1257 1826 naturis,
1283 1757 1340 1814 id
1368 1767 1470 1828 est,
1503 1759 1693 1817 divina
1719 1765 1774 1817 et

175 1836 430 1896 humana
454 1840 690 1913 mystica
717 1842 930 1900 ratione
953 1845 1271 1918 compositis
1288 1861 1463 1906 unum
1491 1845 1773 1907 Christum

172 1927 287 1983 Dei
316 1927 518 1984 Filium
549 1929 876 1988 conﬁtemur
906 1932 1047 2006 (70).

257 2020 484 2080 CAPUT
494 2023 643 2081 XIII.
662 2055 733 2068 —-
747 2025 979 2084 Credere
998 2045 1126 2102 ergo
1139 2030 1300 2087 nobis
1310 2031 1448 2100 haec,
1463 2045 1575 2089 non
1590 2030 1769 2090 discu-

172 2117 300 2165 tere
337 2111 466 2168 licet
498 2130 512 2179 ;
547 2111 834 2171 humiliter
860 2132 1118 2188 qumrere,
1163 2135 1274 2175 non
1314 2119 1543 2191 superbe
1575 2119 1769 2192 inqui-

173 2213 303 2254 rere
333 2198 472 2270 (71).
509 2199 753 2257 Verbum
799 2217 926 2274 ergo
952 2211 1006 2259 et
1041 2204 1348 2262 substantia
1373 2207 1494 2274 Dei,
1526 2221 1645 2280 quae
1673 2223 1770 2279 per

173 2285 371 2342 omnia
410 2285 730 2359 incorporea
774 2297 876 2358 est,
924 2291 1091 2347 inseri
1147 2292 1204 2346 in
1254 2308 1477 2364 corpore
1527 2292 1767 2349 humano

174 2391 296 2432 non
322 2383 551 2447 poterat,
579 2376 687 2432 nisi
715 2377 899 2451 aliqua
939 2379 1217 2451 spirituali
1247 2389 1442 2436 natura
1470 2382 1764 2451 mediante,

175 2462 239 2518 id
289 2471 371 2519 est
419 2464 620 2521 anima.
673 2465 873 2520 Anima
925 2481 1052 2539 ergo
1098 2467 1154 2522 in
1211 2475 1416 2524 secreta
1451 2469 1766 2525 rationabili

172 2558 300 2605 arte
327 2549 570 2608 Verbum
599 2552 698 2606 Dei
729 2552 998 2624 capiente,
1043 2553 1244 2627 absque
1274 2557 1388 2612 ulla
1417 2557 1534 2628 (72)
1565 2565 1764 2614 conta-

173 2640 342 2711 gione
387 2640 516 2709 viri,
547 2643 694 2698 Deus
735 2651 895 2699 natus
927 2659 996 2698 ex
1041 2643 1270 2716 Virgine
1299 2654 1400 2702 est.
1449 2646 1604 2702 Sicut
1637 2662 1764 2718 ergo

173 2728 600 2800 participatione
663 2730 750 2787 sui
805 2730 979 2786 Filius
1033 2733 1134 2788 Dei
1187 2732 1434 2804 praebens
1507 2735 1764 2791 omnibus

171 2817 513 2889 exemplum,
556 2817 718 2888 juxta
773 2818 832 2875 id
878 2818 1023 2892 quod
1051 2821 1151 2876 Dei
1198 2820 1440 2878 Verbum
1486 2829 1567 2878 est
1603 2831 1763 2895 atque

170 2905 465 2976 sapientia,
524 2922 635 2962 non
691 2906 960 2963 minuitur
1001 2909 1391 2965 communione
1445 2910 1758 2982 participii;

170 2992 256 3048 ita
297 3000 484 3050 sancta
509 2994 636 3050 Jesu
670 2995 875 3064 anima,
925 2988 1296 3070 quaa’propter
1331 3007 1516 3054 nostra
1544 3009 1763 3070 peccata

171 3088 231 3136 et
259 3081 432 3136 tristis
469 3081 594 3149 fuit,
630 3091 684 3138 et
712 3083 1037 3140 conturbata
1073 3094 1172 3153 est,
1203 3085 1345 3142 nihil
1395 3085 1594 3143 exinde
1619 3104 1763 3143 con-

170 3169 349 3227 traxit
381 3170 522 3241 (73).
557 3170 682 3226 Haec
707 3179 807 3239 est,
840 3188 1000 3243 quam
1042 3173 1240 3229 dilexit
1267 3176 1413 3230 Deus
1442 3192 1551 3247 prae
1581 3177 1758 3248 parti-

1885 602 2073 676 utique
2103 621 2248 662 mors
2275 623 2390 664 esse
2435 627 2543 667 non
2585 622 2813 684 poterat,
2848 618 2953 672 nisi
3001 621 3114 674 vita
3141 602 3462 696 discederet,

1885 691 2012 764 quia
2039 692 2155 750 vita
2182 695 2447 755 divinitas
2474 709 2554 756 est
2579 720 2593 770 ;
2642 721 2920 779 nunquam
2950 711 3097 766 enim
3138 715 3344 784 patitur
3373 691 3464 775 vel

1885 787 2135 850 mortem,
2176 786 2261 839 vel
2305 790 2730 861 corruptionem,
2781 796 2925 866 quod
2972 798 3280 858 immortale
3323 821 3464 861 sem-

1884 885 1980 960 per
2013 879 2067 960 et
2095 872 2472 947 incorruptum
2509 887 2606 936 est.
2656 883 2801 938 Deus
2838 901 2982 957 ergo,
3015 889 3109 960 qui
3140 890 3382 948 Verbum
3410 900 3467 950 et

1883 956 2120 1028 Spiritus
2149 969 2248 1029 est,
2281 963 2376 1061 qui
2417 988 2437 1013 ι
2466 966 2560 1022 ubi
2590 969 2710 1024 vult
2738 956 2967 1043 inspirat
3000 956 3180 1046 (.Ioan.
3211 995 3294 1047 III,
3316 980 3400 1052 8),
3430 1004 3454 1031 ι
3512 1015 3520 1080 .I

1882 1059 2100 1101 carnem
2131 1064 2225 1104 seu
2269 1050 2507 1109 animam
2537 1067 2838 1130 susceptam
2879 1077 2989 1116 non
3027 1063 3266 1122 deseruit
3306 1050 3467 1124 invi-

1883 1139 2010 1189 tus:
2043 1135 2137 1191 sed
2186 1137 2314 1209 quia
2340 1141 2536 1211 voluit,
2582 1145 2680 1200 ubi
2708 1147 2906 1216 voluit,
2951 1155 3225 1223 quomodo
3263 1157 3462 1227 voluit,

1883 1231 1939 1278 et
1966 1224 2183 1295 quando
2212 1227 2408 1297 voluit,
2441 1230 2754 1304 relinquens
2779 1237 2961 1307 posuit
3001 1256 3141 1308 eam,
3173 1251 3226 1298 et
3259 1224 3461 1303 iterum

1882 1314 2174 1384 assumpsit
2203 1331 2341 1373 eam.
2371 1318 2492 1375 Non
2538 1336 2664 1395 ergo
2691 1323 3013 1399 cujusquam
3044 1328 3166 1400 jure
3194 1349 3256 1388 ac
3298 1341 3463 1406 pote-

1882 1405 2018 1455 state
2062 1411 2261 1460 exutus
2301 1413 2382 1461 est
2418 1423 2598 1476 carne,
2629 1410 2723 1466 sed
2754 1412 2869 1484 ipse
2911 1431 2967 1470 se
2989 1419 3178 1484 exuit;
3210 1405 3335 1476 nam
3365 1421 3460 1494 qui

1882 1495 2058 1558 potest
2085 1506 2196 1547 non
2213 1494 2373 1562 mori,
2404 1495 2450 1551 si
2480 1497 2669 1567 nollet,
2693 1503 2882 1571 procul
2903 1502 3094 1571 dubio,
3116 1507 3242 1579 quia
3261 1509 3460 1580 voluit,

1883 1585 2131 1666 mortuus
2159 1586 2258 1635 est.
2294 1581 2452 1649 Quod
2499 1583 2575 1639 ita
2603 1601 2718 1643 esse
2754 1591 3115 1662 comprobans
3142 1596 3458 1666 Apostolus,

1882 1663 1996 1722 ait:
2053 1666 2346 1754 erpolians
2387 1687 2444 1728 se
2489 1687 2669 1743 carne,
2703 1676 3040 1751 principatus
3086 1688 3140 1737 et
3169 1663 3461 1754 potestates

1881 1753 2229 1824 exspoliavit,
2262 1756 2608 1830 triumphans
2637 1761 2764 1819 illos
2809 1763 2868 1818 in
2905 1753 3194 1840 semetipso
3225 1770 3457 1840 (Cotoss.

1879 1853 1942 1907 II,
1973 1840 2086 1912 15),
2118 1867 2138 1891 ι
2179 1858 2275 1915 per
2301 1853 2530 1904 mortem
2562 1849 2773 1908 scilicet
2799 1851 3043 1910 hominis
3071 1857 3341 1929 suscepti;
3373 1865 3458 1929 ut,

1797 1905 1846 1965 B
1877 1905 2022 2019 sicut
2044 1905 2207 1990 idem
2242 1934 2380 1993 dicit
2419 1905 2609 1996 beatus
2655 1905 3051 2014 xpendi;-
3075 1905 3191 2019 per'
3226 1905 3459 2006 lmoi-teni

1877 2016 2121 2077 hominis
2159 2024 2395 2096 suscepti
2441 2027 2745 2085 destrueret
2777 2047 2903 2087 eum
2931 2034 3024 2105 qui
3052 2016 3286 2091 habebat
3319 2051 3458 2094 mor-

1876 2105 1950 2162 tis
1977 2107 2266 2180 imperium
2308 2113 2492 2181 (Hebr.
2533 2131 2594 2183 ιι,
2633 2116 2747 2186 th),
2778 2142 2799 2167 ι
2847 2118 2906 2173 id
2935 2127 3016 2175 est
3060 2121 3362 2191 diabolum,
3404 2132 3463 2183 et

1877 2194 2134 2252 liberaret
2160 2213 2251 2254 eos
2279 2201 2373 2272 qui
2407 2217 2504 2273 per
2530 2211 2699 2260 totam
2725 2205 2896 2262 vitam
2933 2208 3164 2265 obnoxii
3181 2223 3461 2270 erantser-

1878 2283 2063 2340 vituti.
2095 2285 2251 2352 Quod
2285 2289 2362 2343 ita
2381 2289 2627 2346 futurum
2660 2294 2833 2348 multo
2860 2303 2984 2350 ante
3005 2297 3168 2354 Isaias
3195 2301 3461 2373 propheta

1877 2372 2204 2443 praedixerat
2229 2375 2449 2433 dicens:
2497 2400 2516 2424 ι
2545 2378 2698 2435 Sicut
2735 2381 2855 2437 ovis
2892 2382 2960 2437 ad
2988 2372 3314 2444 occisionem
3343 2390 3459 2446 du-

1876 2461 2042 2529 citur,
2065 2469 2119 2518 et
2137 2463 2280 2519 sicut
2295 2480 2466 2536 agnus
2493 2482 2674 2523 coram
2688 2469 2948 2526 tondente
2966 2488 3023 2528 se
3045 2474 3319 2532 obmutuit
3336 2479 3454 2551 (75)

1873 2549 2016 2617 (Isa.
2047 2567 2164 2620 Lm,
2199 2553 2252 2621 7)
2288 2569 2302 2619 ;
2336 2577 2354 2600 ι
2395 2561 2451 2608 et
2476 2555 2710 2611 iterum:
2759 2580 2778 2604 ι
2809 2558 3036 2616 Oblatus
3051 2569 3151 2630 est,
3184 2566 3312 2636 quia
3341 2549 3457 2638 ipse

1875 2636 2072 2704 voluit,
2099 2636 2167 2692 ad
2197 2640 2496 2696 multorum
2515 2641 2887 2700 exhaurienda
2909 2658 3126 2717 peccata
3158 2652 3339 2720 (Hebr.
3363 2636 3453 2722 ix,

1874 2721 1966 2795 28)
1995 2742 2007 2790 ;
2040 2731 2094 2778 et
2123 2725 2353 2781 iterum:
2388 2727 2636 2784 Tradidit
2664 2731 2722 2786 in
2751 2742 2981 2789 mortem
3010 2735 3248 2792 animam
3274 2721 3452 2810 suam,

1873 2817 1929 2865 et
1970 2827 2096 2867 cum
2152 2815 2430 2871 sceleratis
2475 2825 2756 2888 reputatus
2805 2828 2930 2876 est:
2985 2829 3040 2878 et
3083 2825 3198 2896 ipse
3236 2837 3456 2897 peccata

1873 2899 2172 2956 multorum
2209 2902 2359 2970 tulit,
2409 2911 2464 2960 et
2502 2919 2601 2976 pro
2627 2911 3115 2980 transgressoribus
3141 2913 3258 2984 ipse
3302 2931 3452 2988 roga-

1873 2986 1957 3042 vit
1986 2987 2120 3058 (Isa.
2153 3005 2274 3056 LIII,
2303 2989 2416 3062 12).
2445 3015 2465 3040 ι
2506 2992 2627 3049 Non
2658 2999 2792 3057 331
2839 3011 2966 3068 ergo
2987 3000 3302 3058 necessitate
3331 2986 3453 3063 cru-

1872 3097 1990 3139 cem
2038 3083 2292 3143 Christus
2347 3088 2634 3157 Dominus,
2689 3091 2783 3148 sed
2835 3094 3119 3151 voluntate
3163 3098 3448 3172 sustinuit,

1874 3170 2060 3227 dicens
2089 3173 2156 3228 ad
2185 3174 2427 3244 Petrum,
2458 3177 2553 3249 qui
2591 3178 2803 3236 timoris
2832 3179 3127 3253 fragilitate
3160 3184 3230 3241 ad
3275 3170 3453 3246 crucis

170 3256 393 3328 cipibus
421 3257 534 3314 suis
576 3257 796 3345 (Ambr.
846 3259 904 3314 in
949 3261 1099 3329 Luc.,
1145 3262 1195 3318 Ι.
1238 3278 1298 3330 x,
1338 3279 1394 3319 n.
1445 3263 1570 3336 127)
1603 3281 1615 3319 :
1648 3263 1761 3320 haec

1875 3264 2202 3334 mysterium
2251 3266 2718 3326 scandalizabatur
2753 3278 2806 3326 et
2835 3252 3076 3328 humano
3104 3289 3303 3345 pavore
3330 3283 3450 3333 tre-

172 3345 293 3399 vita
324 3351 528 3413 nostra,
562 3343 628 3399 de
670 3361 778 3417 qua
804 3349 1100 3416 Apostolus
1130 3349 1237 3403 ait:
1283 3373 1302 3397 ε
1329 3350 1399 3404 Et
1437 3351 1552 3406 vita
1581 3358 1761 3406 vestra

170 3431 496 3490 abscondita
523 3440 604 3490 est
632 3451 756 3490 cum
788 3434 1009 3491 Christo
1036 3436 1095 3490 in
1124 3438 1236 3492 Deo
1259 3437 1488 3506 (Cotoss.
1520 3456 1602 3505 ιιι,
1635 3439 1748 3509 3);›

170 3519 295 3578 haec
320 3530 420 3590 est,
443 3539 562 3594 quae
592 3523 791 3578 dilexit
809 3521 1105 3593 justitiam,
1134 3533 1188 3580 et
1208 3525 1385 3582 odivit
1415 3527 1760 3599 iniquitatem

173 3610 355 3681 (Psat.
390 3626 541 3677 xmv,
581 3609 638 3680 8)
670 3627 681 3664 :
716 3608 832 3666 hac
862 3609 1036 3666 tristis
1063 3627 1175 3666 non
1203 3627 1302 3683 pro
1331 3623 1525 3682 morte,
1557 3615 1649 3670 sed
1675 3631 1759 3670 us-

171 3712 282 3770 que
308 3697 377 3753 ad
405 3697 773 3760 mortemfuit
797 3698 1006 3769 (Matth.
1041 3715 1199 3768 xxvr,
1223 3701 1314 3772 38)
1342 3720 1352 3758 :
1378 3702 1494 3759 haec
1516 3704 1575 3758 in
1599 3719 1760 3760 cruce

168 3802 289 3844 non
315 3803 413 3859 pro
439 3803 517 3856 se,
549 3787 644 3844 sed
673 3804 771 3859 pro
800 3788 960 3845 nobis
991 3790 1207 3847 turbata
1247 3799 1328 3848 est
1357 3811 1369 3849 :
1401 3809 1513 3850 non
1555 3794 1754 3863 virtus,

169 3892 287 3933 non
328 3876 617 3949 sapientia,
649 3893 760 3934 non
807 3877 1052 3936 Verbum
1097 3881 1216 3948 Dei,
1249 3882 1343 3952 qui
1373 3898 1490 3937 eam
1521 3900 1619 3955 pro
1647 3899 1756 3940 no-

168 3973 409 4021 strarum
460 3965 770 4021 animarum
811 3966 983 4023 salute
1011 3969 1304 4040 assumpsit
1339 3969 1478 4041 (7h),
1509 3979 1564 4026 et
1603 3973 1755 4028 omni

169 4053 444 4111 virtutum
467 4071 532 4112 ac
559 4055 864 4113 sanctitatis
891 4056 1087 4116 decore
1113 4057 1405 4127 adornans,
1437 4060 1495 4116 in
1523 4077 1755 4118 consor-

168 4142 314 4197 tium
345 4141 568 4200 deitatis
596 4145 874 4216 perduxit.
905 4147 984 4202 De
1009 4146 1112 4204 hac
1134 4163 1281 4220 ergo,
1312 4165 1432 4221 qua:
1452 4165 1548 4221 per
1571 4151 1756 4208 omnia

168 4238 481 4286 nostrarum
504 4231 812 4288 animarum
842 4233 1040 4290 similis
1067 4242 1169 4303 est,
1191 4235 1440 4292 Salvator
1453 4237 1531 4293 ait
1556 4255 1567 4293 :
1611 4261 1631 4285 ι
1655 4239 1753 4294 Po-

167 4322 420 4374 testatem
450 4317 624 4374 habeo
653 4320 892 4391 ponendi
938 4321 1178 4377 animam
1223 4339 1420 4390 meam,
1461 4333 1516 4380 et
1552 4326 1752 4382 iterum

170 4404 426 4459 sumendi
454 4420 572 4460 eam
592 4405 774 4476 (Joan.
797 4423 855 4475 x,
890 4407 979 4480 18)
1005 4426 1020 4475 ;
1044 4434 1063 4456 ι
1104 4418 1194 4465 et:
1243 4435 1262 4457 ι
1284 4411 1453 4467 Nemo
1472 4429 1589 4470 eam
1605 4415 1754 4470 tollit

171 4503 203 4543 a
235 4506 340 4559 me,
371 4493 467 4548 sed
492 4509 591 4566 ego
623 4509 768 4565 pono
795 4509 914 4550 eam
943 4512 975 4552 a
1004 4512 1091 4552 me
1120 4498 1258 4569 ipso,
1292 4507 1346 4555 et
1369 4500 1564 4558 iterum
1594 4519 1752 4560 sumo

1872 3349 2130 3420 pidabat:
2201 3375 2220 3398 ‹
2257 3353 2407 3408 Vade
2448 3363 2614 3424 retro,
2661 3357 2902 3424 Satanas,
2951 3361 3265 3417 scandalum
3310 3363 3450 3424 mihi

1870 3453 1962 3504 es;
1997 3440 2124 3510 quia
2153 3457 2264 3496 non
2301 3443 2444 3514 sapis
2462 3459 2582 3515 quae
2600 3446 2699 3500 Dei
2726 3456 2874 3510 sunt,
2897 3448 2992 3503 sed
3010 3465 3129 3521 quae
3158 3450 3448 3512 hominum

1872 3527 2082 3597 (Matth.
2129 3545 2249 3597 xvr,
2279 3530 2394 3601 23).
2426 3556 2445 3579 ι
2491 3561 2560 3574 —-
2610 3556 2628 3580 ι
2659 3534 2892 3590 Calicem
2923 3537 3069 3592 enim
3098 3555 3258 3612 quem
3296 3541 3448 3600 dedit

1869 3615 2008 3670 mihi
2037 3617 2215 3686 Pater,
2261 3634 2374 3675 non
2405 3619 2492 3677 vis
2535 3629 2597 3678 ut
2637 3621 2818 3679 bibam
2862 3625 3018 3681 illum
3069 3628 3249 3698 (Joan.
3282 3647 3444 3701 xvm,

1870 3707 1982 3779 11).
2013 3732 2032 3755 ι
2091 3709 2356 3782 Alioquin
2391 3711 2436 3767 si
2487 3727 2596 3768 non
2640 3715 2858 3786 propria
2907 3717 3190 3776 voluntate
3232 3721 3447 3781 oblatus

1867 3803 2024 3864 esset,
2073 3806 2126 3853 et
2170 3814 2386 3856 crucem
2437 3801 2705 3858 sustinere
2741 3803 3023 3874 voluisset,
3062 3807 3156 3880 qui
3203 3808 3446 3868 indicare

1866 3892 1921 3940 et
1945 3885 2236 3957 praedicere
2285 3895 2494 3959 poterat
2529 3890 2881 3961 proditorem,
2913 3901 2967 3948 et
2995 3897 3255 3966 apostolis
3285 3899 3444 3957 dice-

1864 3971 1991 4028 bat:
2056 3998 2075 4022 -
2103 3974 2305 4031 Omnes
2359 3993 2458 4033 vos
2507 3976 2566 4032 in
2611 3977 2715 4034 hac
2766 3988 2925 4037 nocte
2971 3983 3287 4042 scandalum
3335 3987 3443 4044 mei

1865 4063 2204 4121 sustinebitis
2247 4066 2458 4136 (Matth.
2511 4082 2662 4136 xxvr,
2696 4067 2786 4139 31)
2811 4070 2840 4126 ?
2866 4093 2886 4117 ι
2952 4070 3168 4129 Poterat
3212 4089 3304 4131 eos
3348 4077 3443 4149 qui

1863 4149 1933 4206 ad
1959 4167 2084 4207 eum
2109 4154 2680 4224 comprehendendum
2712 4157 2863 4214 missi
2904 4167 3076 4229 erant,
3125 4162 3437 4222 declinare:

1863 4240 2062 4312 quibus
2102 4240 2409 4312 intrepidus
2437 4243 2678 4300 occurrit
2723 4251 2777 4300 et
2805 4245 2986 4302 dixit:
3032 4271 3051 4295 ι
3080 4248 3251 4315 Quem
3283 4268 3442 4325 quae-

1861 4327 1984 4384 ritis
2015 4329 2192 4400 (Joan.
2227 4345 2388 4397 xvm,
2423 4328 2480 4400 4)
2501 4330 2529 4385 ‘P
2557 4354 2576 4377 ι
2632 4329 2738 4398 Qui
2785 4334 2968 4389 statim
3004 4336 3319 4395 ceciderunt
3345 4356 3442 4397 re-

1861 4427 2096 4476 trorsum
2129 4420 2270 4491 (76),
2303 4420 2431 4492 quia
2472 4435 2662 4478 vocem
2692 4425 2974 4494 praesentis
3008 4426 3108 4485 Dei
3146 4429 3286 4487 ferre
3327 4448 3439 4490 non

1859 4515 2127 4581 poterant.
2179 4509 2301 4564 Non
2351 4525 2477 4582 ergo
2525 4511 2861 4568 necessitatis
2905 4515 3012 4571 fuit
3057 4525 3118 4573 ut
3143 4527 3438 4589 pateretur,

172 4594 294 4634 eam
348 4582 535 4654 (Ibid)
567 4607 586 4631 ι
649 4584 777 4642 Haec
805 4593 887 4642 est
920 4583 1076 4641 beata
1121 4587 1324 4652 anima,
1361 4604 1480 4660 quae
1507 4590 1566 4646 in
1594 4607 1752 4650 cruce
1778 4591 1828 4651 D
1864 4597 1958 4655 sed
1985 4599 2320 4667 voluntatis;
2350 4615 2461 4655 non
2489 4609 2601 4656 tam
2630 4617 2762 4670 sua,
2789 4602 2884 4658 sed
2919 4610 2974 4658 et
3000 4582 3195 4673 Patris,
3225 4607 3313 4662 cui
3342 4582 3440 4663 di;

173 4668 242 4725 ad
269 4668 612 4730 divinitatem
640 4676 898 4734 clamavit
919 4677 1141 4735 dicens:
1189 4701 1208 4727 ‹
1227 4682 1391 4750 Deus,
1414 4683 1558 4740 Deus
1573 4700 1744 4753 meus,

173 4756 382 4826 respice
409 4759 467 4814 in
501 4778 606 4830 me,
637 4779 803 4835 quare
829 4782 916 4821 me
944 4767 1286 4840 dereliquisti
1321 4771 1530 4840 (Matth.
1564 4787 1742 4840 xxvn,

175 4842 266 4915 46)
292 4846 319 4902 ?
347 4869 366 4894 ι
408 4846 681 4906 Clamavit
709 4867 836 4924 ergo
864 4852 1028 4911 homo
1065 4855 1374 4913 divinitatis
1409 4859 1746 4931 separatione

247 4975 363 5062 (68)
413 4977 614 5062 Eadem
667 4981 826 5039 Rom.
867 4983 1026 5055 edit.,
1070 4987 1170 5044 Dei
1221 4996 1268 5045 et
1329 4991 1556 5062 Virginis
1596 4993 1745 5052 homo

180 5045 416 5102 Christus
442 5049 608 5106 Iesus.

249 5124 264 5182 (
261 5117 596 5206 166)HEadem
628 5119 785 5201 Rom.
816 5121 972 5194 edit.,
996 5143 1100 5198 pro
1127 5131 1454 5200 suscipienda
1479 5133 1539 5188 in
1566 5151 1742 5206 carne,

175 5190 223 5240 et
256 5185 537 5256 formando
561 5191 782 5247 homine.

247 5254 365 5341 (76)
395 5258 597 5315 Eadem
639 5261 797 5341 Dom.
827 5260 983 5341 edit.,
1013 5266 1251 5341 aliquam
1280 5285 1627 5339 personarum
1653 5254 1744 5330 se-

171 5335 830 5407 parationetmponimus;
849 5335 936 5407 sed
965 5352 1030 5389 ea:
1056 5335 1325 5394 duabus;
1358 5343 1543 5407 unitis,
1582 5360 1747 5401 unum

181 5397 446 5489 Christum
487 5397 650 5489 ngam
699 5409 748 5459 et
781 5403 1038 5462 hominem
1081 5407 1180 5463 Dei
1213 5409 1410 5489 Filium
1445 5411 1503 5465 in
1525 5397 1747 5471 ἀηίιᾱὶὀ

170 5473 748 5542 ρετίρηωςοοηβεεηιιινο

247 5539 362 5631 i212
394 5539 596 5631 Erl???
625 5543 782 5631 ἓοῐηο
823 5543 981 5631 si?!»
1009 5561 1116 5631 me
1145 5548 1358 5631 superbe
1383 5567 1579 5631 είξρθνςε·

246 5609 377 5689 (72)
395 5610 599 5689 Eadem
625 5613 780 5689 Itoni.
807 5609 1298 5689 edit.,rationabili
1324 5609 1598 5689 mediante,
1626 5623 1748 5679 Ver-

177 5677 296 5737 bum
329 5677 428 5738 Dei
471 5682 678 5752 opiﬁaio
724 5677 966 5754 Spiritus
982 5689 1148 5745 sancti
1176 5705 1386 5746 omnem
1416 5677 1703 5767 assumpsit
1724 5713 1748 5763 ;

417 5773 656 5835 ΡΔτιιοι.
695 5777 870 5837 XVII.

1854 4687 1931 4743 cit
1963 4706 1974 4744 :
2044 4712 2063 4735 ε
2091 4689 2162 4745 Ut
2219 4689 2449 4745 facerem
2496 4689 2836 4745 voluntatem
2867 4696 3038 4757 tuam,
3069 4693 3214 4747 Deus
3259 4710 3436 4766 meus,

1854 4777 2007 4832 volui
2038 4778 2156 4848 (77)
2199 4778 2369 4850 (Psat.
2400 4793 2595 4845 xxxix,
2626 4777 2706 4848 9).
2739 4802 2760 4828 ι
2799 4777 2901 4833 Per
2939 4794 3123 4835 veram
3155 4797 3280 4855 ergo
3307 4801 3438 4844 car-

1852 4879 1980 4922 nem
2028 4865 2354 4924 immortalis
2400 4864 2714 4922 mediatoris
2756 4865 2855 4921 Dei
2892 4873 2946 4924 et
3000 4865 3288 4927 hominum
3336 4891 3436 4933 nos

1855 4997 2027 5069 sicque
2053 4999 2244 5069 absque
2274 5000 2408 5065 ulla,
2445 5003 2550 5069 etc.

1929 5066 2264 5154 (7.3)"Eadem
2288 5066 2619 5154 ΒοιηιηθςὶίῑΖΞ
2641 5066 2875 5154 Denique
2888 5067 3023 5149 sicut
3033 5070 3180 5154 Deus
3195 5075 3432 5154 praebens

1854 5138 2144 5195 hominibus
2172 5141 2281 5210 suis
2309 5138 2855 5210 participationent....
2885 5141 3072 5194 exinde
3097 5138 3293 5199 amisit.

1929 5211 2044 5290 (74)
2076 5209 2284 5292 Eadem.
2309 5206 2475 5292 Romi.
2500 5206 2672 5292 :edit.,
2718 5209 2866 5292 Hanc
2889 5226 2990 5278 pro
3031 5211 3188 5292 totius
3215 5213 3434 5269 humani

1854 5278 2054 5363 generis
2074 5282 2240 5363 salute
2265 5280 2345 5363 ἐπὶ
2351 5278 2562 5363 unitate‘
2575 5279 2830 5363 suppositi
2855 5281 3155 5360 assumpsit.
3323 5353 3333 5363 _

1928 5351 2042 5419 (75)
2075 5349 2276 5404 Eadem
2305 5349 2463 5405 Rom.
2501 5348 2658 5415 edit.,
2687 5356 2883 5415 mutus,
2908 5350 2982 5404 sic
3010 5348 3114 5404 non
3144 5353 3355 5423 aperuit
3373 5368 3433 5408 os

1854 5434 2043 5571 fumi)
2077 5488 2232 5544 Rom.
2259 5485 2416 5555 edit.,
2441 5487 2700 5544 Abierant
2725 5495 3036 5558 retrorsum,
3066 5497 3114 5546 et
3139 5491 3434 5548 ceciderunt

1853 5574 1913 5614 in
1930 5565 2278 5711 (εἷςῖῗέηὲἀοω
2307 5627 2464 5711 liam;
2482 5628 2639 5711 edit»
2660 5630 2734 5684 E‘
2749 5628 2882 5711 αιίδέ
2903 5645 2915 5684 ³
2937 5628 3198 5710 ιθ⁸³⁶⁸ῖ⁸δί
3219 5630 3428 5711 iam“

1851 5713 1962 5756 non
1976 5698 2035 5757 ut
2050 5698 2247 5771 faciam
2264 5699 2582 5756 uoluntatem
2593 5716 2778 5768 meam,
2795 5699 2883 5755 sed
2900 5698 3012 5770 ejus
3037 5699 3130 5774 qui
3156 5700 3301 5756 misit
3326 5718 3425 5758 nte.

3116 5796 3186 5856 18
