3972 6412
200 450 328 511 557

1376 456 1469 516 DE
1508 460 1880 521 TRINITATE
1917 466 2341 527 TRACTATUS.

3379 476 3496 549 858

199 583 533 654 exemplum
582 580 722 652 (92).
771 581 929 651 Quod
957 594 1086 639 sane
1125 591 1524 643 sacramentum
1556 588 1794 659 pietatis,
1830 594 1882 654 Α
1926 616 1943 640 ι
1973 592 2293 665 Quanquam
2328 594 2383 649 in
2415 595 2649 664 imagine
2678 596 2773 653 Dei
2807 602 3143 671 perambulet
3173 605 3357 677 homo,
3389 621 3483 669 ta-

198 685 319 745 per
346 673 490 745 quod
520 689 619 729 nos
648 673 901 729 conditor
928 679 1115 730 noster
1156 690 1218 733 ac
1247 677 1557 749 redemptor
1584 681 1800 753 ample—

197 763 409 833 ctitur,
463 764 605 819 sicut
656 762 975 820 testimonio
1027 763 1249 823 virtutis
1295 767 1650 837 resplenduit,
1725 770 1801 829 ita

195 852 383 909 etiam
414 852 472 909 in
511 852 827 909 ascensione
853 862 1191 927 assumptum
1223 854 1282 912 in
1313 856 1503 929 gloria,
1547 858 1800 917 celebra-

194 946 337 998 tum
368 950 447 998 est
476 942 752 1016 obsequiis
782 943 1206 1015 angelorum;et
1230 943 1355 1002 ideo
1382 961 1493 1004 non
1524 955 1605 1005 est
1622 948 1798 1023 despi-

194 1029 411 1088 cienda
438 1031 617 1088 carnis
645 1030 898 1089 humana
929 1041 1143 1102 natura,
1186 1048 1307 1107 qum
1349 1034 1406 1092 in
1439 1045 1635 1095 sanctae
1665 1039 1798 1096 Tri-

194 1121 407 1177 nitatis
433 1120 792 1179 substantiam
824 1130 985 1196 atque
1012 1124 1351 1181 consortium
1382 1140 1478 1198 per
1497 1128 1796 1186 Dominum

194 1208 498 1268 Christum
556 1210 767 1284 ingredi
825 1212 1048 1269 meruit.
1097 1211 1237 1270 Puto
1284 1228 1413 1271 sane
1458 1214 1626 1288 quod,
1681 1216 1795 1275 Deo

194 1297 471 1368 donante,
506 1299 573 1356 de
604 1298 865 1373 mysterio
894 1308 1092 1359 sancta
1120 1300 1426 1372 Trinitatis,
1468 1311 1521 1359 et
1549 1303 1793 1363 incarna-

192 1388 364 1444 tione
411 1389 633 1445 Domini
679 1389 977 1447 Salvatoris
1024 1388 1155 1447 satis
1198 1389 1407 1448 dictum
1439 1390 1547 1447 sit:
1598 1407 1792 1450 verum

194 1479 471 1551 quoniam
505 1480 560 1535 in
592 1477 702 1534 ﬁne
732 1478 1001 1552 dogmatis
1028 1478 1201 1536 nostri
1233 1480 1351 1552 (93)
1387 1480 1567 1539 carnis
1594 1490 1793 1540 nostra

190 1569 437 1639 ponitur
488 1569 851 1637 resurrectio;
901 1568 1088 1625 eadem
1128 1584 1160 1625 a
1206 1568 1365 1626 nobis
1410 1578 1540 1628 sunt
1579 1569 1792 1630 ﬁrmius

190 1667 430 1731 propter
462 1658 749 1716 haereticos
776 1674 839 1717 ac
866 1659 1062 1732 saepius
1091 1658 1400 1732 repetenda.

274 1755 508 1814 CAPUT
540 1756 692 1816 XVI.
731 1786 803 1800 —
833 1756 1077 1816 Verbum
1107 1757 1254 1814 enim
1283 1757 1403 1828 Dei,
1444 1756 1590 1834 quod
1618 1758 1791 1817 domi-

188 1862 315 1904 nus
343 1845 593 1906 Christus
620 1854 721 1918 est,
770 1846 865 1922 qui
892 1854 973 1904 est
1001 1845 1397 1921 primogenitus
1426 1847 1605 1905 omnis
1630 1864 1791 1906 crea-

1908 696 2033 737 men
2066 697 2201 737 vane
2229 683 2645 741 conturbabitur
2666 687 2839 758 (Psal.
2872 704 3112 760 xxxviii,
3133 693 3210 763 7).
3235 719 3254 743 ι
3285 697 3482 760 Nullus

1908 785 2033 839 ergo
2063 777 2143 826 est
2173 771 2264 843 qui
2298 787 2405 829 non
2436 774 2674 845 aliquam
2706 774 2997 846 imaginem
3028 778 3241 849 habeat,
3287 782 3342 840 id
3380 796 3479 858 est,

1908 865 2001 918 aut
2028 860 2333 918 sanctitatis
2379 870 2470 920 aut
2517 865 2744 935 peccati.
2790 869 2932 928 333
2961 868 3021 923 In
3059 868 3351 941 imaginem
3382 876 3480 933 Dei

1906 955 2271 1024 ambulamus,
2296 958 2515 1031 quando
2543 961 2899 1032 cogitationes
2928 962 3104 1032 bonae,
3129 980 3247 1038 quae
3278 964 3480 1025 nobisa

1905 1042 2018 1100 Deo
2050 1045 2225 1102 insitae
2255 1055 2405 1117 sunt,
2454 1047 2511 1106 in
2544 1050 2702 1107 nobis
2730 1058 3067 1123 permanent,
3132 1059 3186 1109 et
3223 1051 3290 1110 ad
3320 1072 3480 1128 opera

1904 1147 2004 1191 nos
2033 1132 2175 1191 bona
2200 1135 2523 1207 perducunt.
2548 1138 2809 1198 Memoria
2830 1157 2956 1212 ergo
2976 1140 3074 1198 Dei
3094 1142 3338 1199 excludit
3361 1144 3477 1217 (97)

1904 1240 1934 1281 a
1963 1223 2124 1281 corde
2168 1234 2355 1282 nostro
2402 1236 2600 1285 cuncta
2638 1228 2841 1301 ﬂagitia
2885 1234 3043 1302 atque
3094 1240 3311 1303 peccata
3360 1247 3479 1304 quae

1903 1310 2155 1369 diabolus
2185 1314 2381 1371 nititur
2414 1316 2469 1372 in
2502 1316 2663 1374 corde
2694 1325 2880 1375 nostro
2909 1317 3175 1375 seminare
3200 1327 3360 1392 atque
3389 1320 3478 1377 de-

1901 1400 2141 1473 pingere.
2190 1402 2344 1460 Unde
2373 1404 2578 1462 dicitur
2620 1422 2651 1462 a
2690 1404 2996 1478 Propheta:
3068 1430 3087 1456 ι
3128 1406 3380 1475 Domine,
3419 1406 3475 1463 in

1902 1486 2124 1544 civitate
2177 1496 2271 1545 tua
2318 1492 2579 1564 imagines
2620 1508 2809 1549 eorum
2857 1492 2925 1549 ad
2978 1492 3217 1550 nihilum
3264 1494 3477 1567 rediges

1904 1573 2078 1645 (Psal.
2111 1591 2288 1646 Lxxu,
2329 1580 2444 1651 20).
2472 1604 2491 1629 ο
2564 1579 2715 1637 Nihil
2760 1598 2885 1653 ergo
2923 1581 3141 1653 prodest
3170 1582 3360 1655 legisse
3389 1585 3476 1640 vel

1901 1663 2135 1732 audisse,
2186 1666 2291 1722 nisi
2323 1683 2385 1722 ea
2413 1683 2532 1740 quas
2566 1675 2661 1723 aut
2690 1669 2881 1739 legeris
2916 1677 3011 1725 aut
3039 1670 3277 1728 audieris
3312 1671 3473 1740 bona,

1901 1749 1960 1808 in
1999 1755 2276 1811 memoria)
2323 1754 2577 1813 thesauro
2636 1759 2959 1828 reposueris.
3011 1757 3164 1815 Sicut
3204 1776 3330 1833 ergo
3371 1761 3478 1817 tria

1899 1848 2026 1898 sunt
2059 1841 2114 1899 in
2150 1842 2390 1914 homine,
2434 1844 2490 1901 id
2520 1854 2622 1915 est,
2653 1862 2871 1919 corpus,
2901 1847 3103 1916 anima,
3129 1856 3183 1904 et
3211 1848 3472 1921 spiritus;

188 1943 365 2005 turea,
410 1945 465 1993 et
491 1936 586 2011 qui
616 1944 698 1995 est
727 1936 1124 2011 primogenitus
1151 1953 1221 1995 ex
1250 1936 1503 2007 mortuis,
1546 1936 1613 1995 ad
1644 1936 1791 1994 ima—
1821 1964 1868 2026 Β
1898 1932 1977 1989 sic
2005 1933 2110 1989 tria
2134 1942 2264 1991 sunt
2292 1936 2674 2005 eminentiora,
2720 1951 2839 2011 qua:
2869 1952 2969 1993 nos
2996 1944 3091 1993 aut
3117 1938 3185 1995 ad
3214 1938 3357 1995 bona
3383 1946 3478 1995 aut

188 2029 388 2100 ginem
432 2046 608 2099 suam,
658 2046 821 2105 quam
876 2031 1028 2105 prius
1077 2029 1193 2105 ipse
1242 2028 1581 2098 condiderat,
1634 2027 1787 2084 venit

186 2119 269 2178 de
301 2136 410 2194 qua
437 2119 673 2193 imagine
697 2121 961 2193 scriptum
990 2128 1106 2178 est:
1171 2144 1191 2170 ι
1219 2120 1291 2178 Et
1324 2118 1616 2193 plasmavit
1642 2120 1787 2176 Deus

186 2206 484 2265 hominem
508 2208 577 2265 ad
606 2208 899 2281 imaginem
919 2216 975 2266 et
992 2205 1413 2265 similitudinem
1444 2224 1597 2264 suam
1624 2205 1781 2279 (Gen.

186 2313 235 2366 ι,
273 2298 370 2370 27)
400 2321 419 2346 ι
463 2306 517 2356 et
540 2312 755 2355 carnem
787 2306 1007 2371 propter
1030 2313 1270 2366 carnem,
1300 2294 1572 2353 mediante
1602 2294 1785 2352 anima

187 2386 538 2456 rationabili,
592 2404 663 2445 ex
690 2395 874 2445 sancta
902 2386 1130 2458 Virgine
1158 2388 1329 2445 Maria
1357 2385 1678 2458 suscipiens,
1730 2390 1784 2442 et

185 2476 426 2544 similia,
483 2476 544 2534 id
593 2483 675 2534 est
728 2475 967 2533 animam
1021 2485 1074 2533 et
1132 2492 1375 2545 carnem,
1432 2492 1527 2547 per
1578 2473 1783 2531 similia

187 2564 520 2639 pnriﬁcans,
561 2564 737 2623 factus
764 2572 846 2621 est
874 2580 969 2637 per
997 2564 1184 2621 omnia
1211 2564 1376 2622 homo
1404 2562 1608 2634 absque
1649 2579 1783 2635 pec-

185 2660 343 2711 cato.
393 2653 662 2711 Mediante
690 2669 817 2725 ergo
847 2654 1032 2709 anima
1060 2654 1171 2709 Deo
1213 2662 1267 2709 et
1304 2651 1477 2719 carni,
1527 2650 1638 2719 hic,
1688 2650 1783 2724 qui

185 2757 412 2811 omnes,
455 2742 597 2800 sicut
626 2742 704 2798 ait
730 2742 1049 2815 Apostolus,
1078 2740 1280 2798 divites
1311 2740 1535 2809 faciens,
1579 2756 1783 2813 pauper

184 2833 425 2890 effectus
452 2839 552 2899 est,
607 2837 668 2886 ut
696 2830 849 2886 illius
876 2829 1063 2901 inopia
1106 2845 1205 2884 nos
1236 2828 1442 2885 divinis
1473 2838 1634 2900 atque
1663 2845 1783 2885 coe-

187 2921 429 2979 lestibus
477 2918 689 2976 divitiis
735 2918 1041 2974 ditaremur
1090 2917 1178 2989 (II
1224 2918 1350 2975 Cor.
1384 2935 1506 2983 VIII,
1539 2918 1636 2988 9);
1687 2933 1781 2989 per

187 3009 415 3079 signum
446 3005 583 3062 illud
616 3004 827 3072 salutis,
852 3004 999 3076 quod
1025 3006 1169 3061 Deus
1199 3004 1382 3075 generi
1411 3002 1563 3060 dedit
1592 3002 1781 3061 huma-

186 3113 291 3165 no,
312 3095 530 3153 dicente
545 3095 685 3152 Isaia
704 3092 966 3165 propheta
989 3110 1002 3149 :
1041 3117 1060 3141 ι
1074 3093 1215 3149 Ecce
1230 3092 1500 3150 Dominus
1519 3092 1671 3148 dabit
1685 3108 1777 3151 vo-

184 3187 282 3246 bis
301 3186 518 3259 signum
542 3202 556 3252 ;
579 3199 702 3242 ecce
724 3182 892 3256 Virgo
908 3177 1179 3254 concipiet
1200 3182 1256 3238 in
1274 3191 1508 3251 utero,et
1525 3182 1697 3254 pariet
1716 3181 1776 3239 ii-

1897 2020 1962 2078 ad
1996 2024 2139 2079 mala
2168 2026 2494 2095 perducunt,
2518 2024 2623 2083 hoc
2651 2033 2753 2091 est,
2786 2033 2880 2082 aut
2906 2026 3183 2099 cogitatio,
3212 2034 3306 2082 aut
3328 2028 3474 2087 locu-

1894 2112 1994 2182 tio,
2018 2122 2111 2170 aut
2135 2116 2396 2186 operatio.
2429 2116 2561 2184 Quae
2587 2115 2693 2171 tria
2720 2114 2962 2172 breviter
2991 2114 3227 2187 Spiritus
3257 2125 3476 2176 sanctus

1895 2200 1954 2257 in
1983 2202 2162 2274 primo
2195 2204 2404 2276 psalmo
2431 2203 2867 2277 comprehendit,
2923 2203 3151 2261 dicens:
3217 2230 3236 2254 ι
3280 2204 3477 2265 Beatus

1894 2291 1983 2347 vir
2010 2292 2104 2365 qui
2144 2310 2254 2349 non
2283 2293 2419 2351 abiit
2460 2292 2518 2349 in
2560 2292 2793 2351 consilio
2828 2292 3145 2365 impiorum,
3199 2303 3253 2352 et
3300 2295 3357 2353 in
3386 2296 3476 2353 via

1894 2391 2240 2456 peccatorum
2287 2401 2398 2440 non
2436 2383 2611 2454 stetit,
2664 2392 2719 2441 et
2765 2385 2823 2441 in
2852 2383 3111 2441 cathedra
3152 2384 3475 2458 pestilentiae

1893 2487 2006 2527 non
2035 2472 2176 2528 sedit
2198 2473 2371 2543 (Psal.
2396 2491 2434 2542 ι,
2465 2472 2542 2544 1).
2568 2497 2587 2521 ι
2630 2472 2726 2530 Isti
2756 2479 2883 2529 sunt
2914 2472 3056 2531 terni
3078 2480 3336 2530 stratores
3357 2464 3471 2546 (98)

1892 2557 2118 2630 diaboli,
2169 2560 2264 2633 qui
2305 2561 2515 2618 miseras
2556 2560 2891 2618 insidiantur
2918 2560 3148 2629 animae;
3196 2568 3258 2619 ut
3295 2560 3475 2617 autin

1893 2644 2062 2715 dicto,
2094 2657 2186 2705 aut
2213 2647 2272 2704 in
2302 2648 2467 2719 facto,
2510 2655 2604 2705 aut
2635 2648 2692 2704 in
2723 2648 2970 2722 cogitatu
2995 2666 3113 2705 eam
3144 2648 3374 2706 incitent
3405 2651 3474 2708 ad

1893 2743 2194 2808 peccatum.
2228 2737 2440 2807 Spiritu
2468 2754 2617 2810 ergo,
2647 2738 2851 2806 anima,
2884 2744 2937 2793 et
2965 2754 3191 2810 corpore
3218 2747 3311 2795 aut
3339 2739 3475 2797 bene

1893 2824 2121 2897 agimus,
2142 2834 2236 2881 aut
2266 2826 2406 2881 male
2429 2844 2443 2893 ;
2464 2832 2559 2881 aut
2595 2825 2729 2882 casti
2759 2841 2969 2893 sumus,
2991 2831 3086 2882 aut
3115 2825 3471 2886 fornicamur:

1892 2919 1946 2967 et
1975 2911 2099 2967 ideo
2128 2912 2269 2969 sicut
2298 2914 2450 2970 avari
2478 2923 2639 2986 atque
2669 2920 2911 2987 raptores
2942 2915 3086 2970 servi
3115 2921 3243 2972 sunt
3290 2933 3473 2974 mam-

1892 3015 2067 3055 monae
2092 3018 2106 3067 ;
2148 3009 2201 3056 et
2229 3000 2370 3058 sicut
2402 3002 2675 3075 gluttones
2702 3009 2755 3058 et
2784 3000 2985 3059 ebriosi
3015 3003 3160 3062 servi
3189 3011 3319 3062 sunt
3342 3023 3470 3065 ven-

1891 3088 1993 3145 tris
2021 3097 2180 3162 atque
2210 3089 2496 3159 libidinis;
2550 3094 2629 3150 sic
2657 3108 2819 3148 omne
2850 3099 3128 3164 peccatum
3158 3090 3472 3152 dominatur

1890 3175 2231 3249 hominibus,
2304 3181 2566 3253 probante
2618 3178 2723 3240 hoc
2785 3180 3047 3255 propheta
3104 3198 3168 3241 ac
3215 3182 3466 3244 dicente:

186 3273 714 3344 lium,etvocabitur
727 3289 927 3329 nomen
944 3272 1062 3345 ejus
1077 3274 1424 3340 Emmanuel,
1442 3272 1587 3346 quod
1600 3284 1680 3332 est
1696 3275 1776 3331 in-
1808 3312 1850 3371 C
1901 3295 1920 3320 ι
1949 3272 2130 3329 Erunt
2159 3273 2402 3371 quinque
2432 3273 2684 3332 civitates
2710 3272 2767 3329 in
2798 3281 2943 3371 terra
2968 3275 3213 3371 {Egypth
3247 3275 3469 3351 loquen-

186 3363 875 3439 terpretatum,Nobiscum
898 3364 1042 3419 Deus
1064 3362 1425 3435 (Isa.vu,t!i),
1444 3388 1461 3410 ι
1498 3365 1590 3436 qui
1613 3373 1777 3422 ante-

186 3473 359 3531 quam
393 3456 556 3514 sciret
584 3468 781 3511 vocare
810 3461 1018 3524 patrem
1057 3461 1154 3510 aut
1182 3460 1409 3508 matrem
1439 3468 1612 3521 suam,
1662 3454 1777 3513 bu-

184 3554 381 3617 tyrum
410 3554 465 3602 et
493 3544 602 3601 mel
623 3540 978 3598 manducavit
995 3539 1136 3612 (9’s),
1160 3539 1215 3596 id
1238 3547 1338 3609 est,
1356 3540 1564 3613 Spiritu
1587 3552 1773 3604 sancto

184 3636 433 3708 repletus
484 3640 585 3700 est,
641 3630 799 3701 cujus
846 3628 1097 3684 doctrina
1144 3628 1304 3685 nobis
1355 3628 1569 3687 dulcior
1614 3649 1774 3704 super

183 3726 300 3783 mel
349 3731 404 3781 st
450 3723 638 3779 favum
672 3727 787 3777 est:
837 3718 934 3791 qui
989 3717 1165 3791 spolia
1210 3717 1465 3775 Samaria:
1517 3736 1549 3775 a
1600 3722 1772 3793 magis

183 3812 483 3883 accipiens,
538 3809 723 3875 homo,
770 3822 889 3875 rex,
940 3813 998 3863 et
1043 3808 1188 3864 Deus
1233 3807 1619 3879 comprobatus
1665 3818 1766 3867 est.

183 3902 269 3958 De
322 3899 425 3955 hoc
468 3897 633 3954 etiam
680 3894 920 3963 mirabili
966 3895 1122 3966 signo
1167 3903 1386 3953 sanctus
1431 3897 1651 3953 Simeon
1700 3898 1770 3957 ad

181 3987 412 4047 Mariam
435 3986 718 4057 Virginem
739 3984 878 4040 dicit
899 4001 911 4039 :
951 4008 970 4031 ι
989 3984 1129 4040 Ecce
1149 3983 1240 4041 hic
1260 3985 1471 4056 positus
1488 3996 1567 4043 est
1584 3987 1639 4042 in
1657 3987 1767 4045 ιἰιίο

182 4093 313 4136 nam
336 4084 390 4131 et
412 4076 467 4132 in
487 4072 939 4131 resurrectionem
962 4074 1263 4131 multorum
1283 4076 1340 4131 in
1358 4076 1598 4145 Israel,et
1618 4077 1675 4133 in
1694 4078 1767 4134 si-

184 4182 354 4239 gnum
375 4164 465 4221 cui
486 4163 890 4219 contradicetur
912 4162 1251 4235 (Luc.n,34).
1276 4189 1294 4213 ι
1310 4166 1386 4222 De
1408 4181 1518 4236 quo
1535 4183 1692 4238 signo
1711 4178 1769 4227 et

181 4253 377 4310 beatus
404 4252 681 4322 apostolus
699 4252 900 4307 Paulus
926 4250 1040 4308 ait:
1073 4274 1093 4300 ι
1112 4251 1282 4308 Judaei
1305 4252 1457 4323 signa
1478 4263 1688 4323 petunt,
1709 4263 1765 4312 et

182 4340 361 4400 Graeci
379 4338 699 4410 sapientiam
721 4346 971 4409 quarunt
994 4338 1052 4408 (Ι
1070 4338 1385 4408 Cor.1,2:l).-
1403 4341 1505 4398 Pro
1528 4342 1764 4414 imagine

181 4446 313 4503 ergo
347 4444 444 4484 sua
472 4426 742 4494 Christus,
765 4443 927 4500 quam
960 4427 1018 4482 in
1048 4427 1225 4499 primo
1247 4430 1566 4487 condiderat
1587 4433 1760 4492 homi-

180 4536 273 4589 ne,
318 4532 480 4590 quam
508 4514 720 4570 viderat
754 4513 814 4569 in
844 4513 1067 4570 homine
1098 4514 1304 4572 diaboli
1353 4525 1467 4574 arte
1496 4518 1759 4590 fucatam,

182 4609 336 4667 venit
365 4608 422 4662 in
447 4602 873 4663 similitudinem
910 4603 1028 4673 (95)
1060 4604 1265 4674 peccati
1296 4605 1474 4675 (Rom.
1505 4624 1629 4677 vui,
1656 4611 1754 4681 3),

1889 3369 1969 3418 tes
1998 3362 2186 3433 lingua
2203 3360 2460 3420 Chanaan
2485 3363 2618 3431 (Isa.
2643 3379 2762 3432 xxx,
2790 3361 2902 3434 18),
2925 3387 2944 3411 ι
2980 3361 3085 3419 hoc
3108 3371 3207 3432 est,
3228 3363 3468 3439 quinque

1888 3466 2078 3509 sensus
2106 3452 2367 3518 carnales,
2395 3449 2490 3524 qui
2521 3451 2731 3508 miserae
2752 3450 2946 3508 animae
2976 3449 3216 3508 tenebris
3240 3451 3467 3526 Egypti

1887 3555 2152 3611 oppressae
2184 3539 2518 3613 loquuntur;
2540 3539 2813 3612 JEgyptus
2838 3539 2984 3595 enim
3007 3556 3331 3613 persequens
3349 3541 3466 3603 sive

1886 3628 2158 3685 tribulans
2202 3637 2364 3702 atque
2403 3636 2684 3686 coarctans
2727 3628 3131 3699 interpretatur.
3184 3627 3302 3687 Nisi
3339 3646 3464 3704 ergo

1884 3717 2195 3792 aquilonem
2219 3717 2639 3789 frigidissimum
2654 3726 2878 3775 ventum
2897 3719 3075 3774 calore
3091 3717 3464 3786 ﬁdei,Christo

1884 3825 1985 3865 nos
2002 3806 2253 3880 juvante,
2306 3808 2401 3879 qui
2435 3807 2578 3866 bona
2616 3816 2671 3864 et
2705 3807 2863 3864 docet
2894 3816 2947 3866 et
2974 3807 3276 3865 delectatur
3322 3809 3462 3884 (99),

1883 3898 2210 3967 vicerimus;
2265 3899 2448 3955 statim
2504 3898 2665 3955 nobis
2715 3898 2950 3954 calorem
3009 3896 3463 3969 concupiscentia

1882 3997 2043 4062 atque
2080 3989 2327 4046 libidinis
2357 3988 2665 4046 suscitabit.
2717 3990 3046 4045 Attenuetur
3071 4003 3202 4060 ergo
3237 3984 3464 4060 jejuniis

1880 4093 2024 4146 caro,
2078 4086 2132 4133 et
2162 4077 2591 4135 circumcidatur
2619 4074 2772 4132 omni
2803 4075 3260 4147 concupiscentiis
3287 4077 3463 4134 cultro

1881 4168 1987 4240 (1),
2024 4182 2124 4223 nec
2152 4176 2338 4240 regnet
2368 4174 2650 4240 peccatum
2685 4165 2741 4221 in
2771 4173 2959 4221 nostro
2991 4163 3209 4221 mortali
3239 4182 3463 4239 corpore

1881 4254 2059 4327 (Rom.
2089 4272 2170 4322 Vl,
2202 4256 2291 4324 12)
2318 4274 2332 4323 ;
2384 4263 2447 4312 ut
2475 4253 2710 4324 effugere
2742 4254 3018 4309 consortia
3048 4250 3239 4309 mundi
3271 4262 3325 4310 et
3357 4270 3465 4326 op-

1881 4343 2106 4416 probria
2133 4342 2341 4398 diaboli
2374 4342 2664 4415 possimus.
2717 4339 2995 4414 Jejunium
3025 4356 3172 4413 ergo,
3202 4340 3462 4399 contritio

1875 4438 2038 4504 atque
2072 4430 2389 4488 humiliatio
2428 4429 2625 4488 animae
2671 4436 2790 4488 est:
2836 4428 3061 4486 afﬂictio
3108 4437 3288 4485 autem
3335 4446 3459 4488 cor-

1871 4521 2040 4592 poris.

1944 4609 2171 4667 CAPUT
2209 4609 2389 4670 XVII.
2419 4640 2489 4653 —
2516 4609 2644 4666 Haec
2672 4606 2740 4664 de
2764 4605 3005 4677 imagine
3034 4604 3152 4673 Dei,
3201 4604 3268 4663 ad
3295 4621 3457 4681 quam

181 4663 244 4757 ut
255 4663 549 4755 hominem
570 4710 666 4767 per
689 4663 995 4766 passionem
1008 4663 1137 4765 (96)
1160 4663 1338 4754 crucis
1357 4703 1411 4753 et
1432 4663 1758 4761 mortem“
1788 4663 1841 4725 Ι)
1868 4663 2060 4755 factus
2074 4663 2162 4756 est
2189 4663 2386 4767 homo,
2425 4663 2576 4755 dicta
2615 4663 2910 4752 sufﬁciant“.
2961 4692 3119 4751 Nunc
3137 4663 3345 4750 'autem
3389 4692 3458 4753 ad

182 4788 467 4861 pristinam
496 4791 776 4840 revocaret
804 4784 1130 4854 imaginem:
1179 4800 1297 4856 quae
1328 4784 1505 4856 imago
1537 4804 1630 4857 per
1661 4789 1757 4845 in-

182 4874 388 4932 curiam
419 4872 640 4945 quidem
688 4870 968 4927 obscurari
1004 4878 1202 4943 potest,
1249 4872 1421 4928 deleri
1451 4882 1630 4931 autem
1661 4893 1757 4948 per

183 4971 428 5020 naturam
458 4975 568 5017 non
598 4966 795 5033 potest.
831 4960 910 5017 De
935 4958 1037 5016 hac
1066 4960 1303 5031 imagine
1339 4961 1418 5018 ait
1444 4962 1752 5038 Propheta:

275 5150 368 5219 92)
408 5149 533 5205 Vat.
570 5147 715 5216 cod.,
750 5147 975 5203 unitatis
997 5150 1309 5219 exemplum.

275 5222 368 5291 93)
408 5220 554 5275 Idem
581 5220 728 5291 cod.,
758 5219 814 5274 in
844 5220 943 5289 ﬁde
969 5220 1223 5287 dogmatis
1253 5220 1440 5276 nostri.

276 5292 369 5359 94)
410 5292 565 5346 Rom.
620 5290 776 5358 edit.,
817 5292 1164 5345 Emmanuel:
1205 5293 1295 5359 qui
1321 5298 1599 5361 antequam
1620 5292 1752 5348 sciat

183 5379 360 5441 qocare
417 5368 782 5441 patremout
843 5367 1063 5441 matrem
1120 5363 1750 5441 arripiet.fortitudinem

182 5433 463 5495 Damasci;
493 5439 542 5486 et
568 5433 814 5502 butyrum
844 5438 891 5485 et
918 5434 1014 5487 met
1040 5434 1395 5488 manducabit.

251 5505 363 5571 (95)
406 5502 607 5557 Eadem
640 5504 795 5557 hom.
822 5502 975 5573 edit.,
1010 5504 1187 5557 carnis
1210 5505 1423 5573 peccati.

250 5575 365 5645 (96)
406 5574 607 5627 Eadem
624 5573 778 5628 Rom.
800 5572 955 5639 edit.,
968 5591 1062 5643 per
1087 5572 1283 5643 lignum
1295 5573 1749 5645 prievaricationis

180 5652 339 5699 morte
370 5645 708 5714 damnatum,
725 5660 820 5713 per
840 5646 1156 5714 passionem,
1182 5655 1286 5703 etc.

250 5716 366 5787 (97)
409 5715 567 5773 Rom.
624 5711 784 5785 edit.,
838 5711 1017 5787 Imago
1070 5711 1292 5788 namque
1347 5717 1446 5773 Dei
1496 5715 1746 5787 excludit,

182 5790 279 5843 etc.

472 5952 501 5965 α

1876 4786 2123 4843 ordinem
2157 4794 2516 4842 revertamur.
2570 4784 2653 4837 Ex
2685 4777 2854 4836 matre
2886 4797 3011 4851 ergo
3056 4780 3269 4850 virgine
3296 4790 3456 4838 natus

1874 4884 1958 4930 est
1986 4876 2129 4932 inter
2162 4875 2435 4941 homines,
2467 4874 2587 4928 sine
2618 4870 2843 4926 homine
2869 4876 3057 4941 patre;
3091 4868 3220 4942 quia
3248 4878 3455 4941 patrem
3562 4888 3565 4891 ·

1872 4960 2047 5019 Deum
2087 4963 2322 5021 habebat
2368 4963 2427 5017 in
2456 4960 2635 5027 catis,
2691 4973 2852 5030 quem
2900 4971 3096 5029 negare
3136 4971 3248 5015 non
3296 4972 3455 5017 vene-

1945 5153 2063 5226 (98)
2099 5148 2497 5226 Eademﬁom.
2521 5143 3148 5226 edit.,jternistratores,
3170 5143 3398 5226 emenda
3426 5163 3455 5226 e

1872 5217 1982 5281 vat.
2016 5217 2137 5280 cod.
2189 5220 2323 5277 terni
2353 5224 2624 5274 stratores.
2676 5217 2776 5271 Est
2804 5224 2982 5271 autem
3016 5222 3238 5288 strator,
3284 5218 3331 5272 is
3360 5217 3456 5288 qui

1910 5293 2135 5364 rincipis
2161 5308 2361 5364 equum
2396 5288 2673 5364 insternit,
2704 5296 2756 5364 e_t
2786 5304 3151 5364 conscensurq
3176 5286 3449 5364 admovet.

1910 5314 2135 5364 l‘lIlClpls
2161 5314 2361 5363 equum
2396 5314 2673 5355 luswnut,
2704 5314 2756 5343 υι
2786 5314 3148 5342 υυιιδυυιιδυιύ
3176 5314 3449 5341 uuuruvut.

1868 5314 2057 5424 Rihilu
2084 5371 2262 5417 autem
2285 5358 2693 5417 incommodius
2714 5358 2841 5428 Reg.
2865 5357 2986 5414 cod.
3015 5356 3151 5428 terni
3177 5363 3453 5428 stratores;

1871 5435 2035 5490 iidem
2073 5432 2343 5503 siquidem
2374 5437 2627 5508 stratores
2659 5428 2946 5508 dicuntur,
2996 5427 3111 5508 qui.
3138 5433 3191 5481 et
3233 5427 3452 5508 lictores

1867 5498 2329 5577 apparitoresque,
2378 5520 2411 5558 a
2456 5500 2656 5574 quibus
2685 5498 2896 5556 scilicet
2935 5498 3201 5570 quispiam
3238 5498 3451 5556 sistitur

1866 5574 2009 5631 apud
2042 5574 2268 5631 iudices.

1900 5593 2009 5648 puu
2034 5593 2268 5645 JllﬂlCeS.
2915 5640 2924 5649 ο

1941 5649 2057 5715 (99)
2096 5646 2299 5700 Eadem
2331 5646 2490 5701 Rom.
2523 5642 2682 5710 edit.,
2718 5638 3018 5715 melioribus
3050 5637 3352 5715 delectatur.

1966 5649 2057 5715 99)
2096 5649 2299 5700 Eadem
2332 5649 2490 5701 Rom.
2523 5649 2682 5710 edit.,
2718 5649 3018 5695 melioribus
3050 5649 3352 5693 delectatur.

1940 5649 2021 5788 (1)
2063 5716 2266 5771 Eadem
2299 5716 2460 5788 Rom.
2482 5715 2641 5785 edit.,
2659 5712 2896 5784 spiritali
2914 5709 3318 5770 circumsidetur
3340 5722 3445 5767 om-

1867 5786 1957 5844 nis
1975 5787 2385 5861 concupiscentia
2413 5788 2602 5844 cultro.
