3972 6366
519 438 620 504 859

1575 431 1672 490 AD
1711 432 1942 489 QPERA
1979 429 2036 485 S.
2064 427 2394 485 AMBROSIl
2434 414 2807 482 APPENDIX.

3723 405 3833 472 560

523 571 630 632 rat,
657 565 722 618 ut
751 574 824 617 ex
851 557 966 614 alio
997 563 1330 613 nasceretur.
1374 555 1599 625 Propter
1633 552 1957 609 sententiam
1988 566 2115 621 ergo
2146 555 2198 612 Α
2227 549 2422 614 minis;
2461 548 2590 620 quia
2615 547 2682 603 ab
2711 563 2796 611 eo,
2827 560 2940 600 non
2966 542 3034 599 de
3060 557 3124 598 eo
3154 540 3296 598 facta
3321 547 3421 598 est.
3488 541 3636 596 Deus
3672 537 3828 594 enim

523 651 652 709 Eva
683 646 935 720 virginis,
1011 661 1173 717 quam
1221 651 1342 716 post
1386 647 1669 714 peccatum
1707 640 1923 710 excepit
1968 638 2122 709 (Gen.

542 754 628 806 III,
661 735 778 808 16),
807 747 928 806 qua
955 747 1084 788 cum
1115 729 1444 786 immortalis
1473 737 1633 796 esset,
1664 735 1786 799 post
1815 735 2127 796 transgres-

527 828 742 883 sionem
761 822 954 879 eﬂ‘ecta
983 819 1232 876 mortalis
1255 825 1356 885 est,
1379 819 1494 889 ipse
1523 832 1618 888 per
1643 814 1917 886 virginem
1947 812 2124 870 venit:

523 921 579 971 et
599 913 744 970 sicut
770 925 867 984 per
892 907 1166 980 virginem
1231 921 1378 961 mors
1419 903 1700 960 dominata
1735 909 1853 968 est;
1908 900 1986 956 ita
2028 915 2124 971 per

529 1002 768 1063 Mariam
805 998 1090 1071 Virginem
1121 995 1275 1052 venit
1304 994 1417 1062 ille,
1467 993 1562 1066 qui
1593 999 1823 1048 mortem
1853 990 2118 1046 vinceret.

543 1093 772 1151 Occasio
801 1088 995 1146 mortis
1037 1087 1278 1158 ingressa
1305 1100 1400 1156 per
1429 1083 1638 1155 lignum
1675 1089 1775 1148 est,
1819 1080 1911 1136 scd
1946 1086 2120 1135 morte

541 1178 767 1238 Domini
795 1194 890 1250 per
921 1177 1130 1248 lignum
1167 1172 1392 1228 exclusa
1437 1177 1558 1225 est:
1609 1168 1808 1224 mulier
1845 1168 1913 1223 de
1952 1168 2120 1223 latere

539 1265 648 1323 viri
676 1263 1002 1323 dormientis
1031 1260 1296 1335 producta
1325 1265 1404 1315 est
1435 1258 1589 1330 (Gen.
1623 1271 1686 1323 ιι,
1708 1255 1799 1326 22)
1827 1253 2120 1322 ;similiter

535 1362 718 1411 autem
746 1361 800 1410 et
825 1349 1070 1410 Ecclesia
1091 1349 1160 1406 de
1193 1350 1358 1405 latere
1381 1344 1587 1403 Christi
1609 1344 1667 1400 in
1689 1359 1850 1400 cruce
1882 1358 1977 1414 per
2001 1357 2116 1414 pas-

539 1441 750 1499 sionem
796 1447 850 1496 et
895 1454 1142 1511 soporem
1191 1435 1383 1492 mortis
1410 1435 1642 1490 formata
1683 1437 1784 1487 est.
1835 1430 1921 1485 Ex
1951 1429 2119 1484 latere

539 1527 650 1585 viri
678 1529 912 1586 formata
938 1536 1020 1584 est
1046 1525 1286 1590 femina;
1313 1531 1367 1580 et
1396 1521 1520 1578 ideo
1544 1521 1603 1576 in
1630 1521 1794 1576 latere
1815 1516 2118 1590 percutitur

538 1616 826 1684 Dominus,
858 1621 920 1670 ut
948 1630 1046 1687 pro
1075 1613 1305 1669 muliere
1332 1610 1420 1666 vir
1450 1609 1710 1682 patiatur,
1749 1623 1819 1663 ex
1846 1605 2005 1678 cujus
2044 1605 2118 1660 la-

538 1712 652 1761 tere
677 1703 912 1760 formata
935 1709 1036 1769 est,
1061 1717 1180 1774 quae
1209 1715 1335 1757 eum
1363 1699 1534 1755 suasit
1566 1697 1671 1768 (2).
1688 1694 1794 1752 Sed
1813 1693 2114 1762 videamus,

535 1791 666 1864 quia
694 1792 846 1848 locus
873 1788 1106 1862 expetit,
1151 1787 1263 1859 jam
1293 1785 1426 1859 quid
1458 1783 1732 1841 haereticis
1775 1780 2120 1854 responden-

2237 637 2538 693 invisihilis
2566 645 2666 703 est,
2689 633 3147 706 incorruptibilis,
3176 630 3632 704 impenetrabilis,
3671 629 3826 684 inco-

2237 723 2596 796 inquinabilis
2619 723 2723 794 (8),
2741 723 2836 796 qui
2865 722 3018 778 nulla
3043 728 3288 796 exparte
3315 719 3594 791 corrumpi
3613 723 3824 790 potest,

2235 821 2291 870 et
2329 813 2420 870 cui
2448 814 2603 869 nulla
2639 828 2708 868 ex
2750 821 2902 884 parte
2930 810 3115 868 noceri
3141 817 3354 883 potest:
3402 808 3586 866 anima
3623 815 3822 862 autem

2235 901 2496 971 hominis,
2549 919 2670 974 quae
2697 904 2843 958 Deus
2871 918 2984 958 non
3012 909 3112 969 est,
3159 898 3364 971 peccati
3396 913 3568 969 capax
3608 904 3718 963 est,
3771 899 3828 950 et

2233 989 2293 1047 in
2319 1007 2566 1047 aerumna
2593 999 2862 1059 versatur,
2907 999 2961 1047 et
2988 989 3046 1045 in
3079 988 3374 1044 falsitatem
3397 985 3640 1052 ducitur,
3690 991 3833 1038 ten-

2231 1087 2402 1149 tatur,
2423 1088 2674 1148 caacatur,
2700 1077 3083 1145 conturbatur,
3115 1075 3486 1148 corrumpitur
3515 1075 3622 1147 (9),
3646 1071 3834 1144 capti-

2231 1176 2430 1234 vatur;
2454 1175 2508 1223 et
2536 1167 2660 1224 ideo
2689 1167 2896 1222 virtute
2934 1165 3145 1237 indiget
3174 1163 3502 1219 liberatoris.
3526 1162 3656 1217 Haec
3689 1173 3832 1229 ergo

2234 1255 2466 1312 mutatio
2493 1255 2708 1324 animm,
2756 1254 2874 1310 hac
2900 1253 3136 1309 varietas
3163 1249 3404 1307 ostendit
3434 1247 3574 1304 mihi
3622 1245 3833 1302 mani-

2229 1343 2362 1399 feste
2407 1343 2552 1414 quod
2597 1341 2779 1396 anima
2821 1338 3064 1396 hominis
3104 1353 3205 1394 nec
3252 1339 3418 1404 Deus,
3468 1351 3568 1391 nec
3595 1333 3666 1389 de
3700 1330 3834 1403 ejus

2229 1432 2535 1488 substantia
2561 1431 2670 1498 sit;
2725 1445 2852 1486 nam
2898 1429 2945 1484 si
2987 1427 3173 1483 anima
3217 1425 3461 1482 hominis
3505 1419 3836 1480 substantia

2226 1521 2326 1578 Dei
2354 1528 2456 1588 est,
2476 1519 2776 1578 secundum
2803 1517 2928 1574 illos
2955 1516 3050 1590 qui
3083 1515 3190 1572 hoc
3217 1514 3430 1584 dicunt,
3453 1514 3834 1571 contristatur

2227 1608 2532 1665 substantia
2569 1608 2692 1677 Dei,
2743 1605 3018 1678 decipitur
3046 1603 3351 1660 substantia
3400 1603 3522 1670 Dei,
3578 1608 3834 1658 caecatur

2227 1695 2532 1752 substantia
2566 1693 2688 1760 Dei,
2738 1692 3113 1763 corrumpitur
3167 1691 3284 1762 (10)
3338 1688 3651 1744 substantia
3691 1685 3824 1754 Dei,

2227 1783 2535 1856 captivatur
2572 1780 2875 1838 substantia
2909 1779 3046 1846 Dei;
3093 1785 3148 1834 et
3190 1776 3352 1832 modo
3399 1774 3718 1846 judicatur,
3769 1779 3830 1830 et

531 1860 665 1934 dum
693 1877 786 1946 sit,
833 1877 930 1951 qui
950 1860 1200 1942 animam
1229 1875 1361 1932 Adae
1401 1881 1496 1930 aut
1525 1872 1832 1946 portionem
1879 1869 1978 1926 Dei
2005 1883 2118 1926 esse
2144 1891 2192 1952 Β
2229 1870 2288 1927 in
2315 1869 2406 1926 die
2427 1867 2627 1940 judicii
2656 1882 2818 1924 carne
2847 1871 3096 1937 suscepta
3122 1880 3248 1922 cum
3277 1861 3497 1919 diabolo
3525 1860 3585 1916 in
3606 1867 3827 1916 mtemo

536 1967 852 2034 volunt,aut
866 1973 992 2022 ante
1004 1979 1128 2020 eum
1147 1963 1540 2034 factam,quam
1556 1959 1674 2033 ejus
1689 1975 1886 2032 corpus
1897 1958 1964 2014 de
1979 1965 2122 2012 terra

532 2053 866 2126 ﬁngeretur:
917 2053 1062 2126 quod
1091 2068 1314 2124 prorsus
1339 2051 1582 2108 alienum
1630 2065 1662 2104 a
1691 2047 1798 2104 ﬁde
1827 2045 2117 2112 catholica,

537 2151 595 2200 et
611 2149 930 2199 extraneum
951 2149 1050 2198 est.
1081 2141 1356 2213 Scriptum
1380 2155 1620 2212 namque
1649 2145 1730 2193 est
1750 2137 1881 2209 quia
1924 2158 1942 2182 ι
1968 2135 2125 2206 plas-

536 2231 711 2290 mavit
729 2233 873 2288 Deus
891 2229 1170 2286 hominem
1191 2230 1258 2286 de
1280 2229 1415 2284 limo
1433 2236 1592 2284 terrae
1609 2223 2038 2296 (3)(Gen.n,7),n
2063 2227 2118 2277 et

547 2344 569 2368 ι
598 2328 720 2392 post
747 2319 1160 2392 plasmationem
1193 2317 1495 2374 insuﬂlavit
1513 2316 1572 2372 in
1592 2329 1654 2368 eo
1677 2311 1933 2384 spiritum
1954 2309 2118 2376 vitae;

535 2417 592 2466 et
614 2407 792 2466 factus
811 2416 892 2464 est
909 2407 1076 2462 homo
1097 2405 1156 2462 in
1177 2405 1413 2462 animam
1436 2402 1714 2456 viventem
1739 2396 1904 2468 (Ibid.
1921 2401 1974 2450 et
1987 2395 2114 2466 Sap.

537 2513 636 2565 xv,
671 2497 782 2568 11).
821 2521 840 2545 ι
899 2495 1055 2564 Quod
1085 2494 1163 2550 ita
1192 2509 1307 2550 esse
1337 2492 1466 2546 Eva:
1498 2483 1746 2542 mulieris
1782 2499 1893 2538 non
1931 2482 2122 2541 edocet

540 2584 872 2656 exemplum,
891 2600 1011 2658 quae
1044 2599 1170 2641 cum
1201 2581 1268 2636 de
1295 2585 1444 2636 costa
1472 2575 1604 2632 Adae
1625 2573 1682 2628 in
1704 2572 1991 2628 mulierem
2012 2571 2120 2628 for-

541 2679 686 2728 mata
735 2679 894 2741 esset,
942 2680 1129 2745 postea
1173 2667 1412 2723 animam
1458 2678 1490 2718 a
1538 2662 1652 2718 Deo
1698 2659 1942 2732 accepit;
1998 2675 2122 2732 quae

541 2765 838 2826 creationis
863 2765 1042 2822 forma
1069 2777 1240 2835 usque
1267 2758 1334 2815 ad
1353 2757 1520 2812 ﬁnem
1541 2753 1736 2811 mundi
1757 2752 1815 2808 in
1836 2753 1995 2809 nobis
2013 2767 2122 2808 ser-

540 2865 722 2926 vatur,
762 2856 905 2914 sicut
931 2856 1097 2912 Isaias
1127 2847 1390 2923 propheta
1416 2852 1649 2904 testatur
1676 2843 1896 2900 dicens:
1967 2867 1986 2890 ι
2013 2841 2120 2910 Qui

533 2950 736 3006 format
761 2945 1015 3019 spiritum
1043 2936 1287 2998 hominis
1315 2935 1373 2990 in
1403 2951 1467 2991 eo
1507 2935 1642 3006 (Isa.
1673 2949 1828 3000 κων,
1863 2932 1920 3004 2)
1945 2949 1959 2998 ;
1980 2955 2000 2980 ιι
2067 2939 2122 2988 et

537 3035 716 3094 David
770 3033 893 3106 (la):
965 3027 1116 3096 «Qui
1167 3023 1331 3080 ﬁnxit
1376 3022 1660 3094 sigillatim
1718 3019 1885 3077 corda
1933 3033 2122 3076 eorum

541 3123 718 3196 (Psat.
750 3133 970 3184 xxxvn,
1015 3113 1130 3186 15).
1160 3136 1179 3160 ι
1245 3112 1390 3182 Ergo
1422 3109 1722 3166 secundum
1757 3115 1866 3163 tam
1896 3107 2124 3163 evidens

2230 1958 2355 2030 igne
2383 1955 2738 2014 damnabitur
2767 1954 2921 2027 (11);
2963 1950 3110 2025 quod
3141 1965 3304 2023 quam
3329 1948 3402 2005 sit
3428 1946 3685 2020 impium,
3723 1947 3850 2019 quié

2229 2063 2422 2103 sanum
2453 2044 2612 2117 sapit,
2658 2041 2939 2114 intelligit.
2990 2039 3202 2098 Clamat
3231 2037 3346 2110 ipse
3372 2034 3642 2092 Dominus
3668 2049 3825 2106 apo-

2228 2136 2396 2194 stolos
2442 2151 2570 2191 suos
2606 2133 2942 2200 confortans,
2980 2143 3044 2184 ac
3078 2127 3252 2184 dicit:
3321 2147 3340 2172 ι
3384 2123 3563 2181 Nolite
3607 2121 3818 2179 timere

2229 2239 2320 2280 eos
2348 2221 2444 2294 qui
2471 2219 2730 2278 occidunt
2758 2231 2976 2290 corpus,
3023 2213 3264 2270 animam
3294 2218 3474 2268 autem
3513 2226 3628 2268 non
3667 2226 3851 2294 pos--x

2228 2276 2668 2374 suntloccidere;
2713 2305 2807 2363 sed
2855 2276 2983 2359 eum
3025 2303 3218 2359 timete
3253 2301 3347 2373 qui
3378 2306 3554 2372 potest
3596 2306 3652 2354 et
3667 2276 3852 2354 ’δαί-³

2229 2414 2374 2454 mam
2421 2403 2475 2452 et
2519 2411 2716 2467 corpus
2761 2391 2986 2466 perdere
3036 2390 3096 2446 in
3149 2388 3448 2462 gehennam
3506 2386 3719 2458 (Matth.
3754 2402 3818 2455 ι,

2227 2487 2343 2557 28).
2375 2509 2394 2534 ι
2450 2481 2730 2556 Numquid
2771 2479 3072 2537 secundum
3119 2479 3252 2534 istos
3285 2491 3533 2543 vesanos,
3579 2481 3641 2528 ut
3684 2471 3818 2543 jam

2229 2574 2437 2632 dictum
2467 2582 2568 2641 est,
2616 2570 2922 2644 portionem
2950 2577 3044 2625 aut
3068 2577 3320 2624 naturam
3345 2581 3497 2622 suam
3537 2564 3684 2619 Deus
3706 2561 3823 2632 ju-

2228 2662 2432 2720 dicabit
2451 2661 2480 2718 ?
2523 2659 2703 2717 Absit.
2734 2659 2807 2716 Et
2837 2657 2961 2714 ideo
2990 2656 3050 2712 in
3077 2655 3212 2728 ipsis
3238 2652 3578 2726 corporibus,
3602 2649 3820 2723 quibus

2228 2751 2344 2808 nati
2393 2766 2601 2818 sumus,
2654 2756 2708 2804 et
2743 2763 2814 2802 ex
2855 2745 3056 2818 quibus
3095 2743 3292 2800 anima
3334 2749 3534 2798 nostrai
3577 2753 3818 2811 egressa

2229 2841 2432 2898 mortui
2463 2855 2670 2906 sumus,
2720 2837 2778 2893 in
2813 2836 2946 2908 ipsis
2974 2843 3097 2908 post
3125 2831 3578 2890 resurrectionem
3607 2827 3820 2884 anima

2228 2935 2453 2996 nostrae,
2503 2929 2616 2983 Deo
2643 2923 2894 2996 jubente,
2944 2922 3262 2988 introeunt;
3312 2926 3366 2976 et
3404 2921 3718 2988 resurgunt,
3771 2914 3822 2970 si

2227 3017 2373 3073 bona
2401 3015 2647 3072 fecerunt
2678 3013 2820 3085 (12),
2850 3011 2910 3067 in
2939 3008 3393 3067 resurrectionem
3423 3005 3552 3061 vitae
3575 3003 3646 3060 ad
3678 3002 3822 3075 glo-

2232 3105 2368 3178 riam
2401 3101 2554 3172 regni
2584 3100 2845 3156 coelorum
2875 3094 3316 3168 percipiendam:
3367 3092 3414 3148 si
3447 3098 3635 3148 autem
3669 3090 3846 3147 mala‘

545 3176 629 3283 (5)
652 3204 985 3277 exemplum,
1003 3217 1104 3258 nec
1133 3199 1284 3272 prior
1313 3207 1392 3256 est
1431 3197 1614 3254 anima
1641 3211 1888 3268 corpore,
1913 3211 2016 3251 nec
2033 3211 2126 3250 an-
2149 3227 2196 3288 Ο
2232 3176 2478 3261 egerunt,
2504 3187 2563 3242 in
2591 3185 3044 3242 resurrectionem
3069 3180 3266 3252 judicii
3295 3187 3349 3234 et
3376 3176 3744 3249 opprobrium
3768 3185 3824 3235 et

1232 3286 1241 3288 _
1340 3286 1351 3288 Α
1532 3285 1540 3288 .
1764 3285 1774 3288 _
2078 3283 2090 3288 -
2345 3275 2366 3288 Α
2433 3275 2444 3286 -
2779 3271 3021 3288 ,°.,,,,-___
3097 3266 3249 3288 ﬂ---)
3284 3265 3354 3288 ΞΛ-
3387 3267 3635 3288 tua-ﬂ...
3675 3279 3794 3288 --.-

543 3305 632 3356 tea
657 3293 898 3356 condita,
920 3304 1020 3346 nec
1048 3303 1118 3344 ex
1145 3286 1246 3344 Dei
1271 3285 1600 3353 substantia,
1631 3300 1733 3341 nec
1759 3285 1818 3340 in
1847 3283 2122 3356 corporeis

542 3392 706 3457 atque
733 3375 1202 3438 irrationabilibus
1233 3375 1516 3441 creaturis,
1539 3380 1601 3428 ut
1629 3371 1874 3428 haeretici
1901 3371 2120 3438 volunt,

545 3470 724 3528 multo
752 3471 878 3520 ante
903 3462 1015 3535 jam
1046 3471 1290 3536 tempore
1323 3462 1507 3518 nescio
1551 3459 1648 3516 ubi
1686 3461 1854 3516 fuisse
1880 3473 2123 3516 conver-

539 3563 678 3620 sata,
706 3549 852 3622 quod
883 3550 1028 3607 unde
1055 3551 1309 3622 probent,
1341 3565 1453 3605 non
1480 3547 1702 3604 habent.

620 3643 768 3704 334
795 3639 1022 3698 CAPUT
1058 3639 1260 3697 XVIII.
1291 3668 1362 3680 -
1379 3637 1640 3704 Quotidie
1668 3652 1796 3708 ergo
1821 3637 1967 3694 Deus
1995 3649 2122 3691 ma-

534 3739 752 3812 iestatis
788 3739 848 3795 in
875 3735 1158 3811 plasmatis
1188 3734 1301 3806 jam
1343 3732 1666 3805 corporibus
1705 3732 1916 3788 animas
1964 3731 2120 3799 facit,

541 3833 597 3884 et
624 3827 898 3894 immittit,
949 3825 1091 3882 sicut
1115 3823 1328 3896 Moyses
1368 3821 1648 3894 legislator
1692 3817 1760 3876 de
1799 3817 2122 3876 mulieribus

541 3913 950 3988 praegnantibus
978 3919 1242 3978 testatur;
1276 3925 1396 3982 quae
1425 3909 1746 3976 formatum,
1775 3915 1869 3962 aut
1887 3905 2120 3963 necdum

541 4003 837 4060 formatum
853 4001 1118 4058 infantem
1141 3997 1347 4055 habent
1369 3997 1450 4069 (6)
1475 3997 1680 4068 (Exod.
1701 4012 1821 4063 xxr,
1845 3994 1914 4050 23
1933 4001 1986 4050 et
2001 3993 2116 4064 24).

549 4090 708 4160 Quod
737 4090 815 4148 ita
841 4106 957 4147 esse
982 4087 1304 4160 comprobat
1330 4085 1602 4142 Dominus
1629 4082 1853 4140 dicens:
1919 4106 1938 4128 ι
1966 4082 2124 4138 Pater

546 4195 702 4238 meus
727 4193 898 4252 usque
923 4175 1087 4232 modo
1117 4181 1396 4246 operatur,
1418 4179 1473 4228 et
1490 4188 1590 4243 ego
1609 4187 1807 4242 operor
1827 4169 1910 4240 (7)
1939 4169 2120 4240 (Joan.

544 4285 604 4338 ν,
639 4268 753 4341 17).
784 4291 804 4316 ι
845 4265 999 4322 Sicut
1028 4280 1157 4334 ergo
1177 4261 1410 4334 impium
1431 4268 1514 4318 est
1531 4260 1772 4316 animam
1797 4257 2037 4314 hominis
2055 4256 2126 4314 de

547 4353 858 4416 substantia
883 4353 1004 4418 Dei,
1035 4351 1121 4407 vel
1151 4349 1394 4405 animam
1421 4364 1491 4404 ex
1520 4347 1706 4403 anima
1731 4345 1842 4403 dici
1873 4363 1886 4401 :
1919 4344 1996 4400 ita
2022 4345 2124 4402 im-

545 4443 701 4518 pium
739 4449 822 4499 est
862 4439 1043 4498 dicere
1074 4439 1222 4512 quod
1265 4443 1392 4492 ante
1420 4434 1836 4507 plasmationem
1882 4433 2126 4506 corporis

546 4534 688 4592 facta
709 4531 816 4600 sit;
837 4545 962 4588 cum
994 4528 1108 4600 ipse
1139 4526 1316 4583 Adam
1347 4525 1666 4598 proclamet,
1705 4523 1926 4580 dicens:

548 4637 698 4680 nunc
751 4635 814 4676 os
853 4633 925 4674 ex
961 4615 1174 4674 ossibus
1210 4615 1368 4682 meis,
1423 4621 1479 4670 et
1522 4627 1648 4668 caro
1693 4611 1763 4668 de
1805 4625 1968 4666 carne
2012 4624 2132 4666 mea

550 4710 707 4784 (Gen.
739 4725 802 4778 II,
830 4704 946 4780 23).
967 4728 988 4756 ι
1021 4703 1193 4762 Aliud
1220 4718 1347 4776 ergo
1375 4707 1456 4758 est
1474 4703 1639 4770 Deus,
1661 4698 1812 4756 aliud
1831 4698 2013 4756 anima
2030 4696 2128 4754 ho-

627 4876 713 5019 (2)
747 4879 907 4935 Rom.
937 4875 1095 4944 edit.,
1125 4873 1395 4954 suasitad
1423 4869 1902 4948 transgressionem.

655 4949 689 5004 3
751 4948 956 5004 Eadem
1011 4948 1170 5003 Rom.
1222 4945 1380 5013 edit.,
1437 4943 1708 5014 pulverem
1753 4953 1902 5010 accsz

556 4937 722 5072 te
751 4948 956 5004 Eadem
1011 4937 1170 5003 Rom.
1222 4943 1380 5013 edit.,
1437 4937 1708 5014 pulverem
1753 4937 2008 5010 accipiens
2067 4937 2132 4992 de

605 5034 722 5072 rm.

631 5085 714 5157 (4)
745 5085 958 5166 ,Εδάςῐῐι
985 5087 1142 5166 Rom.
1161 5157 1172 5166 .
1190 5086 1348 5152 edit.,
1385 5082 1536 5166 sicut
1559 5081 1767 5166 sap-iens
1796 5081 2016 5166 {inpium
2035 5093 2132 5166 te-

559 5147 779 5227 darg'uit
802 5172 823 5221 ;
849 5157 1124 5227 Quoniam
1153 5147 1418 5225 ignoravit
1445 5153 1537 5223 qui
1563 5147 1720 5224 ﬁnxit
1745 5169 1817 5227 se,
1846 5147 1894 5227 et
1919 5149 2021 5227 qui
2037 5147 2132 5227 in:

555 5218 808 5298 spiravit
837 5218 924 5298 illi
954 5218 1376 5298 Aanimgmiqme
1399 5218 1668 5294 operatur,
1713 5218 1811 5295 qui
1849 5218 2135 5293 insit/[lavit

555 5295 806 5370 spiritum
836 5295 1068 5370 qualem.
1103 5297 1176 5350 Et
1202 5295 1530 5370 Davidtetc.

631 5368 715 5438 (5)
754 5366 960 5423 Eadem
1003 5366 1162 5422 Rom.
1201 5364 1358 5431 edit.,
1386 5359 1551 5432 juxta
1580 5363 1870 5420 testimonia
1897 5359 2134 5418 veritatis

559 5437 666 5492 tam
696 5437 972 5492 evidentia.

630 5507 713 5630 (6;
754 5508 957 5564 Eadem
988 5506 1145 5563 Rom.
1185 5503 1346 5572 edit.,
1375 5505 1449 5560 Et
1475 5503 1731 5573 infundit.
1766 5503 1907 5560 Unde
1934 5503 2134 5571 Moyses

630 5594 682 5628 res
705 5583 826 5630 ator
875 5577 1092 5630 damnat
1141 5577 1478 5630 ne-rcutientes
1531 5577 1804 5628 mmierem
1856 5573 1914 5626 in
1961 5578 2134 5626 ventre

559 5573 826 5646 iegislator
875 5577 1092 5632 damnat
1136 5577 1478 5646 pe-rcutientes
1531 5577 1804 5646 mulierem
1856 5573 1914 5626 in
1961 5578 2135 5646 ventre

556 5640 842 5724 habentem,
883 5648 1090 5724 dicens:
1132 5640 1189 5702 Si
1230 5651 1400 5724 autem
1431 5643 1598 5712 fuerit
1632 5647 1935 5724 ﬁguratum,
1990 5640 2136 5698 dabit

555 5717 790 5770 animum
813 5731 917 5786 pro
937 5717 1138 5784 animo,
1167 5718 1377 5770 oculum
1400 5729 1504 5784 pro
1530 5717 1698 5768 oculo.

2231 3275 2614 3334 confusionem
2645 3271 3052 3343 sempiternam.
3096 3266 3254 3334 Quod
3283 3265 3362 3322 ita
3387 3267 3640 3320 futurum
3671 3279 3846 3320 comv

2229 3363 2426 3440 probat
2451 3363 2645 3419 beatus
2669 3341 2989 3432 Apostolus,
3017 3357 3235 3413 dicens:
3297 3379 3325 3440 ιν
3343 3353 3547 3408 Omnes
3574 3366 3680 3407 nos
3707 3341 3849 3440 mai;

2233 3427 2485 3510 hifestari
2517 3427 2743 3522 oportet
2767 3454 2892 3502 ante
2927 3443 3172 3501 tribunal
3200 3439 3427 3508 Christi,
3474 3446 3538 3494 ut
3583 3427 3851 3510 recipiat2

2229 3541 2610 3614 unusquisque
2639 3536 2860 3610 propria
2886 3532 3130 3606 corporis
3158 3531 3264 3599 sui,
3296 3536 3459 3602 prout
3485 3527 3670 3599 gessit,
3697 3528 3824 3584 sive

2229 3629 2458 3698 bonum,
2506 3629 2624 3684 sive
2649 3627 2855 3682 malum
2917 3623 3005 3694 (II
3041 3621 3165 3678 Cor.
3209 3635 3268 3686 v,
3319 3617 3432 3688 10).
3480 3617 3634 3672 Tunc
3661 3615 3850 3698 enim:

2231 3681 2533 3776 secundum
2565 3711 2891 3771 vaticinium
2912 3681 3063 3766 Isaiae
3079 3705 3358 3780 prophetat
3381 3681 3516 3775 (Isa.
3543 3717 3706 3770 xxiv,
3731 3681 3849 3782 2),?

2230 3807 2385 3863 nulla
2401 3805 2508 3862 erit
2534 3802 2826 3860 diversitas
2854 3801 2998 3855 inter
3027 3797 3266 3854 nobilem
3296 3802 3351 3851 et
3381 3793 3704 3866 ignobilem,
3729 3807 3816 3849 sa-
3841 3829 3846 3837 π

2231 3895 2504 3953 cerdotem
2533 3901 2588 3950 et
2615 3890 2816 3947 laicum
2851 3887 2991 3960 (13),
3025 3899 3245 3942 servum
3273 3891 3328 3938 et
3356 3879 3663 3948 dominum,
3697 3895 3818 3936 an-

2231 3983 2416 4040 cillam
2445 3989 2500 4038 et
2530 3979 2809 4036 dominam
2829 3975 2966 4047 ejus,
2991 3972 3222 4030 divitem
3249 3979 3303 4026 et
3325 3982 3637 4041 pauperem,
3660 3965 3815 4022 fene-

2229 4078 2467 4128 ratorem
2496 4067 2612 4140 (14)
2643 4071 2698 4122 et
2723 4079 2848 4120 eum
2884 4061 2978 4134 qui
3007 4075 3112 4116 aere
3140 4057 3410 4132 premitur
3434 4055 3634 4140 alieno,
3666 4053 3820 4109 inter

2230 4139 2586 4215 ementemet
2611 4151 2936 4208 vendentem
2987 4149 3098 4220 (Ita
3127 4145 3345 4202 Hieron.
3401 4142 3460 4196 in
3487 4139 3657 4196 eumd.
3711 4140 3814 4196 loc.

2232 4245 2394 4316 Isa.).
2450 4243 2650 4300 Omnes
2678 4253 2806 4311 ergo
2847 4252 2918 4293 ex
2957 4249 3114 4307 aequo
3141 4231 3366 4289 stabunt
3411 4236 3538 4286 ante
3563 4226 3818 4316 tribunal

2233 4331 2460 4400 Christi,
2510 4344 2612 4387 nec
2639 4327 2746 4384 erit
2775 4337 3126 4399 personarum
3158 4317 3402 4391 acceptio
3439 4315 3582 4390 apud
3610 4316 3812 4371 Deum.

2231 4421 2392 4491 Quod
2424 4427 2480 4476 et
2525 4423 2748 4475 sanctus
2791 4414 2894 4471 Job
2941 4411 3134 4468 iisdem
3184 4405 3578 4482 propemodum
3630 4403 3818 4460 verbis

1971 4491 1996 4569 ξ
2010 4522 2127 4580 Hoc
2155 4567 2203 4580 _
2234 4507 2526 4564 annuntiat
2552 4505 2776 4562 dicens:
2841 4525 2861 4550 ι
2889 4499 3096 4556 Parvus
3124 4503 3179 4554 et
3208 4509 3437 4565 magnus
3465 4491 3543 4547 ibi
3571 4497 3724 4557 sunt,
3753 4497 3811 4546 et

2155 4567 2208 4628 Β
2237 4613 2428 4654 servus
2453 4595 2700 4652 estliber
2735 4609 2768 4649 a
2795 4591 3023 4648 domino
3059 4603 3159 4646 suo
3209 4585 3330 4658 (Job
3361 4599 3446 4652 nr,
3491 4582 3604 4654 19).
3655 4604 3674 4628 ι
3744 4579 3819 4637 Et

2235 4686 2486 4744 Salvator
2512 4684 2572 4740 in
2599 4679 2919 4753 Evangelio,
2973 4677 3066 4736 cui
3101 4689 3264 4734 omne
3287 4671 3560 4745 judicium
3590 4675 3818 4742 propter

2311 4859 2393 4931 <7)
2432 4856 2634 4931 Eadem
2671 4854 2829 4931 Βοςπιο
2878 4849 3037 4931 edit-2
3074 4861 3288 4931 ,ορενιίνο
3339 4843 3476 4931 Νρτξ,
3498 4841 3652 4931 δεῖξεέ
3695 4855 3821 4931 “:92

2237 4909 2541 5002 ἱηεὴᾶίνᾴῦἷξ
2558 4909 2635 5002 in:
2659 4909 2848 5002 faciem
2886 4909 3128 4976 hominis.
3155 4915 3484 4988 spiraculum
3527 4911 3671 4978 vita,
3725 4909 3822 4966 sed

2238 4996 2478 5074 quétidiz
2497 4996 2742 5074 ίηερίνρι·
3052 5059 3063 5070 .
3271 5055 3388 5074 ,
3426 5013 3452 5074 ς

2313 5050 2648 5152 (Sil—Eadem.
2667 5066 2827 5152 Rom;
2855 5060 3010 5143 edit.,
3041 5055 3390 5152 ἱφέεοξςψξιίε
3416 5059 3491 5109 est
3523 5056 3574 5106 et
3598 5050 3816 5121 infatu-

2241 5127 2390 5206 bilis,
2412 5135 2752 5208 {inpassibilis
2778 5139 2828 5189 et
2853 5127 3336 5208 t'neoinqttinabilis.
3546 5191 3555 5202 ι

2337 5197 2396 5280 θ’)
2435 5197 2637 5280 Eadem
2667 5207 2823 5280 Rgm.
2855 5197 3121 5280 edit.,r'de
3153 5204 3255 5280 est,
3285 5197 3672 5280 corrumpitur.

2343 5261 2672 5342 ibfnad’em
2717 5276 2875 5332 Rom.
2925 5261 3080 5338 edit.,
3121 5261 3330 5342 patitur
3354 5261 3646 5342 substantia
3692 5261 3818 5318 Dei.

2223 5365 2236 5372 ‘
2315 5337 2431 5410 iii)
2473 5349 2675 5406 Eadem
2705 5347 2862 5402 Rom.
2893 5337 3275 5410 edit.,poterit
3296 5337 3565 5410 damnari.

2345 5403 2432 5478 12)
2473 5403 2676 5476 Eadem
2706 5417 2862 5472 Rom.
2885 5403 3046 5477 edit.,
3070 5403 3142 5464 Et
3167 5407 3354 5478 quibus
3378 5403 3570 5460 animo:
3595 5408 3821 5470 nostra,

2241 5477 2346 5552 Dee
2365 5477 2598 5562 jubente,
2625 5489 2849 5562 intrant,
2878 5485 3165 5562 resurgent,
3197 5478 3243 5531 si
3263 5477 3420 5562 bona,
3447 5481 3558 5562 etc.

2315 5545 2427 5634 (ὦ)
2444 5545 2449 5546 ί
2469 5545 2669 5634 Eadem
2702 5545 2856 5634 Rom.
2905 5545 3062 5634 edi-t5,
3081 5545 3820 5634 psacei'doteiitA‘eapopulum.

2315 5610 2432 5705 (ibi)
2469 5610 2676 5688 Ἐξᾶὲῶ
2702 5610 2862 5686 Rom.
2893 5610 3392 5688 edit.,fenerantem
3417 5620 3468 5668 et
3493 5610 3648 5684 fenus
3667 5613 3826 5668 acci-

2240 5705 2486 5779 pietatem.
