3972 6378
235 399 342 464 561

1379 389 1475 446 DE
1512 389 1883 446 TRINITATE
1921 387 2349 446 TRACTATUS.

3394 388 3502 447 562

232 526 531 602 gloriosam
559 520 865 595 passionem
883 518 1127 576 hominis
1145 518 1383 590 suscepti
1408 517 1669 572 traditum
1709 524 1806 583 est,
1841 518 1887 575 A
1920 514 2078 580 male,
2131 524 2312 584 surget
2366 531 2564 586 corpus
2592 515 2877 585 spirituale
2910 518 3069 588 (Ibid.
3102 518 3305 591 42-44).
3340 544 3359 567 ι
3400 519 3499 591 Ιεῐξ

231 618 402 689 pleno
436 627 685 670 sermone
719 616 969 677 testatur,
1004 609 1228 665 dicens:
1273 632 1292 655 ι
1317 606 1452 665 Cum
1480 606 1625 662 enim
1654 622 1810 659 vene-

237 705 317 759 rit
347 702 523 759 Filius
552 699 794 756 hominis
821 714 947 755 cum
974 697 1183 769 angelis
1214 696 1419 753 sanctis
1447 695 1504 750 in
1536 694 1811 766 majestate

230 790 414 847 Patris
454 788 559 856 sui,
608 795 742 844 tunc
767 785 956 842 reddet
994 785 1292 857 unicuique
1322 783 1621 839 secundum
1650 797 1813 854 opera

230 876 357 950 ejus
383 876 593 949 (Matth.
642 890 762 942 xvr,
813 873 927 944 27).
958 897 978 922 ι
1034 873 1160 929 Haec
1209 871 1395 927 omnia
1446 887 1572 942 ergo
1626 870 1812 925 futura

229 974 401 1031 sunt;
434 963 562 1036 quia
589 960 735 1035 quod
761 961 1006 1017 futurum
1038 968 1138 1028 est,
1179 976 1274 1032 per
1302 960 1592 1031 prophetas
1619 956 1808 1013 Domi-

229 1069 341 1111 nus
369 1058 449 1108 est
481 1053 718 1119 locutus,
748 1050 842 1123 qui
872 1048 1008 1106 dicit
1040 1065 1052 1103 ε
1084 1071 1104 1095 ι
1132 1049 1248 1120 Ego
1271 1048 1511 1103 visiones
1542 1044 1809 1117 multipli-

228 1143 378 1209 cavi,
419 1151 472 1197 et
523 1142 582 1198 in
646 1156 814 1197 manu
861 1138 1248 1211 prophetarum
1306 1136 1637 1193 assimilatas
1686 1150 1806 1192 sum

237 1231 391 1305 (Osee
416 1247 516 1298 xn,
550 1230 661 1301 10).
690 1253 711 1279 ι

310 1318 536 1376 CAPUT
574 1317 726 1374 XIX.
766 1346 836 1360 —-
853 1316 940 1373 Ad
962 1315 1109 1389 quod
1129 1313 1522 1372 incarnationis
1540 1321 1806 1370 secretum

239 1424 407 1482 supra
435 1410 670 1481 scriptus
694 1407 958 1480 propheta
983 1408 1099 1477 (15)
1134 1406 1366 1461 miratur
1393 1421 1455 1461 ac
1481 1403 1616 1460 dicit
1647 1422 1659 1460 :
1710 1427 1730 1453 ι
1762 1404 1807 1459 Ο

228 1507 417 1554 custos
443 1498 577 1570 quid
606 1498 674 1553 de
698 1503 857 1552 nocte
879 1496 908 1551 ?
961 1493 1096 1567 quid
1152 1493 1218 1549 de
1244 1499 1423 1560 nocte,
1455 1500 1637 1549 custos
1670 1491 1804 1562 (Isa.

224 1605 395 1656 xxxx,
431 1589 520 1659 11)
544 1588 573 1644 '7
609 1588 891 1644 Secretum
927 1601 1107 1641 meum
1138 1584 1297 1650 mihi,
1324 1592 1593 1639 secretum
1624 1597 1804 1638 meum

227 1676 393 1733 mihi.
427 1678 522 1734 Va:
553 1677 690 1732 mihi
731 1677 865 1747 (Isa.
898 1691 1058 1743 xxiv,
1092 1674 1205 1745 16).
1250 1673 1406 1740 Cum,
1451 1673 1633 1745 inquit
1673 1687 1807 1743 pro-

229 1765 420 1837 pheta,
454 1764 570 1821 haec
622 1764 893 1821 audissem
944 1765 1101 1837 (i6);
1161 1761 1307 1835 quod
1359 1762 1617 1820 videlicet
1664 1762 1808 1818 Deus

1920 612 2048 659 sunt
2103 603 2248 659 enim
2305 610 2540 675 quatuor
2594 605 2815 661 ordines
2843 609 3279 673 resurrectionis,
3314 609 3407 681 qui
3440 608 3499 665 in

1921 691 2074 762 virga
2100 692 2196 746 illa
2223 692 2563 759 sacerdotali,
2596 710 2713 765 quae
2763 694 2820 748 in
2881 694 3230 751 tabernaculo
3271 694 3498 751 Domini

1920 778 2126 842 ﬂoruit,
2182 780 2629 852 praeﬁgurabatur
2683 783 2867 853 (Num.
2924 799 3065 850 xvu,
3113 783 3193 853 8).
3226 783 3317 838 Sic
3371 797 3498 852 ergo

1919 867 2298 937 accipiendum
2329 877 2410 925 est
2443 886 2495 923 τι
2518 869 2656 925 Caro
2684 878 2737 925 et
2767 871 2985 940 sanguis
3006 887 3231 941 regnum
3254 869 3351 925 Dei
3382 884 3493 923 non

1919 958 2296 1029 possidebunt,
2324 983 2342 1006 ι
2390 960 2666 1031 quomodo
2715 960 2875 1028 illud,
2935 960 3082 1031 quod
3130 960 3498 1017 comminatur

1917 1049 2063 1105 Deus
2108 1051 2310 1121 populo
2352 1051 2646 1122 peccatori,
2696 1052 2884 1107 dicens
2918 1069 2928 1107 :
2979 1077 2996 1099 ι
3035 1053 3241 1109 Ponam
3270 1054 3495 1121 caelum,

1917 1136 2063 1207 quod
2092 1153 2253 1207 super
2281 1154 2380 1193 vos
2426 1146 2527 1206 est,
2578 1155 2827 1207 aeneum;
2865 1148 2917 1196 et
2944 1149 3167 1209 terram,
3195 1156 3355 1212 quam
3388 1140 3495 1196 cal-

1917 1224 2074 1293 catis,
2107 1224 2336 1281 ferream
2372 1226 2560 1297 (Leuit.
2602 1244 2760 1295 xxvr,
2795 1228 2906 1300 19),
2959 1253 2976 1275 ι
3017 1243 3126 1284 non
3183 1227 3331 1300 quod
3376 1228 3499 1283 ele-

1917 1325 2226 1374 mentorum
2254 1326 2449 1375 natura
2481 1329 2743 1390 mutetur,
2777 1322 2868 1377 sed
2907 1321 3051 1394 quod
3082 1338 3175 1393 per
3203 1339 3274 1376 ms
3310 1328 3363 1375 et
3392 1319 3496 1374 fer-

1918 1425 2039 1465 rum
2071 1425 2353 1480 pmnarum
2383 1411 2703 1481 magnitudo
2734 1420 3087 1467 monstretur.
3134 1412 3327 1466 Veram
3369 1425 3497 1479 ergo

1918 1499 2372 1554 resurrectionem
2394 1499 2636 1555 futuram
2659 1500 2715 1555 in
2740 1500 3031 1571 semetipso
3058 1500 3216 1555 nobis
3229 1497 3497 1555 Dominus

1918 1588 2169 1647 Christus
2197 1590 2591 1658 manifestavit,
2623 1592 2717 1663 qui
2747 1602 2869 1663 post
2901 1592 3071 1648 tertiae
3101 1591 3210 1646 diei
3262 1604 3494 1645 resurre-

1916 1677 2153 1734 ctionem
2188 1687 2350 1751 typos
2378 1680 2657 1735 clavorum
2690 1688 2743 1735 et
2774 1681 2972 1737 lanceae
3004 1680 3206 1735 vulnus
3257 1676 3494 1748 discipu-

1916 1765 1986 1821 lis
2012 1765 2394 1823 dubitantibus
2421 1768 2821 1823 demonstravit
2853 1768 3003 1839 (Luc.
3047 1783 3204 1834 xxrv,
3235 1765 3352 1835 40).

228 1855 534 1926 majestatis
564 1871 782 1911 carnem
813 1863 951 1911 esset
982 1855 1275 1911 indutums
1305 1860 1359 1909 et
1387 1853 1713 1909 vaticinium
1750 1849 1809 1905 in
1843 1853 1890 1913 B
1986 1854 2210 1911 CAPUT
2243 1857 2394 1912 XXI,
2423 1887 2493 1898 -.-
2520 1858 2639 1913 Non
2669 1873 2796 1928 ergo
2828 1864 3242 1911 contemnamus
3275 1840 3505 1911 carnem'

222 1958 355 1999 eum
404 1943 736 2016 explendum
793 1959 907 1999 esse
957 1942 1316 2014 prospicerem
1358 1957 1370 1995 ε
1432 1941 1650 1997 locutus
1684 1953 1805 1995 sum

224 2032 369 2087 mihi
404 2032 617 2087 interno
654 2032 835 2088 cordis
863 2032 1085 2097 aﬂ'ectu;
1119 2030 1247 2102 quia
1273 2045 1384 2085 non
1413 2044 1632 2100 possum
1659 2042 1808 2084 cun-

228 2127 323 2176 cta
351 2136 570 2177 narrare
599 2136 719 2193 quae
746 2136 931 2186 cerno;
962 2120 1128 2175 haeret
1159 2120 1347 2190 lingua
1373 2118 1622 2174 faucibus
1649 2118 1803 2184 meis,

233 2223 348 2262 vox
375 2206 563 2263 dolore
586 2224 651 2263 ac
682 2223 884 2279 pavore
910 2206 1299 2272 concluditur;
1332 2205 1476 2277 quod
1508 2212 1660 2261 tanta
1689 2220 1805 2275 my-

240 2296 409 2351 steria
426 2304 551 2352 ante
575 2296 764 2352 oculos
787 2302 1073 2352 versantur
1092 2312 1260 2350 meos.
1294 2293 1469 2352 Video
1497 2293 1643 2348 enim
1674 2308 1806 2365 prae-

235 2384 434 2452 sentia,
467 2400 584 2456 quae
620 2383 806 2440 futura
832 2391 991 2451 sunt;
1041 2383 1289 2456 intelligo
1317 2382 1462 2455 quod
1492 2389 1677 2438 custos
1699 2382 1806 2437 Sa-

229 2474 536 2530 maritanus
562 2474 657 2530 ille
675 2481 756 2530 est
789 2472 927 2546 ejus,
958 2472 1050 2545 qui
1082 2473 1198 2546 (17)
1252 2474 1321 2530 de
1372 2472 1667 2528 Jerusalem
1699 2472 1804 2527 de-

224 2563 498 2619 scendens
527 2563 587 2618 in
626 2562 866 2631 Iericho,
922 2562 1119 2622 incidit
1170 2562 1226 2617 in
1281 2562 1518 2617 latrones
1551 2560 1700 2631 (Luc.
1740 2577 1802 2630 x,

230 2652 442 2723 30-35).
483 2653 589 2708 Iste
644 2660 727 2709 est
755 2659 938 2708 custos
969 2655 1113 2713 335
1143 2652 1232 2707 cui
1260 2651 1452 2707 beatus
1478 2650 1579 2706 Job
1609 2651 1753 2706 dixit
1786 2668 1797 2706 :

239 2770 264 2795 ι
301 2747 347 2804 0
371 2757 554 2804 custos
582 2748 891 2815 hominum,
913 2762 1078 2820 quare
1105 2746 1332 2817 posuisti
1362 2761 1449 2800 me
1467 2746 1801 2801 contrarium

234 2835 362 2904 tibi,
392 2844 446 2891 et
473 2836 649 2891 factus
675 2850 795 2890 sum
827 2834 1187 2906 mihimetipsi
1246 2833 1424 2905 gravis
1448 2833 1476 2889 ‘P
1531 2832 1640 2889 Cur
1691 2848 1802 2888 non

224 2923 384 2978 tollis
415 2930 693 2993 peccatum
741 2937 923 2977 meum
954 2922 1094 2993 (18),
1146 2929 1202 2977 et
1254 2936 1419 2992 quare
1464 2936 1571 2975 non
1624 2919 1804 2976 aufers

231 3010 583 3083 iniquitatem
623 3025 796 3065 meam
828 3009 948 3080 (Job
976 3026 1075 3076 vn,
1100 3008 1189 3075 20,
1224 3008 1313 3080 21)
1339 3009 1366 3065 ?
1393 3032 1412 3055 ι
1457 3009 1561 3064 Iste
1591 3015 1672 3063 est
1706 3024 1803 3063 cu-

228 3105 345 3153 stos
369 3097 465 3170 qui
490 3096 626 3153 dicit
656 3114 668 3152 :
710 3121 730 3144 ι
786 3096 959 3169 Super
1000 3096 1306 3153 custodiam
1354 3111 1527 3150 meam
1558 3111 1655 3166 ego
1683 3110 1802 3150 sum

224 3185 454 3257 jngiter,
484 3195 566 3243 tot
601 3186 794 3242 diebus
818 3193 872 3243 et
896 3186 1149 3242 noctibus
1178 3195 1325 3243 stans
1365 3185 1481 3257 (19)
1513 3186 1646 3256 (Isa.
1678 3200 1799 3252 χχι,

1916 3193 1972 3241 ut
2002 3187 2328 3242 accendatur
2357 3186 2472 3257 (20)
2508 3187 2657 3257 (Luc.
2709 3204 2813 3251 χιι,
2863 3186 2995 3255 49)1
3055 3208 3074 3233 ι

223 3277 285 3344 8)
314 3292 327 3341 ;
359 3300 378 3324 ι
414 3283 468 3332 et
495 3274 561 3332 de
586 3292 694 3350 quo
720 3274 990 3347 Propheta
1016 3274 1153 3331 dicit
1182 3290 1194 3329 :
1236 3297 1256 3321 ε
1283 3276 1424 3331 Ecce
1461 3290 1569 3329 non
1599 3274 1802 3330 dormi-

223 3363 370 3419 tabit
399 3380 575 3437 neque
627 3364 935 3420 obdormiat
994 3364 1086 3436 qui
1138 3363 1378 3419 custodit
1433 3365 1595 3418 Israel
1626 3364 1797 3434 (Psal.

227 3467 361 3520 cxx,
385 3453 465 3523 4).
495 3477 513 3501 ι
558 3453 784 3525 Propter
807 3452 925 3508 haec
950 3467 1077 3522 ergo
1115 3450 1399 3517 vocabula,
1422 3451 1716 3522 propheta,
1747 3458 1802 3506 et

223 3542 357 3613 quia
384 3550 793 3597 commutantur
820 3539 1016 3611 saepius
1064 3554 1304 3609 personae
1348 3538 1408 3592 in
1445 3538 1523 3594 eis
1552 3538 1800 3609 plurimae

224 3644 291 3684 ac
316 3628 604 3699 parabolae,
636 3628 856 3683 obscuri
888 3634 1034 3683 sunt.
1067 3625 1171 3683 Sed
1197 3641 1344 3682 nunc
1382 3624 1497 3697 jam
1543 3626 1611 3682 ad
1640 3625 1801 3682 ordi-

222 3732 350 3773 nem
391 3724 747 3772 revertamur.

298 3805 524 3862 CAPUT
549 3806 677 3862 XX.
700 3835 771 3849 —
789 3805 978 3862 Solent
1004 3805 1174 3878 igitur
1201 3804 1363 3861 nobis
1406 3804 1673 3871 haeretici,
1704 3806 1799 3877 qui

221 3893 407 3950 carnis
459 3901 656 3965 negant
693 3892 1170 3960 resurrectionem,
1205 3891 1343 3948 illud
1372 3892 1517 3948 beati
1548 3892 1798 3963 Apostoli

220 3980 603 4038 testimonium
632 3995 928 4053 opponere,
962 3996 1070 4052 quo
1095 3979 1233 4035 dicit
1257 3996 1270 4033 :
1292 3977 1465 4035 «Caro
1492 3987 1546 4034 et
1576 3978 1799 4050 sanguis

222 4084 451 4140 regnum
481 4070 580 4125 Dei
609 4084 721 4126 non
748 4067 1106 4140 possidebunt
1127 4066 1186 4138 (Ι
1212 4066 1337 4122 Cor.
1369 4082 1466 4134 xv,
1497 4066 1613 4138 50),
1647 4092 1665 4115 ι
1704 4082 1799 4124 re-

223 4154 454 4212 ticentes
505 4156 646 4213 illud
696 4156 916 4226 callide,
974 4155 1140 4229 quod“
1174 4154 1439 4227 sequitur.
1471 4154 1607 4211 Cum
1650 4154 1797 4211 enim

221 4245 455 4302 dixisset
485 4262 498 4301 :
542 4269 563 4293 ι
591 4245 731 4304 Caro
759 4253 813 4301 et
842 4245 1063 4316 sanguis
1094 4259 1320 4316 regnum
1350 4243 1451 4299 Dei
1477 4260 1588 4299 non
1617 4244 1800 4316 possi-

221 4334 455 4400 debunt,
483 4357 503 4381 ι
546 4333 792 4405 sequitur
815 4349 878 4389 ac
904 4333 1041 4389 dicit
1074 4350 1086 4389 :
1134 4357 1154 4380 ι
1176 4332 1288 4388 Nec
1314 4332 1594 4404 corruptio
1622 4332 1798 4389 incor-

221 4422 493 4495 ruptelam
524 4422 824 4495 possidebit
858 4421 1069 4492 (Ibid)
1100 4445 1121 4470 ι
1166 4421 1292 4477 Haec
1319 4436 1445 4492 ergo
1473 4420 1620 4476 dicta
1646 4429 1794 4489 sunt,

220 4525 336 4568 non
389 4526 496 4582 quo
552 4511 824 4583 dispereat
878 4516 1074 4565 natura
1126 4524 1418 4580 corporum
1483 4520 1794 4567 sanctorum
1828 4536 1876 4593 ι)
1906 4519 2091 4567 noster
2119 4510 2260 4583 ignis
2286 4527 2614 4568 consumens
2642 4519 2742 4568 est.
2774 4537 2792 4559 ι

221 4610 563 4671 nostrorum,
592 4603 686 4659 sed
714 4617 821 4673 quo
850 4599 1228 4671 corruptivum
1259 4598 1364 4655 hoc
1389 4598 1582 4656 induat
1606 4601 1796 4657 incor-

223 4692 557 4763 ruptionem,
590 4691 733 4747 sicut
760 4689 905 4746 idem
926 4687 1245 4760 comprobat
1264 4687 1558 4759 Apostolus
1585 4689 1790 4747 dicens:

238 4806 260 4832 ι
288 4785 376 4841 Sic
400 4793 452 4841 et
478 4785 804 4841 resurrectio
834 4791 1177 4839 mortuorum
1202 4801 1216 4849 ;
1264 4782 1563 4838 seminatur
1593 4782 1651 4838 in
1680 4798 1794 4839 cor-

225 4873 501 4944 ruptione,
529 4880 712 4945 surget
768 4872 826 4927 in
872 4870 1328 4943 incorruptione:
1390 4870 1693 4945 seminatur
1739 4870 1795 4927 in

224 4940 589 5031 ignobilitate,
623 4940 806 5032 surget
835 4960 892 5015 in
926 4940 1143 5031 gloria':
1193 4940 1494 5013 seminaiur
1542 4958 1597 5012 in
1646 4958 1793 5014 inﬁr-

223 5048 433 5119 mitate,
490 5056 676 5120 surget
705 5049 764 5104 in
790 5049 999 5103 virtute
1036 5065 1047 5102 :
1096 5048 1397 5103 seminatur
1445 5062 1643 5117 corpus
1680 5046 1793 5102 ani-

297 5186 411 5256 (15)
468 5186 665 5241 Eadem
710 5184 868 5240 Rom.
903 5183 1059 5250 edit.,
1091 5190 1474 5239 sacramentum
1502 5198 1556 5237 se
1582 5197 1794 5254 vergens

220 5257 357 5312 alter
383 5258 652 5326 propheta.

299 5328 413 5397 (16)
446 5328 646 5383 Eadem
672 5329 828 5385 Rom.
862 5327 1016 5394 edit.,
1050 5326 1204 5399 quasi
1231 5326 1453 5392 diceret;
1513 5346 1627 5383 cum
1651 5345 1793 5399 pro-

213 5397 373 5469 pheta
401 5399 504 5451 lucc
530 5399 788 5466 audirem,
818 5400 956 5469 quod
985 5398 1234 5464 videlicet,
1265 5404 1366 5452 etc.

298 5468 410 5539 (17)
443 5469 642 5541 Eadem
675 5468 833 5541 Rom.
856 5470 1013 5537 edit.,
1040 5470 1130 5524 ille
1158 5476 1251 5533 est,
1281 5468 1373 5537 qui
1400 5469 1625 5523 hominis
1646 5470 1791 5526 illius

219 5552 403 5593 curam
432 5540 553 5607 egit,
582 5540 692 5609 qui,
716 5540 831 5595 etc.

292 5610 409 5681 (18)
444 5610 599 5681 Rom.
631 5611 784 5677 edit.,
816 5611 1143 5666 contrarium
1177 5617 1320 5664 tuum
1341 5612 1369 5666 ἵ
1396 5626 1507 5663 sum
1536 5617 1708 5664 autem
1736 5612 1794 5666 in

216 5680 460 5739 “unus?
483 5681 557 5735 Et
592 5696 689 5734 cur
725 5697 831 5736 non
876 5682 1046 5755 fecisti
1100 5682 1397 5752 iniquitatis
1423 5698 1546 5736 mea:
1577 5681 1791 5737 oblivio-

1913 1953 2156 2001 nostram
2186 1947 2327 2001 male
2354 1953 2412 2002 et
2427 1947 2711 2002 luxuriose
2734 1945 2994 2012 vivendo,
3020 1945 3076 1999 in
3101 1960 3206 2016 qua
3226 1942 3496 1999 Dominus

1913 2032 2165 2091 Christus
2188 2040 2241 2088 et
2270 2040 2429 2089 natus
2458 2041 2511 2088 et
2539 2050 2726 2106 passus
2755 2041 2856 2099 est,
2907 2041 2960 2088 et
3000 2031 3327 2097 resurrexit;
3383 2044 3494 2083 non

1913 2122 2277 2194 despiciamus
2305 2125 2484 2180 lutum
2536 2126 2719 2180 carnis
2750 2131 2968 2190 nostrae,
2998 2124 3145 2194 quod
3183 2122 3240 2176 in
3272 2118 3493 2175 Domini

1915 2209 2122 2268 Christi
2146 2212 2425 2279 deitatem,
2449 2229 2569 2285 quae
2599 2213 2741 2283 ignis
2769 2220 2870 2280 est,
2892 2218 3177 2268 excoctum
3209 2210 3265 2265 in
3304 2216 3493 2264 testam

1913 2299 2263 2372 purissimam
2298 2309 2486 2371 regnat
2524 2301 2582 2355 in
2630 2300 2803 2357 coelis.
2854 2299 3216 2366 Quaerendum
3249 2313 3375 2352 sane
3413 2301 3494 2351 est

1912 2405 2011 2446 cur
2038 2392 2335 2462 Apostolus
2360 2390 2563 2447 dixerit
2592 2408 2605 2446 :
2655 2415 2672 2439 ι
2702 2390 2921 2447 Etenim
2963 2392 3107 2445 Deus
3141 2396 3322 2443 noster
3353 2387 3495 2456 ignis

1912 2496 2238 2539 consumens
2267 2491 2349 2537 est
2373 2483 2554 2552 (Hebr.
2580 2498 2682 2549 ΧΠ,
2714 2482 2806 2551 29)
2836 2499 2849 2547 ;
2883 2504 2901 2527 ι
2936 2482 3080 2536 Deus
3111 2478 3255 2536 enim
3287 2484 3490 2544 noster,

1912 2570 2005 2641 qui
2036 2570 2179 2640 ignis
2207 2570 2390 2637 vivus,
2424 2570 2647 2624 divinus
2705 2577 2757 2624 et
2810 2576 3047 2623 zeternus
3093 2575 3194 2633 est,
3222 2582 3331 2621 non
3363 2566 3493 2619 istas

1912 2658 2166 2713 materias
2201 2659 2530 2729 corporales,
2577 2657 2672 2712 sed
2726 2657 3088 2712 conscientias
3144 2661 3488 2726 peccatorum

1911 2743 2206 2810 consumit,
2236 2752 2290 2798 et
2342 2743 2398 2797 in
2439 2744 2522 2798 sui
2564 2742 2827 2797 charitate
2853 2743 3016 2798 corda
3043 2751 3227 2796 nostra
3256 2757 3492 2797 succen-

1910 2832 2012 2887 dit.
2045 2833 2117 2887 Et
2145 2831 2268 2888 ideo
2297 2832 2495 2903 angeli,
2530 2832 2622 2903 qui
2655 2831 2800 2902 pleni
2832 2838 2960 2885 sunt
2991 2829 3272 2896 charitate,
3302 2837 3355 2883 et
3385 2827 3489 2900 ipsi

1912 2920 2056 2992 ignis
2081 2922 2421 2993 appellantur
2454 2921 2626 2992 (Psal.
2656 2936 2768 2987 cur,
2808 2918 2885 2988 4).
2920 2918 3024 2975 Sed
3070 2928 3123 2974 et
3163 2918 3334 2974 sancti
3371 2919 3489 2989 qui-

1912 3024 2038 3082 que,
2066 3010 2157 3082 qui
2194 3010 2291 3064 illo
2339 3010 2461 3081 igne
2508 3009 2716 3065 accensi
2767 3016 2912 3074 sunt,
2960 3006 3027 3063 de
3068 3023 3175 3078 quo
3222 3007 3490 3063 Dominus

1912 3099 1990 3154 ait
2024 3117 2035 3154 :
2083 3122 2101 3145 ι
2127 3099 2309 3169 Ignem
2341 3099 2468 3153 veni
2497 3098 2711 3153 mittere
2743 3098 2799 3152 in
2827 3105 3047 3164 terram,
3087 3104 3141 3151 et
3170 3113 3331 3168 quam
3362 3099 3489 3153 volo

3131 3193 3183 3241 et
3240 3185 3433 3241 iterum
3472 3201 3484 3239 :

1925 3298 1943 3322 ι
1969 3274 2091 3330 Sint
2121 3275 2297 3330 lumbi
2328 3274 2496 3331 vestri
2527 3275 2827 3345 praecincti,
2859 3282 2912 3330 et
2960 3275 3192 3329 lucerna:
3239 3275 3490 3328 ardentes

1910 3360 1969 3416 in
2000 3362 2251 3417 manibus
2280 3363 2475 3418 vestris
2535 3363 2695 3432 (Ibid.
2756 3362 2870 3431 35).
2905 3384 2923 3407 ν
2968 3363 3045 3416 De
3099 3378 3206 3432 quo
3257 3368 3309 3415 et
3345 3361 3489 3431 Apo-

1911 3452 2084 3507 stolus
2114 3451 2228 3507 ait:
2282 3476 2301 3500 α
2349 3451 2556 3523 Spiritu
2586 3450 2881 3516 ferventes,
2911 3450 3146 3505 Domino
3188 3450 3487 3506 servientes

1913 3540 2086 3609 (Rom.
2120 3556 2221 3607 xu,
2256 3541 2367 3609 11).
2409 3564 2427 3587 ι
2470 3540 2611 3607 Ergo
2633 3538 2856 3594 divinus
2884 3554 3062 3593 sermo
3094 3538 3299 3609 ignitus
3327 3544 3408 3593 est
3431 3543 3485 3592 et

1909 3625 2146 3682 fervens.
2180 3626 2337 3693 Quod
2371 3628 2484 3699 ipse
2531 3628 2800 3683 Dominus
2837 3628 3155 3699 comprobat
3200 3628 3388 3683 dicens
3417 3626 3485 3682 ad

1908 3713 2195 3770 Jeremiam
2248 3716 2607 3787 prophetam:
2654 3738 2674 3762 ι
2732 3717 2871 3771 Ecce
2921 3714 3046 3770 dedi
3087 3715 3251 3769 verba
3282 3730 3398 3770 mea
3428 3714 3484 3770 in

1909 3818 2001 3858 ore
2036 3811 2130 3858 tuo
2168 3803 2309 3857 sicut
2340 3804 2517 3874 ignem
2554 3804 2766 3873 (Jerem.
2796 3820 2854 3870 ν,
2892 3800 2978 3872 Μ)
3005 3821 3017 3866 ς
3048 3828 3067 3849 ι
3115 3819 3275 3875 quem
3306 3803 3483 3873 ignem

1909 3889 2053 3946 intra
2082 3907 2138 3946 se
2165 3891 2279 3962 ipse
2308 3891 2570 3963 propheta
2598 3898 2986 3947 exaestuantem
3009 3890 3248 3946 declarat
3275 3890 3480 3946 dicens:

1922 4002 1941 4026 ι
1987 3979 2318 4051 Factumque
2374 3987 2455 4035 est
2509 3979 2567 4035 in
2601 3980 2763 4034 corde
2792 3995 2913 4034 meo
2951 3980 3106 4051 quasi
3156 3980 3300 4049 ignis
3346 3996 3483 4034 exae-

1906 4075 2093 4125 stuans
2126 4068 2242 4139 (21)
2276 4068 2438 4138 (Ibid.
2467 4084 2565 4136 xx,
2596 4068 2676 4139 9).
2711 4094 2729 4117 ι
2771 4068 2927 4135 Quod
2966 4085 3091 4140 ergo
3120 4068 3329 4124 dictum
3367 4075 3479 4123 est:

1921 4178 1941 4204 ι
1970 4157 2115 4213 Deus
2151 4165 2335 4213 noster
2388 4156 2530 4228 ignis
2585 4173 2911 4213 consumens
2965 4165 3065 4224 est,
3107 4182 3126 4206 ι
3170 4157 3245 4212 ita
3273 4156 3483 4211 dictum

1908 4254 2009 4314 est,
2040 4261 2152 4301 non
2181 4261 2288 4319 quo
2308 4247 2454 4302 Deus
2470 4247 2564 4318 qui
2585 4246 2812 4316 spiritus
2841 4252 2940 4315 est,
2965 4245 3107 4318 ignis
3136 4245 3238 4311 sit;
3263 4247 3353 4301 sed
3376 4260 3484 4316 quo

1901 4334 2404 4407 justosilluminet,
2437 4336 2834 4391 sustinentibus
2887 4351 3016 4390 vero
3070 4350 3283 4407 poenam
3342 4336 3482 4407 ignis

1907 4439 2022 4480 esse
2052 4424 2321 4480 videatur.
2353 4423 2478 4479 Haec
2506 4422 2571 4477 de
2608 4440 2671 4479 eo
2701 4424 2847 4495 quod
2868 4424 3077 4479 dictum
3109 4431 3190 4479 est
3227 4441 3239 4477 :
3284 4447 3303 4470 ι
3340 4426 3483 4479 Deus

2841 4512 2998 4567 Nunc
3021 4511 3088 4567 ad
3123 4510 3369 4567 ordinem
3401 4526 3479 4565 re-

1904 4608 2201 4657 vertamur.

1975 4697 2201 4755 CAPUT
2216 4698 2466 4755 ΧΧΙΙ.-
2491 4698 2775 4765 Quomodo
2791 4714 2917 4769 ergo
2946 4696 3270 4752 resurrectio
3300 4694 3480 4751 carnis

1903 4795 2149 4859 negatur,
2173 4803 2298 4842 cum
2329 4787 2501 4842 multo
2532 4796 2655 4842 ante
2683 4803 2778 4857 per
2807 4786 3122 4857 prophetam
3154 4800 3222 4839 ex
3254 4799 3478 4855 persona

1905 4891 2002 4949 sua
2021 4875 2290 4932 Dominus
2305 4875 2554 4933 Christus
2583 4875 2787 4930 dixerit
2810 4891 2822 4928 :
2842 4897 2861 4919 α
2883 4873 3019 4929 Caro
3049 4889 3169 4928 mea
3189 4872 3478 4944 requiescit
3567 4871 3572 4874 ’

1902 4963 1962 5019 in
1990 4980 2081 5035 spe
2099 4966 2269 5035 (Psat.
2297 4980 2390 5031 xv,
2413 4964 2470 5032 9)
2492 4981 2505 5028 ;
2526 4987 2543 5007 ι
2561 4971 2615 5016 et
2648 4962 2704 5016 in
2740 4963 2848 5017 alio
2878 4964 3016 5018 loco:
3039 4962 3197 5018 aCaro
3224 4961 3341 5032 ejus
3367 4977 3478 5018 non

1903 5053 2114 5108 videbit
2145 5052 2547 5123 corruptionem
2592 5051 2725 5120 (Isa.
2768 5068 2886 5118 LIII,
2919 5051 3016 5119 9);
3066 5074 3086 5098 ι
3128 5059 3183 5107 et
3230 5052 3474 5107 iterum:

1899 5201 2035 5252 nem,
2066 5193 2114 5239 et
2136 5184 2554 5255 puriﬁcationem
2571 5185 2765 5255 peccati
2796 5184 2940 5239 mei?

1975 5257 2090 5326 (19)
2137 5253 2337 5309 Eadem
2380 5255 2535 5310 Rom.
2570 5253 2726 5321 edit.,
2759 5256 2874 5308 steti
2920 5272 3014 5325 per
3044 5262 3206 5310 totum
3234 5254 3389 5319 diem,
3430 5259 3479 5307 et

1902 5342 2058 5396 super
2086 5333 2259 5380 castra.
2289 5326 2402 5379 steti
2442 5330 2544 5377 tota
2574 5332 2733 5379 nocte.

1901 5397 2090 5520 (10(20)
2124 5396 2324 5451 Eadem
2357 5398 2509 5452 Rom.
2542 5395 2698 5462 edit.,
2730 5403 2778 5450 et
2800 5397 2928 5466 quid
2955 5399 3072 5452 volo
3095 5396 3197 5450 nisi
3221 5400 3279 5448 ut
3302 5410 3474 5449 accen-

1999 5485 2079 5520 ur.

1976 5473 2079 5523 tur.

1977 5540 2090 5609 (21)
2125 5538 2324 5593 Eadem
2358 5540 2514 5594 Rom.
2550 5537 2707 5603 edit.,
2738 5537 2935 5607 factum
2972 5546 3062 5605 est,
3102 5538 3292 5610 inquit,
3320 5537 3476 5608 quasi

1898 5609 2034 5681 ignis
2058 5611 2273 5674 ardens,
2300 5612 2599 5664 comburens
2629 5610 2685 5664 in
2722 5611 2920 5665 ossibus
2948 5611 3091 5668 meis.
