3972 6360
152 376 282 436 565

1323 370 1417 427 DE
1454 369 1825 426 TRINITATE
1864 367 2295 426 TRACTATUS.

3345 375 3455 440 566

153 500 326 557 enim
362 496 476 569 (32)
509 512 600 554 eos
632 496 692 552 in
719 511 901 563 carne,
929 511 1067 569 quos
1093 495 1151 552 in
1181 512 1343 554 carne
1377 512 1491 551 esse
1528 503 1755 553 consta-
1791 498 1843 557 A
1870 494 2142 550 conclusit
2162 494 2487 550 sententiam
2503 512 2676 565 suam,
2701 497 2902 553 dicens:
2928 498 3450 563 -Sicetresurrectio

153 588 286 654 bat,
322 602 435 641 non
466 585 649 642 carnis
694 584 1081 654 substantiam,
1124 584 1217 642 sed
1250 590 1394 648 337
1422 592 1658 657 peccata,
1710 583 1766 640 id

156 693 254 742 est
283 699 454 756 opera
479 682 686 750 carnis,
730 681 793 738 in
819 682 900 738 eis
929 680 1247 740 damnavit:
1278 690 1334 740 et
1375 684 1607 740 iterum:
1644 705 1665 731 ι
1696 682 1766 740 Ut

158 771 541 830 absorbeatur
559 769 707 843 quod
735 770 966 827 mortale
991 779 1096 839 est,
1118 785 1152 828 ι
1179 771 1294 828 vita
1322 772 1411 843 (II
1436 774 1557 830 Cor.
1583 789 1635 838 ν,
1652 771 1711 842 4)
1732 794 1753 821 ι

161 864 332 938 quia,
410 863 541 922 licet
602 861 841 919 exterior
918 861 1084 920 homo
1141 871 1324 920 noster
1395 862 1766 933 corrumpitur

169 951 280 1011 sed
313 956 613 1008 renovatur
642 949 874 1009 interior
903 948 1021 1023 (33)
1046 968 1063 1018 ;
1084 950 1228 1023 quod
1250 959 1431 1008 tamen
1458 968 1567 1008 non
1587 952 1765 1008 solum

162 1041 231 1098 in
264 1055 437 1112 regno
475 1040 761 1107 cmlorum,
791 1046 846 1096 et
872 1038 1218 1111 baptismate,
1250 1040 1343 1097 sed
1372 1040 1535 1097 etiam
1565 1041 1622 1096 in
1641 1055 1766 1112 pos-

163 1128 490 1187 nitentibus
519 1127 767 1201 quotidie
810 1127 928 1185 ﬁeri
959 1128 1294 1193 noverimus,
1324 1129 1382 1186 in
1410 1128 1610 1201 quibus
1635 1144 1766 1186 car-

165 1218 269 1275 nis
322 1217 580 1275 interitus
625 1217 694 1274 ad
725 1217 1032 1288 profectum
1062 1217 1207 1274 cedit
1255 1218 1616 1290 spiritualem.
1662 1217 1767 1276 Cui

168 1321 311 1375 ergo
337 1320 439 1362 nec
483 1320 645 1376 opera
685 1305 866 1362 carnis
908 1311 1088 1372 erunt,
1120 1318 1221 1361 nec
1262 1314 1555 1377 augmenta
1585 1320 1768 1360 mem-

167 1392 431 1461 brorum,
460 1409 560 1450 nec
586 1394 815 1465 capillus
842 1393 1035 1449 crescit
1061 1400 1158 1449 aut
1186 1395 1383 1466 unguis
1412 1411 1427 1461 ;
1482 1394 1611 1467 quia
1637 1410 1766 1451 om-

169 1497 279 1538 nes
310 1482 368 1538 in
396 1481 578 1538 virum
610 1482 911 1553 perfectum
958 1482 1175 1553 (Ephes.
1205 1497 1284 1551 ιν,
1327 1480 1439 1554 13),
1472 1483 1566 1555 qui
1596 1481 1765 1542 Chri-

170 1578 300 1627 stus
323 1577 426 1637 est,
460 1585 803 1641 resurgemus
824 1569 963 1641 (34).
996 1569 1059 1627 Si
1092 1569 1239 1627 enim
1267 1570 1522 1627 Patribus
1552 1570 1610 1627 in
1637 1584 1766 1628 ere-

172 1676 274 1716 mo
305 1660 664 1733 quadraginta
689 1660 851 1718 annis
879 1676 992 1718 non
1010 1660 1223 1733 capilli,
1252 1676 1366 1718 non
1394 1676 1601 1733 ungues
1628 1677 1660 1718 c
1684 1675 1766 1718 re-

173 1757 404 1816 verunt,
436 1756 534 1805 aut
561 1748 889 1806 vestimenta
914 1757 1010 1807 aut
1037 1750 1404 1807 calceamenta
1427 1751 1619 1807 attrita
1637 1755 1767 1806 sunt

1873 591 2236 639 mortuorum.
2266 606 2286 631 ι
2329 584 2486 652 Quod
2515 593 2576 642 ut
2625 586 2703 643 ita
2748 588 2915 660 possit
2963 587 3217 662 intelligi,
3250 600 3450 652 nostris

1873 670 2206 728 conditionis
2247 688 2366 747 quae
2410 672 2526 746 (41)
2564 674 2621 729 in
2670 673 2775 730 hoc
2829 675 3026 730 saeculo
3061 675 3140 744 ﬁt,
3180 694 3449 750 ponamus

1876 760 2146 833 exempla.
2179 760 2367 819 Infans
2385 760 2531 817 enim
2549 778 2674 820 cum
2698 762 2755 817 in
2777 778 3004 836 puerum
3037 765 3289 835 creverit,
3319 784 3453 839 puer

1874 863 2004 906 vero
2031 848 2090 907 in
2115 849 2398 922 juvenem,
2427 851 2650 926 juvenis
2677 861 2857 910 autem
2889 852 2947 908 in
2978 850 3179 922 virum,
3199 862 3252 911 et
3278 854 3367 911 vir
3397 857 3454 914 fu

1874 952 2078 1005 senem,
2122 954 2461 1015 nequaquam
2513 956 2609 1013 per
2655 940 2894 1012 singulas
2939 946 3122 998 aetates
3151 940 3312 1013 perit,
3361 942 3455 1000 sed

1873 1040 2084 1099 semper
2109 1026 2252 1084 idem
2283 1036 2382 1098 est,
2418 1029 2510 1104 qui
2548 1028 2674 1102 fuit.
2714 1028 2980 1085 Paulatim
3010 1046 3137 1102 ergo
3183 1029 3275 1088 hic
3303 1039 3454 1105 tetas,

1873 1130 1986 1173 non
2020 1116 2134 1189 (42)
2163 1125 2344 1174 autem
2374 1128 2569 1175 natura
2597 1119 2756 1192 perit.
2789 1118 2853 1176 In
2898 1118 2994 1175 illa
3021 1128 3201 1176 autem
3229 1120 3455 1178 Jerusa-

1874 1204 1979 1261 lem
2027 1206 2255 1275 ctnlesti,
2307 1207 2402 1263 ubi
2430 1208 2511 1264 sol
2564 1206 2665 1265 iste
2699 1224 2761 1264 ac
2788 1206 2919 1263 luna
2956 1211 3265 1281 septuplum
3295 1209 3455 1277 luce-

1874 1290 2045 1362 bunt,
2077 1294 2423 1352 diversitates
2454 1311 2563 1352 non
2597 1302 2758 1352 erunt
2785 1302 3040 1364 aetatum;
3076 1298 3153 1353 ibi
3183 1298 3329 1354 enim
3354 1316 3454 1366 nec

1875 1381 2076 1451 infans,
2109 1398 2217 1440 nec
2246 1400 2434 1453 senex,
2467 1400 2567 1441 nec
2585 1400 2786 1458 parvus
2815 1384 2938 1455 erit,
2970 1385 3064 1460 qui
3090 1402 3202 1443 non
3232 1387 3455 1461 impleat

1875 1467 1990 1525 dies
2021 1486 2168 1539 suos,
2200 1480 2388 1543 utpote
2427 1472 2575 1529 ﬁlius
2604 1471 3040 1542 resurrectionis,
3069 1482 3122 1530 et
3148 1474 3208 1531 in
3239 1491 3454 1532 mensu-

1884 1572 1998 1613 ram
2031 1560 2314 1630 perveniat
2360 1561 2537 1619 aetatis
2577 1560 2945 1636 plenitudinis
2988 1562 3211 1634 Christi,
3263 1573 3455 1622 utnec

1874 1643 2054 1701 desint
2083 1646 2249 1704 alicui
2279 1664 2548 1707 annorum
2577 1650 2772 1722 spatia,
2789 1666 2887 1706 nec
2913 1651 3209 1725 supersint.
3255 1654 3319 1709 In
3360 1654 3457 1709 illo

1873 1748 1999 1807 ergo
2028 1742 2288 1809 tempore,
2342 1753 2468 1795 cum
2515 1746 2645 1795 aetas
2676 1738 2843 1795 fuerit
2882 1754 2990 1796 una
3027 1747 3372 1811 cunctorum,
3402 1749 3456 1797 et

177 1837 367 1909 (Deut.
396 1853 555 1906 xxxx,
585 1838 644 1910 5)
674 1856 688 1907 ;
722 1838 828 1896 hoc
870 1838 931 1895 in
960 1854 1128 1910 regno
1154 1839 1439 1907 caelorum,
1472 1838 1567 1895 ubi
1593 1837 1762 1895 aufu-

1887 1832 2093 1881 sanctus
2120 1832 2174 1882 et
2220 1834 2471 1899 peccator
2508 1835 2669 1885 erunt
2688 1827 2857 1885 simili
2888 1830 3289 1888 resurrectione
3318 1846 3457 1904 per-

174 1925 295 1997 giet
321 1926 500 1994 dolor,
530 1932 586 1982 et
613 1928 869 1999 gemitus,
899 1934 954 1985 et
983 1927 1226 1996 tristitia,
1260 1926 1429 2000 qumri
1458 1941 1619 2001 quam
1644 1926 1761 1983 im-

173 2016 340 2089 pium
368 2016 463 2085 sit,
491 2017 706 2089 sapiens
736 2018 906 2075 lector
933 2016 1195 2089 intelligit
1225 2016 1363 2088 (35).

252 2119 483 2179 CAPUT
501 2121 681 2180 XXV.
715 2151 783 2167 -
808 2121 913 2180 Sed
931 2130 1125 2178 contra
1138 2122 1280 2179 hanc
1300 2129 1409 2179 tam
1421 2136 1626 2191 veram,
1648 2128 1761 2180 tam

176 2212 399 2270 ﬁrmam
457 2212 785 2280 doctrinam,
841 2217 897 2267 et
958 2220 1074 2268 tam
1128 2213 1275 2269 clara
1326 2212 1654 2269 documenta
1708 2217 1765 2267 et

181 2302 341 2357 omni
364 2301 567 2357 virtute
613 2298 872 2366 subnixa,
902 2298 1082 2355 solent
1125 2298 1285 2357 nobis
1326 2299 1573 2357 haeretici
1620 2297 1761 2356 illud

180 2397 436 2469 Apostoli
458 2411 729 2469 opponere
752 2395 1005 2469 (Tertull.
1031 2395 1325 2452 deResurr.
1341 2411 1450 2452 cor.
1478 2395 1592 2467 52),
1615 2394 1763 2468 quod

180 2485 300 2542 ait:
365 2486 519 2543 «Non
549 2485 729 2541 omnis
777 2500 902 2542 caro
948 2483 1137 2540 eadem
1180 2499 1329 2550 caro,
1356 2484 1449 2541 sed
1493 2485 1601 2541 alia
1634 2499 1762 2543 caro

180 2573 450 2643 hominis,
495 2574 603 2630 alia
641 2573 872 2647 pecoris,
922 2573 1030 2629 alia
1058 2572 1369 2641 volucrum,
1397 2581 1453 2629 et
1494 2580 1687 2630 caetera
1706 2574 1763 2646 (1

187 2663 317 2721 Cor.
339 2679 435 2733 xv,
460 2662 682 2735 39-42);
714 2686 734 2712 ι
775 2679 890 2721 non
916 2662 1286 2734 intelligentes
1316 2662 1502 2718 miseri
1542 2663 1761 2720 beatum

182 2754 508 2826 Apostolum
544 2752 786 2823 corporis
814 2752 921 2809 hoc
956 2751 1186 2818 honore,
1226 2765 1337 2807 non
1367 2751 1577 2822 generis
1594 2751 1763 2807 diﬂ‘e.

184 2843 366 2898 rentia
389 2842 502 2913 (36)
520 2842 747 2898 dixisse.
785 2865 804 2891 ι
831 2840 957 2898 Alia
987 2842 1266 2913 (estergo)
1297 2856 1423 2897 caro
1446 2840 1705 2908 hominis,
1728 2863 1748 2890 ι

185 2932 248 2991 id
279 2941 377 3001 est,
408 2933 552 2989 servi
580 2933 700 3001 Dei,
764 2933 912 2989 «alia
962 2935 1193 3006 pecoris,
1219 2955 1240 2981 ι
1283 2931 1341 2989 id
1380 2940 1480 3000 est,
1532 2932 1759 3002 ethnici,

185 3029 244 3078 et
269 3021 589 3095 peccatoris,
620 3028 781 3095 atque
827 3021 1092 3089 hzeretici,
1124 3020 1219 3094 qui
1258 3043 1278 3069 ι
1304 3037 1429 3079 cum
1458 3021 1517 3077 in
1553 3020 1764 3080 honore

185 3121 345 3179 esset,
369 3135 387 3157 ν
431 3110 693 3184 sanguine
730 3109 935 3167 Christi
982 3108 1296 3181 redemptus
1324 3119 1486 3183 atque
1520 3109 1764 3166 honora-

1874 1914 2022 1986 fecti,
2087 1932 2187 1974 nec
2232 1917 2377 1974 inter
2421 1932 2479 1974 se
2523 1915 2817 1974 variabunt
2862 1926 3105 1991 tempore
3153 1918 3311 1992 (43);
3363 1916 3456 1976 sed

1874 2005 2014 2062 alius
2043 2007 2110 2063 ad
2145 2007 2368 2080 praemia
2394 2013 2616 2076 aeterna,
2646 2015 2702 2064 et
2738 2007 2797 2064 in
2824 2008 3143 2080 centuplum
3186 2006 3331 2066 bona
3360 2024 3458 2065 re-

1874 2092 2146 2166 cipienda,
2180 2095 2321 2150 alius
2337 2092 2406 2150 ad
2428 2092 2695 2166 supplicia
2710 2092 3049 2168 pertrahitur
3074 2101 3295 2151 aeterna.
3315 2094 3454 2154 Cum

1875 2198 2002 2256 ergo
2029 2183 2088 2239 in
2112 2197 2306 2256 genere
2332 2182 2574 2240 humano
2594 2181 2755 2238 aliter
2782 2188 2838 2238 et
2864 2180 3026 2240 aliter
3044 2192 3340 2241 nascantur
3360 2183 3456 2241 ho-

1876 2270 2073 2339 mines,
2105 2272 2164 2328 in
2180 2271 2361 2329 carnis
2376 2268 2776 2328 resurrectione
2807 2285 2919 2327 una
2946 2270 3204 2328 omnibus
3232 2280 3286 2329 et
3299 2273 3450 2331 simi-

1876 2358 1943 2418 lis
1956 2360 2059 2417 erit
2094 2360 2418 2418 resurrectio
2448 2359 2566 2434 (44)
2594 2379 2607 2419 :
2637 2360 2798 2418 aliter
2825 2360 2973 2418 enim
2991 2360 3165 2421 Adam
3197 2361 3354 2438 (Gen.
3389 2382 3455 2437 ιι,

1876 2447 1954 2521 7),
1978 2448 2136 2507 aliter
2160 2450 2281 2507 Eva
2309 2448 2475 2522 (Ibid.
2493 2448 2610 2523 22),
2636 2448 2796 2507 aliter
2815 2448 2951 2508 Cain
2970 2456 3025 2506 et
3039 2448 3175 2506 Abel
3200 2450 3353 2524 (Gen.
3377 2468 3456 2524 IV,

1876 2542 1930 2611 1,
1954 2541 2035 2614 2),
2066 2550 2122 2599 et
2149 2558 2340 2601 omnes
2361 2543 2616 2600 homines
2646 2544 2761 2600 nati
2786 2552 2917 2602 sunt
2943 2550 3104 2618 atque
3123 2554 3455 2616 nascuntur;

1874 2633 2033 2690 aliter
2076 2640 2259 2691 autem
2306 2633 2472 2690 homo
2519 2632 2770 2692 Christus
2797 2633 2972 2704 Iesus,
3020 2633 3115 2708 qui
3147 2641 3229 2690 est
3256 2634 3457 2692 media-

1876 2732 1965 2783 tor
1986 2726 2084 2782 Dei
2114 2735 2168 2782 et
2196 2725 2485 2782 hominum
2517 2728 2578 2802 (Ι
2608 2727 2741 2786 Tim.
2770 2743 2832 2797 II,
2862 2728 2947 2799 5),
2968 2735 3127 2786 natus
3166 2734 3267 2785 est.
3300 2728 3457 2790 Licet

1876 2829 2003 2886 ergo
2044 2813 2278 2871 diversis
2297 2813 2541 2872 exordiis
2581 2815 2748 2873 homo
2793 2822 3069 2886 nascatur,
3111 2831 3221 2875 una
3266 2825 3451 2878 tamen

1876 2906 2123 2966 hominis
2182 2913 2380 2965 natura
2434 2922 2547 2964 non
2594 2906 2778 2965 diifert
2836 2908 3232 2968 resurrectione
3277 2912 3459 2973 carnis

1875 2996 2237 3069 omniumque
2256 2995 2630 3054 membrorum
2656 3014 2669 3053 :
2701 3011 2823 3069 quae
2865 2996 3051 3055 omnia
3078 2998 3323 3058 membra
3348 3016 3460 3063 una

1874 3085 2098 3147 Domini
2122 3085 2398 3143 sententia
2424 3084 2773 3143 declarantur
2813 3084 2931 3158 (45)
2961 3101 3087 3145 cum
3116 3085 3185 3145 de
3215 3087 3316 3148 illo
3344 3089 3458 3149 ho-

185 3209 298 3270 tus,
332 3173 363 3248 ἐ
383 3216 493 3256 non
530 3173 845 3265 intellexit,
884 3197 980 3254 sed
1017 3173 1361 3271 comparatus
1381 3173 1461 3254 est
1492 3198 1763 3271 jumentis

1887 3179 2024 3236 mine
2046 3179 2380 3251 loqueretur,
2411 3176 2509 3251 qui
2526 3191 2637 3233 non
2658 3173 2853 3232 habuit
2868 3183 3076 3271 vestem
3100 3176 3215 3250 (46)
3242 3179 3457 3254 nuptia-

188 3287 593 3360 insipientibus,
622 3297 675 3345 et
703 3284 903 3343 similis
924 3286 1099 3343 factus
1114 3295 1195 3344 est
1224 3286 1334 3343 illis
1370 3286 1541 3357 (Ρεαι.
1564 3304 1760 3355 χινιιι,

190 3381 304 3452 13).
336 3404 355 3428 ι
387 3408 459 3422 -
499 3403 519 3429 ι
542 3380 668 3435 Alia
694 3379 1005 3446 volucrum,
1028 3401 1048 3426 ι
1092 3377 1149 3432 id
1194 3384 1279 3433 est
1311 3385 1637 3450 martyrum,
1667 3379 1763 3451 qui

187 3469 259 3527 ad
286 3470 527 3527 ccelestia
552 3466 747 3541 pennis
766 3465 1004 3537 Spiritus
1031 3464 1204 3521 sancti
1226 3465 1472 3522 subvecti
1505 3482 1761 3523 conscen-

188 3557 346 3615 dunt.
384 3581 402 3605 ι
430 3557 553 3612 Alia
585 3555 840 3627 piscium,
864 3577 883 3602 ι
926 3551 984 3607 id
1012 3559 1112 3620 est,
1144 3553 1239 3624 qui
1284 3560 1405 3624 post
1461 3553 1760 3612 Salvatoris

186 3645 445 3719 baptismi
518 3659 711 3717 aquam
754 3648 1105 3698 assumuntur
1165 3640 1304 3712 (37).
1377 3664 1397 3689 σ
1426 3641 1550 3698 Alia
1594 3643 1765 3716 gloria

190 3735 341 3803 solis,
370 3758 391 3781 ι
434 3733 492 3791 id
529 3739 611 3789 est
656 3730 901 3789 Christi:
939 3730 1087 3785 «alia
1115 3729 1288 3802 gloria
1333 3731 1497 3800 lunae,
1521 3754 1541 3781 ι
1596 3732 1654 3788 id
1682 3739 1764 3790 est

189 3823 446 3882 Ecclesiae
470 3841 483 3880 :
528 3844 548 3870 ι
568 3828 623 3879 et
648 3821 752 3877 alia
782 3821 955 3893 gloria
982 3820 1288 3889 stellarum,
1309 3843 1329 3868 ι
1373 3820 1430 3876 id
1460 3828 1560 3890 est,
1593 3822 1760 3879 semi-

191 3913 279 3970 nis
306 3913 557 3980 Abrabae,
604 3918 658 3967 et
685 3926 871 3966 eorum
917 3910 1011 3982 qui
1060 3925 1115 3965 se
1139 3924 1236 3983 per
1282 3908 1469 3980 ﬁdem,
1511 3920 1566 3968 et
1604 3928 1767 3985 opera

190 4001 332 4058 bona
359 4000 502 4057 ﬁlios
547 4000 664 4073 ejus
711 3998 1007 4056 ostendunt
1055 3998 1175 4070 (38)
1206 4016 1221 4055 :
1283 4020 1303 4046 ι
1334 4000 1492 4056 stella
1519 4000 1666 4056 enim
1696 4001 1766 4059 ab

193 4092 343 4147 stella
397 4090 581 4147 differt
627 4090 685 4145 in
736 4088 969 4161 gloria,-
1030 4086 1087 4144 id
1132 4093 1231 4155 est,
1268 4089 1500 4160 apostoli
1546 4098 1600 4146 et
1627 4106 1766 4163 pro-

195 4180 365 4253 phetas
419 4180 526 4247 illi,
583 4178 679 4252 qui
743 4178 1035 4250 cupierunt
1083 4176 1199 4249 (39)
1250 4177 1435 4234 videre
1484 4186 1537 4235 et
1573 4179 1764 4237 audire

195 4268 499 4334 Christum;
556 4267 649 4322 isti
691 4275 871 4321 autem
941 4266 1035 4339 qui
1070 4265 1325 4323 viderunt
1371 4274 1424 4322 et
1475 4268 1765 4324 audierunt

195 4372 337 4424 eum,
390 4362 445 4410 et
490 4369 715 4426 corpora
760 4353 1017 4420 coelestia,
1087 4360 1140 4407 et
1181 4368 1408 4425 corpora
1466 4357 1762 4427 terrestria,

197 4446 255 4504 id
289 4454 387 4515 est,
435 4444 874 4503 Christianorum
899 4452 953 4499 et
981 4442 1291 4499 Iudaeorum
1317 4444 1456 4517 (40).
1486 4446 1766 4506 Postremo

1873 3268 1978 3328 lem
2013 3269 2226 3340 (Matth.
2277 3283 2421 3335 xm,
2453 3266 2568 3340 11),
2613 3279 2714 3322 nec
2758 3264 3001 3323 servavit
3042 3264 3186 3324 illud
3214 3267 3455 3327 manda-

1872 3369 2027 3422 tum:
2100 3360 2257 3416 Omni
2304 3365 2529 3429 tempore
2592 3356 2792 3414 munda
2847 3356 2956 3413 sint
3005 3357 3303 3413 vestimenta
3353 3364 3448 3417 tua

1876 3451 2177 3523 (Eccle.1x,
2209 3448 2311 3519 8);
2343 3462 2506 3519 quem
2536 3444 2790 3502 manibus
2817 3444 3156 3519 pedibusque
3187 3446 3455 3507 constrin-

1874 3544 1926 3617 gi
1945 3542 2111 3615 jussit
2136 3548 2192 3599 et
2238 3539 2464 3609 auferri,
2504 3554 2574 3597 ne
2614 3537 2956 3598 recumberet
2986 3538 3043 3595 in
3070 3539 3354 3610 convivio,
3386 3555 3456 3599 ne

1874 3634 2083 3691 sederet
2129 3632 2190 3690 in
2218 3631 2381 3701 solio,
2429 3644 2502 3688 ne
2541 3635 2710 3688 staret
2757 3627 2827 3686 ad
2865 3627 3148 3686 dexteram
3192 3628 3328 3688 Dei:
3360 3629 3457 3689 sed

1873 3726 2023 3784 mitti
2050 3725 2109 3781 in
2155 3721 2459 3797 gehennam
2487 3720 2652 3794 ignis,
2692 3719 2790 3779 ubi
2829 3727 2912 3778 est
2940 3719 3102 3778 ﬂetus
3145 3720 3456 3794 oculorum,

1875 3828 1930 3879 et
1942 3819 2147 3877 stridor
2160 3816 2411 3874 dentium
2433 3816 2455 3888 (
2463 3815 2621 3888 Conf.
2644 3815 2877 3874 Tertull.
2890 3815 2930 3873 1.
2950 3814 3029 3873 De
3044 3830 3253 3874 resurr.
3277 3831 3456 3884 carm,

1873 3923 1993 3982 cap.
2037 3908 2152 3980 35).

1945 3996 2172 4057 CAPUT
2202 3996 2407 4057 XXVI.
2437 4026 2509 4041 —
2524 3997 2694 4055 Porro
2720 3994 2790 4052 de
2807 3992 3023 4065 capillis
3051 3993 3255 4050 nostris
3282 3992 3458 4052 dubi-

1873 4095 1990 4145 tare
2017 4087 2149 4144 satis
2194 4087 2430 4159 impium
2478 4093 2581 4155 est,
2608 4099 2749 4158 quos
2788 4085 2934 4145 838
2978 4081 3250 4139 Dominus
3278 4080 3458 4140 dinu-

1875 4191 2110 4239 meratos
2151 4198 2265 4239 esse
2292 4181 2565 4254 significat
2592 4179 2806 4250 (Matth.
2835 4192 2896 4247 ι,
2927 4176 3041 4250 30).
3073 4178 3299 4237 Frustra
3327 4193 3458 4253 ergo

1874 4270 2167 4337 numerati,
2189 4276 2320 4325 sunt
2347 4269 2393 4325 si
2424 4266 2718 4343 aliquando
2747 4266 2978 4340 perituri
3010 4275 3141 4325 sunt
3170 4284 3187 4336 ;
3229 4266 3324 4325 sed
3344 4280 3459 4324 non

1874 4365 2126 4432 pereunt,
2161 4358 2290 4431 quia
2318 4357 2375 4413 in
2406 4353 2825 4413 similitudinem
2852 4353 3076 4414 Domini
3102 4354 3307 4415 Christi
3328 4371 3457 4416 eum

1876 4445 2133 4502 omnibus
2180 4444 2442 4502 membris
2477 4443 2836 4502 resurrecturi
2873 4457 3082 4501 sumus.
3124 4441 3184 4501 Si
3213 4443 3359 4500 enim
3388 4444 3449 4500 in

198 4544 392 4604 autem,
424 4543 487 4591 ut
527 4532 775 4589 omnium
834 4531 1288 4587 resurrectionem
1317 4534 1645 4605 ostenderet,
1682 4537 1762 4598 sic
1787 4543 1838 4605 D
1867 4538 2033 4595 istum
2073 4536 2255 4610 ignem
2287 4537 2667 4610 temporalem,
2701 4533 2795 4608 qui
2837 4538 3001 4590 omne
3026 4528 3175 4604 quod
3228 4528 3449 4601 accipit,

269 4635 380 4712 (32)
411 4634 612 4691 Eadem
638 4633 794 4689 Rom.
822 4629 979 4712 edit.,
1010 4630 1088 4712 Et
1109 4629 1303 4712 iterant
1326 4646 1339 4686 :
1366 4632 1533 4706 Ergo,
1549 4634 1769 4712 fratres,

203 4700 443 4765 debitores
471 4721 649 4759 smnus
688 4719 794 4757 non
823 4701 1000 4767 carni,
1029 4706 1090 4755 ut
1116 4700 1394 4757 secundum
1439 4700 1648 4761 carnem
1676 4700 1772 4763 vi;

204 4794 375 4835 eamus
392 4797 413 4844 ;
442 4776 856 4849 negando_enim,
890 4781 994 4849 etc.

271 4850 380 4921 (33)
435 4843 637 4904 Ea'dem
666 4847 824 4903 Rom.
874 4844 1034 4915 edit.,
1060 4843 1286 4901 interior
1315 4851 1487 4901 tamen
1511 4846 1575 4901 de
1604 4846 1689 4905 die
1712 4849 1772 4907 in

202 4921 329 4977 diem
357 4927 657 4975 renovatur.

272 4992 381 5065 (34)
411 4991 610 5046 Eadem
642 4990 799 5045 Rom.
831 4986 986 5057 edit.,
1018 4986 1141 5042 etin
1161 5003 1462 5044 mensuram
1483 4990 1767 5061 plenitudi-

201 5064 281 5119 nis
304 5080 413 5132 ejus
440 5076 784 5133 resurgemus.

274 5128 382 5208 (35)
419 5128 826 5208 EademRomL
862 5128 1033 5208 edi_t._,_
1072 5129 1372 5208 huiusmodi
1400 5138 1711 5208 quieruntnr
1739 5135 1768 5191 ?

204 5200 490 5282 Ho'eq'ua_m
516 5203 736 5282 impian
760 5201 849 5268 sit,
887 5200 1057 5282 fidelis
1083 5201 1299 5282 quisque
1328 5200 1588 5282 intelligit.

276 5225 308 5259 ιη
368 5223 490 5261 nam
519 5223 736 5275 tmptum
760 5223 849 5268 δη,
887 5223 1057 5281 [tactu
1083 5223 1299 5282 qumque
1328 5223 1588 5274 mtetttgu.

276 5223 385 5352 (3g)
418 5275 622 5352 Eadem
673 5275 827 5352 Rom.
861 5271 1172 5352 $11thqu
1200 5272 1271 5352 ibi
1297 5281 1604 5352 sequuntur,
1661 5293 1769 5352 non

204 5342 533 5418 intelligentes
580 5345 809 5418 homines
858 5342 1077 5418 perditi"
1110 5344 1311 5398 beatum
1369 5343 1675 5418 Apostolum
1707 5349 1767 5403 de

203 5414 454 5494 corporis
488 5418 704 5494 humani
756 5414 1004 5487 dignitate
1032 5414 1087 5471 in
1136 5416 1525 5483 resurrectione,
1558 5433 1660 5472 non
1706 5420 1767 5474 de

206 5490 373 5551 carnis
401 5490 715 5560 (li/ferentia,
748 5496 850 5543 etc.

276 5564 385 5635 (37)
422 5557 622 5635 Eadem
652 5557 976 5635 Rom.edit.,
1005 5560 1097 5629 qui
1119 5575 1216 5631 per
1235 5558 1491 5613 salutaris
1520 5559 1767 5629 baptismi

210 5630 395 5710 aquam
418 5634 493 5710 ad
514 5633 762 5710 scelestam
792 5630 953 5710 vitain
983 5630 1345 5710 assumantur.

279 5705 391 5778 (38)
418 5702 621 5759 Eadem
647 5701 804 5758 Rom.
836 5700 994 5770 edit.,
1028 5701 1085 5758 in
1115 5701 1253 5773 ﬁlios
1280 5701 1392 5772 ejus
1430 5706 1759 5772 cooptantur.

1952 4636 2067 4707 (39)
2100 4636 2305 4693 Eadem
2319 4636 2475 4693 Rom.
2499 4632 2658 4707 edit.,
2679 4632 2737 4686 in
2763 4628 3026 4698 claritate,
3055 4632 3116 4683 ut
3157 4625 3389 4699 apostoli
3418 4640 3457 4682 α

1872 4705 2162 4781 praphetis.
2193 4708 2303 4781 _Isti
2329 4707 2458 4781 quia
2492 4705 2788 4781 cupientnt,
2819 4708 2924 4781 etc:

1952 4726 2162 4835 aggeris.
2204 4726 2303 4764 1m
2329 4726 2458 4778 quur
2492 4726 2788 4784 cupiet-um,
2819 4726 2924 4757 ew.
3002 4769 3014 4781 .
3197 4766 3208 4778 ι
3328 4766 3338 4778 .

1952 4781 1971 4850 (
2049 4778 2311 4851 )Eadem
2375 4779 2531 4851 Rom.
2555 4774 2865 4851 ed_1_t.,_sz_mt
2893 4770 3129 4851 denique,
3170 4771 3459 4851 _inquz_t,.et

2004 4843 2101 4906 ora
2124 4849 2368 4917 cwlestia,
2400 4846 2455 4903 id
2491 4850 2566 4901 est
2596 4843 3042 4909 Christianorum,
3068 4844 3117 4895 et
3162 4843 3457 4906 κοινωνία,
3552 4875 3557 4879 -

1878 4921 2207 4980 Judworum.

1952 4992 2068 5076 (4i)
2099 4991 2302 5076 Eadem
2348 4990 2519 5076 nom,
2540 4985 2708 5076 edit.,
2735 4979 3048 5076 «tutantia:
3097 4979 3269 5052 possit
3290 4979 3456 5037 ἀπεοι-

1880 5055 1992 5135 ligi,
2020 5055 2212 5135 nostris
2241 5055 2716 5135 transmutationis.
2761 5069 2897 5135 quia,
2919 5059 3027 5134 etc.
3075 5124 3086 5135 .
3158 5124 3171 5135 _
3198 5124 3207 5135 .

1952 5124 2068 5207 (42)
2104 5133 2303 5207 Eadem
2344 5134 2499 5207 Rom.
2540 5128 2698 5196 edit.,
2737 5124 2864 5207 (item
2891 5125 3028 5180 enim
3064 5124 3123 5180 in
3152 5124 3233 5180 his
3265 5129 3484 5183 ηοω-ο.

1876 5203 2249 5263 mutationibus
2271 5203 2537 5269 variatur,
2566 5215 2694 5269 non,
2721 5206 2826 5255 etc.
2908 5267 2941 5269 Η
3241 5266 3251 5269 _
3474 5209 3479 5243 :

1976 5277 2066 5347 43)
2115 5275 2318 5347 Eadem
2358 5266 2708 5347 RomﬁeditI,
2738 5285 2858 5342 ergo
2886 5267 3061 5325 die....
3110 5281 3204 5347 nec
3230 5266 3369 5320 inter
3406 5278 3459 5318 se

1976 5278 2043 5332 43
2115 5278 2318 5329 Eadem
2358 5278 2513 5330 Rom.
2551 5278 2708 5339 edit.,
2738 5285 2858 5342 ergo
2886 5278 3061 5325 ἀει...
3110 5281 3203 5321 nee
3230 5283 3257 5319 tl

1951 5278 2066 5418 (44)
2094 5346 2294 5401 Eadem
2326 5346 2482 5402 Rom.
2514 5342 2671 5411 edit.,
2701 5347 2909 5397 natura:
2946 5336 3257 5408 resumptio.

1876 5419 2159 5491 variabunt
2183 5424 2427 5491 tempore,
2448 5432 2538 5469 nec
2554 5420 2719 5491 (etate.
3010 5479 3020 5491 ο
3380 5476 3392 5489 υ

1951 5489 2064 5559 (44)
2090 5485 2309 5544 Eadem‘.
2344 5490 2499 5544 Rom.
2523 5485 2678 5553 edit.,
2698 5498 2835 5559 Anam
2878 5485 3045 5537 omnis
3071 5494 3217 5547 caro,
3243 5485 3449 5536 omnia-

1875 5555 1972 5630 que
2000 5555 2234 5614 nteinbra
2254 5560 2429 5615 eadem
2456 5555 2820 5630 unaquefore.

1948 5630 2313 5713 (46)_Eadem
2371 5632 2530 5689 Rom.
2572 5623 2754 5697 edit.,
2811 5623 3120 5697 nuptialem,
3172 5636 3292 5700 qua
3344 5634 3456 5682 αηα

1875 5710 2011 5773 erat,
2048 5710 2153 5762 etc.
