  <div class='ocr_page' id='page_1' title='image "/cluster/home/n/w/nwhite01/storage/ocr_20150623/17/umn.31951002477311b/291.png"; bbox 0 0 3972 6380; ppageno 0'>
   <div class='ocr_carea' id='block_1_1' title="bbox 512 398 621 463">
    <p class='ocr_par' dir='ltr' id='par_1_1' title="bbox 512 398 621 463">
     <span class='ocr_line' id='line_1_1' title="bbox 512 398 621 463; baseline -0.009 0"><span class='ocrx_word' id='word_1_1' title='bbox 512 398 621 463; x_wconf 69' lang='lat'><strong>867</strong></span> 
     </span>
    </p>
   </div>
   <div class='ocr_carea' id='block_1_2' title="bbox 1525 373 2819 453">
    <p class='ocr_par' dir='ltr' id='par_1_2' title="bbox 1525 373 2819 453">
     <span class='ocr_line' id='line_1_2' title="bbox 1525 373 2819 453; baseline -0.002 -1"><span class='ocrx_word' id='word_1_2' title='bbox 1525 395 1622 452; x_wconf 83' lang='lat' dir='ltr'><strong>AD</strong></span> <span class='ocrx_word' id='word_1_3' title='bbox 1660 394 1893 453; x_wconf 79' lang='lat' dir='ltr'><strong>OPERA</strong></span> <span class='ocrx_word' id='word_1_4' title='bbox 1927 393 1985 451; x_wconf 91' lang='lat' dir='ltr'><strong>s.</strong></span> <span class='ocrx_word' id='word_1_5' title='bbox 2022 392 2351 453; x_wconf 82' lang='lat' dir='ltr'><strong>AMBROSII</strong></span> <span class='ocrx_word' id='word_1_6' title='bbox 2384 391 2762 451; x_wconf 85' lang='lat' dir='ltr'><strong>APPENDIX.</strong></span> <span class='ocrx_word' id='word_1_7' title='bbox 2807 373 2819 382; x_wconf 79' lang='grc'><strong>“</strong></span> 
     </span>
    </p>
   </div>
   <div class='ocr_carea' id='block_1_3' title="bbox 3680 386 3799 450">
    <p class='ocr_par' dir='ltr' id='par_1_3' title="bbox 3680 386 3799 450">
     <span class='ocr_line' id='line_1_3' title="bbox 3680 386 3799 450; baseline -0.025 -1"><span class='ocrx_word' id='word_1_8' title='bbox 3680 386 3799 450; x_wconf 68' lang='lat'><strong>868</strong></span> 
     </span>
    </p>
   </div>
   <div class='ocr_carea' id='block_1_4' title="bbox 515 511 3796 600">
    <p class='ocr_par' dir='ltr' id='par_1_4' title="bbox 515 511 3796 600">
     <span class='ocr_line' id='line_1_4' title="bbox 515 511 3796 600; baseline -0.006 -9"><span class='ocrx_word' id='word_1_9' title='bbox 515 528 776 598; x_wconf 81' lang='lat' dir='ltr'><strong>absumit,</strong></span> <span class='ocrx_word' id='word_1_10' title='bbox 806 526 1157 600; x_wconf 89' lang='lat' dir='ltr'><strong>omnipotens</strong></span> <span class='ocrx_word' id='word_1_11' title='bbox 1187 525 1335 581; x_wconf 90' lang='lat' dir='ltr'><strong>Deus</strong></span> <span class='ocrx_word' id='word_1_12' title='bbox 1362 523 1664 595; x_wconf 73' lang='lat' dir='ltr'><strong>potentiam</strong></span> <span class='ocrx_word' id='word_1_13' title='bbox 1711 537 1866 576; x_wconf 87' lang='lat' dir='ltr'><strong>suam</strong></span> <span class='ocrx_word' id='word_1_14' title='bbox 1895 520 1955 576; x_wconf 92' lang='lat' dir='ltr'><strong>in</strong></span> <span class='ocrx_word' id='word_1_15' title='bbox 1979 519 2096 575; x_wconf 93' lang='lat' dir='ltr'><strong>tri-</strong></span> <span class='ocrx_word' id='word_1_16' title='bbox 2121 523 2174 581; x_wconf 78' lang='grc' dir='ltr'><strong>Α</strong></span> <span class='ocrx_word' id='word_1_17' title='bbox 2200 532 2288 573; x_wconf 90' lang='lat' dir='ltr'><strong>me</strong></span> <span class='ocrx_word' id='word_1_18' title='bbox 2315 516 2559 574; x_wconf 82' lang='lat' dir='ltr'><strong>tunicam</strong></span> <span class='ocrx_word' id='word_1_19' title='bbox 2605 531 2803 585; x_wconf 90' lang='lat' dir='ltr'><strong>meam,</strong></span> <span class='ocrx_word' id='word_1_20' title='bbox 2846 513 3121 589; x_wconf 91' lang='lat' dir='ltr'><strong>quomodo</strong></span> <span class='ocrx_word' id='word_1_21' title='bbox 3166 511 3363 569; x_wconf 87' lang='lat' dir='ltr'><strong>induar</strong></span> <span class='ocrx_word' id='word_1_22' title='bbox 3390 512 3542 569; x_wconf 85' lang='lat' dir='ltr'><strong>illam</strong></span> <span class='ocrx_word' id='word_1_23' title='bbox 3572 514 3601 570; x_wconf 70' lang='grc' dir='ltr'><strong><em>Ἰ</em></strong></span> <span class='ocrx_word' id='word_1_24' title='bbox 3652 514 3732 569; x_wconf 84' lang='lat' dir='ltr'><strong>La</strong></span> <span class='ocrx_word' id='word_1_25' title='bbox 3775 514 3796 570; x_wconf 92' lang='lat' dir='ltr'><strong>i</strong></span> 
     </span>
    </p>
   </div>
   <div class='ocr_carea' id='block_1_5' title="bbox 514 607 2097 695">
    <p class='ocr_par' dir='ltr' id='par_1_5' title="bbox 514 607 2097 695">
     <span class='ocr_line' id='line_1_5' title="bbox 514 607 2097 695; baseline -0.009 -15"><span class='ocrx_word' id='word_1_26' title='bbox 514 621 621 681; x_wconf 88' lang='lat' dir='ltr'><strong>bus</strong></span> <span class='ocrx_word' id='word_1_27' title='bbox 646 618 832 695; x_wconf 91' lang='lat' dir='ltr'><strong>pueris</strong></span> <span class='ocrx_word' id='word_1_28' title='bbox 877 613 1138 682; x_wconf 75' lang='lat' dir='ltr'><strong>ostendit,</strong></span> <span class='ocrx_word' id='word_1_29' title='bbox 1189 612 1285 688; x_wconf 94' lang='lat' dir='ltr'><strong>qui</strong></span> <span class='ocrx_word' id='word_1_30' title='bbox 1330 611 1390 668; x_wconf 90' lang='lat' dir='ltr'><strong>in</strong></span> <span class='ocrx_word' id='word_1_31' title='bbox 1427 611 1644 668; x_wconf 86' lang='lat' dir='ltr'><strong>camino</strong></span> <span class='ocrx_word' id='word_1_32' title='bbox 1685 609 1828 683; x_wconf 81' lang='lat' dir='ltr'><strong>ignis</strong></span> <span class='ocrx_word' id='word_1_33' title='bbox 1854 607 2097 667; x_wconf 83' lang='lat' dir='ltr'><strong>ardentis</strong></span> 
     </span>
    </p>
   </div>
   <div class='ocr_carea' id='block_1_6' title="bbox 514 700 2092 787">
    <p class='ocr_par' dir='ltr' id='par_1_6' title="bbox 514 700 2092 787">
     <span class='ocr_line' id='line_1_6' title="bbox 514 700 2092 787; baseline -0.011 -13"><span class='ocrx_word' id='word_1_34' title='bbox 514 714 748 787; x_wconf 77' lang='lat' dir='ltr'><strong>capillos</strong></span> <span class='ocrx_word' id='word_1_35' title='bbox 791 725 981 769; x_wconf 91' lang='lat' dir='ltr'><strong>eorum</strong></span> <span class='ocrx_word' id='word_1_36' title='bbox 1022 709 1258 766; x_wconf 89' lang='lat' dir='ltr'><strong>intactos</strong></span> <span class='ocrx_word' id='word_1_37' title='bbox 1309 702 1612 762; x_wconf 80' lang='lat' dir='ltr'><strong>reservavit</strong></span> <span class='ocrx_word' id='word_1_38' title='bbox 1640 702 1808 773; x_wconf 85' lang='lat' dir='ltr'><strong>(Dan.</strong></span> <span class='ocrx_word' id='word_1_39' title='bbox 1839 718 1924 769; x_wconf 83' lang='lat' dir='ltr'><strong>nt,</strong></span> <span class='ocrx_word' id='word_1_40' title='bbox 1959 700 2092 773; x_wconf 90' lang='lat'><strong>50);</strong></span> 
     </span>
    </p>
   </div>
   <div class='ocr_carea' id='block_1_7' title="bbox 516 788 2098 871">
    <p class='ocr_par' dir='ltr' id='par_1_7' title="bbox 516 788 2098 871">
     <span class='ocr_line' id='line_1_7' title="bbox 516 788 2098 871; baseline -0.01 -10"><span class='ocrx_word' id='word_1_41' title='bbox 516 802 580 861; x_wconf 88' lang='lat' dir='ltr'><strong>in</strong></span> <span class='ocrx_word' id='word_1_42' title='bbox 608 800 1004 860; x_wconf 83' lang='lat' dir='ltr'><strong>resurrectione</strong></span> <span class='ocrx_word' id='word_1_43' title='bbox 1033 796 1263 871; x_wconf 84' lang='lat' dir='ltr'><strong>capillos</strong></span> <span class='ocrx_word' id='word_1_44' title='bbox 1308 803 1522 852; x_wconf 88' lang='lat' dir='ltr'><strong>nostros</strong></span> <span class='ocrx_word' id='word_1_45' title='bbox 1547 808 1660 850; x_wconf 93' lang='lat' dir='ltr'><strong>non</strong></span> <span class='ocrx_word' id='word_1_46' title='bbox 1691 789 2041 849; x_wconf 88' lang='lat' dir='ltr'><strong>resuscitabit</strong></span> <span class='ocrx_word' id='word_1_47' title='bbox 2068 788 2098 845; x_wconf 83' lang='lat'><strong>?</strong></span> 
     </span>
    </p>
   </div>
   <div class='ocr_carea' id='block_1_8' title="bbox 516 877 2099 964">
    <p class='ocr_par' dir='ltr' id='par_1_8' title="bbox 516 877 2099 964">
     <span class='ocr_line' id='line_1_8' title="bbox 516 877 2099 964; baseline -0.01 -13"><span class='ocrx_word' id='word_1_48' title='bbox 516 889 884 951; x_wconf 85' lang='lat' dir='ltr'><strong>Resuscitabit</strong></span> <span class='ocrx_word' id='word_1_49' title='bbox 930 891 1089 964; x_wconf 84' lang='lat' dir='ltr'><strong>plane</strong></span> <span class='ocrx_word' id='word_1_50' title='bbox 1144 888 1263 944; x_wconf 86' lang='lat' dir='ltr'><strong>sine</strong></span> <span class='ocrx_word' id='word_1_51' title='bbox 1310 885 1494 960; x_wconf 84' lang='lat' dir='ltr'><strong>aliquo</strong></span> <span class='ocrx_word' id='word_1_52' title='bbox 1541 889 1831 955; x_wconf 88' lang='lat' dir='ltr'><strong>augmento</strong></span> <span class='ocrx_word' id='word_1_53' title='bbox 1878 882 1967 937; x_wconf 88' lang='lat' dir='ltr'><strong>vel</strong></span> <span class='ocrx_word' id='word_1_54' title='bbox 1993 877 2099 936; x_wconf 82' lang='lat' dir='ltr'><strong>de-</strong></span> 
     </span>
    </p>
   </div>
   <div class='ocr_carea' id='block_1_9' title="bbox 490 977 2097 1056">
    <p class='ocr_par' dir='ltr' id='par_1_9' title="bbox 490 977 2097 1056">
     <span class='ocr_line' id='line_1_9' title="bbox 490 977 2097 1056; baseline -0.012 -9"><span class='ocrx_word' id='word_1_55' title='bbox 490 980 802 1056; x_wconf 33' lang='lat' dir='ltr'><strong>Ltrimento.</strong></span> <span class='ocrx_word' id='word_1_56' title='bbox 844 985 1008 1042; x_wconf 89' lang='lat' dir='ltr'><strong>Nulla</strong></span> <span class='ocrx_word' id='word_1_57' title='bbox 1043 999 1171 1056; x_wconf 88' lang='lat' dir='ltr'><strong>ergo</strong></span> <span class='ocrx_word' id='word_1_58' title='bbox 1209 981 1268 1037; x_wconf 93' lang='lat' dir='ltr'><strong>in</strong></span> <span class='ocrx_word' id='word_1_59' title='bbox 1312 977 1708 1037; x_wconf 86' lang='lat' dir='ltr'><strong>resurrectione</strong></span> <span class='ocrx_word' id='word_1_60' title='bbox 1753 982 2097 1032; x_wconf 84' lang='lat' dir='ltr'><strong>mortuorum</strong></span> 
     </span>
    </p>
   </div>
   <div class='ocr_carea' id='block_1_10' title="bbox 489 1048 2100 1140">
    <p class='ocr_par' dir='ltr' id='par_1_10' title="bbox 489 1048 2100 1140">
     <span class='ocr_line' id='line_1_10' title="bbox 489 1048 2100 1140; baseline -0.009 -5"><span class='ocrx_word' id='word_1_61' title='bbox 489 1048 757 1135; x_wconf 64' lang='lat' dir='ltr'><strong>lvarietas</strong></span> <span class='ocrx_word' id='word_1_62' title='bbox 778 1083 873 1131; x_wconf 91' lang='lat' dir='ltr'><strong>aut</strong></span> <span class='ocrx_word' id='word_1_63' title='bbox 902 1048 1210 1131; x_wconf 72' lang='lat' dir='ltr'><strong>differentia</strong></span> <span class='ocrx_word' id='word_1_64' title='bbox 1229 1069 1334 1125; x_wconf 90' lang='lat' dir='ltr'><strong>erit</strong></span> <span class='ocrx_word' id='word_1_65' title='bbox 1365 1068 1504 1140; x_wconf 92' lang='lat'><strong>(47),</strong></span> <span class='ocrx_word' id='word_1_66' title='bbox 1548 1066 1693 1123; x_wconf 87' lang='lat' dir='ltr'><strong>sicut</strong></span> <span class='ocrx_word' id='word_1_67' title='bbox 1713 1080 1863 1121; x_wconf 92' lang='lat' dir='ltr'><strong>nunc</strong></span> <span class='ocrx_word' id='word_1_68' title='bbox 1890 1062 2100 1135; x_wconf 82' lang='lat' dir='ltr'><strong>fragilis</strong></span> 
     </span>
    </p>
   </div>
   <div class='ocr_carea' id='block_1_11' title="bbox 488 1145 2099 1228">
    <p class='ocr_par' dir='ltr' id='par_1_11' title="bbox 488 1145 2099 1228">
     <span class='ocr_line' id='line_1_11' title="bbox 488 1145 2099 1228; baseline -0.01 -3"><span class='ocrx_word' id='word_1_69' title='bbox 488 1145 582 1225; x_wconf 38' lang='lat' dir='ltr'><strong>{in</strong></span> <span class='ocrx_word' id='word_1_70' title='bbox 608 1163 770 1222; x_wconf 92' lang='lat' dir='ltr'><strong>nobis</strong></span> <span class='ocrx_word' id='word_1_71' title='bbox 801 1171 882 1219; x_wconf 87' lang='lat' dir='ltr'><strong>est</strong></span> <span class='ocrx_word' id='word_1_72' title='bbox 906 1162 1089 1219; x_wconf 87' lang='lat' dir='ltr'><strong>carnis</strong></span> <span class='ocrx_word' id='word_1_73' title='bbox 1118 1158 1430 1226; x_wconf 84' lang='lat' dir='ltr'><strong>inﬁrmitas,</strong></span> <span class='ocrx_word' id='word_1_74' title='bbox 1472 1172 1592 1228; x_wconf 70' lang='lat' dir='ltr'><strong>quae</strong></span> <span class='ocrx_word' id='word_1_75' title='bbox 1622 1154 1709 1212; x_wconf 92' lang='lat' dir='ltr'><strong>sui</strong></span> <span class='ocrx_word' id='word_1_76' title='bbox 1739 1153 1922 1209; x_wconf 89' lang='lat' dir='ltr'><strong>oneris</strong></span> <span class='ocrx_word' id='word_1_77' title='bbox 1957 1154 2099 1209; x_wconf 90' lang='lat' dir='ltr'><strong>mole</strong></span> 
     </span>
    </p>
   </div>
   <div class='ocr_carea' id='block_1_12' title="bbox 473 1242 2096 1334">
    <p class='ocr_par' dir='ltr' id='par_1_12' title="bbox 473 1242 2096 1334">
     <span class='ocr_line' id='line_1_12' title="bbox 473 1242 2096 1334; baseline -0.01 -22"><span class='ocrx_word' id='word_1_78' title='bbox 473 1246 868 1334; x_wconf 65' lang='lat' dir='ltr'><strong>jdeprimitur,</strong></span> <span class='ocrx_word' id='word_1_79' title='bbox 912 1266 1033 1324; x_wconf 64' lang='lat' dir='ltr'><strong>quas</strong></span> <span class='ocrx_word' id='word_1_80' title='bbox 1076 1248 1313 1315; x_wconf 87' lang='lat' dir='ltr'><strong>fucatur,</strong></span> <span class='ocrx_word' id='word_1_81' title='bbox 1356 1244 1592 1302; x_wconf 73' lang='lat' dir='ltr'><strong>fmdatur</strong></span> <span class='ocrx_word' id='word_1_82' title='bbox 1656 1242 1796 1315; x_wconf 87' lang='lat'><strong>(48),</strong></span> <span class='ocrx_word' id='word_1_83' title='bbox 1845 1249 2096 1310; x_wconf 67' lang='lat' dir='ltr'><strong>caecatur,</strong></span> 
     </span>
    </p>
   </div>
   <div class='ocr_carea' id='block_1_13' title="bbox 519 1332 2099 1418">
    <p class='ocr_par' dir='ltr' id='par_1_13' title="bbox 519 1332 2099 1418">
     <span class='ocr_line' id='line_1_13' title="bbox 519 1332 2099 1418; baseline -0.011 -16"><span class='ocrx_word' id='word_1_84' title='bbox 519 1345 837 1418; x_wconf 86' lang='lat' dir='ltr'><strong>injuriatur,</strong></span> <span class='ocrx_word' id='word_1_85' title='bbox 885 1344 1225 1408; x_wconf 86' lang='lat' dir='ltr'><strong>vulneratur,</strong></span> <span class='ocrx_word' id='word_1_86' title='bbox 1274 1346 1517 1405; x_wconf 90' lang='lat' dir='ltr'><strong>sanatur,</strong></span> <span class='ocrx_word' id='word_1_87' title='bbox 1573 1332 1826 1401; x_wconf 88' lang='lat' dir='ltr'><strong>moritur,</strong></span> <span class='ocrx_word' id='word_1_88' title='bbox 1860 1346 2099 1388; x_wconf 87' lang='lat' dir='ltr'><strong>corrum-</strong></span> 
     </span>
    </p>
   </div>
   <div class='ocr_carea' id='block_1_14' title="bbox 519 1426 2101 1509">
    <p class='ocr_par' dir='ltr' id='par_1_14' title="bbox 519 1426 2101 1509">
     <span class='ocr_line' id='line_1_14' title="bbox 519 1426 2101 1509; baseline -0.012 -18"><span class='ocrx_word' id='word_1_89' title='bbox 519 1434 696 1509; x_wconf 87' lang='lat' dir='ltr'><strong>pitur,</strong></span> <span class='ocrx_word' id='word_1_90' title='bbox 722 1440 775 1490; x_wconf 87' lang='lat' dir='ltr'><strong>et</strong></span> <span class='ocrx_word' id='word_1_91' title='bbox 796 1433 853 1488; x_wconf 91' lang='lat' dir='ltr'><strong>in</strong></span> <span class='ocrx_word' id='word_1_92' title='bbox 872 1441 1073 1490; x_wconf 89' lang='lat' dir='ltr'><strong>terram</strong></span> <span class='ocrx_word' id='word_1_93' title='bbox 1094 1447 1157 1487; x_wconf 92' lang='lat' dir='ltr'><strong>ac</strong></span> <span class='ocrx_word' id='word_1_94' title='bbox 1171 1430 1450 1502; x_wconf 85' lang='lat' dir='ltr'><strong>pulverem</strong></span> <span class='ocrx_word' id='word_1_95' title='bbox 1489 1431 1808 1488; x_wconf 87' lang='lat' dir='ltr'><strong>revocatur;</strong></span> <span class='ocrx_word' id='word_1_96' title='bbox 1841 1427 1894 1476; x_wconf 92' lang='lat' dir='ltr'><strong>et</strong></span> <span class='ocrx_word' id='word_1_97' title='bbox 1918 1426 2101 1474; x_wconf 89' lang='lat' dir='ltr'><strong>tamen</strong></span> 
     </span>
    </p>
   </div>
   <div class='ocr_carea' id='block_1_15' title="bbox 520 1504 2101 1597">
    <p class='ocr_par' dir='ltr' id='par_1_15' title="bbox 520 1504 2101 1597">
     <span class='ocr_line' id='line_1_15' title="bbox 520 1504 2101 1597; baseline -0.012 -17"><span class='ocrx_word' id='word_1_98' title='bbox 520 1504 791 1597; x_wconf 73' lang='lat' dir='ltr'><strong>posthaec</strong></span> <span class='ocrx_word' id='word_1_99' title='bbox 819 1519 1006 1576; x_wconf 89' lang='lat' dir='ltr'><strong>omnia</strong></span> <span class='ocrx_word' id='word_1_100' title='bbox 1034 1518 1091 1574; x_wconf 89' lang='lat' dir='ltr'><strong>in</strong></span> <span class='ocrx_word' id='word_1_101' title='bbox 1142 1517 1231 1572; x_wconf 90' lang='lat' dir='ltr'><strong>die</strong></span> <span class='ocrx_word' id='word_1_102' title='bbox 1271 1514 1470 1587; x_wconf 90' lang='lat' dir='ltr'><strong>judicii</strong></span> <span class='ocrx_word' id='word_1_103' title='bbox 1502 1513 1560 1568; x_wconf 93' lang='lat' dir='ltr'><strong>in</strong></span> <span class='ocrx_word' id='word_1_104' title='bbox 1614 1508 1881 1597; x_wconf 87' lang='lat' dir='ltr'><strong>simplicis</strong></span> <span class='ocrx_word' id='word_1_105' title='bbox 1928 1504 2101 1597; x_wconf 76' lang='lat' dir='ltr'><strong>gloria</strong></span> 
     </span>
    </p>
   </div>
   <div class='ocr_carea' id='block_1_16' title="bbox 520 1594 2102 1685">
    <p class='ocr_par' dir='ltr' id='par_1_16' title="bbox 520 1594 2102 1685">
     <span class='ocr_line' id='line_1_16' title="bbox 520 1594 2102 1685; baseline -0.011 -17"><span class='ocrx_word' id='word_1_106' title='bbox 520 1594 689 1685; x_wconf 74' lang='lat' dir='ltr'><strong>primi</strong></span> <span class='ocrx_word' id='word_1_107' title='bbox 717 1608 849 1665; x_wconf 64' lang='lat' dir='ltr'><strong>Adae</strong></span> <span class='ocrx_word' id='word_1_108' title='bbox 894 1616 1057 1680; x_wconf 89' lang='lat' dir='ltr'><strong>atque</strong></span> <span class='ocrx_word' id='word_1_109' title='bbox 1083 1603 1308 1662; x_wconf 90' lang='lat' dir='ltr'><strong>secundi</strong></span> <span class='ocrx_word' id='word_1_110' title='bbox 1357 1599 1744 1659; x_wconf 86' lang='lat' dir='ltr'><strong>reformabitur</strong></span> <span class='ocrx_word' id='word_1_111' title='bbox 1775 1596 1913 1668; x_wconf 90' lang='lat'><strong>(49).</strong></span> <span class='ocrx_word' id='word_1_112' title='bbox 1959 1594 2102 1685; x_wconf 76' lang='lat' dir='ltr'><strong>Vera</strong></span> 
     </span>
    </p>
   </div>
   <div class='ocr_carea' id='block_1_17' title="bbox 521 1683 2100 1771">
    <p class='ocr_par' dir='ltr' id='par_1_17' title="bbox 521 1683 2100 1771">
     <span class='ocr_line' id='line_1_17' title="bbox 521 1683 2100 1771; baseline -0.011 -15"><span class='ocrx_word' id='word_1_113' title='bbox 521 1683 650 1771; x_wconf 75' lang='lat' dir='ltr'><strong>ergo</strong></span> <span class='ocrx_word' id='word_1_114' title='bbox 692 1697 751 1753; x_wconf 92' lang='lat' dir='ltr'><strong>in</strong></span> <span class='ocrx_word' id='word_1_115' title='bbox 791 1711 954 1753; x_wconf 86' lang='lat' dir='ltr'><strong>carne</strong></span> <span class='ocrx_word' id='word_1_116' title='bbox 1000 1693 1324 1750; x_wconf 89' lang='lat' dir='ltr'><strong>resurrectio</strong></span> <span class='ocrx_word' id='word_1_117' title='bbox 1385 1696 1751 1752; x_wconf 90' lang='lat' dir='ltr'><strong>mortuorum,</strong></span> <span class='ocrx_word' id='word_1_118' title='bbox 1812 1692 1974 1757; x_wconf 90' lang='lat' dir='ltr'><strong>atque</strong></span> <span class='ocrx_word' id='word_1_119' title='bbox 2019 1683 2100 1739; x_wconf 81' lang='lat' dir='ltr'><strong>di-</strong></span> 
     </span>
    </p>
   </div>
   <div class='ocr_carea' id='block_1_18' title="bbox 520 1774 2096 1851">
    <p class='ocr_par' dir='ltr' id='par_1_18' title="bbox 520 1774 2096 1851">
     <span class='ocr_line' id='line_1_18' title="bbox 520 1774 2096 1851; baseline -0.011 -6"><span class='ocrx_word' id='word_1_120' title='bbox 520 1786 751 1846; x_wconf 89' lang='lat' dir='ltr'><strong>versitas</strong></span> <span class='ocrx_word' id='word_1_121' title='bbox 805 1801 970 1840; x_wconf 82' lang='lat' dir='ltr'><strong>sexus</strong></span> <span class='ocrx_word' id='word_1_122' title='bbox 996 1782 1102 1839; x_wconf 90' lang='lat' dir='ltr'><strong>erit</strong></span> <span class='ocrx_word' id='word_1_123' title='bbox 1129 1782 1247 1838; x_wconf 86' lang='lat' dir='ltr'><strong>sine</strong></span> <span class='ocrx_word' id='word_1_124' title='bbox 1275 1795 1435 1851; x_wconf 90' lang='lat' dir='ltr'><strong>opere</strong></span> <span class='ocrx_word' id='word_1_125' title='bbox 1481 1776 1663 1836; x_wconf 87' lang='lat' dir='ltr'><strong>carnis</strong></span> <span class='ocrx_word' id='word_1_126' title='bbox 1692 1783 1747 1832; x_wconf 92' lang='lat' dir='ltr'><strong>et</strong></span> <span class='ocrx_word' id='word_1_127' title='bbox 1773 1774 2055 1847; x_wconf 76' lang='lat' dir='ltr'><strong>sanguinis</strong></span> <span class='ocrx_word' id='word_1_128' title='bbox 2080 1789 2096 1829; x_wconf 92' lang='lat'><strong>:</strong></span> 
     </span>
    </p>
   </div>
   <div class='ocr_carea' id='block_1_19' title="bbox 2204 601 3782 678">
    <p class='ocr_par' dir='ltr' id='par_1_19' title="bbox 2204 601 3782 678">
     <span class='ocr_line' id='line_1_19' title="bbox 2204 601 3782 678; baseline -0.001 -17"><span class='ocrx_word' id='word_1_129' title='bbox 2204 604 2367 678; x_wconf 86' lang='lat' dir='ltr'><strong>pedes</strong></span> <span class='ocrx_word' id='word_1_130' title='bbox 2392 602 2847 678; x_wconf 88' lang='lat' dir='ltr'><strong>meos,quomodo</strong></span> <span class='ocrx_word' id='word_1_131' title='bbox 2870 601 3170 676; x_wconf 89' lang='lat' dir='ltr'><strong>inquinabo</strong></span> <span class='ocrx_word' id='word_1_132' title='bbox 3193 601 3318 658; x_wconf 89' lang='lat' dir='ltr'><strong>illos</strong></span> <span class='ocrx_word' id='word_1_133' title='bbox 3344 601 3527 673; x_wconf 88' lang='lat' dir='ltr'><strong>(Cant.</strong></span> <span class='ocrx_word' id='word_1_134' title='bbox 3557 601 3683 674; x_wconf 86' lang='lat' dir='ltr'><strong>v,3)</strong></span> <span class='ocrx_word' id='word_1_135' title='bbox 3706 602 3741 660; x_wconf 72' lang='grc' dir='ltr'><strong><em>Ἰ</em></strong></span> <span class='ocrx_word' id='word_1_136' title='bbox 3761 627 3782 649; x_wconf 69' lang='grc' dir='ltr'><strong><em>ν</em></strong></span> 
     </span>
    </p>
   </div>
   <div class='ocr_carea' id='block_1_20' title="bbox 2278 690 3799 765">
    <p class='ocr_par' dir='ltr' id='par_1_20' title="bbox 2278 690 3799 765">
     <span class='ocr_line' id='line_1_20' title="bbox 2278 690 3799 765; baseline -0.001 -15"><span class='ocrx_word' id='word_1_137' title='bbox 2278 693 2506 750; x_wconf 86' lang='lat' dir='ltr'><strong>CAPUT</strong></span> <span class='ocrx_word' id='word_1_138' title='bbox 2537 692 2767 751; x_wconf 81' lang='lat' dir='ltr'><strong>XXVII.</strong></span> <span class='ocrx_word' id='word_1_139' title='bbox 2796 722 2869 734; x_wconf 98' lang='lat'><strong>—</strong></span> <span class='ocrx_word' id='word_1_140' title='bbox 2896 691 3049 748; x_wconf 86' lang='lat' dir='ltr'><strong>Hanc</strong></span> <span class='ocrx_word' id='word_1_141' title='bbox 3075 706 3202 763; x_wconf 89' lang='lat' dir='ltr'><strong>ergo</strong></span> <span class='ocrx_word' id='word_1_142' title='bbox 3248 690 3553 763; x_wconf 91' lang='lat' dir='ltr'><strong>majestalis</strong></span> <span class='ocrx_word' id='word_1_143' title='bbox 3581 709 3647 750; x_wconf 87' lang='lat' dir='ltr'><strong>ac</strong></span> <span class='ocrx_word' id='word_1_144' title='bbox 3678 710 3799 765; x_wconf 90' lang='lat' dir='ltr'><strong>po-</strong></span> 
     </span>
    </p>
   </div>
   <div class='ocr_carea' id='block_1_21' title="bbox 2207 780 3797 853">
    <p class='ocr_par' dir='ltr' id='par_1_21' title="bbox 2207 780 3797 853">
     <span class='ocr_line' id='line_1_21' title="bbox 2207 780 3797 853; baseline -0.001 -14"><span class='ocrx_word' id='word_1_145' title='bbox 2207 783 2391 839; x_wconf 67' lang='lat' dir='ltr'><strong>tentia:</strong></span> <span class='ocrx_word' id='word_1_146' title='bbox 2429 792 2601 839; x_wconf 90' lang='lat' dir='ltr'><strong>artem</strong></span> <span class='ocrx_word' id='word_1_147' title='bbox 2656 782 2794 853; x_wconf 86' lang='lat'><strong>(54),</strong></span> <span class='ocrx_word' id='word_1_148' title='bbox 2844 780 2901 836; x_wconf 91' lang='lat' dir='ltr'><strong>id</strong></span> <span class='ocrx_word' id='word_1_149' title='bbox 2936 788 3038 848; x_wconf 89' lang='lat' dir='ltr'><strong>est,</strong></span> <span class='ocrx_word' id='word_1_150' title='bbox 3084 780 3536 837; x_wconf 83' lang='lat' dir='ltr'><strong>resurrectionem</strong></span> <span class='ocrx_word' id='word_1_151' title='bbox 3582 780 3797 853; x_wconf 85' lang='lat' dir='ltr'><strong>ﬁgulus</strong></span> 
     </span>
    </p>
   </div>
   <div class='ocr_carea' id='block_1_22' title="bbox 2208 867 3796 944">
    <p class='ocr_par' dir='ltr' id='par_1_22' title="bbox 2208 867 3796 944">
     <span class='ocr_line' id='line_1_22' title="bbox 2208 867 3796 944; baseline 0 -18"><span class='ocrx_word' id='word_1_152' title='bbox 2208 870 2303 926; x_wconf 89' lang='lat' dir='ltr'><strong>ille</strong></span> <span class='ocrx_word' id='word_1_153' title='bbox 2331 871 2481 938; x_wconf 80' lang='lat' dir='ltr'><strong>facit,</strong></span> <span class='ocrx_word' id='word_1_154' title='bbox 2512 871 2608 944; x_wconf 90' lang='lat' dir='ltr'><strong>qui</strong></span> <span class='ocrx_word' id='word_1_155' title='bbox 2641 886 2737 942; x_wconf 93' lang='lat' dir='ltr'><strong>per</strong></span> <span class='ocrx_word' id='word_1_156' title='bbox 2764 869 3051 926; x_wconf 83' lang='lat' dir='ltr'><strong>Jeremiam</strong></span> <span class='ocrx_word' id='word_1_157' title='bbox 3073 868 3388 940; x_wconf 84' lang='lat' dir='ltr'><strong>prophetam</strong></span> <span class='ocrx_word' id='word_1_158' title='bbox 3420 867 3489 924; x_wconf 85' lang='lat' dir='ltr'><strong>ad</strong></span> <span class='ocrx_word' id='word_1_159' title='bbox 3516 870 3796 941; x_wconf 83' lang='lat' dir='ltr'><strong>populum</strong></span> 
     </span>
    </p>
   </div>
   <div class='ocr_carea' id='block_1_23' title="bbox 2210 956 3800 1031">
    <p class='ocr_par' dir='ltr' id='par_1_23' title="bbox 2210 956 3800 1031">
     <span class='ocr_line' id='line_1_23' title="bbox 2210 956 3800 1031; baseline 0.001 -18"><span class='ocrx_word' id='word_1_160' title='bbox 2210 957 2455 1031; x_wconf 88' lang='lat' dir='ltr'><strong>loquitur</strong></span> <span class='ocrx_word' id='word_1_161' title='bbox 2504 966 2867 1030; x_wconf 87' lang='lat' dir='ltr'><strong>peccatorem,</strong></span> <span class='ocrx_word' id='word_1_162' title='bbox 2918 957 3104 1013; x_wconf 87' lang='lat' dir='ltr'><strong>dicens</strong></span> <span class='ocrx_word' id='word_1_163' title='bbox 3143 975 3156 1013; x_wconf 89' lang='lat'><strong>:</strong></span> <span class='ocrx_word' id='word_1_164' title='bbox 3240 980 3259 1005; x_wconf 78' lang='grc' dir='ltr'><strong>ε</strong></span> <span class='ocrx_word' id='word_1_165' title='bbox 3304 956 3585 1030; x_wconf 87' lang='lat' dir='ltr'><strong>Numquid</strong></span> <span class='ocrx_word' id='word_1_166' title='bbox 3641 958 3800 1014; x_wconf 84' lang='lat' dir='ltr'><strong>sicut</strong></span> 
     </span>
    </p>
   </div>
   <div class='ocr_carea' id='block_1_24' title="bbox 2209 1044 3800 1120">
    <p class='ocr_par' dir='ltr' id='par_1_24' title="bbox 2209 1044 3800 1120">
     <span class='ocr_line' id='line_1_24' title="bbox 2209 1044 3800 1120; baseline 0 -17"><span class='ocrx_word' id='word_1_167' title='bbox 2209 1047 2409 1120; x_wconf 85' lang='lat' dir='ltr'><strong>ﬁgulus</strong></span> <span class='ocrx_word' id='word_1_168' title='bbox 2450 1046 2575 1114; x_wconf 90' lang='lat' dir='ltr'><strong>iste,</strong></span> <span class='ocrx_word' id='word_1_169' title='bbox 2623 1062 2732 1102; x_wconf 93' lang='lat' dir='ltr'><strong>non</strong></span> <span class='ocrx_word' id='word_1_170' title='bbox 2779 1053 2967 1118; x_wconf 90' lang='lat' dir='ltr'><strong>potero</strong></span> <span class='ocrx_word' id='word_1_171' title='bbox 2997 1061 3095 1101; x_wconf 90' lang='lat' dir='ltr'><strong>vos</strong></span> <span class='ocrx_word' id='word_1_172' title='bbox 3121 1044 3416 1101; x_wconf 82' lang='lat' dir='ltr'><strong>reformare</strong></span> <span class='ocrx_word' id='word_1_173' title='bbox 3444 1061 3507 1101; x_wconf 89' lang='lat' dir='ltr'><strong>ac</strong></span> <span class='ocrx_word' id='word_1_174' title='bbox 3534 1045 3800 1103; x_wconf 87' lang='lat' dir='ltr'><strong>redinte-</strong></span> 
     </span>
    </p>
   </div>
   <div class='ocr_carea' id='block_1_25' title="bbox 2210 1128 3799 1209">
    <p class='ocr_par' dir='ltr' id='par_1_25' title="bbox 2210 1128 3799 1209">
     <span class='ocr_line' id='line_1_25' title="bbox 2210 1128 3799 1209; baseline -0.001 -19"><span class='ocrx_word' id='word_1_175' title='bbox 2210 1151 2380 1209; x_wconf 89' lang='lat' dir='ltr'><strong>grare,</strong></span> <span class='ocrx_word' id='word_1_176' title='bbox 2436 1128 2637 1191; x_wconf 77' lang='lat' dir='ltr'><strong>domus</strong></span> <span class='ocrx_word' id='word_1_177' title='bbox 2691 1136 2850 1190; x_wconf 91' lang='lat' dir='ltr'><strong>Israel</strong></span> <span class='ocrx_word' id='word_1_178' title='bbox 2884 1134 3000 1205; x_wconf 88' lang='lat'><strong>(55)</strong></span> <span class='ocrx_word' id='word_1_179' title='bbox 3036 1134 3251 1204; x_wconf 83' lang='lat' dir='ltr'><strong>(Jerem.</strong></span> <span class='ocrx_word' id='word_1_180' title='bbox 3282 1148 3444 1200; x_wconf 81' lang='lat' dir='ltr'><strong>xvm,</strong></span> <span class='ocrx_word' id='word_1_181' title='bbox 3472 1133 3532 1203; x_wconf 89' lang='lat'><strong>6)</strong></span> <span class='ocrx_word' id='word_1_182' title='bbox 3564 1133 3630 1189; x_wconf 82' lang='lat'><strong>?-</strong></span> <span class='ocrx_word' id='word_1_183' title='bbox 3679 1134 3799 1201; x_wconf 86' lang='lat' dir='ltr'><strong>Qui</strong></span> 
     </span>
    </p>
   </div>
   <div class='ocr_carea' id='block_1_26' title="bbox 2209 1222 3799 1295">
    <p class='ocr_par' dir='ltr' id='par_1_26' title="bbox 2209 1222 3799 1295">
     <span class='ocr_line' id='line_1_26' title="bbox 2209 1222 3799 1295; baseline -0.003 -14"><span class='ocrx_word' id='word_1_184' title='bbox 2209 1225 2373 1282; x_wconf 89' lang='lat' dir='ltr'><strong>etiam</strong></span> <span class='ocrx_word' id='word_1_185' title='bbox 2420 1223 2563 1280; x_wconf 88' lang='lat' dir='ltr'><strong>hanc</strong></span> <span class='ocrx_word' id='word_1_186' title='bbox 2607 1223 2913 1279; x_wconf 88' lang='lat' dir='ltr'><strong>mirabilem</strong></span> <span class='ocrx_word' id='word_1_187' title='bbox 2961 1222 3260 1293; x_wconf 86' lang='lat' dir='ltr'><strong>majestatis</strong></span> <span class='ocrx_word' id='word_1_188' title='bbox 3308 1238 3420 1278; x_wconf 71' lang='lat' dir='ltr'><strong>suat</strong></span> <span class='ocrx_word' id='word_1_189' title='bbox 3463 1238 3684 1295; x_wconf 88' lang='lat' dir='ltr'><strong>operam</strong></span> <span class='ocrx_word' id='word_1_190' title='bbox 3731 1223 3799 1277; x_wconf 90' lang='lat' dir='ltr'><strong>in</strong></span> 
     </span>
    </p>
   </div>
   <div class='ocr_carea' id='block_1_27' title="bbox 2210 1309 3799 1383">
    <p class='ocr_par' dir='ltr' id='par_1_27' title="bbox 2210 1309 3799 1383">
     <span class='ocr_line' id='line_1_27' title="bbox 2210 1309 3799 1383; baseline -0.003 -15"><span class='ocrx_word' id='word_1_191' title='bbox 2210 1327 2376 1368; x_wconf 88' lang='lat' dir='ltr'><strong>manu</strong></span> <span class='ocrx_word' id='word_1_192' title='bbox 2406 1312 2583 1383; x_wconf 86' lang='lat' dir='ltr'><strong>Moysi</strong></span> <span class='ocrx_word' id='word_1_193' title='bbox 2636 1310 2893 1379; x_wconf 87' lang='lat' dir='ltr'><strong>ostendit,</strong></span> <span class='ocrx_word' id='word_1_194' title='bbox 2939 1326 3102 1381; x_wconf 89' lang='lat' dir='ltr'><strong>quam</strong></span> <span class='ocrx_word' id='word_1_195' title='bbox 3150 1309 3207 1365; x_wconf 93' lang='lat' dir='ltr'><strong>in</strong></span> <span class='ocrx_word' id='word_1_196' title='bbox 3238 1310 3472 1366; x_wconf 82' lang='lat' dir='ltr'><strong>candore</strong></span> <span class='ocrx_word' id='word_1_197' title='bbox 3516 1319 3799 1366; x_wconf 87' lang='lat' dir='ltr'><strong>mutatam</strong></span> 
     </span>
    </p>
   </div>
   <div class='ocr_carea' id='block_1_28' title="bbox 2210 1397 3794 1473">
    <p class='ocr_par' dir='ltr' id='par_1_28' title="bbox 2210 1397 3794 1473">
     <span class='ocr_line' id='line_1_28' title="bbox 2210 1397 3794 1473; baseline -0.001 -17"><span class='ocrx_word' id='word_1_198' title='bbox 2210 1399 2465 1473; x_wconf 81' lang='lat' dir='ltr'><strong>deinceps</strong></span> <span class='ocrx_word' id='word_1_199' title='bbox 2501 1400 2672 1457; x_wconf 90' lang='lat' dir='ltr'><strong>colori</strong></span> <span class='ocrx_word' id='word_1_200' title='bbox 2717 1399 2831 1469; x_wconf 89' lang='lat'><strong>(56)</strong></span> <span class='ocrx_word' id='word_1_201' title='bbox 2880 1397 3113 1470; x_wconf 89' lang='lat' dir='ltr'><strong>pristino</strong></span> <span class='ocrx_word' id='word_1_202' title='bbox 3159 1397 3400 1455; x_wconf 87' lang='lat' dir='ltr'><strong>restituit</strong></span> <span class='ocrx_word' id='word_1_203' title='bbox 3448 1399 3653 1470; x_wconf 69' lang='lat' dir='ltr'><strong>(Exod.</strong></span> <span class='ocrx_word' id='word_1_204' title='bbox 3707 1415 3794 1466; x_wconf 80' lang='lat' dir='ltr'><strong>1v,</strong></span> 
     </span>
    </p>
   </div>
   <div class='ocr_carea' id='block_1_29' title="bbox 2210 1486 3800 1560">
    <p class='ocr_par' dir='ltr' id='par_1_29' title="bbox 2210 1486 3800 1560">
     <span class='ocr_line' id='line_1_29' title="bbox 2210 1486 3800 1560; baseline -0.003 -15"><span class='ocrx_word' id='word_1_205' title='bbox 2210 1488 2244 1545; x_wconf 89' lang='lat'><strong>6</strong></span> <span class='ocrx_word' id='word_1_206' title='bbox 2290 1495 2338 1544; x_wconf 80' lang='lat' dir='ltr'><strong>et</strong></span> <span class='ocrx_word' id='word_1_207' title='bbox 2363 1490 2440 1560; x_wconf 88' lang='lat'><strong>7).</strong></span> <span class='ocrx_word' id='word_1_208' title='bbox 2468 1488 2591 1559; x_wconf 10' lang='lat' dir='ltr'><strong>(Sed</strong></span> <span class='ocrx_word' id='word_1_209' title='bbox 2638 1496 2691 1543; x_wconf 90' lang='lat' dir='ltr'><strong>et</strong></span> <span class='ocrx_word' id='word_1_210' title='bbox 2749 1487 2927 1558; x_wconf 90' lang='lat' dir='ltr'><strong>ipsum</strong></span> <span class='ocrx_word' id='word_1_211' title='bbox 2975 1486 3393 1542; x_wconf 88' lang='lat' dir='ltr'><strong>resurrectionis</strong></span> <span class='ocrx_word' id='word_1_212' title='bbox 3449 1486 3800 1543; x_wconf 86' lang='lat' dir='ltr'><strong>vocabulum</strong></span> 
     </span>
    </p>
   </div>
   <div class='ocr_carea' id='block_1_30' title="bbox 2210 1578 3801 1653">
    <p class='ocr_par' dir='ltr' id='par_1_30' title="bbox 2210 1578 3801 1653">
     <span class='ocr_line' id='line_1_30' title="bbox 2210 1578 3801 1653; baseline -0.003 -15"><span class='ocrx_word' id='word_1_213' title='bbox 2210 1590 2392 1653; x_wconf 88' lang='lat' dir='ltr'><strong>aperte</strong></span> <span class='ocrx_word' id='word_1_214' title='bbox 2437 1579 2724 1651; x_wconf 85' lang='lat' dir='ltr'><strong>signiﬁcat,</strong></span> <span class='ocrx_word' id='word_1_215' title='bbox 2770 1595 2882 1635; x_wconf 92' lang='lat' dir='ltr'><strong>non</strong></span> <span class='ocrx_word' id='word_1_216' title='bbox 2911 1578 3062 1634; x_wconf 91' lang='lat' dir='ltr'><strong>aliud</strong></span> <span class='ocrx_word' id='word_1_217' title='bbox 3088 1578 3248 1646; x_wconf 92' lang='lat' dir='ltr'><strong>mori,</strong></span> <span class='ocrx_word' id='word_1_218' title='bbox 3280 1587 3335 1634; x_wconf 89' lang='lat' dir='ltr'><strong>et</strong></span> <span class='ocrx_word' id='word_1_219' title='bbox 3360 1578 3511 1634; x_wconf 90' lang='lat' dir='ltr'><strong>aliud</strong></span> <span class='ocrx_word' id='word_1_220' title='bbox 3541 1579 3801 1635; x_wconf 85' lang='lat' dir='ltr'><strong>resusci-</strong></span> 
     </span>
    </p>
   </div>
   <div class='ocr_carea' id='block_1_31' title="bbox 2209 1667 3801 1739">
    <p class='ocr_par' dir='ltr' id='par_1_31' title="bbox 2209 1667 3801 1739">
     <span class='ocr_line' id='line_1_31' title="bbox 2209 1667 3801 1739; baseline 0 -15"><span class='ocrx_word' id='word_1_221' title='bbox 2209 1670 2334 1724; x_wconf 90' lang='lat' dir='ltr'><strong>tari.</strong></span> <span class='ocrx_word' id='word_1_222' title='bbox 2372 1668 2527 1734; x_wconf 89' lang='lat' dir='ltr'><strong>Quod</strong></span> <span class='ocrx_word' id='word_1_223' title='bbox 2555 1684 2683 1739; x_wconf 87' lang='lat' dir='ltr'><strong>ergo</strong></span> <span class='ocrx_word' id='word_1_224' title='bbox 2716 1668 2775 1723; x_wconf 93' lang='lat' dir='ltr'><strong>in</strong></span> <span class='ocrx_word' id='word_1_225' title='bbox 2813 1667 3039 1723; x_wconf 87' lang='lat' dir='ltr'><strong>homine</strong></span> <span class='ocrx_word' id='word_1_226' title='bbox 3094 1667 3344 1736; x_wconf 90' lang='lat' dir='ltr'><strong>moritur,</strong></span> <span class='ocrx_word' id='word_1_227' title='bbox 3391 1667 3495 1724; x_wconf 89' lang='lat' dir='ltr'><strong>hoc</strong></span> <span class='ocrx_word' id='word_1_228' title='bbox 3521 1677 3576 1724; x_wconf 91' lang='lat' dir='ltr'><strong>et</strong></span> <span class='ocrx_word' id='word_1_229' title='bbox 3605 1667 3801 1724; x_wconf 77' lang='lat' dir='ltr'><strong>vivifi-</strong></span> 
     </span>
    </p>
   </div>
   <div class='ocr_carea' id='block_1_32' title="bbox 2209 1750 3800 1829">
    <p class='ocr_par' dir='ltr' id='par_1_32' title="bbox 2209 1750 3800 1829">
     <span class='ocr_line' id='line_1_32' title="bbox 2209 1750 3800 1829; baseline -0.002 -14"><span class='ocrx_word' id='word_1_230' title='bbox 2209 1766 2379 1816; x_wconf 89' lang='lat' dir='ltr'><strong>catur.</strong></span> <span class='ocrx_word' id='word_1_231' title='bbox 2432 1758 2514 1813; x_wconf 91' lang='lat' dir='ltr'><strong>lta</strong></span> <span class='ocrx_word' id='word_1_232' title='bbox 2554 1773 2682 1829; x_wconf 94' lang='lat' dir='ltr'><strong>ergo</strong></span> <span class='ocrx_word' id='word_1_233' title='bbox 2727 1750 3030 1813; x_wconf 84' lang='lat' dir='ltr'><strong>secundum</strong></span> <span class='ocrx_word' id='word_1_234' title='bbox 3060 1754 3512 1811; x_wconf 89' lang='lat' dir='ltr'><strong>resurrectionem</strong></span> <span class='ocrx_word' id='word_1_235' title='bbox 3542 1764 3800 1812; x_wconf 84' lang='lat' dir='ltr'><strong>mortuo-</strong></span> 
     </span>
    </p>
   </div>
   <div class='ocr_carea' id='block_1_33' title="bbox 532 1844 3800 1942">
    <p class='ocr_par' dir='ltr' id='par_1_33' title="bbox 532 1844 3800 1942">
     <span class='ocr_line' id='line_1_33' title="bbox 532 1844 3800 1942; baseline -0.007 -10"><span class='ocrx_word' id='word_1_236' title='bbox 532 1844 779 1942; x_wconf 56' lang='lat' dir='ltr'><strong>iVeniet,</strong></span> <span class='ocrx_word' id='word_1_237' title='bbox 809 1873 887 1929; x_wconf 89' lang='lat' dir='ltr'><strong>ait</strong></span> <span class='ocrx_word' id='word_1_238' title='bbox 931 1871 1218 1940; x_wconf 90' lang='lat' dir='ltr'><strong>Dominus,</strong></span> <span class='ocrx_word' id='word_1_239' title='bbox 1273 1844 1426 1938; x_wconf 76' lang='lat' dir='ltr'><strong>hora,</strong></span> <span class='ocrx_word' id='word_1_240' title='bbox 1479 1867 1537 1923; x_wconf 91' lang='lat' dir='ltr'><strong>in</strong></span> <span class='ocrx_word' id='word_1_241' title='bbox 1567 1882 1673 1940; x_wconf 92' lang='lat' dir='ltr'><strong>qua</strong></span> <span class='ocrx_word' id='word_1_242' title='bbox 1700 1844 1896 1921; x_wconf 77' lang='lat' dir='ltr'><strong>omnes</strong></span> <span class='ocrx_word' id='word_1_243' title='bbox 1916 1863 2010 1936; x_wconf 91' lang='lat' dir='ltr'><strong>qui</strong></span> <span class='ocrx_word' id='word_1_244' title='bbox 2039 1862 2098 1917; x_wconf 92' lang='lat' dir='ltr'><strong>in</strong></span> <span class='ocrx_word' id='word_1_245' title='bbox 2130 1867 2176 1927; x_wconf 90' lang='lat' dir='ltr'><strong>B</strong></span> <span class='ocrx_word' id='word_1_246' title='bbox 2206 1862 2459 1942; x_wconf 71' lang='lat' dir='ltr'><strong>mm_1_1_e°</strong></span> <span class='ocrx_word' id='word_1_247' title='bbox 2486 1861 2612 1903; x_wconf 71' lang='lat' dir='ltr'><strong>cum</strong></span> <span class='ocrx_word' id='word_1_248' title='bbox 2640 1854 2804 1942; x_wconf 59' lang='grc' dir='ltr'><strong>ξδιττξξτ</strong></span> <span class='ocrx_word' id='word_1_249' title='bbox 2839 1846 3052 1942; x_wconf 47' lang='lat' dir='ltr'><strong>ign?!“</strong></span> <span class='ocrx_word' id='word_1_250' title='bbox 3071 1845 3220 1942; x_wconf 43' lang='lat' dir='ltr'><strong>.(57l-</strong></span> <span class='ocrx_word' id='word_1_251' title='bbox 3253 1844 3591 1900; x_wconf 62' lang='grc' dir='ltr'><strong>νιιὶηθηῑιιε</strong></span> <span class='ocrx_word' id='word_1_252' title='bbox 3635 1844 3800 1900; x_wconf 78' lang='grc' dir='ltr'><strong>(1θηὶ-</strong></span> 
     </span>
    </p>
   </div>
   <div class='ocr_carea' id='block_1_34' title="bbox 521 1951 2101 2029">
    <p class='ocr_par' dir='ltr' id='par_1_34' title="bbox 521 1951 2101 2029">
     <span class='ocr_line' id='line_1_34' title="bbox 521 1951 2101 2029; baseline -0.01 -8"><span class='ocrx_word' id='word_1_253' title='bbox 521 1960 896 2020; x_wconf 89' lang='lat' dir='ltr'><strong>monumentis</strong></span> <span class='ocrx_word' id='word_1_254' title='bbox 922 1966 1069 2029; x_wconf 89' lang='lat' dir='ltr'><strong>sunt,</strong></span> <span class='ocrx_word' id='word_1_255' title='bbox 1101 1957 1326 2015; x_wconf 90' lang='lat' dir='ltr'><strong>audient</strong></span> <span class='ocrx_word' id='word_1_256' title='bbox 1352 1972 1542 2014; x_wconf 90' lang='lat' dir='ltr'><strong>vocem</strong></span> <span class='ocrx_word' id='word_1_257' title='bbox 1590 1953 1719 2011; x_wconf 92' lang='lat' dir='ltr'><strong>Filii</strong></span> <span class='ocrx_word' id='word_1_258' title='bbox 1744 1951 1865 2021; x_wconf 90' lang='lat' dir='ltr'><strong>Dei,</strong></span> <span class='ocrx_word' id='word_1_259' title='bbox 1897 1958 1951 2007; x_wconf 90' lang='lat' dir='ltr'><strong>et</strong></span> <span class='ocrx_word' id='word_1_260' title='bbox 1978 1965 2101 2023; x_wconf 88' lang='lat' dir='ltr'><strong>pro-</strong></span> 
     </span>
    </p>
   </div>
   <div class='ocr_carea' id='block_1_35' title="bbox 523 2042 2102 2126">
    <p class='ocr_par' dir='ltr' id='par_1_35' title="bbox 523 2042 2102 2126">
     <span class='ocr_line' id='line_1_35' title="bbox 523 2042 2102 2126; baseline -0.01 -14"><span class='ocrx_word' id='word_1_261' title='bbox 523 2053 718 2114; x_wconf 89' lang='lat' dir='ltr'><strong>cedent</strong></span> <span class='ocrx_word' id='word_1_262' title='bbox 740 2053 921 2126; x_wconf 82' lang='lat' dir='ltr'><strong>(Joan.</strong></span> <span class='ocrx_word' id='word_1_263' title='bbox 951 2069 1009 2120; x_wconf 94' lang='lat' dir='ltr'><strong>v,</strong></span> <span class='ocrx_word' id='word_1_264' title='bbox 1036 2049 1125 2118; x_wconf 96' lang='lat'><strong>28,</strong></span> <span class='ocrx_word' id='word_1_265' title='bbox 1149 2049 1263 2121; x_wconf 87' lang='lat'><strong>29).</strong></span> <span class='ocrx_word' id='word_1_266' title='bbox 1288 2074 1307 2097; x_wconf 77' lang='grc' dir='ltr'><strong>ι</strong></span> <span class='ocrx_word' id='word_1_267' title='bbox 1348 2047 1595 2104; x_wconf 86' lang='lat' dir='ltr'><strong>Audient</strong></span> <span class='ocrx_word' id='word_1_268' title='bbox 1620 2061 1747 2116; x_wconf 85' lang='lat' dir='ltr'><strong>ergo</strong></span> <span class='ocrx_word' id='word_1_269' title='bbox 1767 2042 2015 2110; x_wconf 89' lang='lat' dir='ltr'><strong>auribus,</strong></span> <span class='ocrx_word' id='word_1_270' title='bbox 2048 2047 2102 2096; x_wconf 93' lang='lat' dir='ltr'><strong>et</strong></span> 
     </span>
    </p>
   </div>
   <div class='ocr_carea' id='block_1_36' title="bbox 523 2129 2103 2217">
    <p class='ocr_par' dir='ltr' id='par_1_36' title="bbox 523 2129 2103 2217">
     <span class='ocr_line' id='line_1_36' title="bbox 523 2129 2103 2217; baseline -0.01 -18"><span class='ocrx_word' id='word_1_271' title='bbox 523 2141 819 2217; x_wconf 88' lang='lat' dir='ltr'><strong>procedent</strong></span> <span class='ocrx_word' id='word_1_272' title='bbox 864 2138 1114 2213; x_wconf 89' lang='lat' dir='ltr'><strong>pedibus,</strong></span> <span class='ocrx_word' id='word_1_273' title='bbox 1140 2137 1284 2194; x_wconf 88' lang='lat' dir='ltr'><strong>sicut</strong></span> <span class='ocrx_word' id='word_1_274' title='bbox 1310 2136 1543 2192; x_wconf 88' lang='lat' dir='ltr'><strong>Lazarus</strong></span> <span class='ocrx_word' id='word_1_275' title='bbox 1571 2133 1753 2206; x_wconf 84' lang='lat' dir='ltr'><strong>(Joan.</strong></span> <span class='ocrx_word' id='word_1_276' title='bbox 1786 2149 1866 2198; x_wconf 73' lang='grc' dir='ltr'><strong>χι,</strong></span> <span class='ocrx_word' id='word_1_277' title='bbox 1900 2129 2016 2200; x_wconf 87' lang='grc'><strong>44),</strong></span> <span class='ocrx_word' id='word_1_278' title='bbox 2049 2135 2103 2184; x_wconf 89' lang='lat' dir='ltr'><strong>et</strong></span> 
     </span>
    </p>
   </div>
   <div class='ocr_carea' id='block_1_37' title="bbox 524 2217 2103 2303">
    <p class='ocr_par' dir='ltr' id='par_1_37' title="bbox 524 2217 2103 2303">
     <span class='ocr_line' id='line_1_37' title="bbox 524 2217 2103 2303; baseline -0.011 -15"><span class='ocrx_word' id='word_1_279' title='bbox 524 2245 716 2288; x_wconf 89' lang='lat' dir='ltr'><strong>omnes</strong></span> <span class='ocrx_word' id='word_1_280' title='bbox 744 2245 879 2303; x_wconf 92' lang='lat' dir='ltr'><strong>quos</strong></span> <span class='ocrx_word' id='word_1_281' title='bbox 906 2228 1155 2285; x_wconf 89' lang='lat' dir='ltr'><strong>Salvator</strong></span> <span class='ocrx_word' id='word_1_282' title='bbox 1180 2223 1494 2292; x_wconf 88' lang='lat' dir='ltr'><strong>suscitavit,</strong></span> <span class='ocrx_word' id='word_1_283' title='bbox 1524 2221 1629 2295; x_wconf 86' lang='lat' dir='ltr'><strong>ipsi</strong></span> <span class='ocrx_word' id='word_1_284' title='bbox 1662 2237 1787 2292; x_wconf 86' lang='lat' dir='ltr'><strong>ergo</strong></span> <span class='ocrx_word' id='word_1_285' title='bbox 1808 2217 2103 2290; x_wconf 85' lang='lat' dir='ltr'><strong>procedent</strong></span> 
     </span>
    </p>
   </div>
   <div class='ocr_carea' id='block_1_38' title="bbox 524 2307 2099 2389">
    <p class='ocr_par' dir='ltr' id='par_1_38' title="bbox 524 2307 2099 2389">
     <span class='ocr_line' id='line_1_38' title="bbox 524 2307 2099 2389; baseline -0.009 -13"><span class='ocrx_word' id='word_1_286' title='bbox 524 2317 595 2375; x_wconf 89' lang='lat' dir='ltr'><strong>de</strong></span> <span class='ocrx_word' id='word_1_287' title='bbox 622 2317 1013 2385; x_wconf 89' lang='lat' dir='ltr'><strong>monumentis,</strong></span> <span class='ocrx_word' id='word_1_288' title='bbox 1045 2315 1145 2389; x_wconf 92' lang='lat' dir='ltr'><strong>qui</strong></span> <span class='ocrx_word' id='word_1_289' title='bbox 1174 2314 1233 2371; x_wconf 90' lang='lat' dir='ltr'><strong>in</strong></span> <span class='ocrx_word' id='word_1_290' title='bbox 1288 2309 1663 2370; x_wconf 90' lang='lat' dir='ltr'><strong>monumentis</strong></span> <span class='ocrx_word' id='word_1_291' title='bbox 1690 2308 1831 2365; x_wconf 85' lang='lat' dir='ltr'><strong>illati</strong></span> <span class='ocrx_word' id='word_1_292' title='bbox 1862 2307 2099 2362; x_wconf 88' lang='lat' dir='ltr'><strong>fuerant.</strong></span> 
     </span>
    </p>
   </div>
   <div class='ocr_carea' id='block_1_39' title="bbox 524 2394 2102 2478">
    <p class='ocr_par' dir='ltr' id='par_1_39' title="bbox 524 2394 2102 2478">
     <span class='ocr_line' id='line_1_39' title="bbox 524 2394 2102 2478; baseline -0.011 -11"><span class='ocrx_word' id='word_1_293' title='bbox 524 2409 726 2468; x_wconf 80' lang='lat' dir='ltr'><strong>Veniet</strong></span> <span class='ocrx_word' id='word_1_294' title='bbox 774 2422 900 2478; x_wconf 89' lang='lat' dir='ltr'><strong>ergo</strong></span> <span class='ocrx_word' id='word_1_295' title='bbox 952 2404 1131 2462; x_wconf 91' lang='lat' dir='ltr'><strong>omnis</strong></span> <span class='ocrx_word' id='word_1_296' title='bbox 1158 2419 1285 2460; x_wconf 91' lang='lat' dir='ltr'><strong>caro</strong></span> <span class='ocrx_word' id='word_1_297' title='bbox 1331 2419 1445 2460; x_wconf 91' lang='lat' dir='ltr'><strong>non</strong></span> <span class='ocrx_word' id='word_1_298' title='bbox 1491 2401 1669 2457; x_wconf 92' lang='lat' dir='ltr'><strong>solum</strong></span> <span class='ocrx_word' id='word_1_299' title='bbox 1715 2396 1783 2452; x_wconf 90' lang='lat' dir='ltr'><strong>de</strong></span> <span class='ocrx_word' id='word_1_300' title='bbox 1810 2402 1975 2461; x_wconf 89' lang='lat' dir='ltr'><strong>terra,</strong></span> <span class='ocrx_word' id='word_1_301' title='bbox 2007 2394 2102 2451; x_wconf 89' lang='lat' dir='ltr'><strong>sed</strong></span> 
     </span>
    </p>
   </div>
   <div class='ocr_carea' id='block_1_40' title="bbox 527 2483 2104 2564">
    <p class='ocr_par' dir='ltr' id='par_1_40' title="bbox 527 2483 2104 2564">
     <span class='ocr_line' id='line_1_40' title="bbox 527 2483 2104 2564; baseline -0.011 -8"><span class='ocrx_word' id='word_1_302' title='bbox 527 2500 693 2557; x_wconf 88' lang='lat' dir='ltr'><strong>etiam</strong></span> <span class='ocrx_word' id='word_1_303' title='bbox 714 2496 779 2553; x_wconf 92' lang='lat' dir='ltr'><strong>de</strong></span> <span class='ocrx_word' id='word_1_304' title='bbox 801 2496 958 2564; x_wconf 86' lang='lat' dir='ltr'><strong>mari,</strong></span> <span class='ocrx_word' id='word_1_305' title='bbox 981 2503 1037 2552; x_wconf 91' lang='lat' dir='ltr'><strong>et</strong></span> <span class='ocrx_word' id='word_1_306' title='bbox 1063 2494 1131 2551; x_wconf 87' lang='lat' dir='ltr'><strong>de</strong></span> <span class='ocrx_word' id='word_1_307' title='bbox 1155 2491 1510 2558; x_wconf 87' lang='lat' dir='ltr'><strong>ﬂuminibus;</strong></span> <span class='ocrx_word' id='word_1_308' title='bbox 1535 2495 1598 2544; x_wconf 89' lang='lat' dir='ltr'><strong>ut</strong></span> <span class='ocrx_word' id='word_1_309' title='bbox 1616 2484 1841 2542; x_wconf 88' lang='lat' dir='ltr'><strong>videant</strong></span> <span class='ocrx_word' id='word_1_310' title='bbox 1866 2483 2104 2540; x_wconf 87' lang='lat' dir='ltr'><strong>salutare</strong></span> 
     </span>
    </p>
   </div>
   <div class='ocr_carea' id='block_1_41' title="bbox 525 2577 2105 2664">
    <p class='ocr_par' dir='ltr' id='par_1_41' title="bbox 525 2577 2105 2664">
     <span class='ocr_line' id='line_1_41' title="bbox 525 2577 2105 2664; baseline -0.011 -13"><span class='ocrx_word' id='word_1_311' title='bbox 525 2595 628 2653; x_wconf 89' lang='lat' dir='ltr'><strong>Dei</strong></span> <span class='ocrx_word' id='word_1_312' title='bbox 661 2593 911 2664; x_wconf 85' lang='lat' dir='ltr'><strong>(Tertull.</strong></span> <span class='ocrx_word' id='word_1_313' title='bbox 940 2592 980 2647; x_wconf 95' lang='lat' dir='ltr'><strong>l.</strong></span> <span class='ocrx_word' id='word_1_314' title='bbox 1006 2590 1085 2647; x_wconf 82' lang='lat' dir='ltr'><strong>De</strong></span> <span class='ocrx_word' id='word_1_315' title='bbox 1106 2604 1310 2644; x_wconf 81' lang='lat' dir='ltr'><strong>resurr.</strong></span> <span class='ocrx_word' id='word_1_316' title='bbox 1344 2602 1518 2650; x_wconf 62' lang='lat' dir='ltr'><strong>carm,</strong></span> <span class='ocrx_word' id='word_1_317' title='bbox 1543 2598 1663 2653; x_wconf 87' lang='lat' dir='ltr'><strong>cap.</strong></span> <span class='ocrx_word' id='word_1_318' title='bbox 1685 2580 1800 2651; x_wconf 89' lang='grc'><strong>31).</strong></span> <span class='ocrx_word' id='word_1_319' title='bbox 1822 2577 2105 2636; x_wconf 86' lang='lat' dir='ltr'><strong>Mandabit</strong></span> 
     </span>
    </p>
   </div>
   <div class='ocr_carea' id='block_1_42' title="bbox 528 2666 2104 2755">
    <p class='ocr_par' dir='ltr' id='par_1_42' title="bbox 528 2666 2104 2755">
     <span class='ocr_line' id='line_1_42' title="bbox 528 2666 2104 2755; baseline -0.011 -15"><span class='ocrx_word' id='word_1_320' title='bbox 528 2682 678 2741; x_wconf 89' lang='lat' dir='ltr'><strong>enim</strong></span> <span class='ocrx_word' id='word_1_321' title='bbox 722 2680 963 2755; x_wconf 87' lang='lat' dir='ltr'><strong>piscibus</strong></span> <span class='ocrx_word' id='word_1_322' title='bbox 1009 2694 1072 2735; x_wconf 91' lang='lat' dir='ltr'><strong>ac</strong></span> <span class='ocrx_word' id='word_1_323' title='bbox 1098 2674 1421 2732; x_wconf 88' lang='lat' dir='ltr'><strong>ﬂuminibus</strong></span> <span class='ocrx_word' id='word_1_324' title='bbox 1448 2670 1613 2727; x_wconf 89' lang='lat' dir='ltr'><strong>maris</strong></span> <span class='ocrx_word' id='word_1_325' title='bbox 1645 2669 1784 2755; x_wconf 87' lang='lat'><strong>(50),</strong></span> <span class='ocrx_word' id='word_1_326' title='bbox 1830 2674 1883 2722; x_wconf 90' lang='lat' dir='ltr'><strong>et</strong></span> <span class='ocrx_word' id='word_1_327' title='bbox 1910 2666 2104 2723; x_wconf 89' lang='lat' dir='ltr'><strong>bestiis</strong></span> 
     </span>
    </p>
   </div>
   <div class='ocr_carea' id='block_1_43' title="bbox 528 2754 2106 2839">
    <p class='ocr_par' dir='ltr' id='par_1_43' title="bbox 528 2754 2106 2839">
     <span class='ocr_line' id='line_1_43' title="bbox 528 2754 2106 2839; baseline -0.013 -10"><span class='ocrx_word' id='word_1_328' title='bbox 528 2754 812 2839; x_wconf 12' lang='lat' dir='ltr'><strong>terrae,iet</strong></span> <span class='ocrx_word' id='word_1_329' title='bbox 859 2763 1177 2825; x_wconf 89' lang='lat' dir='ltr'><strong>volatilibus</strong></span> <span class='ocrx_word' id='word_1_330' title='bbox 1230 2763 1392 2830; x_wconf 70' lang='lat' dir='ltr'><strong>0051i;</strong></span> <span class='ocrx_word' id='word_1_331' title='bbox 1451 2766 1507 2815; x_wconf 88' lang='lat' dir='ltr'><strong>et</strong></span> <span class='ocrx_word' id='word_1_332' title='bbox 1549 2754 1876 2813; x_wconf 91' lang='lat' dir='ltr'><strong>eructabunt</strong></span> <span class='ocrx_word' id='word_1_333' title='bbox 1904 2771 2023 2810; x_wconf 89' lang='lat' dir='ltr'><strong>ossa</strong></span> <span class='ocrx_word' id='word_1_334' title='bbox 2051 2762 2106 2810; x_wconf 87' lang='lat' dir='ltr'><strong>et</strong></span> 
     </span>
    </p>
   </div>
   <div class='ocr_carea' id='block_1_44' title="bbox 529 2843 2107 2916">
    <p class='ocr_par' dir='ltr' id='par_1_44' title="bbox 529 2843 2107 2916">
     <span class='ocr_line' id='line_1_44' title="bbox 529 2843 2107 2916; baseline -0.013 0"><span class='ocrx_word' id='word_1_335' title='bbox 529 2874 720 2916; x_wconf 81' lang='lat' dir='ltr'><strong>carnes</strong></span> <span class='ocrx_word' id='word_1_336' title='bbox 758 2858 1006 2913; x_wconf 90' lang='lat' dir='ltr'><strong>omnium</strong></span> <span class='ocrx_word' id='word_1_337' title='bbox 1059 2860 1439 2914; x_wconf 88' lang='lat' dir='ltr'><strong>mortuorum;</strong></span> <span class='ocrx_word' id='word_1_338' title='bbox 1497 2852 1561 2901; x_wconf 90' lang='lat' dir='ltr'><strong>ut</strong></span> <span class='ocrx_word' id='word_1_339' title='bbox 1585 2851 1891 2915; x_wconf 87' lang='lat' dir='ltr'><strong>resurgant,</strong></span> <span class='ocrx_word' id='word_1_340' title='bbox 1921 2843 2017 2899; x_wconf 89' lang='lat' dir='ltr'><strong>alii</strong></span> <span class='ocrx_word' id='word_1_341' title='bbox 2048 2843 2107 2898; x_wconf 89' lang='lat' dir='ltr'><strong>in</strong></span> 
     </span>
    </p>
   </div>
   <div class='ocr_carea' id='block_1_45' title="bbox 528 2930 2105 3009">
    <p class='ocr_par' dir='ltr' id='par_1_45' title="bbox 528 2930 2105 3009">
     <span class='ocr_line' id='line_1_45' title="bbox 528 2930 2105 3009; baseline -0.013 -4"><span class='ocrx_word' id='word_1_342' title='bbox 528 2947 704 3004; x_wconf 91' lang='lat' dir='ltr'><strong>vitam</strong></span> <span class='ocrx_word' id='word_1_343' title='bbox 728 2954 1008 3009; x_wconf 84' lang='lat' dir='ltr'><strong>aeternam,</strong></span> <span class='ocrx_word' id='word_1_344' title='bbox 1038 2940 1133 2997; x_wconf 91' lang='lat' dir='ltr'><strong>alii</strong></span> <span class='ocrx_word' id='word_1_345' title='bbox 1173 2940 1231 2994; x_wconf 92' lang='lat' dir='ltr'><strong>in</strong></span> <span class='ocrx_word' id='word_1_346' title='bbox 1259 2933 1614 3007; x_wconf 90' lang='lat' dir='ltr'><strong>opprobrium</strong></span> <span class='ocrx_word' id='word_1_347' title='bbox 1644 2939 1698 2987; x_wconf 92' lang='lat' dir='ltr'><strong>et</strong></span> <span class='ocrx_word' id='word_1_348' title='bbox 1726 2930 2105 2988; x_wconf 85' lang='lat' dir='ltr'><strong>confusionem</strong></span> 
     </span>
    </p>
   </div>
   <div class='ocr_carea' id='block_1_46' title="bbox 530 3020 2108 3108">
    <p class='ocr_par' dir='ltr' id='par_1_46' title="bbox 530 3020 2108 3108">
     <span class='ocr_line' id='line_1_46' title="bbox 530 3020 2108 3108; baseline -0.013 -14"><span class='ocrx_word' id='word_1_349' title='bbox 530 3035 939 3108; x_wconf 85' lang='lat' dir='ltr'><strong>sempiternam.</strong></span> <span class='ocrx_word' id='word_1_350' title='bbox 970 3029 1125 3085; x_wconf 89' lang='lat' dir='ltr'><strong>Tunc</strong></span> <span class='ocrx_word' id='word_1_351' title='bbox 1147 3024 1413 3080; x_wconf 89' lang='lat' dir='ltr'><strong>videbunt</strong></span> <span class='ocrx_word' id='word_1_352' title='bbox 1436 3021 1572 3094; x_wconf 88' lang='lat' dir='ltr'><strong>justi</strong></span> <span class='ocrx_word' id='word_1_353' title='bbox 1603 3020 1899 3093; x_wconf 90' lang='lat' dir='ltr'><strong>impiorum</strong></span> <span class='ocrx_word' id='word_1_354' title='bbox 1922 3035 2108 3091; x_wconf 77' lang='lat' dir='ltr'><strong>pmnas</strong></span> 
     </span>
    </p>
   </div>
   <div class='ocr_carea' id='block_1_47' title="bbox 531 3107 2109 3197">
    <p class='ocr_par' dir='ltr' id='par_1_47' title="bbox 531 3107 2109 3197">
     <span class='ocr_line' id='line_1_47' title="bbox 531 3107 2109 3197; baseline -0.013 -16"><span class='ocrx_word' id='word_1_355' title='bbox 531 3107 695 3197; x_wconf 81' lang='lat' dir='ltr'><strong>atque</strong></span> <span class='ocrx_word' id='word_1_356' title='bbox 749 3120 1025 3179; x_wconf 87' lang='lat' dir='ltr'><strong>cruciatus</strong></span> <span class='ocrx_word' id='word_1_357' title='bbox 1046 3132 1061 3182; x_wconf 88' lang='lat'><strong>;</strong></span> <span class='ocrx_word' id='word_1_358' title='bbox 1111 3109 1371 3185; x_wconf 88' lang='lat' dir='ltr'><strong>quoniam</strong></span> <span class='ocrx_word' id='word_1_359' title='bbox 1435 3131 1455 3156; x_wconf 77' lang='grc' dir='ltr'>ι</span> <span class='ocrx_word' id='word_1_360' title='bbox 1483 3107 1687 3163; x_wconf 89' lang='lat' dir='ltr'><strong>vermis</strong></span> <span class='ocrx_word' id='word_1_361' title='bbox 1744 3122 1933 3162; x_wconf 86' lang='lat' dir='ltr'><strong>eorum</strong></span> <span class='ocrx_word' id='word_1_362' title='bbox 1996 3122 2109 3161; x_wconf 92' lang='lat' dir='ltr'><strong>non</strong></span> 
     </span>
    </p>
   </div>
   <div class='ocr_carea' id='block_1_48' title="bbox 533 3199 2191 3278">
    <p class='ocr_par' dir='ltr' id='par_1_48' title="bbox 533 3199 2191 3278">
     <span class='ocr_line' id='line_1_48' title="bbox 533 3199 2191 3278; baseline -0.013 -6"><span class='ocrx_word' id='word_1_363' title='bbox 533 3213 800 3270; x_wconf 88' lang='lat' dir='ltr'><strong>morietur</strong></span> <span class='ocrx_word' id='word_1_364' title='bbox 826 3219 880 3266; x_wconf 93' lang='lat' dir='ltr'><strong>et</strong></span> <span class='ocrx_word' id='word_1_365' title='bbox 910 3206 1050 3278; x_wconf 85' lang='lat' dir='ltr'><strong>ignis</strong></span> <span class='ocrx_word' id='word_1_366' title='bbox 1080 3218 1269 3260; x_wconf 90' lang='lat' dir='ltr'><strong>eorum</strong></span> <span class='ocrx_word' id='word_1_367' title='bbox 1297 3217 1411 3257; x_wconf 92' lang='lat' dir='ltr'><strong>non</strong></span> <span class='ocrx_word' id='word_1_368' title='bbox 1436 3199 1836 3270; x_wconf 81' lang='lat' dir='ltr'><strong>exstinguetur,</strong></span> <span class='ocrx_word' id='word_1_369' title='bbox 1866 3206 1920 3254; x_wconf 92' lang='lat' dir='ltr'><strong>et</strong></span> <span class='ocrx_word' id='word_1_370' title='bbox 1947 3204 2108 3253; x_wconf 87' lang='lat' dir='ltr'><strong>erunt</strong></span> <span class='ocrx_word' id='word_1_371' title='bbox 2140 3213 2191 3277; x_wconf 69' lang='grc' dir='ltr'><strong>ρ</strong></span> 
     </span>
    </p>
   </div>
   <div class='ocr_carea' id='block_1_49' title="bbox 535 3287 2109 3375">
    <p class='ocr_par' dir='ltr' id='par_1_49' title="bbox 535 3287 2109 3375">
     <span class='ocr_line' id='line_1_49' title="bbox 535 3287 2109 3375; baseline -0.013 -13"><span class='ocrx_word' id='word_1_372' title='bbox 535 3304 597 3361; x_wconf 89' lang='lat' dir='ltr'><strong>in</strong></span> <span class='ocrx_word' id='word_1_373' title='bbox 625 3308 845 3375; x_wconf 89' lang='lat' dir='ltr'><strong>aspectu</strong></span> <span class='ocrx_word' id='word_1_374' title='bbox 885 3295 1037 3351; x_wconf 91' lang='lat' dir='ltr'><strong>omni</strong></span> <span class='ocrx_word' id='word_1_375' title='bbox 1065 3292 1217 3351; x_wconf 85' lang='lat' dir='ltr'><strong>carni</strong></span> <span class='ocrx_word' id='word_1_376' title='bbox 1243 3293 1378 3365; x_wconf 73' lang='lat' dir='ltr'><strong>(Ita.</strong></span> <span class='ocrx_word' id='word_1_377' title='bbox 1416 3306 1567 3357; x_wconf 77' lang='lat' dir='ltr'><strong>var,</strong></span> <span class='ocrx_word' id='word_1_378' title='bbox 1599 3288 1714 3359; x_wconf 86' lang='lat'><strong>24).</strong></span> <span class='ocrx_word' id='word_1_379' title='bbox 1738 3314 1757 3337; x_wconf 75' lang='grc' dir='ltr'><strong><em>ι</em></strong></span> <span class='ocrx_word' id='word_1_380' title='bbox 1816 3287 1956 3354; x_wconf 88' lang='lat' dir='ltr'><strong>Quia</strong></span> <span class='ocrx_word' id='word_1_381' title='bbox 1983 3302 2109 3358; x_wconf 90' lang='lat' dir='ltr'><strong>ergo</strong></span> 
     </span>
    </p>
   </div>
   <div class='ocr_carea' id='block_1_50' title="bbox 533 3377 2110 3452">
    <p class='ocr_par' dir='ltr' id='par_1_50' title="bbox 533 3377 2110 3452">
     <span class='ocr_line' id='line_1_50' title="bbox 533 3377 2110 3452; baseline -0.012 -3"><span class='ocrx_word' id='word_1_382' title='bbox 533 3390 817 3450; x_wconf 87' lang='lat' dir='ltr'><strong>verissime</strong></span> <span class='ocrx_word' id='word_1_383' title='bbox 870 3385 1012 3441; x_wconf 89' lang='lat' dir='ltr'><strong>hanc</strong></span> <span class='ocrx_word' id='word_1_384' title='bbox 1060 3382 1325 3440; x_wconf 87' lang='lat' dir='ltr'><strong>habemus</strong></span> <span class='ocrx_word' id='word_1_385' title='bbox 1369 3395 1539 3452; x_wconf 89' lang='lat' dir='ltr'><strong>spem,</strong></span> <span class='ocrx_word' id='word_1_386' title='bbox 1589 3379 1732 3435; x_wconf 89' lang='lat' dir='ltr'><strong>sicut</strong></span> <span class='ocrx_word' id='word_1_387' title='bbox 1757 3377 2110 3433; x_wconf 82' lang='lat' dir='ltr'><strong>exhibuimus</strong></span> 
     </span>
    </p>
   </div>
   <div class='ocr_carea' id='block_1_51' title="bbox 534 3462 2110 3538">
    <p class='ocr_par' dir='ltr' id='par_1_51' title="bbox 534 3462 2110 3538">
     <span class='ocr_line' id='line_1_51' title="bbox 534 3462 2110 3538; baseline -0.012 -2"><span class='ocrx_word' id='word_1_388' title='bbox 534 3477 779 3538; x_wconf 82' lang='lat' dir='ltr'><strong>membra</strong></span> <span class='ocrx_word' id='word_1_389' title='bbox 807 3481 992 3529; x_wconf 87' lang='lat' dir='ltr'><strong>nostra</strong></span> <span class='ocrx_word' id='word_1_390' title='bbox 1035 3470 1291 3529; x_wconf 87' lang='lat' dir='ltr'><strong>famulari</strong></span> <span class='ocrx_word' id='word_1_391' title='bbox 1331 3466 1718 3535; x_wconf 80' lang='lat' dir='ltr'><strong>immunditiae,</strong></span> <span class='ocrx_word' id='word_1_392' title='bbox 1749 3473 1803 3521; x_wconf 92' lang='lat' dir='ltr'><strong>et</strong></span> <span class='ocrx_word' id='word_1_393' title='bbox 1828 3462 2110 3536; x_wconf 88' lang='lat' dir='ltr'><strong>iniquitati</strong></span> 
     </span>
    </p>
   </div>
   <div class='ocr_carea' id='block_1_52' title="bbox 534 3552 2110 3636">
    <p class='ocr_par' dir='ltr' id='par_1_52' title="bbox 534 3552 2110 3636">
     <span class='ocr_line' id='line_1_52' title="bbox 534 3552 2110 3636; baseline -0.01 -13"><span class='ocrx_word' id='word_1_394' title='bbox 534 3568 606 3626; x_wconf 75' lang='lat' dir='ltr'><strong>ad</strong></span> <span class='ocrx_word' id='word_1_395' title='bbox 633 3563 1000 3636; x_wconf 87' lang='lat' dir='ltr'><strong>iniquitatem,</strong></span> <span class='ocrx_word' id='word_1_396' title='bbox 1031 3561 1110 3618; x_wconf 90' lang='lat' dir='ltr'><strong>ita</strong></span> <span class='ocrx_word' id='word_1_397' title='bbox 1126 3558 1485 3618; x_wconf 85' lang='lat' dir='ltr'><strong>exhibeamus</strong></span> <span class='ocrx_word' id='word_1_398' title='bbox 1511 3573 1574 3613; x_wconf 91' lang='lat' dir='ltr'><strong>ea</strong></span> <span class='ocrx_word' id='word_1_399' title='bbox 1601 3554 1854 3611; x_wconf 88' lang='lat' dir='ltr'><strong>famulari</strong></span> <span class='ocrx_word' id='word_1_400' title='bbox 1880 3552 2110 3625; x_wconf 76' lang='lat' dir='ltr'><strong>justitite</strong></span> 
     </span>
    </p>
   </div>
   <div class='ocr_carea' id='block_1_53' title="bbox 528 3644 2112 3719">
    <p class='ocr_par' dir='ltr' id='par_1_53' title="bbox 528 3644 2112 3719">
     <span class='ocr_line' id='line_1_53' title="bbox 528 3644 2112 3719; baseline -0.008 -10"><span class='ocrx_word' id='word_1_401' title='bbox 528 3654 596 3711; x_wconf 83' lang='lat' dir='ltr'><strong>in</strong></span> <span class='ocrx_word' id='word_1_402' title='bbox 645 3650 1129 3707; x_wconf 81' lang='lat' dir='ltr'><strong>sanctiﬁcationem</strong></span> <span class='ocrx_word' id='word_1_403' title='bbox 1174 3647 1305 3704; x_wconf 75' lang='lat' dir='ltr'><strong>vitae</strong></span> <span class='ocrx_word' id='word_1_404' title='bbox 1360 3648 1534 3719; x_wconf 85' lang='lat' dir='ltr'><strong>(Rom.</strong></span> <span class='ocrx_word' id='word_1_405' title='bbox 1557 3661 1636 3714; x_wconf 71' lang='lat' dir='ltr'><strong>vr,</strong></span> <span class='ocrx_word' id='word_1_406' title='bbox 1666 3644 1759 3716; x_wconf 87' lang='lat'><strong>29)</strong></span> <span class='ocrx_word' id='word_1_407' title='bbox 1787 3661 1799 3699; x_wconf 92' lang='lat'>:</span> <span class='ocrx_word' id='word_1_408' title='bbox 1831 3650 1894 3698; x_wconf 88' lang='lat' dir='ltr'><strong>ut</strong></span> <span class='ocrx_word' id='word_1_409' title='bbox 1921 3657 2112 3698; x_wconf 90' lang='lat' dir='ltr'><strong>resur-</strong></span> 
     </span>
    </p>
   </div>
   <div class='ocr_carea' id='block_1_54' title="bbox 534 3731 2111 3816">
    <p class='ocr_par' dir='ltr' id='par_1_54' title="bbox 534 3731 2111 3816">
     <span class='ocr_line' id='line_1_54' title="bbox 534 3731 2111 3816; baseline -0.008 -18"><span class='ocrx_word' id='word_1_410' title='bbox 534 3748 722 3816; x_wconf 82' lang='lat' dir='ltr'><strong>gentes</strong></span> <span class='ocrx_word' id='word_1_411' title='bbox 748 3757 780 3796; x_wconf 91' lang='lat' dir='ltr'><strong>a</strong></span> <span class='ocrx_word' id='word_1_412' title='bbox 805 3741 1056 3807; x_wconf 90' lang='lat' dir='ltr'><strong>mortuis,</strong></span> <span class='ocrx_word' id='word_1_413' title='bbox 1086 3738 1145 3793; x_wconf 92' lang='lat' dir='ltr'><strong>in</strong></span> <span class='ocrx_word' id='word_1_414' title='bbox 1172 3737 1417 3793; x_wconf 88' lang='lat' dir='ltr'><strong>novitate</strong></span> <span class='ocrx_word' id='word_1_415' title='bbox 1454 3734 1581 3791; x_wconf 71' lang='lat' dir='ltr'><strong>vitae</strong></span> <span class='ocrx_word' id='word_1_416' title='bbox 1604 3733 1946 3789; x_wconf 88' lang='lat' dir='ltr'><strong>ambulemus</strong></span> <span class='ocrx_word' id='word_1_417' title='bbox 1969 3731 2111 3803; x_wconf 85' lang='lat'><strong>(51),</strong></span> 
     </span>
    </p>
   </div>
   <div class='ocr_carea' id='block_1_55' title="bbox 534 3821 2113 3899">
    <p class='ocr_par' dir='ltr' id='par_1_55' title="bbox 534 3821 2113 3899">
     <span class='ocr_line' id='line_1_55' title="bbox 534 3821 2113 3899; baseline -0.011 -10"><span class='ocrx_word' id='word_1_418' title='bbox 534 3837 600 3889; x_wconf 82' lang='lat' dir='ltr'><strong>ut</strong></span> <span class='ocrx_word' id='word_1_419' title='bbox 626 3828 743 3885; x_wconf 87' lang='lat' dir='ltr'><strong>vita</strong></span> <span class='ocrx_word' id='word_1_420' title='bbox 783 3827 1025 3884; x_wconf 91' lang='lat' dir='ltr'><strong>nominis</strong></span> <span class='ocrx_word' id='word_1_421' title='bbox 1050 3827 1175 3883; x_wconf 85' lang='lat' dir='ltr'><strong>Jesu</strong></span> <span class='ocrx_word' id='word_1_422' title='bbox 1222 3824 1607 3899; x_wconf 64' lang='lat' dir='ltr'><strong>manifestetur;</strong></span> <span class='ocrx_word' id='word_1_423' title='bbox 1650 3821 1710 3876; x_wconf 92' lang='lat' dir='ltr'><strong>in</strong></span> <span class='ocrx_word' id='word_1_424' title='bbox 1735 3835 1898 3876; x_wconf 91' lang='lat' dir='ltr'><strong>carne</strong></span> <span class='ocrx_word' id='word_1_425' title='bbox 1927 3824 2113 3873; x_wconf 90' lang='lat' dir='ltr'><strong>nostra</strong></span> 
     </span>
    </p>
   </div>
   <div class='ocr_carea' id='block_1_56' title="bbox 535 3904 2113 3988">
    <p class='ocr_par' dir='ltr' id='par_1_56' title="bbox 535 3904 2113 3988">
     <span class='ocr_line' id='line_1_56' title="bbox 535 3904 2113 3988; baseline -0.008 -16"><span class='ocrx_word' id='word_1_426' title='bbox 535 3916 759 3972; x_wconf 85' lang='lat' dir='ltr'><strong>mortali</strong></span> <span class='ocrx_word' id='word_1_427' title='bbox 786 3922 1005 3988; x_wconf 89' lang='lat' dir='ltr'><strong>propter</strong></span> <span class='ocrx_word' id='word_1_428' title='bbox 1047 3914 1313 3986; x_wconf 88' lang='lat' dir='ltr'><strong>Spiritum</strong></span> <span class='ocrx_word' id='word_1_429' title='bbox 1343 3911 1460 3984; x_wconf 90' lang='lat' dir='ltr'><strong>ejus</strong></span> <span class='ocrx_word' id='word_1_430' title='bbox 1500 3908 1837 3965; x_wconf 87' lang='lat' dir='ltr'><strong>habitantem</strong></span> <span class='ocrx_word' id='word_1_431' title='bbox 1867 3906 1926 3961; x_wconf 93' lang='lat' dir='ltr'><strong>in</strong></span> <span class='ocrx_word' id='word_1_432' title='bbox 1954 3904 2113 3960; x_wconf 90' lang='lat' dir='ltr'><strong>nobis</strong></span> 
     </span>
    </p>
   </div>
   <div class='ocr_carea' id='block_1_57' title="bbox 536 4000 2114 4080">
    <p class='ocr_par' dir='ltr' id='par_1_57' title="bbox 536 4000 2114 4080">
     <span class='ocr_line' id='line_1_57' title="bbox 536 4000 2114 4080; baseline -0.009 -18"><span class='ocrx_word' id='word_1_433' title='bbox 536 4005 631 4080; x_wconf 91' lang='grc' dir='ltr'><strong>(ΙΙ</strong></span> <span class='ocrx_word' id='word_1_434' title='bbox 653 4006 777 4062; x_wconf 85' lang='lat' dir='ltr'><strong>Cor.</strong></span> <span class='ocrx_word' id='word_1_435' title='bbox 801 4022 882 4070; x_wconf 81' lang='lat' dir='ltr'><strong>Iv,</strong></span> <span class='ocrx_word' id='word_1_436' title='bbox 919 4004 1022 4070; x_wconf 84' lang='lat'><strong>10;</strong></span> <span class='ocrx_word' id='word_1_437' title='bbox 1051 4005 1202 4060; x_wconf 83' lang='lat' dir='ltr'><strong>Rom.</strong></span> <span class='ocrx_word' id='word_1_438' title='bbox 1232 4018 1356 4069; x_wconf 86' lang='lat' dir='ltr'><strong>vm,</strong></span> <span class='ocrx_word' id='word_1_439' title='bbox 1385 4000 1497 4071; x_wconf 88' lang='lat' dir='ltr'><strong>II).</strong></span> <span class='ocrx_word' id='word_1_440' title='bbox 1533 4001 1749 4055; x_wconf 86' lang='lat' dir='ltr'><strong>Justum</strong></span> <span class='ocrx_word' id='word_1_441' title='bbox 1782 4012 1908 4067; x_wconf 88' lang='lat' dir='ltr'><strong>ergo</strong></span> <span class='ocrx_word' id='word_1_442' title='bbox 1937 4002 2038 4061; x_wconf 91' lang='lat' dir='ltr'><strong>est,</strong></span> <span class='ocrx_word' id='word_1_443' title='bbox 2060 4001 2114 4049; x_wconf 92' lang='lat' dir='ltr'><strong>et</strong></span> 
     </span>
    </p>
   </div>
   <div class='ocr_carea' id='block_1_58' title="bbox 446 4082 2114 4165">
    <p class='ocr_par' dir='ltr' id='par_1_58' title="bbox 446 4082 2114 4165">
     <span class='ocr_line' id='line_1_58' title="bbox 446 4082 2114 4165; baseline -0.009 -14"><span class='ocrx_word' id='word_1_444' title='bbox 446 4146 453 4151; x_wconf 37' lang='grc' dir='ltr'><strong>κ</strong></span> <span class='ocrx_word' id='word_1_445' title='bbox 533 4109 667 4150; x_wconf 86' lang='lat' dir='ltr'><strong>vero</strong></span> <span class='ocrx_word' id='word_1_446' title='bbox 686 4091 919 4165; x_wconf 85' lang='lat' dir='ltr'><strong>justum,</strong></span> <span class='ocrx_word' id='word_1_447' title='bbox 945 4098 1009 4147; x_wconf 92' lang='lat' dir='ltr'><strong>ut</strong></span> <span class='ocrx_word' id='word_1_448' title='bbox 1037 4090 1131 4163; x_wconf 89' lang='lat' dir='ltr'><strong>qui</strong></span> <span class='ocrx_word' id='word_1_449' title='bbox 1155 4104 1366 4161; x_wconf 87' lang='lat' dir='ltr'><strong>semper</strong></span> <span class='ocrx_word' id='word_1_450' title='bbox 1393 4085 1873 4143; x_wconf 86' lang='lat' dir='ltr'><strong>mortiﬁcationem</strong></span> <span class='ocrx_word' id='word_1_451' title='bbox 1907 4082 2114 4139; x_wconf 89' lang='lat' dir='ltr'><strong>Christi</strong></span> 
     </span>
    </p>
   </div>
   <div class='ocr_carea' id='block_1_59' title="bbox 532 4170 2116 4254">
    <p class='ocr_par' dir='ltr' id='par_1_59' title="bbox 532 4170 2116 4254">
     <span class='ocr_line' id='line_1_59' title="bbox 532 4170 2116 4254; baseline -0.011 -11"><span class='ocrx_word' id='word_1_452' title='bbox 532 4182 599 4243; x_wconf 78' lang='lat' dir='ltr'><strong>in</strong></span> <span class='ocrx_word' id='word_1_453' title='bbox 621 4197 846 4254; x_wconf 87' lang='lat' dir='ltr'><strong>corpore</strong></span> <span class='ocrx_word' id='word_1_454' title='bbox 874 4187 1062 4237; x_wconf 89' lang='lat' dir='ltr'><strong>nostro</strong></span> <span class='ocrx_word' id='word_1_455' title='bbox 1091 4176 1556 4244; x_wconf 89' lang='lat' dir='ltr'><strong>circumtulimus,</strong></span> <span class='ocrx_word' id='word_1_456' title='bbox 1602 4176 1717 4229; x_wconf 92' lang='lat' dir='ltr'><strong>vita</strong></span> <span class='ocrx_word' id='word_1_457' title='bbox 1747 4187 1961 4245; x_wconf 92' lang='lat' dir='ltr'><strong>quoque</strong></span> <span class='ocrx_word' id='word_1_458' title='bbox 1999 4170 2116 4241; x_wconf 87' lang='lat' dir='ltr'><strong>ejus</strong></span> 
     </span>
    </p>
   </div>
   <div class='ocr_carea' id='block_1_60' title="bbox 532 4256 2113 4342">
    <p class='ocr_par' dir='ltr' id='par_1_60' title="bbox 532 4256 2113 4342">
     <span class='ocr_line' id='line_1_60' title="bbox 532 4256 2113 4342; baseline -0.011 -12"><span class='ocrx_word' id='word_1_459' title='bbox 532 4270 600 4330; x_wconf 84' lang='lat' dir='ltr'><strong>in</strong></span> <span class='ocrx_word' id='word_1_460' title='bbox 649 4283 874 4342; x_wconf 89' lang='lat' dir='ltr'><strong>corpore</strong></span> <span class='ocrx_word' id='word_1_461' title='bbox 921 4275 1108 4323; x_wconf 89' lang='lat' dir='ltr'><strong>nostro</strong></span> <span class='ocrx_word' id='word_1_462' title='bbox 1172 4263 1551 4320; x_wconf 75' lang='lat' dir='ltr'><strong>manifestatur</strong></span> <span class='ocrx_word' id='word_1_463' title='bbox 1603 4262 1693 4332; x_wconf 86' lang='lat' dir='ltr'><strong>(II</strong></span> <span class='ocrx_word' id='word_1_464' title='bbox 1733 4260 1967 4326; x_wconf 83' lang='lat' dir='ltr'><strong>Cor.1v,</strong></span> <span class='ocrx_word' id='word_1_465' title='bbox 2000 4256 2113 4329; x_wconf 86' lang='lat' dir='ltr'><strong>I2).</strong></span> 
     </span>
    </p>
   </div>
   <div class='ocr_carea' id='block_1_61' title="bbox 550 4348 2115 4431">
    <p class='ocr_par' dir='ltr' id='par_1_61' title="bbox 550 4348 2115 4431">
     <span class='ocr_line' id='line_1_61' title="bbox 550 4348 2115 4431; baseline -0.012 -14"><span class='ocrx_word' id='word_1_466' title='bbox 550 4381 576 4408; x_wconf 73' lang='grc' dir='ltr'>ι</span> <span class='ocrx_word' id='word_1_467' title='bbox 601 4357 906 4431; x_wconf 88' lang='lat' dir='ltr'><strong>Spoliantes</strong></span> <span class='ocrx_word' id='word_1_468' title='bbox 937 4354 1111 4427; x_wconf 90' lang='lat' dir='ltr'><strong>(ergo)</strong></span> <span class='ocrx_word' id='word_1_469' title='bbox 1138 4370 1259 4421; x_wconf 91' lang='lat' dir='ltr'><strong>nos,</strong></span> <span class='ocrx_word' id='word_1_470' title='bbox 1288 4352 1432 4409; x_wconf 91' lang='lat' dir='ltr'><strong>sicut</strong></span> <span class='ocrx_word' id='word_1_471' title='bbox 1457 4349 1595 4406; x_wconf 90' lang='lat' dir='ltr'><strong>dicit</strong></span> <span class='ocrx_word' id='word_1_472' title='bbox 1627 4348 1943 4420; x_wconf 83' lang='lat' dir='ltr'><strong>Apostolus,</strong></span> <span class='ocrx_word' id='word_1_473' title='bbox 1973 4354 2115 4401; x_wconf 84' lang='lat' dir='ltr'><strong>vete-</strong></span> 
     </span>
    </p>
   </div>
   <div class='ocr_carea' id='block_1_62' title="bbox 536 4432 2106 4507">
    <p class='ocr_par' dir='ltr' id='par_1_62' title="bbox 536 4432 2106 4507">
     <span class='ocr_line' id='line_1_62' title="bbox 536 4432 2106 4507; baseline -0.015 -4"><span class='ocrx_word' id='word_1_474' title='bbox 536 4459 656 4503; x_wconf 89' lang='lat' dir='ltr'><strong>rem</strong></span> <span class='ocrx_word' id='word_1_475' title='bbox 703 4443 984 4501; x_wconf 87' lang='lat' dir='ltr'><strong>hominem</strong></span> <span class='ocrx_word' id='word_1_476' title='bbox 1023 4457 1149 4498; x_wconf 90' lang='lat' dir='ltr'><strong>cum</strong></span> <span class='ocrx_word' id='word_1_477' title='bbox 1203 4438 1415 4496; x_wconf 88' lang='lat' dir='ltr'><strong>actibus</strong></span> <span class='ocrx_word' id='word_1_478' title='bbox 1464 4436 1579 4493; x_wconf 88' lang='lat' dir='ltr'><strong>suis</strong></span> <span class='ocrx_word' id='word_1_479' title='bbox 1608 4434 1924 4507; x_wconf 73' lang='lat' dir='ltr'><strong>(Colossm,</strong></span> <span class='ocrx_word' id='word_1_480' title='bbox 1974 4432 2054 4503; x_wconf 88' lang='lat'><strong>9),</strong></span> <span class='ocrx_word' id='word_1_481' title='bbox 2086 4455 2106 4479; x_wconf 73' lang='grc' dir='ltr'><strong>ι</strong></span> 
     </span>
    </p>
   </div>
   <div class='ocr_carea' id='block_1_63' title="bbox 538 4522 2198 4619">
    <p class='ocr_par' dir='ltr' id='par_1_63' title="bbox 538 4522 2198 4619">
     <span class='ocr_line' id='line_1_63' title="bbox 538 4522 2198 4619; baseline -0.01 -27"><span class='ocrx_word' id='word_1_482' title='bbox 538 4533 740 4593; x_wconf 84' lang='lat' dir='ltr'><strong>erroris</strong></span> <span class='ocrx_word' id='word_1_483' title='bbox 771 4532 1018 4589; x_wconf 90' lang='lat' dir='ltr'><strong>tunicam</strong></span> <span class='ocrx_word' id='word_1_484' title='bbox 1045 4545 1109 4585; x_wconf 87' lang='lat' dir='ltr'><strong>ac</strong></span> <span class='ocrx_word' id='word_1_485' title='bbox 1137 4527 1343 4601; x_wconf 86' lang='lat' dir='ltr'><strong>peccati</strong></span> <span class='ocrx_word' id='word_1_486' title='bbox 1367 4525 1484 4597; x_wconf 87' lang='lat'><strong>(52)</strong></span> <span class='ocrx_word' id='word_1_487' title='bbox 1516 4540 1628 4580; x_wconf 92' lang='lat' dir='ltr'><strong>non</strong></span> <span class='ocrx_word' id='word_1_488' title='bbox 1648 4522 2023 4595; x_wconf 88' lang='lat' dir='ltr'><strong>requiramus;</strong></span> <span class='ocrx_word' id='word_1_489' title='bbox 2056 4529 2119 4577; x_wconf 91' lang='lat' dir='ltr'><strong>ut</strong></span> <span class='ocrx_word' id='word_1_490' title='bbox 2149 4560 2198 4619; x_wconf 69' lang='grc' dir='ltr'><strong>Β</strong></span> 
     </span>
    </p>
   </div>
   <div class='ocr_carea' id='block_1_64' title="bbox 504 4610 2118 4695">
    <p class='ocr_par' dir='ltr' id='par_1_64' title="bbox 504 4610 2118 4695">
     <span class='ocr_line' id='line_1_64' title="bbox 504 4610 2118 4695; baseline -0.012 -14"><span class='ocrx_word' id='word_1_491' title='bbox 504 4638 509 4639; x_wconf 62' lang='grc'><strong><em>⁷</em></strong></span> <span class='ocrx_word' id='word_1_492' title='bbox 538 4638 762 4691; x_wconf 84' lang='lat' dir='ltr'><strong>novam,</strong></span> <span class='ocrx_word' id='word_1_493' title='bbox 792 4620 888 4695; x_wconf 91' lang='lat' dir='ltr'><strong>qui</strong></span> <span class='ocrx_word' id='word_1_494' title='bbox 919 4618 1168 4675; x_wconf 88' lang='lat' dir='ltr'><strong>Christus</strong></span> <span class='ocrx_word' id='word_1_495' title='bbox 1186 4624 1287 4683; x_wconf 91' lang='lat' dir='ltr'><strong>est,</strong></span> <span class='ocrx_word' id='word_1_496' title='bbox 1320 4614 1613 4670; x_wconf 88' lang='lat' dir='ltr'><strong>induamus</strong></span> <span class='ocrx_word' id='word_1_497' title='bbox 1644 4610 1761 4682; x_wconf 85' lang='lat'><strong>(53)</strong></span> <span class='ocrx_word' id='word_1_498' title='bbox 1794 4610 2012 4681; x_wconf 84' lang='lat' dir='ltr'><strong>(Ephes.</strong></span> <span class='ocrx_word' id='word_1_499' title='bbox 2039 4625 2118 4675; x_wconf 81' lang='grc' dir='ltr'><strong>ιν,</strong></span> 
     </span>
    </p>
   </div>
   <div class='ocr_carea' id='block_1_65' title="bbox 537 4694 2114 4790">
    <p class='ocr_par' dir='ltr' id='par_1_65' title="bbox 537 4694 2114 4790">
     <span class='ocr_line' id='line_1_65' title="bbox 537 4694 2114 4790; baseline -0.013 -19"><span class='ocrx_word' id='word_1_500' title='bbox 537 4711 660 4785; x_wconf 72' lang='grc'><strong>24),</strong></span> <span class='ocrx_word' id='word_1_501' title='bbox 686 4710 1246 4790; x_wconf 30' lang='lat' dir='ltr'><strong>imitantes‘sponsam</strong></span> <span class='ocrx_word' id='word_1_502' title='bbox 1277 4702 1323 4774; x_wconf 88' lang='lat' dir='ltr'><strong>ej</strong></span> <span class='ocrx_word' id='word_1_503' title='bbox 1333 4719 1395 4759; x_wconf 92' lang='lat' dir='ltr'><strong>us</strong></span> <span class='ocrx_word' id='word_1_504' title='bbox 1423 4701 1701 4758; x_wconf 90' lang='lat' dir='ltr'><strong>dicentem</strong></span> <span class='ocrx_word' id='word_1_505' title='bbox 1713 4706 1909 4755; x_wconf 89' lang='lat' dir='ltr'><strong>nocte:</strong></span> <span class='ocrx_word' id='word_1_506' title='bbox 1945 4694 2114 4753; x_wconf 72' lang='lat' dir='ltr'><strong>«Exui</strong></span> 
     </span>
    </p>
   </div>
   <div class='ocr_carea' id='block_1_66' title="bbox 638 4840 1692 4917">
    <p class='ocr_par' dir='ltr' id='par_1_66' title="bbox 638 4840 1692 4917">
     <span class='ocr_line' id='line_1_66' title="bbox 638 4840 1692 4917; baseline -0.012 -7"><span class='ocrx_word' id='word_1_507' title='bbox 638 4853 732 4917; x_wconf 96' lang='lat'><strong>47)</strong></span> <span class='ocrx_word' id='word_1_508' title='bbox 762 4853 921 4909; x_wconf 89' lang='lat' dir='ltr'><strong>Rom.</strong></span> <span class='ocrx_word' id='word_1_509' title='bbox 956 4848 1114 4916; x_wconf 89' lang='lat' dir='ltr'><strong>edit.,</strong></span> <span class='ocrx_word' id='word_1_510' title='bbox 1139 4853 1234 4903; x_wconf 82' lang='lat' dir='ltr'><strong>aut</strong></span> <span class='ocrx_word' id='word_1_511' title='bbox 1254 4844 1542 4917; x_wconf 74' lang='lat' dir='ltr'><strong>deperditio</strong></span> <span class='ocrx_word' id='word_1_512' title='bbox 1572 4840 1692 4917; x_wconf 66' lang='lat' dir='ltr'><strong>erit.</strong></span> 
     </span>
    </p>
   </div>
   <div class='ocr_carea' id='block_1_67' title="bbox 640 4915 1762 4993">
    <p class='ocr_par' dir='ltr' id='par_1_67' title="bbox 640 4915 1762 4993">
     <span class='ocr_line' id='line_1_67' title="bbox 640 4915 1762 4993; baseline -0.012 -13"><span class='ocrx_word' id='word_1_513' title='bbox 640 4915 733 4993; x_wconf 87' lang='lat'><strong>48)</strong></span> <span class='ocrx_word' id='word_1_514' title='bbox 763 4924 894 4993; x_wconf 87' lang='lat' dir='ltr'><strong>Reg.</strong></span> <span class='ocrx_word' id='word_1_515' title='bbox 924 4919 1071 4993; x_wconf 89' lang='lat' dir='ltr'><strong>cod_._,</strong></span> <span class='ocrx_word' id='word_1_516' title='bbox 1100 4915 1220 4989; x_wconf 68' lang='lat' dir='ltr'><strong>qua:</strong></span> <span class='ocrx_word' id='word_1_517' title='bbox 1257 4915 1498 4993; x_wconf 62' lang='lat' dir='ltr'><strong>fugatur,</strong></span> <span class='ocrx_word' id='word_1_518' title='bbox 1528 4915 1762 4993; x_wconf 55' lang='lat' dir='ltr'><strong>sedatur.</strong></span> 
     </span>
    </p>
   </div>
   <div class='ocr_carea' id='block_1_68' title="bbox 640 4980 2105 5057">
    <p class='ocr_par' dir='ltr' id='par_1_68' title="bbox 640 4980 2105 5057">
     <span class='ocr_line' id='line_1_68' title="bbox 640 4980 2105 5057; baseline -0.009 -9"><span class='ocrx_word' id='word_1_519' title='bbox 640 4980 732 5057; x_wconf 81' lang='lat'><strong>49)</strong></span> <span class='ocrx_word' id='word_1_520' title='bbox 762 4980 918 5049; x_wconf 60' lang='lat' dir='ltr'><strong>nolit.</strong></span> <span class='ocrx_word' id='word_1_521' title='bbox 976 4980 1134 5057; x_wconf 61' lang='lat' dir='ltr'><strong>edit.,</strong></span> <span class='ocrx_word' id='word_1_522' title='bbox 1195 4980 1284 5044; x_wconf 77' lang='lat' dir='ltr'><strong>sed</strong></span> <span class='ocrx_word' id='word_1_523' title='bbox 1320 4980 1382 5042; x_wconf 79' lang='lat' dir='ltr'><strong>in</strong></span> <span class='ocrx_word' id='word_1_524' title='bbox 1431 4980 1513 5041; x_wconf 76' lang='lat' dir='ltr'><strong>die</strong></span> <span class='ocrx_word' id='word_1_525' title='bbox 1548 4982 1745 5057; x_wconf 59' lang='lat' dir='ltr'><strong>iudicii</strong></span> <span class='ocrx_word' id='word_1_526' title='bbox 1771 4981 1831 5057; x_wconf 75' lang='lat' dir='ltr'><strong>in</strong></span> <span class='ocrx_word' id='word_1_527' title='bbox 1875 4980 2105 5057; x_wconf 66' lang='grc' dir='ltr'><strong>είῃιριίσι</strong></span> 
     </span>
    </p>
   </div>
   <div class='ocr_carea' id='block_1_69' title="bbox 540 5050 2119 5192">
    <p class='ocr_par' dir='ltr' id='par_1_69' title="bbox 540 5050 2119 5192">
     <span class='ocr_line' id='line_1_69' title="bbox 540 5050 2119 5192; baseline -0.008 -73"><span class='ocrx_word' id='word_1_528' title='bbox 540 5050 741 5192; x_wconf 41' lang='lat' dir='ltr'><strong>inagro</strong></span> <span class='ocrx_word' id='word_1_529' title='bbox 763 5062 930 5134; x_wconf 79' lang='lat' dir='ltr'><strong>primi</strong></span> <span class='ocrx_word' id='word_1_530' title='bbox 951 5062 1102 5125; x_wconf 71' lang='lat' dir='ltr'><strong>Adda,</strong></span> <span class='ocrx_word' id='word_1_531' title='bbox 1119 5050 1282 5130; x_wconf 75' lang='lat' dir='ltr'><strong>atque</strong></span> <span class='ocrx_word' id='word_1_532' title='bbox 1305 5059 1364 5113; x_wconf 81' lang='lat' dir='ltr'><strong>in</strong></span> <span class='ocrx_word' id='word_1_533' title='bbox 1403 5050 1613 5113; x_wconf 78' lang='lat' dir='ltr'><strong>secundi</strong></span> <span class='ocrx_word' id='word_1_534' title='bbox 1641 5052 1818 5125; x_wconf 82' lang='lat' dir='ltr'><strong>gloria</strong></span> <span class='ocrx_word' id='word_1_535' title='bbox 1844 5050 2119 5120; x_wconf 78' lang='lat' dir='ltr'><strong>reforma-</strong></span> 
     </span>
    </p>
   </div>
   <div class='ocr_carea' id='block_1_70' title="bbox 639 5192 2113 5272">
    <p class='ocr_par' dir='ltr' id='par_1_70' title="bbox 639 5192 2113 5272">
     <span class='ocr_line' id='line_1_70' title="bbox 639 5192 2113 5272; baseline -0.009 -10"><span class='ocrx_word' id='word_1_536' title='bbox 639 5206 732 5272; x_wconf 87' lang='lat'><strong>50)</strong></span> <span class='ocrx_word' id='word_1_537' title='bbox 762 5202 964 5259; x_wconf 92' lang='lat' dir='ltr'><strong>Eadem</strong></span> <span class='ocrx_word' id='word_1_538' title='bbox 982 5203 1139 5259; x_wconf 88' lang='lat' dir='ltr'><strong>Rom.</strong></span> <span class='ocrx_word' id='word_1_539' title='bbox 1158 5202 1289 5258; x_wconf 90' lang='lat' dir='ltr'><strong>edit.</strong></span> <span class='ocrx_word' id='word_1_540' title='bbox 1301 5243 1315 5267; x_wconf 95' lang='lat'><strong>,</strong></span> <span class='ocrx_word' id='word_1_541' title='bbox 1331 5198 1558 5272; x_wconf 75' lang='lat' dir='ltr'><strong>piscibus</strong></span> <span class='ocrx_word' id='word_1_542' title='bbox 1572 5195 1736 5272; x_wconf 75' lang='lat' dir='ltr'><strong>maris</strong></span> <span class='ocrx_word' id='word_1_543' title='bbox 1755 5199 1802 5247; x_wconf 84' lang='lat' dir='ltr'><strong>et</strong></span> <span class='ocrx_word' id='word_1_544' title='bbox 1818 5192 2113 5272; x_wconf 65' lang='lat' dir='ltr'><strong>ﬂaminum.</strong></span> 
     </span>
    </p>
   </div>
   <div class='ocr_carea' id='block_1_71' title="bbox 639 5264 2119 5338">
    <p class='ocr_par' dir='ltr' id='par_1_71' title="bbox 639 5264 2119 5338">
     <span class='ocr_line' id='line_1_71' title="bbox 639 5264 2119 5338; baseline -0.011 -4"><span class='ocrx_word' id='word_1_545' title='bbox 639 5264 733 5338; x_wconf 78' lang='grc'><strong>51)</strong></span> <span class='ocrx_word' id='word_1_546' title='bbox 767 5275 971 5331; x_wconf 88' lang='lat' dir='ltr'><strong>Eadem</strong></span> <span class='ocrx_word' id='word_1_547' title='bbox 1017 5275 1172 5330; x_wconf 88' lang='lat' dir='ltr'><strong>Rom.</strong></span> <span class='ocrx_word' id='word_1_548' title='bbox 1224 5264 1380 5338; x_wconf 62' lang='lat' dir='ltr'><strong>editi,</strong></span> <span class='ocrx_word' id='word_1_549' title='bbox 1440 5276 1518 5335; x_wconf 87' lang='lat' dir='ltr'><strong>ut,</strong></span> <span class='ocrx_word' id='word_1_550' title='bbox 1573 5273 1620 5321; x_wconf 89' lang='lat' dir='ltr'><strong>et</strong></span> <span class='ocrx_word' id='word_1_551' title='bbox 1661 5265 1719 5318; x_wconf 83' lang='lat' dir='ltr'><strong>in</strong></span> <span class='ocrx_word' id='word_1_552' title='bbox 1747 5265 1973 5318; x_wconf 73' lang='lat' dir='ltr'><strong>novitate</strong></span> <span class='ocrx_word' id='word_1_553' title='bbox 2000 5264 2119 5317; x_wconf 69' lang='lat' dir='ltr'><strong>vita:</strong></span> 
     </span>
    </p>
   </div>
   <div class='ocr_carea' id='block_1_72' title="bbox 541 5342 2115 5415">
    <p class='ocr_par' dir='ltr' id='par_1_72' title="bbox 541 5342 2115 5415">
     <span class='ocr_line' id='line_1_72' title="bbox 541 5342 2115 5415; baseline -0.014 -8"><span class='ocrx_word' id='word_1_554' title='bbox 541 5342 888 5415; x_wconf 59' lang='lat' dir='ltr'><strong>auibulantes,</strong></span> <span class='ocrx_word' id='word_1_555' title='bbox 936 5345 1138 5399; x_wconf 82' lang='lat' dir='ltr'><strong>oita....</strong></span> <span class='ocrx_word' id='word_1_556' title='bbox 1167 5343 1225 5397; x_wconf 83' lang='lat' dir='ltr'><strong>in</strong></span> <span class='ocrx_word' id='word_1_557' title='bbox 1255 5343 1422 5415; x_wconf 77' lang='lat' dir='ltr'><strong>nobis,</strong></span> <span class='ocrx_word' id='word_1_558' title='bbox 1472 5346 1521 5393; x_wconf 85' lang='lat' dir='ltr'><strong>et</strong></span> <span class='ocrx_word' id='word_1_559' title='bbox 1546 5342 1887 5415; x_wconf 57' lang='lat' dir='ltr'><strong>festtrgcntcs</strong></span> <span class='ocrx_word' id='word_1_560' title='bbox 1914 5350 2115 5415; x_wconf 73' lang='lat' dir='ltr'><strong>amor-</strong></span> 
     </span>
    </p>
   </div>
   <div class='ocr_carea' id='block_1_73' title="bbox 543 5408 2117 5491">
    <p class='ocr_par' dir='ltr' id='par_1_73' title="bbox 543 5408 2117 5491">
     <span class='ocr_line' id='line_1_73' title="bbox 543 5408 2117 5491; baseline -0.014 -12"><span class='ocrx_word' id='word_1_561' title='bbox 543 5423 670 5491; x_wconf 83' lang='lat' dir='ltr'><strong>tuis,</strong></span> <span class='ocrx_word' id='word_1_562' title='bbox 696 5422 755 5477; x_wconf 83' lang='lat' dir='ltr'><strong>in</strong></span> <span class='ocrx_word' id='word_1_563' title='bbox 772 5408 885 5490; x_wconf 68' lang='lat' dir='ltr'><strong>ejus</strong></span> <span class='ocrx_word' id='word_1_564' title='bbox 906 5416 1185 5488; x_wconf 72' lang='lat' dir='ltr'><strong>imaginem</strong></span> <span class='ocrx_word' id='word_1_565' title='bbox 1207 5432 1240 5469; x_wconf 92' lang='lat' dir='ltr'><strong>a</strong></span> <span class='ocrx_word' id='word_1_566' title='bbox 1273 5412 1514 5468; x_wconf 80' lang='lat' dir='ltr'><strong>claritate</strong></span> <span class='ocrx_word' id='word_1_567' title='bbox 1536 5408 1595 5463; x_wconf 87' lang='lat' dir='ltr'><strong>in</strong></span> <span class='ocrx_word' id='word_1_568' title='bbox 1620 5408 1915 5461; x_wconf 81' lang='lat' dir='ltr'><strong>claritatem</strong></span> <span class='ocrx_word' id='word_1_569' title='bbox 1946 5410 2117 5460; x_wconf 83' lang='lat' dir='ltr'><strong>trans-</strong></span> 
     </span>
    </p>
   </div>
   <div class='ocr_carea' id='block_1_74' title="bbox 537 5493 856 5557">
    <p class='ocr_par' dir='ltr' id='par_1_74' title="bbox 537 5493 856 5557">
     <span class='ocr_line' id='line_1_74' title="bbox 537 5493 856 5557; baseline -0.016 -6"><span class='ocrx_word' id='word_1_570' title='bbox 537 5493 856 5557; x_wconf 72' lang='lat' dir='ltr'><strong>formemur.</strong></span> 
     </span>
    </p>
   </div>
   <div class='ocr_carea' id='block_1_75' title="bbox 644 5548 1832 5623">
    <p class='ocr_par' dir='ltr' id='par_1_75' title="bbox 644 5548 1832 5623">
     <span class='ocr_line' id='line_1_75' title="bbox 644 5548 1832 5623; baseline -0.013 -5"><span class='ocrx_word' id='word_1_571' title='bbox 644 5563 737 5623; x_wconf 84' lang='lat'><strong>52)</strong></span> <span class='ocrx_word' id='word_1_572' title='bbox 768 5559 972 5617; x_wconf 90' lang='lat' dir='ltr'><strong>Eadem</strong></span> <span class='ocrx_word' id='word_1_573' title='bbox 989 5558 1147 5613; x_wconf 91' lang='lat' dir='ltr'><strong>Rom.</strong></span> <span class='ocrx_word' id='word_1_574' title='bbox 1178 5553 1336 5621; x_wconf 90' lang='lat' dir='ltr'><strong>edit.,</strong></span> <span class='ocrx_word' id='word_1_575' title='bbox 1362 5549 1558 5623; x_wconf 83' lang='lat' dir='ltr'><strong>peccati</strong></span> <span class='ocrx_word' id='word_1_576' title='bbox 1580 5548 1832 5623; x_wconf 77' lang='lat' dir='ltr'><strong>pallium.</strong></span> 
     </span>
    </p>
   </div>
   <div class='ocr_carea' id='block_1_76' title="bbox 615 5563 1949 5776">
    <p class='ocr_par' dir='ltr' id='par_1_76' title="bbox 615 5563 1949 5776">
     <span class='ocr_line' id='line_1_76' title="bbox 644 5563 1832 5623; baseline -0.013 -4"><span class='ocrx_word' id='word_1_577' title='bbox 644 5563 712 5619; x_wconf 86' lang='grc'><strong>52</strong></span> <span class='ocrx_word' id='word_1_578' title='bbox 768 5563 972 5617; x_wconf 90' lang='lat' dir='ltr'><strong>Eadem</strong></span> <span class='ocrx_word' id='word_1_579' title='bbox 989 5563 1147 5613; x_wconf 89' lang='lat' dir='ltr'><strong>Rom.</strong></span> <span class='ocrx_word' id='word_1_580' title='bbox 1178 5563 1336 5621; x_wconf 84' lang='lat' dir='ltr'><strong>edit.,</strong></span> <span class='ocrx_word' id='word_1_581' title='bbox 1362 5563 1558 5623; x_wconf 73' lang='lat' dir='ltr'><strong>peccati</strong></span> <span class='ocrx_word' id='word_1_582' title='bbox 1580 5563 1832 5619; x_wconf 74' lang='lat' dir='ltr'><strong>potitum.</strong></span> 
     </span>
     <span class='ocr_line' id='line_1_77' title="bbox 643 5618 1949 5691; baseline -0.013 -3"><span class='ocrx_word' id='word_1_583' title='bbox 643 5632 712 5688; x_wconf 84' lang='lat'><strong>53</strong></span> <span class='ocrx_word' id='word_1_584' title='bbox 763 5629 966 5685; x_wconf 87' lang='lat' dir='ltr'><strong>Eadem</strong></span> <span class='ocrx_word' id='word_1_585' title='bbox 995 5628 1153 5683; x_wconf 90' lang='lat' dir='ltr'><strong>Rom.</strong></span> <span class='ocrx_word' id='word_1_586' title='bbox 1180 5622 1338 5691; x_wconf 89' lang='lat' dir='ltr'><strong>edit.,</strong></span> <span class='ocrx_word' id='word_1_587' title='bbox 1364 5622 1645 5676; x_wconf 80' lang='lat' dir='ltr'><strong>induamus</strong></span> <span class='ocrx_word' id='word_1_588' title='bbox 1673 5618 1949 5672; x_wconf 79' lang='lat' dir='ltr'><strong>hominem.</strong></span> 
     </span>
     <span class='ocr_line' id='line_1_78' title="bbox 615 5563 1949 5776; baseline -0.013 -16"><span class='ocrx_word' id='word_1_589' title='bbox 615 5563 737 5776; x_wconf 50' lang='grc' dir='ltr'><strong>ξω)</strong></span> <span class='ocrx_word' id='word_1_590' title='bbox 766 5698 972 5756; x_wconf 84' lang='lat' dir='ltr'><strong>Eadem</strong></span> <span class='ocrx_word' id='word_1_591' title='bbox 1000 5697 1158 5756; x_wconf 83' lang='lat' dir='ltr'><strong>Rom.</strong></span> <span class='ocrx_word' id='word_1_592' title='bbox 1183 5694 1343 5764; x_wconf 89' lang='lat' dir='ltr'><strong>edit.,</strong></span> <span class='ocrx_word' id='word_1_593' title='bbox 1368 5694 1477 5750; x_wconf 89' lang='lat' dir='ltr'><strong>Hoc</strong></span> <span class='ocrx_word' id='word_1_594' title='bbox 1504 5706 1691 5763; x_wconf 82' lang='lat' dir='ltr'><strong>ergo...</strong></span> <span class='ocrx_word' id='word_1_595' title='bbox 1721 5687 1949 5763; x_wconf 72' lang='lat' dir='ltr'><strong>opificiut</strong></span> 
     </span>
    </p>
   </div>
   <div class='ocr_carea' id='block_1_77' title="bbox 644 5687 2008 5764">
    <p class='ocr_par' dir='ltr' id='par_1_77' title="bbox 644 5687 2008 5764">
     <span class='ocr_line' id='line_1_79' title="bbox 644 5687 2008 5764; baseline -0.011 -5"><span class='ocrx_word' id='word_1_596' title='bbox 644 5687 737 5764; x_wconf 79' lang='grc'><strong>54)</strong></span> <span class='ocrx_word' id='word_1_597' title='bbox 766 5698 972 5756; x_wconf 84' lang='lat' dir='ltr'><strong>Eadem</strong></span> <span class='ocrx_word' id='word_1_598' title='bbox 1000 5697 1158 5756; x_wconf 83' lang='lat' dir='ltr'><strong>Rom.</strong></span> <span class='ocrx_word' id='word_1_599' title='bbox 1183 5687 1343 5764; x_wconf 77' lang='lat' dir='ltr'><strong>edit.,</strong></span> <span class='ocrx_word' id='word_1_600' title='bbox 1368 5694 1477 5750; x_wconf 89' lang='lat' dir='ltr'><strong>Hoc</strong></span> <span class='ocrx_word' id='word_1_601' title='bbox 1504 5706 1691 5763; x_wconf 82' lang='lat' dir='ltr'><strong>ergo...</strong></span> <span class='ocrx_word' id='word_1_602' title='bbox 1721 5687 2008 5763; x_wconf 75' lang='lat' dir='ltr'><strong>opificium.</strong></span> 
     </span>
    </p>
   </div>
   <div class='ocr_carea' id='block_1_78' title="bbox 2207 1931 3799 2008">
    <p class='ocr_par' dir='ltr' id='par_1_78' title="bbox 2207 1931 3799 2008">
     <span class='ocr_line' id='line_1_80' title="bbox 2207 1931 3799 2008; baseline -0.001 -18"><span class='ocrx_word' id='word_1_603' title='bbox 2207 1950 2310 2008; x_wconf 92' lang='lat' dir='ltr'><strong>que</strong></span> <span class='ocrx_word' id='word_1_604' title='bbox 2343 1935 2439 1990; x_wconf 92' lang='lat' dir='ltr'><strong>ille</strong></span> <span class='ocrx_word' id='word_1_605' title='bbox 2485 1935 2713 1992; x_wconf 87' lang='lat' dir='ltr'><strong>teneris’</strong></span> <span class='ocrx_word' id='word_1_606' title='bbox 2740 1932 3193 1989; x_wconf 89' lang='lat' dir='ltr'><strong>Hierichuntinus</strong></span> <span class='ocrx_word' id='word_1_607' title='bbox 3243 1939 3393 1988; x_wconf 90' lang='lat' dir='ltr'><strong>totus</strong></span> <span class='ocrx_word' id='word_1_608' title='bbox 3445 1931 3686 1988; x_wconf 88' lang='lat' dir='ltr'><strong>refertur</strong></span> <span class='ocrx_word' id='word_1_609' title='bbox 3726 1933 3799 1989; x_wconf 85' lang='lat' dir='ltr'><strong>ad</strong></span> 
     </span>
    </p>
   </div>
   <div class='ocr_carea' id='block_1_79' title="bbox 2209 2018 3799 2092">
    <p class='ocr_par' dir='ltr' id='par_1_79' title="bbox 2209 2018 3799 2092">
     <span class='ocr_line' id='line_1_81' title="bbox 2209 2018 3799 2092; baseline -0.004 -12"><span class='ocrx_word' id='word_1_610' title='bbox 2209 2023 2507 2091; x_wconf 86' lang='lat' dir='ltr'><strong>stabulum,</strong></span> <span class='ocrx_word' id='word_1_611' title='bbox 2540 2030 2595 2077; x_wconf 91' lang='lat' dir='ltr'><strong>et</strong></span> <span class='ocrx_word' id='word_1_612' title='bbox 2642 2021 2968 2077; x_wconf 88' lang='lat' dir='ltr'><strong>delictorum</strong></span> <span class='ocrx_word' id='word_1_613' title='bbox 2995 2020 3165 2092; x_wconf 64' lang='lat' dir='ltr'><strong>plagae</strong></span> <span class='ocrx_word' id='word_1_614' title='bbox 3199 2035 3297 2092; x_wconf 91' lang='lat' dir='ltr'><strong>per</strong></span> <span class='ocrx_word' id='word_1_615' title='bbox 3320 2018 3633 2075; x_wconf 75' lang='lat' dir='ltr'><strong>miserantis</strong></span> <span class='ocrx_word' id='word_1_616' title='bbox 3658 2036 3799 2091; x_wconf 87' lang='lat' dir='ltr'><strong>gra-</strong></span> 
     </span>
    </p>
   </div>
   <div class='ocr_carea' id='block_1_80' title="bbox 2210 2107 3795 2178">
    <p class='ocr_par' dir='ltr' id='par_1_80' title="bbox 2210 2107 3795 2178">
     <span class='ocr_line' id='line_1_82' title="bbox 2210 2107 3795 2178; baseline -0.003 -10"><span class='ocrx_word' id='word_1_617' title='bbox 2210 2112 2344 2168; x_wconf 88' lang='lat' dir='ltr'><strong>tiam</strong></span> <span class='ocrx_word' id='word_1_618' title='bbox 2428 2108 2838 2165; x_wconf 86' lang='lat' dir='ltr'><strong>immortalitate</strong></span> <span class='ocrx_word' id='word_1_619' title='bbox 2920 2114 3182 2163; x_wconf 89' lang='lat' dir='ltr'><strong>sanantur</strong></span> <span class='ocrx_word' id='word_1_620' title='bbox 3254 2107 3406 2178; x_wconf 83' lang='lat' dir='ltr'><strong>(Luc.</strong></span> <span class='ocrx_word' id='word_1_621' title='bbox 3463 2124 3522 2176; x_wconf 81' lang='lat' dir='ltr'><strong>x,</strong></span> <span class='ocrx_word' id='word_1_622' title='bbox 3578 2107 3795 2177; x_wconf 81' lang='lat'><strong>30-35).</strong></span> 
     </span>
    </p>
   </div>
   <div class='ocr_carea' id='block_1_81' title="bbox 2210 2196 3800 2272">
    <p class='ocr_par' dir='ltr' id='par_1_81' title="bbox 2210 2196 3800 2272">
     <span class='ocr_line' id='line_1_83' title="bbox 2210 2196 3800 2272; baseline -0.003 -16"><span class='ocrx_word' id='word_1_623' title='bbox 2210 2198 2502 2272; x_wconf 89' lang='lat' dir='ltr'><strong>Prophetia</strong></span> <span class='ocrx_word' id='word_1_624' title='bbox 2528 2214 2678 2272; x_wconf 90' lang='lat' dir='ltr'><strong>ergo,</strong></span> <span class='ocrx_word' id='word_1_625' title='bbox 2709 2214 2830 2271; x_wconf 81' lang='lat' dir='ltr'><strong>quae</strong></span> <span class='ocrx_word' id='word_1_626' title='bbox 2869 2196 3141 2268; x_wconf 90' lang='lat' dir='ltr'><strong>pendebat</strong></span> <span class='ocrx_word' id='word_1_627' title='bbox 3175 2196 3292 2267; x_wconf 88' lang='lat'><strong>(58)</strong></span> <span class='ocrx_word' id='word_1_628' title='bbox 3324 2212 3450 2252; x_wconf 90' lang='lat' dir='ltr'><strong>vere</strong></span> <span class='ocrx_word' id='word_1_629' title='bbox 3479 2196 3535 2251; x_wconf 89' lang='lat' dir='ltr'><strong>in</strong></span> <span class='ocrx_word' id='word_1_630' title='bbox 3565 2196 3800 2252; x_wconf 91' lang='lat' dir='ltr'><strong>Domini</strong></span> 
     </span>
    </p>
   </div>
   <div class='ocr_carea' id='block_1_82' title="bbox 2213 2288 3801 2362">
    <p class='ocr_par' dir='ltr' id='par_1_82' title="bbox 2213 2288 3801 2362">
     <span class='ocr_line' id='line_1_84' title="bbox 2213 2288 3801 2362; baseline -0.005 -11"><span class='ocrx_word' id='word_1_631' title='bbox 2213 2291 2418 2351; x_wconf 90' lang='lat' dir='ltr'><strong>Christi</strong></span> <span class='ocrx_word' id='word_1_632' title='bbox 2447 2306 2608 2348; x_wconf 89' lang='lat' dir='ltr'><strong>carne</strong></span> <span class='ocrx_word' id='word_1_633' title='bbox 2633 2290 2903 2362; x_wconf 89' lang='lat' dir='ltr'><strong>completa</strong></span> <span class='ocrx_word' id='word_1_634' title='bbox 2949 2296 3053 2355; x_wconf 89' lang='lat' dir='ltr'><strong>est,</strong></span> <span class='ocrx_word' id='word_1_635' title='bbox 3089 2304 3253 2362; x_wconf 91' lang='lat' dir='ltr'><strong>quam</strong></span> <span class='ocrx_word' id='word_1_636' title='bbox 3289 2288 3525 2361; x_wconf 87' lang='lat' dir='ltr'><strong>Spiritus</strong></span> <span class='ocrx_word' id='word_1_637' title='bbox 3570 2294 3801 2344; x_wconf 89' lang='lat' dir='ltr'><strong>sanctus</strong></span> 
     </span>
    </p>
   </div>
   <div class='ocr_carea' id='block_1_83' title="bbox 2211 2376 3803 2453">
    <p class='ocr_par' dir='ltr' id='par_1_83' title="bbox 2211 2376 3803 2453">
     <span class='ocr_line' id='line_1_85' title="bbox 2211 2376 3803 2453; baseline -0.005 -16"><span class='ocrx_word' id='word_1_638' title='bbox 2211 2396 2312 2437; x_wconf 90' lang='lat' dir='ltr'><strong>nos</strong></span> <span class='ocrx_word' id='word_1_639' title='bbox 2358 2380 2584 2453; x_wconf 91' lang='lat' dir='ltr'><strong>cupiens</strong></span> <span class='ocrx_word' id='word_1_640' title='bbox 2636 2380 2862 2437; x_wconf 88' lang='lat' dir='ltr'><strong>edocere</strong></span> <span class='ocrx_word' id='word_1_641' title='bbox 2890 2379 3106 2435; x_wconf 89' lang='lat' dir='ltr'><strong>locutus</strong></span> <span class='ocrx_word' id='word_1_642' title='bbox 3133 2385 3247 2444; x_wconf 89' lang='lat' dir='ltr'><strong>est;</strong></span> <span class='ocrx_word' id='word_1_643' title='bbox 3278 2377 3356 2433; x_wconf 90' lang='lat' dir='ltr'><strong>ait</strong></span> <span class='ocrx_word' id='word_1_644' title='bbox 3382 2377 3528 2433; x_wconf 89' lang='lat' dir='ltr'><strong>enim</strong></span> <span class='ocrx_word' id='word_1_645' title='bbox 3559 2393 3571 2432; x_wconf 95' lang='lat'><strong>:</strong></span> <span class='ocrx_word' id='word_1_646' title='bbox 3610 2399 3629 2422; x_wconf 78' lang='grc' dir='ltr'>ι</span> <span class='ocrx_word' id='word_1_647' title='bbox 3658 2376 3803 2443; x_wconf 63' lang='lat' dir='ltr'><strong>Quae</strong></span> 
     </span>
    </p>
   </div>
   <div class='ocr_carea' id='block_1_84' title="bbox 2212 2463 3803 2540">
    <p class='ocr_par' dir='ltr' id='par_1_84' title="bbox 2212 2463 3803 2540">
     <span class='ocr_line' id='line_1_86' title="bbox 2212 2463 3803 2540; baseline -0.005 -15"><span class='ocrx_word' id='word_1_648' title='bbox 2212 2475 2293 2525; x_wconf 93' lang='lat' dir='ltr'><strong>est</strong></span> <span class='ocrx_word' id='word_1_649' title='bbox 2322 2468 2426 2524; x_wconf 89' lang='lat' dir='ltr'><strong>ista</strong></span> <span class='ocrx_word' id='word_1_650' title='bbox 2453 2484 2573 2540; x_wconf 63' lang='lat' dir='ltr'><strong>quas</strong></span> <span class='ocrx_word' id='word_1_651' title='bbox 2618 2466 2865 2524; x_wconf 87' lang='lat' dir='ltr'><strong>ascendit</strong></span> <span class='ocrx_word' id='word_1_652' title='bbox 2896 2466 3166 2533; x_wconf 89' lang='lat' dir='ltr'><strong>dealbata,</strong></span> <span class='ocrx_word' id='word_1_653' title='bbox 3214 2464 3456 2521; x_wconf 90' lang='lat' dir='ltr'><strong>innitens</strong></span> <span class='ocrx_word' id='word_1_654' title='bbox 3491 2478 3651 2535; x_wconf 89' lang='lat' dir='ltr'><strong>supra</strong></span> <span class='ocrx_word' id='word_1_655' title='bbox 3681 2463 3803 2518; x_wconf 84' lang='lat' dir='ltr'><strong>fra-</strong></span> 
     </span>
    </p>
   </div>
   <div class='ocr_carea' id='block_1_85' title="bbox 2214 2552 3789 2627">
    <p class='ocr_par' dir='ltr' id='par_1_85' title="bbox 2214 2552 3789 2627">
     <span class='ocr_line' id='line_1_87' title="bbox 2214 2552 3789 2627; baseline -0.004 -13"><span class='ocrx_word' id='word_1_656' title='bbox 2214 2559 2447 2615; x_wconf 91' lang='lat' dir='ltr'><strong>truelem</strong></span> <span class='ocrx_word' id='word_1_657' title='bbox 2480 2574 2661 2625; x_wconf 91' lang='lat' dir='ltr'><strong>suum,</strong></span> <span class='ocrx_word' id='word_1_658' title='bbox 2693 2565 2747 2613; x_wconf 91' lang='lat' dir='ltr'><strong>et</strong></span> <span class='ocrx_word' id='word_1_659' title='bbox 2769 2557 2984 2613; x_wconf 89' lang='lat' dir='ltr'><strong>deliciis</strong></span> <span class='ocrx_word' id='word_1_660' title='bbox 3013 2556 3242 2611; x_wconf 82' lang='lat' dir='ltr'><strong>aﬂluens</strong></span> <span class='ocrx_word' id='word_1_661' title='bbox 3270 2556 3457 2627; x_wconf 82' lang='lat' dir='ltr'><strong>(Cant.</strong></span> <span class='ocrx_word' id='word_1_662' title='bbox 3485 2570 3605 2622; x_wconf 79' lang='lat' dir='ltr'><strong>vni,</strong></span> <span class='ocrx_word' id='word_1_663' title='bbox 3632 2553 3692 2622; x_wconf 87' lang='lat'><strong>5)</strong></span> <span class='ocrx_word' id='word_1_664' title='bbox 3710 2552 3745 2608; x_wconf 76' lang='lat' dir='ltr'><strong>‘l</strong></span> <span class='ocrx_word' id='word_1_665' title='bbox 3766 2576 3789 2600; x_wconf 76' lang='grc' dir='ltr'><strong><em>ι</em></strong></span> 
     </span>
    </p>
   </div>
   <div class='ocr_carea' id='block_1_86' title="bbox 2212 2640 3809 2703">
    <p class='ocr_par' dir='ltr' id='par_1_86' title="bbox 2212 2640 3809 2703">
     <span class='ocr_line' id='line_1_88' title="bbox 2212 2640 3809 2703; baseline -0.005 0"><span class='ocrx_word' id='word_1_666' title='bbox 2212 2648 2284 2703; x_wconf 90' lang='lat' dir='ltr'><strong>Et</strong></span> <span class='ocrx_word' id='word_1_667' title='bbox 2313 2647 2510 2703; x_wconf 90' lang='lat' dir='ltr'><strong>iterum</strong></span> <span class='ocrx_word' id='word_1_668' title='bbox 2538 2665 2549 2703; x_wconf 94' lang='lat'>:</span> <span class='ocrx_word' id='word_1_669' title='bbox 2597 2670 2614 2693; x_wconf 80' lang='grc' dir='ltr'>ι</span> <span class='ocrx_word' id='word_1_670' title='bbox 2642 2645 2941 2702; x_wconf 88' lang='lat' dir='ltr'><strong>Fratruelis</strong></span> <span class='ocrx_word' id='word_1_671' title='bbox 2988 2661 3140 2700; x_wconf 91' lang='lat' dir='ltr'><strong>meus</strong></span> <span class='ocrx_word' id='word_1_672' title='bbox 3170 2643 3434 2701; x_wconf 88' lang='lat' dir='ltr'><strong>candidus</strong></span> <span class='ocrx_word' id='word_1_673' title='bbox 3457 2650 3510 2698; x_wconf 92' lang='lat' dir='ltr'><strong>et</strong></span> <span class='ocrx_word' id='word_1_674' title='bbox 3537 2640 3809 2697; x_wconf 84' lang='lat' dir='ltr'><strong>rubicun-</strong></span> 
     </span>
    </p>
   </div>
   <div class='ocr_carea' id='block_1_87' title="bbox 2214 2733 3810 2809">
    <p class='ocr_par' dir='ltr' id='par_1_87' title="bbox 2214 2733 3810 2809">
     <span class='ocr_line' id='line_1_89' title="bbox 2214 2733 3810 2809; baseline -0.005 -16"><span class='ocrx_word' id='word_1_675' title='bbox 2214 2737 2317 2793; x_wconf 89' lang='lat' dir='ltr'><strong>dus</strong></span> <span class='ocrx_word' id='word_1_676' title='bbox 2348 2738 2529 2809; x_wconf 83' lang='lat' dir='ltr'><strong>(Cant.</strong></span> <span class='ocrx_word' id='word_1_677' title='bbox 2562 2754 2618 2803; x_wconf 90' lang='lat' dir='ltr'><strong>v,</strong></span> <span class='ocrx_word' id='word_1_678' title='bbox 2645 2736 2756 2807; x_wconf 91' lang='lat' dir='ltr'><strong>I0).</strong></span> <span class='ocrx_word' id='word_1_679' title='bbox 2788 2761 2807 2785; x_wconf 81' lang='grc'>›</span> <span class='ocrx_word' id='word_1_680' title='bbox 2850 2734 3209 2793; x_wconf 88' lang='lat' dir='ltr'><strong>Rubicundus</strong></span> <span class='ocrx_word' id='word_1_681' title='bbox 3238 2735 3407 2806; x_wconf 89' lang='lat' dir='ltr'><strong>igitur</strong></span> <span class='ocrx_word' id='word_1_682' title='bbox 3435 2751 3505 2790; x_wconf 78' lang='lat' dir='ltr'><strong>ex</strong></span> <span class='ocrx_word' id='word_1_683' title='bbox 3533 2733 3810 2789; x_wconf 87' lang='lat' dir='ltr'><strong>incama-</strong></span> 
     </span>
    </p>
   </div>
   <div class='ocr_carea' id='block_1_88' title="bbox 2214 2820 3807 2893">
    <p class='ocr_par' dir='ltr' id='par_1_88' title="bbox 2214 2820 3807 2893">
     <span class='ocr_line' id='line_1_90' title="bbox 2214 2820 3807 2893; baseline -0.003 -13"><span class='ocrx_word' id='word_1_684' title='bbox 2214 2826 2387 2893; x_wconf 87' lang='lat' dir='ltr'><strong>tione,</strong></span> <span class='ocrx_word' id='word_1_685' title='bbox 2431 2824 2698 2882; x_wconf 89' lang='lat' dir='ltr'><strong>candidus</strong></span> <span class='ocrx_word' id='word_1_686' title='bbox 2746 2834 2927 2881; x_wconf 90' lang='lat' dir='ltr'><strong>autem</strong></span> <span class='ocrx_word' id='word_1_687' title='bbox 2956 2840 3025 2880; x_wconf 79' lang='lat' dir='ltr'><strong>ex</strong></span> <span class='ocrx_word' id='word_1_688' title='bbox 3053 2824 3364 2880; x_wconf 88' lang='lat' dir='ltr'><strong>divinitate.</strong></span> <span class='ocrx_word' id='word_1_689' title='bbox 3392 2820 3548 2889; x_wconf 90' lang='lat' dir='ltr'><strong>Quod</strong></span> <span class='ocrx_word' id='word_1_690' title='bbox 3576 2820 3654 2876; x_wconf 92' lang='lat' dir='ltr'><strong>ita</strong></span> <span class='ocrx_word' id='word_1_691' title='bbox 3680 2837 3807 2876; x_wconf 81' lang='lat' dir='ltr'><strong>esse</strong></span> 
     </span>
    </p>
   </div>
   <div class='ocr_carea' id='block_1_89' title="bbox 2215 2909 3810 2987">
    <p class='ocr_par' dir='ltr' id='par_1_89' title="bbox 2215 2909 3810 2987">
     <span class='ocr_line' id='line_1_91' title="bbox 2215 2909 3810 2987; baseline -0.005 -14"><span class='ocrx_word' id='word_1_692' title='bbox 2215 2916 2532 2987; x_wconf 89' lang='lat' dir='ltr'><strong>comprobat</strong></span> <span class='ocrx_word' id='word_1_693' title='bbox 2584 2915 2774 2973; x_wconf 90' lang='lat' dir='ltr'><strong>beatus</strong></span> <span class='ocrx_word' id='word_1_694' title='bbox 2821 2916 3053 2971; x_wconf 86' lang='lat' dir='ltr'><strong>Joannes</strong></span> <span class='ocrx_word' id='word_1_695' title='bbox 3091 2913 3460 2985; x_wconf 86' lang='lat' dir='ltr'><strong>Evangelista,</strong></span> <span class='ocrx_word' id='word_1_696' title='bbox 3488 2927 3614 2966; x_wconf 93' lang='lat' dir='ltr'><strong>cum</strong></span> <span class='ocrx_word' id='word_1_697' title='bbox 3658 2909 3810 2965; x_wconf 87' lang='lat' dir='ltr'><strong>dicit</strong></span> 
     </span>
    </p>
   </div>
   <div class='ocr_carea' id='block_1_90' title="bbox 2217 2998 3809 3076">
    <p class='ocr_par' dir='ltr' id='par_1_90' title="bbox 2217 2998 3809 3076">
     <span class='ocr_line' id='line_1_92' title="bbox 2217 2998 3809 3076; baseline -0.004 -18"><span class='ocrx_word' id='word_1_698' title='bbox 2217 3004 2346 3076; x_wconf 90' lang='lat' dir='ltr'><strong>quia</strong></span> <span class='ocrx_word' id='word_1_699' title='bbox 2373 3019 2544 3076; x_wconf 90' lang='lat' dir='ltr'><strong>equus</strong></span> <span class='ocrx_word' id='word_1_700' title='bbox 2601 3019 2763 3074; x_wconf 88' lang='lat' dir='ltr'><strong>super</strong></span> <span class='ocrx_word' id='word_1_701' title='bbox 2802 3019 2963 3075; x_wconf 91' lang='lat' dir='ltr'><strong>quem</strong></span> <span class='ocrx_word' id='word_1_702' title='bbox 3021 3001 3242 3057; x_wconf 87' lang='lat' dir='ltr'><strong>sedebat</strong></span> <span class='ocrx_word' id='word_1_703' title='bbox 3269 2998 3556 3065; x_wconf 88' lang='lat' dir='ltr'><strong>Dominus,</strong></span> <span class='ocrx_word' id='word_1_704' title='bbox 3593 2998 3809 3052; x_wconf 86' lang='lat' dir='ltr'><strong>rubens</strong></span> 
     </span>
    </p>
   </div>
   <div class='ocr_carea' id='block_1_91' title="bbox 2217 3084 3808 3162">
    <p class='ocr_par' dir='ltr' id='par_1_91' title="bbox 2217 3084 3808 3162">
     <span class='ocr_line' id='line_1_93' title="bbox 2217 3084 3808 3162; baseline -0.006 -15"><span class='ocrx_word' id='word_1_705' title='bbox 2217 3100 2331 3147; x_wconf 89' lang='lat' dir='ltr'><strong>erat</strong></span> <span class='ocrx_word' id='word_1_706' title='bbox 2363 3092 2549 3162; x_wconf 77' lang='lat' dir='ltr'><strong>(Apoc.</strong></span> <span class='ocrx_word' id='word_1_707' title='bbox 2583 3108 2659 3157; x_wconf 80' lang='lat' dir='ltr'><strong>vr,</strong></span> <span class='ocrx_word' id='word_1_708' title='bbox 2684 3090 2765 3160; x_wconf 88' lang='lat'><strong>4),</strong></span> <span class='ocrx_word' id='word_1_709' title='bbox 2792 3106 2987 3159; x_wconf 91' lang='lat' dir='ltr'><strong>corpus</strong></span> <span class='ocrx_word' id='word_1_710' title='bbox 3006 3088 3214 3144; x_wconf 90' lang='lat' dir='ltr'><strong>scilicet</strong></span> <span class='ocrx_word' id='word_1_711' title='bbox 3244 3093 3511 3147; x_wconf 84' lang='lat' dir='ltr'><strong>sanctum,</strong></span> <span class='ocrx_word' id='word_1_712' title='bbox 3546 3084 3698 3157; x_wconf 91' lang='lat' dir='ltr'><strong>quod</strong></span> <span class='ocrx_word' id='word_1_713' title='bbox 3731 3099 3808 3139; x_wconf 84' lang='lat' dir='ltr'><strong>ex</strong></span> 
     </span>
    </p>
   </div>
   <div class='ocr_carea' id='block_1_92' title="bbox 2218 3172 3812 3248">
    <p class='ocr_par' dir='ltr' id='par_1_92' title="bbox 2218 3172 3812 3248">
     <span class='ocr_line' id='line_1_94' title="bbox 2218 3172 3812 3248; baseline -0.008 -13"><span class='ocrx_word' id='word_1_714' title='bbox 2218 3187 2403 3235; x_wconf 90' lang='lat' dir='ltr'><strong>sancta</strong></span> <span class='ocrx_word' id='word_1_715' title='bbox 2433 3177 2659 3248; x_wconf 84' lang='lat' dir='ltr'><strong>Virgine</strong></span> <span class='ocrx_word' id='word_1_716' title='bbox 2683 3177 2995 3246; x_wconf 88' lang='lat' dir='ltr'><strong>assumpsit.</strong></span> <span class='ocrx_word' id='word_1_717' title='bbox 3019 3174 3120 3231; x_wconf 92' lang='lat' dir='ltr'><strong>Cui</strong></span> <span class='ocrx_word' id='word_1_718' title='bbox 3150 3174 3207 3229; x_wconf 93' lang='lat' dir='ltr'><strong>in</strong></span> <span class='ocrx_word' id='word_1_719' title='bbox 3236 3177 3380 3234; x_wconf 85' lang='lat'><strong>339</strong></span> <span class='ocrx_word' id='word_1_720' title='bbox 3399 3172 3551 3226; x_wconf 74' lang='lat' dir='ltr'><strong>cmlis</strong></span> <span class='ocrx_word' id='word_1_721' title='bbox 3598 3187 3812 3227; x_wconf 84' lang='lat' dir='ltr'><strong>ascen-</strong></span> 
     </span>
    </p>
   </div>
   <div class='ocr_carea' id='block_1_93' title="bbox 2219 3266 3808 3342">
    <p class='ocr_par' dir='ltr' id='par_1_93' title="bbox 2219 3266 3808 3342">
     <span class='ocr_line' id='line_1_95' title="bbox 2219 3266 3808 3342; baseline -0.006 -11"><span class='ocrx_word' id='word_1_722' title='bbox 2219 3274 2370 3331; x_wconf 92' lang='lat' dir='ltr'><strong>denti</strong></span> <span class='ocrx_word' id='word_1_723' title='bbox 2421 3272 2659 3328; x_wconf 87' lang='lat' dir='ltr'><strong>dicitur:</strong></span> <span class='ocrx_word' id='word_1_724' title='bbox 2726 3270 2900 3338; x_wconf 69' lang='lat' dir='ltr'><strong>«Quis</strong></span> <span class='ocrx_word' id='word_1_725' title='bbox 2949 3278 3033 3326; x_wconf 88' lang='lat' dir='ltr'><strong>est</strong></span> <span class='ocrx_word' id='word_1_726' title='bbox 3061 3270 3164 3325; x_wconf 89' lang='lat' dir='ltr'><strong>iste</strong></span> <span class='ocrx_word' id='word_1_727' title='bbox 3184 3269 3279 3342; x_wconf 90' lang='lat' dir='ltr'><strong>qui</strong></span> <span class='ocrx_word' id='word_1_728' title='bbox 3334 3268 3486 3323; x_wconf 89' lang='lat' dir='ltr'><strong>venit</strong></span> <span class='ocrx_word' id='word_1_729' title='bbox 3519 3266 3588 3322; x_wconf 89' lang='lat' dir='ltr'><strong>de</strong></span> <span class='ocrx_word' id='word_1_730' title='bbox 3618 3267 3808 3323; x_wconf 89' lang='lat' dir='ltr'><strong>Edom</strong></span> 
     </span>
    </p>
   </div>
   <div class='ocr_carea' id='block_1_94' title="bbox 2218 3356 3810 3427">
    <p class='ocr_par' dir='ltr' id='par_1_94' title="bbox 2218 3356 3810 3427">
     <span class='ocr_line' id='line_1_96' title="bbox 2218 3356 3810 3427; baseline -0.003 -9"><span class='ocrx_word' id='word_1_731' title='bbox 2218 3362 2407 3420; x_wconf 88' lang='lat' dir='ltr'><strong>tinctis</strong></span> <span class='ocrx_word' id='word_1_732' title='bbox 2448 3361 2692 3417; x_wconf 88' lang='lat' dir='ltr'><strong>vestibus</strong></span> <span class='ocrx_word' id='word_1_733' title='bbox 2738 3359 2804 3417; x_wconf 92' lang='lat' dir='ltr'><strong>de</strong></span> <span class='ocrx_word' id='word_1_734' title='bbox 2834 3360 3043 3427; x_wconf 88' lang='lat' dir='ltr'><strong>Cosra;</strong></span> <span class='ocrx_word' id='word_1_735' title='bbox 3092 3366 3188 3415; x_wconf 88' lang='lat' dir='ltr'><strong>et:</strong></span> <span class='ocrx_word' id='word_1_736' title='bbox 3221 3359 3397 3426; x_wconf 91' lang='lat' dir='ltr'><strong>Quare</strong></span> <span class='ocrx_word' id='word_1_737' title='bbox 3445 3356 3677 3414; x_wconf 86' lang='lat' dir='ltr'><strong>rubrum</strong></span> <span class='ocrx_word' id='word_1_738' title='bbox 3721 3366 3810 3414; x_wconf 89' lang='lat' dir='ltr'><strong>est</strong></span> 
     </span>
    </p>
   </div>
   <div class='ocr_carea' id='block_1_95' title="bbox 2220 3445 3807 3519">
    <p class='ocr_par' dir='ltr' id='par_1_95' title="bbox 2220 3445 3807 3519">
     <span class='ocr_line' id='line_1_97' title="bbox 2220 3445 3807 3519; baseline -0.003 -12"><span class='ocrx_word' id='word_1_739' title='bbox 2220 3452 2608 3507; x_wconf 88' lang='lat' dir='ltr'><strong>vestimentum</strong></span> <span class='ocrx_word' id='word_1_740' title='bbox 2644 3458 2798 3504; x_wconf 91' lang='lat' dir='ltr'><strong>tuum</strong></span> <span class='ocrx_word' id='word_1_741' title='bbox 2829 3458 2884 3505; x_wconf 90' lang='lat' dir='ltr'><strong>et</strong></span> <span class='ocrx_word' id='word_1_742' title='bbox 2938 3448 3259 3503; x_wconf 91' lang='lat' dir='ltr'><strong>indumenta</strong></span> <span class='ocrx_word' id='word_1_743' title='bbox 3283 3453 3379 3502; x_wconf 92' lang='lat' dir='ltr'><strong>tua</strong></span> <span class='ocrx_word' id='word_1_744' title='bbox 3406 3445 3560 3519; x_wconf 92' lang='lat' dir='ltr'><strong>quasi</strong></span> <span class='ocrx_word' id='word_1_745' title='bbox 3587 3447 3807 3502; x_wconf 86' lang='lat' dir='ltr'><strong>calcan-</strong></span> 
     </span>
    </p>
   </div>
   <div class='ocr_carea' id='block_1_96' title="bbox 2219 3534 3811 3607">
    <p class='ocr_par' dir='ltr' id='par_1_96' title="bbox 2219 3534 3811 3607">
     <span class='ocr_line' id='line_1_98' title="bbox 2219 3534 3811 3607; baseline -0.003 -11"><span class='ocrx_word' id='word_1_746' title='bbox 2219 3539 2361 3596; x_wconf 89' lang='lat' dir='ltr'><strong>tium</strong></span> <span class='ocrx_word' id='word_1_747' title='bbox 2408 3537 2467 3593; x_wconf 91' lang='lat' dir='ltr'><strong>in</strong></span> <span class='ocrx_word' id='word_1_748' title='bbox 2516 3535 2776 3593; x_wconf 89' lang='lat' dir='ltr'><strong>torculari</strong></span> <span class='ocrx_word' id='word_1_749' title='bbox 2832 3536 2948 3607; x_wconf 81' lang='lat'><strong>(59)</strong></span> <span class='ocrx_word' id='word_1_750' title='bbox 2984 3537 3119 3607; x_wconf 86' lang='lat' dir='ltr'><strong>(Isa.</strong></span> <span class='ocrx_word' id='word_1_751' title='bbox 3172 3550 3328 3602; x_wconf 80' lang='lat' dir='ltr'><strong>LXIII,</strong></span> <span class='ocrx_word' id='word_1_752' title='bbox 3366 3535 3415 3602; x_wconf 93' lang='grc'><strong>1,</strong></span> <span class='ocrx_word' id='word_1_753' title='bbox 3446 3534 3555 3606; x_wconf 76' lang='lat'><strong>2)?</strong></span> <span class='ocrx_word' id='word_1_754' title='bbox 3627 3544 3684 3589; x_wconf 89' lang='lat' dir='ltr'><strong>et</strong></span> <span class='ocrx_word' id='word_1_755' title='bbox 3720 3543 3811 3591; x_wconf 81' lang='lat' dir='ltr'><strong>est</strong></span> 
     </span>
    </p>
   </div>
   <div class='ocr_carea' id='block_1_97' title="bbox 2220 3622 3812 3695">
    <p class='ocr_par' dir='ltr' id='par_1_97' title="bbox 2220 3622 3812 3695">
     <span class='ocr_line' id='line_1_99' title="bbox 2220 3622 3812 3695; baseline -0.003 -11"><span class='ocrx_word' id='word_1_756' title='bbox 2220 3643 2446 3684; x_wconf 86' lang='lat' dir='ltr'><strong>sensus:</strong></span> <span class='ocrx_word' id='word_1_757' title='bbox 2480 3625 2614 3694; x_wconf 89' lang='lat' dir='ltr'><strong>Quis</strong></span> <span class='ocrx_word' id='word_1_758' title='bbox 2658 3632 2737 3680; x_wconf 91' lang='lat' dir='ltr'><strong>est</strong></span> <span class='ocrx_word' id='word_1_759' title='bbox 2768 3624 2869 3679; x_wconf 90' lang='lat' dir='ltr'><strong>iste</strong></span> <span class='ocrx_word' id='word_1_760' title='bbox 2925 3623 3020 3695; x_wconf 91' lang='lat' dir='ltr'><strong>qui</strong></span> <span class='ocrx_word' id='word_1_761' title='bbox 3073 3622 3315 3679; x_wconf 84' lang='lat' dir='ltr'><strong>ascendit</strong></span> <span class='ocrx_word' id='word_1_762' title='bbox 3363 3639 3393 3677; x_wconf 95' lang='lat' dir='ltr'><strong>e</strong></span> <span class='ocrx_word' id='word_1_763' title='bbox 3446 3630 3608 3690; x_wconf 90' lang='lat' dir='ltr'><strong>terra,</strong></span> <span class='ocrx_word' id='word_1_764' title='bbox 3638 3623 3812 3694; x_wconf 86' lang='lat' dir='ltr'><strong>cujus</strong></span> 
     </span>
    </p>
   </div>
   <div class='ocr_carea' id='block_1_98' title="bbox 2221 3711 3810 3786">
    <p class='ocr_par' dir='ltr' id='par_1_98' title="bbox 2221 3711 3810 3786">
     <span class='ocr_line' id='line_1_100' title="bbox 2221 3711 3810 3786; baseline -0.003 -14"><span class='ocrx_word' id='word_1_765' title='bbox 2221 3717 2547 3772; x_wconf 86' lang='lat' dir='ltr'><strong>vestimenta</strong></span> <span class='ocrx_word' id='word_1_766' title='bbox 2564 3715 2827 3786; x_wconf 87' lang='lat' dir='ltr'><strong>sanguine</strong></span> <span class='ocrx_word' id='word_1_767' title='bbox 2849 3722 3202 3785; x_wconf 90' lang='lat' dir='ltr'><strong>suntaspersa</strong></span> <span class='ocrx_word' id='word_1_768' title='bbox 3220 3713 3249 3768; x_wconf 79' lang='lat' dir='ltr'><strong>‘l</strong></span> <span class='ocrx_word' id='word_1_769' title='bbox 3278 3711 3423 3767; x_wconf 88' lang='lat' dir='ltr'><strong>Illud</strong></span> <span class='ocrx_word' id='word_1_770' title='bbox 3449 3720 3629 3768; x_wconf 91' lang='lat' dir='ltr'><strong>autem</strong></span> <span class='ocrx_word' id='word_1_771' title='bbox 3650 3712 3810 3785; x_wconf 88' lang='lat' dir='ltr'><strong>quod</strong></span> 
     </span>
    </p>
   </div>
   <div class='ocr_carea' id='block_1_99' title="bbox 2223 3800 3811 3874">
    <p class='ocr_par' dir='ltr' id='par_1_99' title="bbox 2223 3800 3811 3874">
     <span class='ocr_line' id='line_1_101' title="bbox 2223 3800 3811 3874; baseline -0.003 -14"><span class='ocrx_word' id='word_1_772' title='bbox 2223 3805 2281 3861; x_wconf 92' lang='lat' dir='ltr'><strong>in</strong></span> <span class='ocrx_word' id='word_1_773' title='bbox 2335 3805 2594 3860; x_wconf 85' lang='lat' dir='ltr'><strong>Zacharia</strong></span> <span class='ocrx_word' id='word_1_774' title='bbox 2644 3803 2908 3874; x_wconf 89' lang='lat' dir='ltr'><strong>propheta</strong></span> <span class='ocrx_word' id='word_1_775' title='bbox 2965 3800 3187 3867; x_wconf 86' lang='lat' dir='ltr'><strong>dicitur,</strong></span> <span class='ocrx_word' id='word_1_776' title='bbox 3246 3800 3376 3872; x_wconf 92' lang='lat' dir='ltr'><strong>quia</strong></span> <span class='ocrx_word' id='word_1_777' title='bbox 3429 3801 3811 3873; x_wconf 88' lang='lat' dir='ltr'><strong>sequebantur</strong></span> 
     </span>
    </p>
   </div>
   <div class='ocr_carea' id='block_1_100' title="bbox 2222 3887 3805 3964">
    <p class='ocr_par' dir='ltr' id='par_1_100' title="bbox 2222 3887 3805 3964">
     <span class='ocr_line' id='line_1_102' title="bbox 2222 3887 3805 3964; baseline -0.003 -17"><span class='ocrx_word' id='word_1_778' title='bbox 2222 3908 2345 3948; x_wconf 90' lang='lat' dir='ltr'><strong>eum</strong></span> <span class='ocrx_word' id='word_1_779' title='bbox 2390 3892 2516 3964; x_wconf 88' lang='lat' dir='ltr'><strong>equi</strong></span> <span class='ocrx_word' id='word_1_780' title='bbox 2566 3890 2843 3945; x_wconf 88' lang='lat' dir='ltr'><strong>variorum</strong></span> <span class='ocrx_word' id='word_1_781' title='bbox 2889 3889 3135 3944; x_wconf 87' lang='lat' dir='ltr'><strong>colorum</strong></span> <span class='ocrx_word' id='word_1_782' title='bbox 3168 3888 3360 3960; x_wconf 87' lang='lat' dir='ltr'><strong>(Zach.</strong></span> <span class='ocrx_word' id='word_1_783' title='bbox 3393 3904 3434 3955; x_wconf 81' lang='grc' dir='ltr'><strong>ι,</strong></span> <span class='ocrx_word' id='word_1_784' title='bbox 3465 3888 3547 3957; x_wconf 92' lang='grc'><strong>8),</strong></span> <span class='ocrx_word' id='word_1_785' title='bbox 3580 3887 3637 3942; x_wconf 84' lang='lat' dir='ltr'><strong>id</strong></span> <span class='ocrx_word' id='word_1_786' title='bbox 3694 3896 3805 3955; x_wconf 82' lang='lat' dir='ltr'><strong>est,</strong></span> 
     </span>
    </p>
   </div>
   <div class='ocr_carea' id='block_1_101' title="bbox 2224 3975 3809 4053">
    <p class='ocr_par' dir='ltr' id='par_1_101' title="bbox 2224 3975 3809 4053">
     <span class='ocr_line' id='line_1_103' title="bbox 2224 3975 3809 4053; baseline -0.004 -17"><span class='ocrx_word' id='word_1_787' title='bbox 2224 3982 2320 4053; x_wconf 90' lang='lat' dir='ltr'><strong>qui</strong></span> <span class='ocrx_word' id='word_1_788' title='bbox 2348 3982 2437 4035; x_wconf 90' lang='lat' dir='ltr'><strong>vel</strong></span> <span class='ocrx_word' id='word_1_789' title='bbox 2467 3980 2527 4035; x_wconf 91' lang='lat' dir='ltr'><strong>in</strong></span> <span class='ocrx_word' id='word_1_790' title='bbox 2546 3978 2809 4050; x_wconf 88' lang='lat' dir='ltr'><strong>martyrio</strong></span> <span class='ocrx_word' id='word_1_791' title='bbox 2831 3976 3005 4044; x_wconf 89' lang='lat' dir='ltr'><strong>rubri,</strong></span> <span class='ocrx_word' id='word_1_792' title='bbox 3036 3977 3123 4032; x_wconf 91' lang='lat' dir='ltr'><strong>vel</strong></span> <span class='ocrx_word' id='word_1_793' title='bbox 3154 3975 3392 4032; x_wconf 89' lang='lat' dir='ltr'><strong>sturnini</strong></span> <span class='ocrx_word' id='word_1_794' title='bbox 3422 3975 3481 4030; x_wconf 90' lang='lat' dir='ltr'><strong>in</strong></span> <span class='ocrx_word' id='word_1_795' title='bbox 3509 3975 3722 4043; x_wconf 87' lang='lat' dir='ltr'><strong>volatu,</strong></span> <span class='ocrx_word' id='word_1_796' title='bbox 3748 3975 3809 4031; x_wconf 92' lang='lat' dir='ltr'><strong>id</strong></span> 
     </span>
    </p>
   </div>
   <div class='ocr_carea' id='block_1_102' title="bbox 2224 4062 3809 4133">
    <p class='ocr_par' dir='ltr' id='par_1_102' title="bbox 2224 4062 3809 4133">
     <span class='ocr_line' id='line_1_104' title="bbox 2224 4062 3809 4133; baseline -0.003 -9"><span class='ocrx_word' id='word_1_797' title='bbox 2224 4076 2305 4124; x_wconf 88' lang='lat' dir='ltr'><strong>est</strong></span> <span class='ocrx_word' id='word_1_798' title='bbox 2332 4068 2472 4123; x_wconf 86' lang='lat' dir='ltr'><strong>varii</strong></span> <span class='ocrx_word' id='word_1_799' title='bbox 2527 4067 2586 4122; x_wconf 92' lang='lat' dir='ltr'><strong>in</strong></span> <span class='ocrx_word' id='word_1_800' title='bbox 2618 4064 2939 4132; x_wconf 90' lang='lat' dir='ltr'><strong>virtutibus,</strong></span> <span class='ocrx_word' id='word_1_801' title='bbox 2986 4064 3075 4118; x_wconf 90' lang='lat' dir='ltr'><strong>vel</strong></span> <span class='ocrx_word' id='word_1_802' title='bbox 3115 4063 3335 4119; x_wconf 89' lang='lat' dir='ltr'><strong>candidi</strong></span> <span class='ocrx_word' id='word_1_803' title='bbox 3380 4062 3437 4117; x_wconf 93' lang='lat' dir='ltr'><strong>in</strong></span> <span class='ocrx_word' id='word_1_804' title='bbox 3485 4062 3809 4133; x_wconf 84' lang='lat' dir='ltr'><strong>virginitate</strong></span> 
     </span>
    </p>
   </div>
   <div class='ocr_carea' id='block_1_103' title="bbox 2226 4150 3808 4222">
    <p class='ocr_par' dir='ltr' id='par_1_103' title="bbox 2226 4150 3808 4222">
     <span class='ocr_line' id='line_1_105' title="bbox 2226 4150 3808 4222; baseline -0.003 -10"><span class='ocrx_word' id='word_1_805' title='bbox 2226 4163 2618 4213; x_wconf 90' lang='lat' dir='ltr'><strong>monstrantur.</strong></span> <span class='ocrx_word' id='word_1_806' title='bbox 2672 4153 2830 4220; x_wconf 91' lang='lat' dir='ltr'><strong>Quod</strong></span> <span class='ocrx_word' id='word_1_807' title='bbox 2865 4159 3045 4208; x_wconf 88' lang='lat' dir='ltr'><strong>autem</strong></span> <span class='ocrx_word' id='word_1_808' title='bbox 3100 4167 3272 4222; x_wconf 91' lang='lat' dir='ltr'><strong>equus</strong></span> <span class='ocrx_word' id='word_1_809' title='bbox 3307 4150 3410 4206; x_wconf 86' lang='lat' dir='ltr'><strong>iste</strong></span> <span class='ocrx_word' id='word_1_810' title='bbox 3434 4150 3611 4217; x_wconf 86' lang='lat' dir='ltr'><strong>rufus,</strong></span> <span class='ocrx_word' id='word_1_811' title='bbox 3643 4151 3808 4208; x_wconf 87' lang='lat' dir='ltr'><strong>albus</strong></span> 
     </span>
    </p>
   </div>
   <div class='ocr_carea' id='block_1_104' title="bbox 2226 4237 3804 4309">
    <p class='ocr_par' dir='ltr' id='par_1_104' title="bbox 2226 4237 3804 4309">
     <span class='ocr_line' id='line_1_106' title="bbox 2226 4237 3804 4309; baseline -0.004 -9"><span class='ocrx_word' id='word_1_812' title='bbox 2226 4242 2406 4300; x_wconf 88' lang='lat' dir='ltr'><strong>denuo</strong></span> <span class='ocrx_word' id='word_1_813' title='bbox 2428 4258 2460 4297; x_wconf 90' lang='lat' dir='ltr'><strong>a</strong></span> <span class='ocrx_word' id='word_1_814' title='bbox 2492 4248 2678 4297; x_wconf 89' lang='lat' dir='ltr'><strong>sancto</strong></span> <span class='ocrx_word' id='word_1_815' title='bbox 2706 4242 2913 4296; x_wconf 87' lang='lat' dir='ltr'><strong>Joanne</strong></span> <span class='ocrx_word' id='word_1_816' title='bbox 2957 4237 3286 4294; x_wconf 90' lang='lat' dir='ltr'><strong>describitur</strong></span> <span class='ocrx_word' id='word_1_817' title='bbox 3318 4238 3505 4308; x_wconf 85' lang='lat' dir='ltr'><strong>(Apoc.</strong></span> <span class='ocrx_word' id='word_1_818' title='bbox 3538 4254 3657 4305; x_wconf 72' lang='lat' dir='ltr'><strong>nx,</strong></span> <span class='ocrx_word' id='word_1_819' title='bbox 3683 4239 3804 4309; x_wconf 89' lang='lat' dir='ltr'><strong>II),</strong></span> 
     </span>
    </p>
   </div>
   <div class='ocr_carea' id='block_1_105' title="bbox 2226 4325 3807 4399">
    <p class='ocr_par' dir='ltr' id='par_1_105' title="bbox 2226 4325 3807 4399">
     <span class='ocr_line' id='line_1_107' title="bbox 2226 4325 3807 4399; baseline -0.004 -10"><span class='ocrx_word' id='word_1_820' title='bbox 2226 4331 2510 4399; x_wconf 86' lang='lat' dir='ltr'><strong>divinitas,</strong></span> <span class='ocrx_word' id='word_1_821' title='bbox 2564 4328 2945 4385; x_wconf 86' lang='lat' dir='ltr'><strong>immortalitas</strong></span> <span class='ocrx_word' id='word_1_822' title='bbox 3002 4326 3119 4399; x_wconf 91' lang='lat'><strong>(60)</strong></span> <span class='ocrx_word' id='word_1_823' title='bbox 3182 4333 3237 4381; x_wconf 86' lang='lat' dir='ltr'><strong>et</strong></span> <span class='ocrx_word' id='word_1_824' title='bbox 3288 4325 3628 4396; x_wconf 86' lang='lat' dir='ltr'><strong>incorruptio</strong></span> <span class='ocrx_word' id='word_1_825' title='bbox 3683 4326 3807 4396; x_wconf 87' lang='lat' dir='ltr'><strong>ejus</strong></span> 
     </span>
    </p>
   </div>
   <div class='ocr_carea' id='block_1_106' title="bbox 2227 4414 3804 4487">
    <p class='ocr_par' dir='ltr' id='par_1_106' title="bbox 2227 4414 3804 4487">
     <span class='ocr_line' id='line_1_108' title="bbox 2227 4414 3804 4487; baseline -0.005 -9"><span class='ocrx_word' id='word_1_826' title='bbox 2227 4420 2555 4479; x_wconf 90' lang='lat' dir='ltr'><strong>ostenditur.</strong></span> <span class='ocrx_word' id='word_1_827' title='bbox 2613 4420 2686 4474; x_wconf 90' lang='lat' dir='ltr'><strong>Et</strong></span> <span class='ocrx_word' id='word_1_828' title='bbox 2744 4417 2867 4473; x_wconf 91' lang='lat' dir='ltr'><strong>ideo</strong></span> <span class='ocrx_word' id='word_1_829' title='bbox 2924 4430 3132 4482; x_wconf 89' lang='lat' dir='ltr'><strong>omnes,</strong></span> <span class='ocrx_word' id='word_1_830' title='bbox 3192 4414 3286 4487; x_wconf 92' lang='lat' dir='ltr'><strong>qui</strong></span> <span class='ocrx_word' id='word_1_831' title='bbox 3315 4430 3441 4471; x_wconf 91' lang='lat' dir='ltr'><strong>eum</strong></span> <span class='ocrx_word' id='word_1_832' title='bbox 3475 4422 3804 4486; x_wconf 87' lang='lat' dir='ltr'><strong>sequuntur,</strong></span> 
     </span>
    </p>
   </div>
   <div class='ocr_carea' id='block_1_107' title="bbox 2227 4501 3803 4569">
    <p class='ocr_par' dir='ltr' id='par_1_107' title="bbox 2227 4501 3803 4569">
     <span class='ocr_line' id='line_1_109' title="bbox 2227 4501 3803 4569; baseline -0.004 -3"><span class='ocrx_word' id='word_1_833' title='bbox 2227 4507 2476 4567; x_wconf 85' lang='lat' dir='ltr'><strong>candidis</strong></span> <span class='ocrx_word' id='word_1_834' title='bbox 2530 4523 2640 4563; x_wconf 93' lang='lat' dir='ltr'><strong>non</strong></span> <span class='ocrx_word' id='word_1_835' title='bbox 2671 4506 2849 4562; x_wconf 88' lang='lat' dir='ltr'><strong>solum</strong></span> <span class='ocrx_word' id='word_1_836' title='bbox 2899 4510 3133 4559; x_wconf 89' lang='lat' dir='ltr'><strong>utuntur</strong></span> <span class='ocrx_word' id='word_1_837' title='bbox 3188 4501 3453 4569; x_wconf 87' lang='lat' dir='ltr'><strong>vestibus,</strong></span> <span class='ocrx_word' id='word_1_838' title='bbox 3495 4501 3590 4557; x_wconf 90' lang='lat' dir='ltr'><strong>sed</strong></span> <span class='ocrx_word' id='word_1_839' title='bbox 3636 4503 3803 4559; x_wconf 88' lang='lat' dir='ltr'><strong>etiam</strong></span> 
     </span>
    </p>
   </div>
   <div class='ocr_carea' id='block_1_108' title="bbox 2228 4590 3807 4671">
    <p class='ocr_par' dir='ltr' id='par_1_108' title="bbox 2228 4590 3807 4671">
     <span class='ocr_line' id='line_1_110' title="bbox 2228 4590 3807 4671; baseline -0.006 -16"><span class='ocrx_word' id='word_1_840' title='bbox 2228 4600 2385 4671; x_wconf 88' lang='lat' dir='ltr'><strong>equis</strong></span> <span class='ocrx_word' id='word_1_841' title='bbox 2408 4598 2597 4653; x_wconf 90' lang='lat' dir='ltr'><strong>sedent</strong></span> <span class='ocrx_word' id='word_1_842' title='bbox 2628 4595 2791 4668; x_wconf 85' lang='lat' dir='ltr'><strong>(Ibid.</strong></span> <span class='ocrx_word' id='word_1_843' title='bbox 2827 4593 2940 4665; x_wconf 88' lang='lat' dir='ltr'><strong>I4),</strong></span> <span class='ocrx_word' id='word_1_844' title='bbox 2972 4592 3305 4663; x_wconf 89' lang='lat' dir='ltr'><strong>incorruptis</strong></span> <span class='ocrx_word' id='word_1_845' title='bbox 3334 4590 3593 4646; x_wconf 90' lang='lat' dir='ltr'><strong>videlicet</strong></span> <span class='ocrx_word' id='word_1_846' title='bbox 3620 4598 3675 4645; x_wconf 91' lang='lat' dir='ltr'><strong>et</strong></span> <span class='ocrx_word' id='word_1_847' title='bbox 3703 4592 3807 4646; x_wconf 83' lang='lat' dir='ltr'><strong>itn-</strong></span> 
     </span>
    </p>
   </div>
   <div class='ocr_carea' id='block_1_109' title="bbox 2229 4680 3806 4757">
    <p class='ocr_par' dir='ltr' id='par_1_109' title="bbox 2229 4680 3806 4757">
     <span class='ocr_line' id='line_1_111' title="bbox 2229 4680 3806 4757; baseline -0.006 -13"><span class='ocrx_word' id='word_1_848' title='bbox 2229 4687 2553 4744; x_wconf 86' lang='lat' dir='ltr'><strong>mortalibus</strong></span> <span class='ocrx_word' id='word_1_849' title='bbox 2576 4683 2917 4757; x_wconf 89' lang='lat' dir='ltr'><strong>corporibus.</strong></span> <span class='ocrx_word' id='word_1_850' title='bbox 2955 4682 3028 4737; x_wconf 89' lang='lat' dir='ltr'><strong>Et</strong></span> <span class='ocrx_word' id='word_1_851' title='bbox 3056 4680 3180 4736; x_wconf 92' lang='lat' dir='ltr'><strong>ideo</strong></span> <span class='ocrx_word' id='word_1_852' title='bbox 3213 4680 3361 4737; x_wconf 91' lang='lat' dir='ltr'><strong>hunc</strong></span> <span class='ocrx_word' id='word_1_853' title='bbox 3389 4694 3580 4735; x_wconf 89' lang='lat' dir='ltr'><strong>omnes</strong></span> <span class='ocrx_word' id='word_1_854' title='bbox 3604 4681 3806 4749; x_wconf 89' lang='lat' dir='ltr'><strong>sancti,</strong></span> 
     </span>
    </p>
   </div>
   <div class='ocr_carea' id='block_1_110' title="bbox 2273 4824 3807 4919">
    <p class='ocr_par' dir='ltr' id='par_1_110' title="bbox 2273 4824 3807 4919">
     <span class='ocr_line' id='line_1_112' title="bbox 2273 4824 3807 4919; baseline -0.01 -23"><span class='ocrx_word' id='word_1_855' title='bbox 2273 4837 2433 4919; x_wconf 46' lang='lat'><strong>.(55)</strong></span> <span class='ocrx_word' id='word_1_856' title='bbox 2449 4833 2653 4917; x_wconf 81' lang='lat' dir='ltr'><strong>Eadem</strong></span> <span class='ocrx_word' id='word_1_857' title='bbox 2688 4832 2846 4888; x_wconf 90' lang='lat' dir='ltr'><strong>Rom.</strong></span> <span class='ocrx_word' id='word_1_858' title='bbox 2875 4826 3035 4894; x_wconf 90' lang='lat' dir='ltr'><strong>edit.,</strong></span> <span class='ocrx_word' id='word_1_859' title='bbox 3064 4824 3237 4896; x_wconf 83' lang='lat' dir='ltr'><strong>facere</strong></span> <span class='ocrx_word' id='word_1_860' title='bbox 3264 4840 3374 4893; x_wconf 76' lang='lat' dir='ltr'><strong>vos,</strong></span> <span class='ocrx_word' id='word_1_861' title='bbox 3409 4824 3594 4880; x_wconf 83' lang='lat' dir='ltr'><strong>domus</strong></span> <span class='ocrx_word' id='word_1_862' title='bbox 3606 4826 3807 4896; x_wconf 83' lang='lat' dir='ltr'><strong>Israel,</strong></span> 
     </span>
    </p>
   </div>
   <div class='ocr_carea' id='block_1_111' title="bbox 2228 4909 3810 5050">
    <p class='ocr_par' dir='ltr' id='par_1_111' title="bbox 2228 4909 3810 5050">
     <span class='ocr_line' id='line_1_113' title="bbox 2228 4909 3241 4965; baseline -0.017 0"><span class='ocrx_word' id='word_1_863' title='bbox 2228 4909 2355 4965; x_wconf 85' lang='lat' dir='ltr'><strong>dicit</strong></span> <span class='ocrx_word' id='word_1_864' title='bbox 2387 4909 2661 4963; x_wconf 85' lang='lat' dir='ltr'><strong>Dominus.</strong></span> <span class='ocrx_word' id='word_1_865' title='bbox 3238 4954 3241 4955; x_wconf 23' lang='grc' dir='ltr'><em>ν</em></span> 
     </span>
     <span class='ocr_line' id='line_1_114' title="bbox 2301 4963 3810 5050; baseline -0.015 -15"><span class='ocrx_word' id='word_1_866' title='bbox 2301 4979 2415 5050; x_wconf 88' lang='grc'><strong>(56)</strong></span> <span class='ocrx_word' id='word_1_867' title='bbox 2448 4976 2649 5032; x_wconf 84' lang='lat' dir='ltr'><strong>Eadem</strong></span> <span class='ocrx_word' id='word_1_868' title='bbox 2679 4973 2835 5050; x_wconf 80' lang='lat' dir='ltr'><strong>Rom.</strong></span> <span class='ocrx_word' id='word_1_869' title='bbox 2867 4965 3436 5050; x_wconf 39' lang='lat' dir='ltr'><strong>edit.,pot’entiam...&#39;._..</strong></span> <span class='ocrx_word' id='word_1_870' title='bbox 3457 4963 3810 5050; x_wconf 57' lang='lat' dir='ltr'><strong>quandoqui-</strong></span> 
     </span>
    </p>
   </div>
   <div class='ocr_carea' id='block_1_112' title="bbox 2226 5034 3806 5117">
    <p class='ocr_par' dir='ltr' id='par_1_112' title="bbox 2226 5034 3806 5117">
     <span class='ocr_line' id='line_1_115' title="bbox 2226 5034 3806 5117; baseline -0.009 -13"><span class='ocrx_word' id='word_1_871' title='bbox 2226 5034 2341 5105; x_wconf 74' lang='lat' dir='ltr'><strong>dem</strong></span> <span class='ocrx_word' id='word_1_872' title='bbox 2368 5034 2427 5103; x_wconf 64' lang='lat' dir='ltr'><strong>iit</strong></span> <span class='ocrx_word' id='word_1_873' title='bbox 2478 5050 2633 5117; x_wconf 62' lang='lat' dir='ltr'><strong>lepra</strong></span> <span class='ocrx_word' id='word_1_874' title='bbox 2682 5040 2961 5098; x_wconf 81' lang='lat' dir='ltr'><strong>candorem</strong></span> <span class='ocrx_word' id='word_1_875' title='bbox 3015 5034 3287 5107; x_wconf 69' lang='lat' dir='ltr'><strong>confestim</strong></span> <span class='ocrx_word' id='word_1_876' title='bbox 3329 5034 3486 5091; x_wconf 82' lang='lat' dir='ltr'><strong>illam</strong></span> <span class='ocrx_word' id='word_1_877' title='bbox 3530 5034 3806 5089; x_wconf 78' lang='lat' dir='ltr'><strong>mutavit:</strong></span> 
     </span>
    </p>
   </div>
   <div class='ocr_carea' id='block_1_113' title="bbox 2224 5119 2703 5185">
    <p class='ocr_par' dir='ltr' id='par_1_113' title="bbox 2224 5119 2703 5185">
     <span class='ocr_line' id='line_1_116' title="bbox 2224 5119 2703 5185; baseline -0.01 -10"><span class='ocrx_word' id='word_1_878' title='bbox 2224 5138 2350 5175; x_wconf 69' lang='lat' dir='ltr'><strong>mox</strong></span> <span class='ocrx_word' id='word_1_879' title='bbox 2378 5119 2562 5185; x_wconf 84' lang='lat' dir='ltr'><strong>colori,</strong></span> <span class='ocrx_word' id='word_1_880' title='bbox 2601 5123 2703 5172; x_wconf 87' lang='lat' dir='ltr'><strong>etc.</strong></span> 
     </span>
    </p>
   </div>
   <div class='ocr_carea' id='block_1_114' title="bbox 2322 5174 3695 5249">
    <p class='ocr_par' dir='ltr' id='par_1_114' title="bbox 2322 5174 3695 5249">
     <span class='ocr_line' id='line_1_117' title="bbox 2322 5174 3695 5249; baseline -0.015 -2"><span class='ocrx_word' id='word_1_881' title='bbox 2322 5190 2415 5249; x_wconf 90' lang='lat'><strong>57)</strong></span> <span class='ocrx_word' id='word_1_882' title='bbox 2447 5174 2649 5244; x_wconf 83' lang='lat' dir='ltr'><strong>Eadem</strong></span> <span class='ocrx_word' id='word_1_883' title='bbox 2678 5187 2835 5242; x_wconf 90' lang='lat' dir='ltr'><strong>Rom.</strong></span> <span class='ocrx_word' id='word_1_884' title='bbox 2859 5181 3017 5249; x_wconf 86' lang='lat' dir='ltr'><strong>edit.,</strong></span> <span class='ocrx_word' id='word_1_885' title='bbox 3044 5178 3102 5233; x_wconf 90' lang='lat' dir='ltr'><strong>id</strong></span> <span class='ocrx_word' id='word_1_886' title='bbox 3123 5177 3262 5247; x_wconf 83' lang='lat' dir='ltr'><strong>quod</strong></span> <span class='ocrx_word' id='word_1_887' title='bbox 3289 5183 3424 5249; x_wconf 83' lang='lat' dir='ltr'><strong>erat,</strong></span> <span class='ocrx_word' id='word_1_888' title='bbox 3451 5174 3695 5249; x_wconf 66' lang='lat' dir='ltr'><strong>resurgit.</strong></span> 
     </span>
    </p>
   </div>
   <div class='ocr_carea' id='block_1_115' title="bbox 2299 5193 3816 5333">
    <p class='ocr_par' dir='ltr' id='par_1_115' title="bbox 2299 5193 3816 5333">
     <span class='ocr_line' id='line_1_118' title="bbox 2322 5193 3695 5249; baseline -0.015 -2"><span class='ocrx_word' id='word_1_889' title='bbox 2322 5193 2390 5247; x_wconf 91' lang='lat'><strong>57</strong></span> <span class='ocrx_word' id='word_1_890' title='bbox 2447 5193 2649 5244; x_wconf 86' lang='lat' dir='ltr'><strong>Eadem</strong></span> <span class='ocrx_word' id='word_1_891' title='bbox 2681 5193 2835 5242; x_wconf 87' lang='lat' dir='ltr'><strong>Rom.</strong></span> <span class='ocrx_word' id='word_1_892' title='bbox 2859 5193 3017 5249; x_wconf 79' lang='lat' dir='ltr'><strong>edit.,</strong></span> <span class='ocrx_word' id='word_1_893' title='bbox 3044 5193 3102 5233; x_wconf 85' lang='lat' dir='ltr'><strong>ta</strong></span> <span class='ocrx_word' id='word_1_894' title='bbox 3123 5193 3261 5247; x_wconf 83' lang='lat' dir='ltr'><strong>quoa</strong></span> <span class='ocrx_word' id='word_1_895' title='bbox 3289 5193 3424 5243; x_wconf 84' lang='lat' dir='ltr'><strong>erat,</strong></span> <span class='ocrx_word' id='word_1_896' title='bbox 3451 5193 3695 5244; x_wconf 74' lang='lat' dir='ltr'><strong>resurgit.</strong></span> 
     </span>
     <span class='ocr_line' id='line_1_119' title="bbox 2299 5193 3816 5333; baseline -0.016 -15"><span class='ocrx_word' id='word_1_897' title='bbox 2299 5193 2415 5333; x_wconf 44' lang='grc'><strong>(58)</strong></span> <span class='ocrx_word' id='word_1_898' title='bbox 2436 5259 2648 5333; x_wconf 70' lang='lat' dir='ltr'><strong>Eadem</strong></span> <span class='ocrx_word' id='word_1_899' title='bbox 2677 5257 2854 5333; x_wconf 83' lang='lat' dir='ltr'><strong>_Ro_m_.</strong></span> <span class='ocrx_word' id='word_1_900' title='bbox 2905 5253 3070 5333; x_wconf 72' lang='lat' dir='ltr'><strong>edit.,</strong></span> <span class='ocrx_word' id='word_1_901' title='bbox 3114 5248 3531 5333; x_wconf 51' lang='lat' dir='ltr'><strong>Hiei&#39;icttntitttts‘</strong></span> 
     </span>
    </p>
   </div>
   <div class='ocr_carea' id='block_1_116' title="bbox 2228 5314 3815 5401">
    <p class='ocr_par' dir='ltr' id='par_1_116' title="bbox 2228 5314 3815 5401">
     <span class='ocr_line' id='line_1_120' title="bbox 2228 5314 3815 5401; baseline -0.013 -13"><span class='ocrx_word' id='word_1_902' title='bbox 2228 5314 2594 5401; x_wconf 58' lang='lat' dir='ltr'><strong>tiniio&#39;fertur</strong></span> <span class='ocrx_word' id='word_1_903' title='bbox 2622 5328 2691 5383; x_wconf 89' lang='lat' dir='ltr'><strong>ad</strong></span> <span class='ocrx_word' id='word_1_904' title='bbox 2729 5314 3119 5401; x_wconf 73' lang='lat' dir='ltr'><strong>_stabulum.....</strong></span> <span class='ocrx_word' id='word_1_905' title='bbox 3168 5336 3265 5389; x_wconf 85' lang='lat' dir='ltr'><strong>per</strong></span> <span class='ocrx_word' id='word_1_906' title='bbox 3295 5314 3625 5401; x_wconf 70' lang='lat' dir='ltr'><strong>Samaritani</strong></span> <span class='ocrx_word' id='word_1_907' title='bbox 3658 5314 3815 5368; x_wconf 81' lang='lat' dir='ltr'><strong>illius</strong></span> 
     </span>
    </p>
   </div>
   <div class='ocr_carea' id='block_1_117' title="bbox 2224 5388 3451 5476">
    <p class='ocr_par' dir='ltr' id='par_1_117' title="bbox 2224 5388 3451 5476">
     <span class='ocr_line' id='line_1_121' title="bbox 2224 5388 3451 5476; baseline -0.016 -17"><span class='ocrx_word' id='word_1_908' title='bbox 2224 5388 2785 5476; x_wconf 9' lang='lat' dir='ltr'><strong>gratiaqm_mi_seren_.~tis.</strong></span> <span class='ocrx_word' id='word_1_909' title='bbox 2796 5438 2808 5450; x_wconf 94' lang='lat'><strong>.</strong></span> <span class='ocrx_word' id='word_1_910' title='bbox 2819 5438 2831 5450; x_wconf 92' lang='lat'><strong>.</strong></span> <span class='ocrx_word' id='word_1_911' title='bbox 2842 5436 2855 5450; x_wconf 92' lang='lat'><strong>.</strong></span> <span class='ocrx_word' id='word_1_912' title='bbox 2866 5437 2877 5450; x_wconf 89' lang='lat'><strong>.</strong></span> <span class='ocrx_word' id='word_1_913' title='bbox 2910 5407 3156 5476; x_wconf 47' lang='lat' dir='ltr'><strong>{inspersa</strong></span> <span class='ocrx_word' id='word_1_914' title='bbox 3168 5388 3177 5389; x_wconf 26' lang='grc' dir='ltr'>ί</span> <span class='ocrx_word' id='word_1_915' title='bbox 3180 5406 3278 5459; x_wconf 85' lang='lat' dir='ltr'><strong>pen</strong></span> <span class='ocrx_word' id='word_1_916' title='bbox 3285 5388 3451 5476; x_wconf 70' lang='lat' dir='ltr'><strong>deltat.</strong></span> 
     </span>
    </p>
   </div>
   <div class='ocr_carea' id='block_1_118' title="bbox 2300 5454 3812 5545">
    <p class='ocr_par' dir='ltr' id='par_1_118' title="bbox 2300 5454 3812 5545">
     <span class='ocr_line' id='line_1_122' title="bbox 2300 5454 3812 5545; baseline -0.012 -15"><span class='ocrx_word' id='word_1_917' title='bbox 2300 5454 2650 5545; x_wconf 10' lang='lat' dir='ltr'><strong>(859)—“Eadem</strong></span> <span class='ocrx_word' id='word_1_918' title='bbox 2680 5469 2835 5545; x_wconf 81' lang='lat' dir='ltr'><strong>Rom.</strong></span> <span class='ocrx_word' id='word_1_919' title='bbox 2862 5454 3235 5545; x_wconf 46' lang='lat' dir='ltr'><strong>edit.,fulvér</strong></span> <span class='ocrx_word' id='word_1_920' title='bbox 3264 5454 3812 5545; x_wconf 48' lang='lat' dir='ltr'><strong>vestiamdefosra?</strong></span> 
     </span>
    </p>
   </div>
   <div class='ocr_carea' id='block_1_119' title="bbox 2226 5526 3811 5610">
    <p class='ocr_par' dir='ltr' id='par_1_119' title="bbox 2226 5526 3811 5610">
     <span class='ocr_line' id='line_1_123' title="bbox 2226 5526 3811 5610; baseline -0.015 -7"><span class='ocrx_word' id='word_1_921' title='bbox 2226 5555 2281 5603; x_wconf 86' lang='lat' dir='ltr'><strong>et</strong></span> <span class='ocrx_word' id='word_1_922' title='bbox 2303 5526 2543 5610; x_wconf 47' lang='lat' dir='ltr'><strong>E&#39;oitoio’</strong></span> <span class='ocrx_word' id='word_1_923' title='bbox 2574 5548 2663 5593; x_wconf 82' lang='lat' dir='ltr'><strong>tua</strong></span> <span class='ocrx_word' id='word_1_924' title='bbox 2711 5537 2879 5610; x_wconf 69' lang='lat' dir='ltr'><strong>rubra</strong></span> <span class='ocrx_word' id='word_1_925' title='bbox 2924 5526 3247 5610; x_wconf 64' lang='lat' dir='ltr'><strong>uestimenta,</strong></span> <span class='ocrx_word' id='word_1_926' title='bbox 3278 5534 3327 5583; x_wconf 84' lang='lat' dir='ltr'><strong>et</strong></span> <span class='ocrx_word' id='word_1_927' title='bbox 3351 5526 3657 5581; x_wconf 79' lang='lat' dir='ltr'><strong>indu-menta</strong></span> <span class='ocrx_word' id='word_1_928' title='bbox 3716 5531 3811 5581; x_wconf 80' lang='lat' dir='ltr'><strong>tua</strong></span> 
     </span>
    </p>
   </div>
   <div class='ocr_carea' id='block_1_120' title="bbox 2226 5605 2958 5689">
    <p class='ocr_par' dir='ltr' id='par_1_120' title="bbox 2226 5605 2958 5689">
     <span class='ocr_line' id='line_1_124' title="bbox 2226 5605 2958 5689; baseline -0.019 -19"><span class='ocrx_word' id='word_1_929' title='bbox 2406 5611 2590 5689; x_wconf 53' lang='lat' dir='ltr'><strong>calcati</strong></span> <span class='ocrx_word' id='word_1_930' title='bbox 2624 5605 2958 5689; x_wconf 51' lang='grc' dir='ltr'><strong>ιοζοιιῑαγὶεζ</strong></span> 
     </span>
    </p>
   </div>
   <div class='ocr_carea' id='block_1_121' title="bbox 2298 5665 3807 5760">
    <p class='ocr_par' dir='ltr' id='par_1_121' title="bbox 2298 5665 3807 5760">
     <span class='ocr_line' id='line_1_125' title="bbox 2298 5665 3807 5760; baseline -0.009 -20"><span class='ocrx_word' id='word_1_931' title='bbox 2298 5665 2418 5760; x_wconf 63' lang='lat' dir='ltr'><strong>(eo;</strong></span> <span class='ocrx_word' id='word_1_932' title='bbox 2437 5665 2650 5738; x_wconf 76' lang='lat' dir='ltr'><strong>Eadem</strong></span> <span class='ocrx_word' id='word_1_933' title='bbox 2680 5678 2837 5735; x_wconf 87' lang='lat' dir='ltr'><strong>Rom.</strong></span> <span class='ocrx_word' id='word_1_934' title='bbox 2894 5671 3053 5739; x_wconf 88' lang='lat' dir='ltr'><strong>edit.,</strong></span> <span class='ocrx_word' id='word_1_935' title='bbox 3080 5668 3375 5727; x_wconf 74' lang='lat' dir='ltr'><strong>divinitatis</strong></span> <span class='ocrx_word' id='word_1_936' title='bbox 3402 5665 3807 5726; x_wconf 74' lang='lat' dir='ltr'><strong>immortalitas.</strong></span> 
     </span>
    </p>
   </div>
  </div>
