  <div class='ocr_page' id='page_1' title='image "/cluster/home/n/w/nwhite01/storage/ocr_20150623/17/umn.31951002477311b/292.png"; bbox 0 0 3972 6390; ppageno 0'>
   <div class='ocr_carea' id='block_1_1' title="bbox 1426 410 2396 476">
    <p class='ocr_par' dir='ltr' id='par_1_1' title="bbox 1426 410 2396 476">
     <span class='ocr_line' id='line_1_1' title="bbox 1426 410 2396 476; baseline 0.002 -2"><span class='ocrx_word' id='word_1_1' title='bbox 1426 413 1522 474; x_wconf 86' lang='lat' dir='ltr'><strong>DE</strong></span> <span class='ocrx_word' id='word_1_2' title='bbox 1559 412 1747 475; x_wconf 84' lang='lat' dir='ltr'><strong>TRINI</strong></span> <span class='ocrx_word' id='word_1_3' title='bbox 1761 410 1931 473; x_wconf 81' lang='grc' dir='ltr'><strong>ΓΑΤΕ</strong></span> <span class='ocrx_word' id='word_1_4' title='bbox 1969 414 2396 476; x_wconf 86' lang='lat' dir='ltr'><strong>TRACTATUS.</strong></span> 
     </span>
    </p>
   </div>
   <div class='ocr_carea' id='block_1_2' title="bbox 3427 423 3532 483">
    <p class='ocr_par' dir='ltr' id='par_1_2' title="bbox 3427 423 3532 483">
     <span class='ocr_line' id='line_1_2' title="bbox 3427 423 3532 483; baseline 0.01 -1"><span class='ocrx_word' id='word_1_5' title='bbox 3427 423 3532 483; x_wconf 70' lang='grc'><strong>870</strong></span> 
     </span>
    </p>
   </div>
   <div class='ocr_carea' id='block_1_3' title="bbox 269 539 3532 621">
    <p class='ocr_par' dir='ltr' id='par_1_3' title="bbox 269 539 3532 621">
     <span class='ocr_line' id='line_1_3' title="bbox 269 539 3532 621; baseline 0 -15"><span class='ocrx_word' id='word_1_6' title='bbox 269 548 393 621; x_wconf 89' lang='lat' dir='ltr'><strong>ipso</strong></span> <span class='ocrx_word' id='word_1_7' title='bbox 415 546 665 620; x_wconf 87' lang='lat' dir='ltr'><strong>juvante,</strong></span> <span class='ocrx_word' id='word_1_8' title='bbox 696 543 986 602; x_wconf 75' lang='lat' dir='ltr'><strong>imitantur</strong></span> <span class='ocrx_word' id='word_1_9' title='bbox 1028 539 1194 616; x_wconf 89' lang='lat' dir='ltr'><strong>;quia</strong></span> <span class='ocrx_word' id='word_1_10' title='bbox 1220 541 1545 599; x_wconf 88' lang='lat' dir='ltr'><strong>vestimenta</strong></span> <span class='ocrx_word' id='word_1_11' title='bbox 1593 559 1691 598; x_wconf 88' lang='lat' dir='ltr'><strong>sua</strong></span> <span class='ocrx_word' id='word_1_12' title='bbox 1731 559 1840 599; x_wconf 91' lang='lat' dir='ltr'><strong>non</strong></span> <span class='ocrx_word' id='word_1_13' title='bbox 1872 547 1924 605; x_wconf 85' lang='lat' dir='ltr'><strong>A</strong></span> <span class='ocrx_word' id='word_1_14' title='bbox 2024 539 2250 597; x_wconf 86' lang='lat' dir='ltr'><strong>CAPUT</strong></span> <span class='ocrx_word' id='word_1_15' title='bbox 2281 542 2485 599; x_wconf 81' lang='lat' dir='ltr'>XXIX.</span> <span class='ocrx_word' id='word_1_16' title='bbox 2516 573 2586 586; x_wconf 92' lang='lat'><strong>--</strong></span> <span class='ocrx_word' id='word_1_17' title='bbox 2614 544 2767 603; x_wconf 89' lang='lat' dir='ltr'><strong>Sicut</strong></span> <span class='ocrx_word' id='word_1_18' title='bbox 2795 563 2922 620; x_wconf 89' lang='lat' dir='ltr'><strong>ergo</strong></span> <span class='ocrx_word' id='word_1_19' title='bbox 2949 565 3132 606; x_wconf 83' lang='lat' dir='ltr'><strong>veram</strong></span> <span class='ocrx_word' id='word_1_20' title='bbox 3163 565 3381 607; x_wconf 90' lang='lat' dir='ltr'><strong>carnem</strong></span> <span class='ocrx_word' id='word_1_21' title='bbox 3410 551 3532 606; x_wconf 92' lang='lat' dir='ltr'><strong>Do-</strong></span> 
     </span>
    </p>
   </div>
   <div class='ocr_carea' id='block_1_4' title="bbox 267 630 1842 710">
    <p class='ocr_par' dir='ltr' id='par_1_4' title="bbox 267 630 1842 710">
     <span class='ocr_line' id='line_1_4' title="bbox 267 630 1842 710; baseline -0.007 -14"><span class='ocrx_word' id='word_1_22' title='bbox 267 637 652 710; x_wconf 86' lang='lat' dir='ltr'><strong>coinquinant,</strong></span> <span class='ocrx_word' id='word_1_23' title='bbox 706 649 770 691; x_wconf 89' lang='lat' dir='ltr'><strong>ac</strong></span> <span class='ocrx_word' id='word_1_24' title='bbox 823 630 1086 704; x_wconf 77' lang='lat' dir='ltr'><strong>virgines,</strong></span> <span class='ocrx_word' id='word_1_25' title='bbox 1135 630 1307 702; x_wconf 89' lang='lat' dir='ltr'><strong>gratia</strong></span> <span class='ocrx_word' id='word_1_26' title='bbox 1361 631 1534 702; x_wconf 84' lang='lat' dir='ltr'><strong>ipsius</strong></span> <span class='ocrx_word' id='word_1_27' title='bbox 1584 630 1842 701; x_wconf 82' lang='lat' dir='ltr'><strong>donante,</strong></span> 
     </span>
    </p>
   </div>
   <div class='ocr_carea' id='block_1_5' title="bbox 268 719 1846 804">
    <p class='ocr_par' dir='ltr' id='par_1_5' title="bbox 268 719 1846 804">
     <span class='ocr_line' id='line_1_5' title="bbox 268 719 1846 804; baseline -0.007 -18"><span class='ocrx_word' id='word_1_28' title='bbox 268 734 610 804; x_wconf 81' lang='lat' dir='ltr'><strong>permanent.</strong></span> <span class='ocrx_word' id='word_1_29' title='bbox 638 725 711 781; x_wconf 87' lang='lat' dir='ltr'><strong>Et</strong></span> <span class='ocrx_word' id='word_1_30' title='bbox 757 723 880 780; x_wconf 93' lang='lat' dir='ltr'><strong>ideo</strong></span> <span class='ocrx_word' id='word_1_31' title='bbox 920 722 981 778; x_wconf 90' lang='lat' dir='ltr'><strong>in</strong></span> <span class='ocrx_word' id='word_1_32' title='bbox 1034 720 1172 777; x_wconf 81' lang='lat' dir='ltr'><strong>albis</strong></span> <span class='ocrx_word' id='word_1_33' title='bbox 1208 719 1470 788; x_wconf 88' lang='lat' dir='ltr'><strong>vestibus,</strong></span> <span class='ocrx_word' id='word_1_34' title='bbox 1520 727 1582 776; x_wconf 92' lang='lat' dir='ltr'><strong>ut</strong></span> <span class='ocrx_word' id='word_1_35' title='bbox 1636 720 1846 776; x_wconf 91' lang='lat' dir='ltr'><strong>dictum</strong></span> 
     </span>
    </p>
   </div>
   <div class='ocr_carea' id='block_1_6' title="bbox 268 811 1844 888">
    <p class='ocr_par' dir='ltr' id='par_1_6' title="bbox 268 811 1844 888">
     <span class='ocr_line' id='line_1_6' title="bbox 268 811 1844 888; baseline -0.008 -12"><span class='ocrx_word' id='word_1_36' title='bbox 268 827 376 888; x_wconf 83' lang='lat' dir='ltr'><strong>est,</strong></span> <span class='ocrx_word' id='word_1_37' title='bbox 404 825 566 874; x_wconf 89' lang='lat' dir='ltr'><strong>erunt</strong></span> <span class='ocrx_word' id='word_1_38' title='bbox 593 821 881 888; x_wconf 83' lang='lat' dir='ltr'><strong>sequentes</strong></span> <span class='ocrx_word' id='word_1_39' title='bbox 906 827 1106 885; x_wconf 90' lang='lat' dir='ltr'><strong>agnum</strong></span> <span class='ocrx_word' id='word_1_40' title='bbox 1129 811 1246 885; x_wconf 82' lang='grc'>(61)</span> <span class='ocrx_word' id='word_1_41' title='bbox 1270 811 1366 885; x_wconf 88' lang='lat' dir='ltr'><strong>qui</strong></span> <span class='ocrx_word' id='word_1_42' title='bbox 1394 811 1523 868; x_wconf 88' lang='lat' dir='ltr'><strong>tulit</strong></span> <span class='ocrx_word' id='word_1_43' title='bbox 1563 816 1844 884; x_wconf 89' lang='lat' dir='ltr'><strong>peccatum</strong></span> 
     </span>
    </p>
   </div>
   <div class='ocr_carea' id='block_1_7' title="bbox 263 906 482 966">
    <p class='ocr_par' dir='ltr' id='par_1_7' title="bbox 263 906 482 966">
     <span class='ocr_line' id='line_1_7' title="bbox 263 906 482 966; baseline -0.014 0"><span class='ocrx_word' id='word_1_44' title='bbox 263 906 482 966; x_wconf 89' lang='lat' dir='ltr'><strong>mundi.</strong></span> 
     </span>
    </p>
   </div>
   <div class='ocr_carea' id='block_1_8' title="bbox 335 1055 1850 1130">
    <p class='ocr_par' dir='ltr' id='par_1_8' title="bbox 335 1055 1850 1130">
     <span class='ocr_line' id='line_1_8' title="bbox 335 1055 1850 1130; baseline -0.009 -6"><span class='ocrx_word' id='word_1_45' title='bbox 335 1063 564 1124; x_wconf 82' lang='lat' dir='ltr'><strong>CAPUT</strong></span> <span class='ocrx_word' id='word_1_46' title='bbox 586 1060 844 1120; x_wconf 81' lang='lat' dir='ltr'><strong>XXVIII.</strong></span> <span class='ocrx_word' id='word_1_47' title='bbox 875 1089 946 1103; x_wconf 91' lang='lat'>—</span> <span class='ocrx_word' id='word_1_48' title='bbox 975 1057 1174 1115; x_wconf 86' lang='lat' dir='ltr'><strong>Totum</strong></span> <span class='ocrx_word' id='word_1_49' title='bbox 1205 1075 1332 1130; x_wconf 92' lang='lat' dir='ltr'><strong>ergo</strong></span> <span class='ocrx_word' id='word_1_50' title='bbox 1361 1057 1662 1126; x_wconf 85' lang='lat' dir='ltr'><strong>hominem,</strong></span> <span class='ocrx_word' id='word_1_51' title='bbox 1701 1055 1850 1111; x_wconf 78' lang='lat' dir='ltr'><strong>sicut</strong></span> 
     </span>
    </p>
   </div>
   <div class='ocr_carea' id='block_1_9' title="bbox 279 1148 1844 1222">
    <p class='ocr_par' dir='ltr' id='par_1_9' title="bbox 279 1148 1844 1222">
     <span class='ocr_line' id='line_1_9' title="bbox 279 1148 1844 1222; baseline -0.008 -8"><span class='ocrx_word' id='word_1_52' title='bbox 279 1156 494 1214; x_wconf 90' lang='lat' dir='ltr'><strong>dictum</strong></span> <span class='ocrx_word' id='word_1_53' title='bbox 525 1161 626 1222; x_wconf 88' lang='lat' dir='ltr'><strong>est,</strong></span> <span class='ocrx_word' id='word_1_54' title='bbox 665 1151 841 1208; x_wconf 86' lang='lat' dir='ltr'><strong>Filius</strong></span> <span class='ocrx_word' id='word_1_55' title='bbox 873 1148 972 1206; x_wconf 89' lang='lat' dir='ltr'><strong>Dei</strong></span> <span class='ocrx_word' id='word_1_56' title='bbox 1007 1150 1242 1220; x_wconf 83' lang='lat' dir='ltr'><strong>suscepit</strong></span> <span class='ocrx_word' id='word_1_57' title='bbox 1284 1165 1353 1206; x_wconf 87' lang='lat' dir='ltr'><strong>ex</strong></span> <span class='ocrx_word' id='word_1_58' title='bbox 1387 1148 1632 1221; x_wconf 83' lang='lat' dir='ltr'><strong>Virgine,</strong></span> <span class='ocrx_word' id='word_1_59' title='bbox 1669 1154 1844 1202; x_wconf 91' lang='lat' dir='ltr'><strong>totum</strong></span> 
     </span>
    </p>
   </div>
   <div class='ocr_carea' id='block_1_10' title="bbox 264 1246 1842 1327">
    <p class='ocr_par' dir='ltr' id='par_1_10' title="bbox 264 1246 1842 1327">
     <span class='ocr_line' id='line_1_10' title="bbox 264 1246 1842 1327; baseline -0.007 -15"><span class='ocrx_word' id='word_1_60' title='bbox 264 1256 541 1327; x_wconf 87' lang='lat' dir='ltr'><strong>integrum</strong></span> <span class='ocrx_word' id='word_1_61' title='bbox 590 1249 957 1312; x_wconf 86' lang='lat' dir='ltr'><strong>resuscitabit,</strong></span> <span class='ocrx_word' id='word_1_62' title='bbox 1009 1246 1066 1302; x_wconf 88' lang='lat' dir='ltr'><strong>id</strong></span> <span class='ocrx_word' id='word_1_63' title='bbox 1094 1254 1195 1315; x_wconf 88' lang='lat' dir='ltr'><strong>est,</strong></span> <span class='ocrx_word' id='word_1_64' title='bbox 1243 1248 1482 1302; x_wconf 88' lang='lat' dir='ltr'><strong>animam</strong></span> <span class='ocrx_word' id='word_1_65' title='bbox 1529 1253 1584 1301; x_wconf 91' lang='lat' dir='ltr'><strong>et</strong></span> <span class='ocrx_word' id='word_1_66' title='bbox 1627 1263 1842 1318; x_wconf 84' lang='lat' dir='ltr'><strong>corpus,</strong></span> 
     </span>
    </p>
   </div>
   <div class='ocr_carea' id='block_1_11' title="bbox 263 1335 1852 1414">
    <p class='ocr_par' dir='ltr' id='par_1_11' title="bbox 263 1335 1852 1414">
     <span class='ocr_line' id='line_1_11' title="bbox 263 1335 1852 1414; baseline -0.004 -14"><span class='ocrx_word' id='word_1_67' title='bbox 263 1344 574 1414; x_wconf 89' lang='lat' dir='ltr'><strong>adimplens</strong></span> <span class='ocrx_word' id='word_1_68' title='bbox 593 1337 918 1396; x_wconf 86' lang='lat' dir='ltr'><strong>sententiam</strong></span> <span class='ocrx_word' id='word_1_69' title='bbox 949 1351 1127 1403; x_wconf 88' lang='lat' dir='ltr'><strong>suam,</strong></span> <span class='ocrx_word' id='word_1_70' title='bbox 1151 1335 1279 1407; x_wconf 82' lang='lat' dir='ltr'><strong>quia</strong></span> <span class='ocrx_word' id='word_1_71' title='bbox 1305 1335 1382 1390; x_wconf 86' lang='lat' dir='ltr'><strong>ait</strong></span> <span class='ocrx_word' id='word_1_72' title='bbox 1406 1352 1417 1389; x_wconf 93' lang='lat'><strong>:</strong></span> <span class='ocrx_word' id='word_1_73' title='bbox 1452 1359 1469 1382; x_wconf 77' lang='grc' dir='ltr'>ι</span> <span class='ocrx_word' id='word_1_74' title='bbox 1486 1336 1658 1391; x_wconf 92' lang='lat' dir='ltr'><strong>Omne</strong></span> <span class='ocrx_word' id='word_1_75' title='bbox 1688 1353 1792 1408; x_wconf 92' lang='lat' dir='ltr'><strong>quo</strong></span> <span class='ocrx_word' id='word_1_76' title='bbox 1814 1335 1852 1393; x_wconf 91' lang='lat' dir='ltr'><strong>d</strong></span> 
     </span>
    </p>
   </div>
   <div class='ocr_carea' id='block_1_12' title="bbox 265 1426 1840 1499">
    <p class='ocr_par' dir='ltr' id='par_1_12' title="bbox 265 1426 1840 1499">
     <span class='ocr_line' id='line_1_12' title="bbox 265 1426 1840 1499; baseline -0.004 -11"><span class='ocrx_word' id='word_1_77' title='bbox 265 1430 421 1488; x_wconf 86' lang='lat' dir='ltr'><strong>dedit</strong></span> <span class='ocrx_word' id='word_1_78' title='bbox 467 1428 604 1484; x_wconf 90' lang='lat' dir='ltr'><strong>mihi</strong></span> <span class='ocrx_word' id='word_1_79' title='bbox 650 1429 824 1494; x_wconf 89' lang='lat' dir='ltr'><strong>Pater,</strong></span> <span class='ocrx_word' id='word_1_80' title='bbox 875 1443 984 1482; x_wconf 91' lang='lat' dir='ltr'><strong>non</strong></span> <span class='ocrx_word' id='word_1_81' title='bbox 1025 1426 1248 1498; x_wconf 87' lang='lat' dir='ltr'><strong>perdam</strong></span> <span class='ocrx_word' id='word_1_82' title='bbox 1296 1443 1365 1482; x_wconf 87' lang='lat' dir='ltr'><strong>ex</strong></span> <span class='ocrx_word' id='word_1_83' title='bbox 1394 1443 1458 1482; x_wconf 90' lang='lat' dir='ltr'><strong>eo</strong></span> <span class='ocrx_word' id='word_1_84' title='bbox 1495 1427 1840 1499; x_wconf 85' lang='lat' dir='ltr'><strong>quidquam;</strong></span> 
     </span>
    </p>
   </div>
   <div class='ocr_carea' id='block_1_13' title="bbox 269 1513 1840 1591">
    <p class='ocr_par' dir='ltr' id='par_1_13' title="bbox 269 1513 1840 1591">
     <span class='ocr_line' id='line_1_13' title="bbox 269 1513 1840 1591; baseline -0.004 -15"><span class='ocrx_word' id='word_1_85' title='bbox 269 1520 366 1576; x_wconf 89' lang='lat' dir='ltr'><strong>sed</strong></span> <span class='ocrx_word' id='word_1_86' title='bbox 397 1535 494 1591; x_wconf 86' lang='lat' dir='ltr'><strong>ego</strong></span> <span class='ocrx_word' id='word_1_87' title='bbox 522 1515 857 1573; x_wconf 90' lang='lat' dir='ltr'><strong>resuscitabo</strong></span> <span class='ocrx_word' id='word_1_88' title='bbox 888 1514 1025 1570; x_wconf 90' lang='lat' dir='ltr'><strong>illud</strong></span> <span class='ocrx_word' id='word_1_89' title='bbox 1073 1514 1130 1569; x_wconf 91' lang='lat' dir='ltr'><strong>in</strong></span> <span class='ocrx_word' id='word_1_90' title='bbox 1163 1513 1464 1570; x_wconf 88' lang='lat' dir='ltr'><strong>novissimo</strong></span> <span class='ocrx_word' id='word_1_91' title='bbox 1514 1515 1603 1570; x_wconf 90' lang='lat' dir='ltr'><strong>die</strong></span> <span class='ocrx_word' id='word_1_92' title='bbox 1661 1516 1840 1586; x_wconf 85' lang='lat' dir='ltr'><strong>(Joan.</strong></span> 
     </span>
    </p>
   </div>
   <div class='ocr_carea' id='block_1_14' title="bbox 268 1601 1843 1679">
    <p class='ocr_par' dir='ltr' id='par_1_14' title="bbox 268 1601 1843 1679">
     <span class='ocr_line' id='line_1_14' title="bbox 268 1601 1843 1679; baseline -0.005 -14"><span class='ocrx_word' id='word_1_93' title='bbox 268 1627 349 1676; x_wconf 87' lang='lat' dir='ltr'><strong>vx,</strong></span> <span class='ocrx_word' id='word_1_94' title='bbox 381 1608 506 1679; x_wconf 88' lang='lat'><strong>39):</strong></span> <span class='ocrx_word' id='word_1_95' title='bbox 534 1631 553 1654; x_wconf 76' lang='grc' dir='ltr'><strong><em>ι</em></strong></span> <span class='ocrx_word' id='word_1_96' title='bbox 610 1604 756 1678; x_wconf 89' lang='lat' dir='ltr'><strong>quod</strong></span> <span class='ocrx_word' id='word_1_97' title='bbox 783 1603 992 1659; x_wconf 88' lang='lat' dir='ltr'><strong>dictum</strong></span> <span class='ocrx_word' id='word_1_98' title='bbox 1040 1612 1150 1658; x_wconf 91' lang='lat' dir='ltr'><strong>tam</strong></span> <span class='ocrx_word' id='word_1_99' title='bbox 1179 1601 1248 1658; x_wconf 91' lang='lat' dir='ltr'><strong>de</strong></span> <span class='ocrx_word' id='word_1_100' title='bbox 1291 1618 1348 1658; x_wconf 92' lang='lat' dir='ltr'><strong>se</strong></span> <span class='ocrx_word' id='word_1_101' title='bbox 1377 1618 1536 1675; x_wconf 89' lang='lat' dir='ltr'><strong>quam</strong></span> <span class='ocrx_word' id='word_1_102' title='bbox 1568 1603 1635 1658; x_wconf 91' lang='lat' dir='ltr'><strong>de</strong></span> <span class='ocrx_word' id='word_1_103' title='bbox 1665 1619 1843 1658; x_wconf 90' lang='lat' dir='ltr'><strong>mem-</strong></span> 
     </span>
    </p>
   </div>
   <div class='ocr_carea' id='block_1_15' title="bbox 267 1689 1841 1763">
    <p class='ocr_par' dir='ltr' id='par_1_15' title="bbox 267 1689 1841 1763">
     <span class='ocr_line' id='line_1_15' title="bbox 267 1689 1841 1763; baseline -0.004 -10"><span class='ocrx_word' id='word_1_104' title='bbox 267 1697 387 1753; x_wconf 87' lang='lat' dir='ltr'><strong>bris</strong></span> <span class='ocrx_word' id='word_1_105' title='bbox 415 1697 528 1752; x_wconf 88' lang='lat' dir='ltr'><strong>suis</strong></span> <span class='ocrx_word' id='word_1_106' title='bbox 558 1695 854 1750; x_wconf 90' lang='lat' dir='ltr'><strong>Dominum</strong></span> <span class='ocrx_word' id='word_1_107' title='bbox 893 1690 1170 1748; x_wconf 85' lang='lat' dir='ltr'><strong>Christum</strong></span> <span class='ocrx_word' id='word_1_108' title='bbox 1213 1690 1417 1746; x_wconf 81' lang='lat' dir='ltr'><strong>dixisse</strong></span> <span class='ocrx_word' id='word_1_109' title='bbox 1461 1689 1841 1763; x_wconf 82' lang='lat' dir='ltr'><strong>intelligimus,</strong></span> 
     </span>
    </p>
   </div>
   <div class='ocr_carea' id='block_1_16' title="bbox 268 1779 1844 1857">
    <p class='ocr_par' dir='ltr' id='par_1_16' title="bbox 268 1779 1844 1857">
     <span class='ocr_line' id='line_1_16' title="bbox 268 1779 1844 1857; baseline -0.003 -17"><span class='ocrx_word' id='word_1_110' title='bbox 268 1785 366 1857; x_wconf 91' lang='lat' dir='ltr'><strong>qui</strong></span> <span class='ocrx_word' id='word_1_111' title='bbox 415 1801 516 1839; x_wconf 90' lang='lat' dir='ltr'><strong>suo</strong></span> <span class='ocrx_word' id='word_1_112' title='bbox 563 1791 616 1838; x_wconf 90' lang='lat' dir='ltr'><strong>et</strong></span> <span class='ocrx_word' id='word_1_113' title='bbox 667 1781 1036 1837; x_wconf 87' lang='lat' dir='ltr'><strong>membrorum</strong></span> <span class='ocrx_word' id='word_1_114' title='bbox 1087 1796 1311 1835; x_wconf 89' lang='lat' dir='ltr'><strong>suorum</strong></span> <span class='ocrx_word' id='word_1_115' title='bbox 1360 1795 1453 1834; x_wconf 90' lang='lat' dir='ltr'><strong>ore</strong></span> <span class='ocrx_word' id='word_1_116' title='bbox 1489 1779 1549 1834; x_wconf 91' lang='lat' dir='ltr'><strong>in</strong></span> <span class='ocrx_word' id='word_1_117' title='bbox 1589 1780 1844 1836; x_wconf 89' lang='lat' dir='ltr'><strong>omnibus</strong></span> 
     </span>
    </p>
   </div>
   <div class='ocr_carea' id='block_1_17' title="bbox 267 1868 1920 1971">
    <p class='ocr_par' dir='ltr' id='par_1_17' title="bbox 267 1868 1920 1971">
     <span class='ocr_line' id='line_1_17' title="bbox 267 1868 1920 1971; baseline -0.002 -42"><span class='ocrx_word' id='word_1_118' title='bbox 267 1872 476 1928; x_wconf 77' lang='lat' dir='ltr'><strong>sanctis</strong></span> <span class='ocrx_word' id='word_1_119' title='bbox 523 1871 768 1943; x_wconf 91' lang='lat' dir='ltr'><strong>loquitur</strong></span> <span class='ocrx_word' id='word_1_120' title='bbox 813 1869 990 1924; x_wconf 89' lang='lat' dir='ltr'><strong>libris.</strong></span> <span class='ocrx_word' id='word_1_121' title='bbox 1041 1868 1251 1967; x_wconf 81' lang='lat' dir='ltr'><strong>Clamat</strong></span> <span class='ocrx_word' id='word_1_122' title='bbox 1297 1883 1424 1967; x_wconf 87' lang='lat' dir='ltr'><strong>ergo</strong></span> <span class='ocrx_word' id='word_1_123' title='bbox 1471 1868 1538 1971; x_wconf 75' lang='lat' dir='ltr'><strong>ad</strong></span> <span class='ocrx_word' id='word_1_124' title='bbox 1577 1869 1750 1923; x_wconf 91' lang='lat' dir='ltr'><strong>Deum</strong></span> <span class='ocrx_word' id='word_1_125' title='bbox 1791 1876 1846 1925; x_wconf 83' lang='lat' dir='ltr'><strong>ct</strong></span> <span class='ocrx_word' id='word_1_126' title='bbox 1873 1911 1920 1971; x_wconf 82' lang='grc' dir='ltr'><strong>Β</strong></span> 
     </span>
    </p>
   </div>
   <div class='ocr_carea' id='block_1_18' title="bbox 268 1957 1849 2032">
    <p class='ocr_par' dir='ltr' id='par_1_18' title="bbox 268 1957 1849 2032">
     <span class='ocr_line' id='line_1_18' title="bbox 268 1957 1849 2032; baseline -0.003 -15"><span class='ocrx_word' id='word_1_127' title='bbox 268 1969 435 2032; x_wconf 90' lang='lat' dir='ltr'><strong>caput</strong></span> <span class='ocrx_word' id='word_1_128' title='bbox 463 1961 520 2015; x_wconf 90' lang='lat' dir='ltr'><strong>in</strong></span> <span class='ocrx_word' id='word_1_129' title='bbox 560 1975 804 2030; x_wconf 86' lang='lat' dir='ltr'><strong>corpore,</strong></span> <span class='ocrx_word' id='word_1_130' title='bbox 849 1967 904 2014; x_wconf 93' lang='lat' dir='ltr'><strong>et</strong></span> <span class='ocrx_word' id='word_1_131' title='bbox 943 1974 1140 2028; x_wconf 90' lang='lat' dir='ltr'><strong>corpus</strong></span> <span class='ocrx_word' id='word_1_132' title='bbox 1172 1957 1230 2011; x_wconf 93' lang='lat' dir='ltr'><strong>in</strong></span> <span class='ocrx_word' id='word_1_133' title='bbox 1261 1957 1456 2029; x_wconf 86' lang='lat' dir='ltr'><strong>capite,</strong></span> <span class='ocrx_word' id='word_1_134' title='bbox 1499 1957 1605 2014; x_wconf 92' lang='lat' dir='ltr'><strong>hoc</strong></span> <span class='ocrx_word' id='word_1_135' title='bbox 1649 1966 1750 2025; x_wconf 88' lang='lat' dir='ltr'><strong>est,</strong></span> <span class='ocrx_word' id='word_1_136' title='bbox 1795 1965 1849 2012; x_wconf 91' lang='lat' dir='ltr'><strong>et</strong></span> 
     </span>
    </p>
   </div>
   <div class='ocr_carea' id='block_1_19' title="bbox 268 2045 1848 2117">
    <p class='ocr_par' dir='ltr' id='par_1_19' title="bbox 268 2045 1848 2117">
     <span class='ocr_line' id='line_1_19' title="bbox 268 2045 1848 2117; baseline -0.004 -11"><span class='ocrx_word' id='word_1_137' title='bbox 268 2049 516 2106; x_wconf 85' lang='lat' dir='ltr'><strong>Ecclesia</strong></span> <span class='ocrx_word' id='word_1_138' title='bbox 544 2049 602 2103; x_wconf 92' lang='lat' dir='ltr'><strong>in</strong></span> <span class='ocrx_word' id='word_1_139' title='bbox 632 2047 871 2113; x_wconf 86' lang='lat' dir='ltr'><strong>Christo,</strong></span> <span class='ocrx_word' id='word_1_140' title='bbox 918 2055 972 2101; x_wconf 92' lang='lat' dir='ltr'><strong>et</strong></span> <span class='ocrx_word' id='word_1_141' title='bbox 1015 2045 1264 2101; x_wconf 90' lang='lat' dir='ltr'><strong>Christus</strong></span> <span class='ocrx_word' id='word_1_142' title='bbox 1292 2045 1351 2098; x_wconf 92' lang='lat' dir='ltr'><strong>in</strong></span> <span class='ocrx_word' id='word_1_143' title='bbox 1394 2046 1679 2111; x_wconf 84' lang='lat' dir='ltr'><strong>Ecclesia;</strong></span> <span class='ocrx_word' id='word_1_144' title='bbox 1721 2046 1848 2117; x_wconf 83' lang='lat' dir='ltr'><strong>quia</strong></span> 
     </span>
    </p>
   </div>
   <div class='ocr_carea' id='block_1_20' title="bbox 274 2133 1844 2204">
    <p class='ocr_par' dir='ltr' id='par_1_20' title="bbox 274 2133 1844 2204">
     <span class='ocr_line' id='line_1_20' title="bbox 274 2133 1844 2204; baseline 0 -12"><span class='ocrx_word' id='word_1_145' title='bbox 274 2137 334 2192; x_wconf 89' lang='lat' dir='ltr'><strong>in</strong></span> <span class='ocrx_word' id='word_1_146' title='bbox 365 2135 519 2191; x_wconf 90' lang='lat' dir='ltr'><strong>nullo</strong></span> <span class='ocrx_word' id='word_1_147' title='bbox 550 2134 793 2190; x_wconf 89' lang='lat' dir='ltr'><strong>membra</strong></span> <span class='ocrx_word' id='word_1_148' title='bbox 839 2149 871 2188; x_wconf 90' lang='lat' dir='ltr'><strong>a</strong></span> <span class='ocrx_word' id='word_1_149' title='bbox 898 2133 1092 2204; x_wconf 89' lang='lat' dir='ltr'><strong>capite,</strong></span> <span class='ocrx_word' id='word_1_150' title='bbox 1118 2149 1291 2204; x_wconf 92' lang='lat' dir='ltr'><strong>neque</strong></span> <span class='ocrx_word' id='word_1_151' title='bbox 1323 2141 1484 2203; x_wconf 90' lang='lat' dir='ltr'><strong>caput</strong></span> <span class='ocrx_word' id='word_1_152' title='bbox 1513 2144 1790 2204; x_wconf 88' lang='lat' dir='ltr'><strong>separatur</strong></span> <span class='ocrx_word' id='word_1_153' title='bbox 1815 2151 1844 2192; x_wconf 87' lang='lat' dir='ltr'><strong>a</strong></span> 
     </span>
    </p>
   </div>
   <div class='ocr_carea' id='block_1_21' title="bbox 274 2220 1845 2292">
    <p class='ocr_par' dir='ltr' id='par_1_21' title="bbox 274 2220 1845 2292">
     <span class='ocr_line' id='line_1_21' title="bbox 274 2220 1845 2292; baseline -0.002 -12"><span class='ocrx_word' id='word_1_154' title='bbox 274 2223 556 2280; x_wconf 88' lang='lat' dir='ltr'><strong>membris.</strong></span> <span class='ocrx_word' id='word_1_155' title='bbox 591 2223 744 2276; x_wconf 89' lang='lat' dir='ltr'><strong>Tunc</strong></span> <span class='ocrx_word' id='word_1_156' title='bbox 787 2237 913 2292; x_wconf 90' lang='lat' dir='ltr'><strong>ergo</strong></span> <span class='ocrx_word' id='word_1_157' title='bbox 943 2220 1210 2276; x_wconf 87' lang='lat' dir='ltr'><strong>videbunt</strong></span> <span class='ocrx_word' id='word_1_158' title='bbox 1235 2235 1357 2276; x_wconf 85' lang='lat' dir='ltr'><strong>eum</strong></span> <span class='ocrx_word' id='word_1_159' title='bbox 1387 2220 1681 2276; x_wconf 86' lang='lat' dir='ltr'><strong>adversarii</strong></span> <span class='ocrx_word' id='word_1_160' title='bbox 1709 2222 1845 2292; x_wconf 91' lang='lat' dir='ltr'><strong>ejus,</strong></span> 
     </span>
    </p>
   </div>
   <div class='ocr_carea' id='block_1_22' title="bbox 270 2309 1842 2387">
    <p class='ocr_par' dir='ltr' id='par_1_22' title="bbox 270 2309 1842 2387">
     <span class='ocr_line' id='line_1_22' title="bbox 270 2309 1842 2387; baseline -0.003 -19"><span class='ocrx_word' id='word_1_161' title='bbox 270 2313 368 2387; x_wconf 90' lang='lat' dir='ltr'><strong>qui</strong></span> <span class='ocrx_word' id='word_1_162' title='bbox 410 2328 534 2368; x_wconf 91' lang='lat' dir='ltr'><strong>eum</strong></span> <span class='ocrx_word' id='word_1_163' title='bbox 565 2317 1026 2382; x_wconf 89' lang='lat' dir='ltr'><strong>compunxerun-t,</strong></span> <span class='ocrx_word' id='word_1_164' title='bbox 1059 2318 1113 2365; x_wconf 90' lang='lat' dir='ltr'><strong>et</strong></span> <span class='ocrx_word' id='word_1_165' title='bbox 1140 2309 1514 2365; x_wconf 90' lang='lat' dir='ltr'><strong>clamaverunt</strong></span> <span class='ocrx_word' id='word_1_166' title='bbox 1545 2328 1558 2365; x_wconf 94' lang='lat'><strong>:</strong></span> <span class='ocrx_word' id='word_1_167' title='bbox 1623 2333 1641 2356; x_wconf 78' lang='grc' dir='ltr'>ι</span> <span class='ocrx_word' id='word_1_168' title='bbox 1671 2310 1842 2378; x_wconf 90' lang='lat' dir='ltr'><strong>Tolle,</strong></span> 
     </span>
    </p>
   </div>
   <div class='ocr_carea' id='block_1_23' title="bbox 267 2396 1844 2470">
    <p class='ocr_par' dir='ltr' id='par_1_23' title="bbox 267 2396 1844 2470">
     <span class='ocr_line' id='line_1_23' title="bbox 267 2396 1844 2470; baseline -0.002 -14"><span class='ocrx_word' id='word_1_169' title='bbox 267 2401 422 2468; x_wconf 90' lang='lat' dir='ltr'><strong>tolle,</strong></span> <span class='ocrx_word' id='word_1_170' title='bbox 453 2397 708 2470; x_wconf 85' lang='lat' dir='ltr'><strong>cruciﬁge</strong></span> <span class='ocrx_word' id='word_1_171' title='bbox 751 2413 874 2452; x_wconf 89' lang='lat' dir='ltr'><strong>eum</strong></span> <span class='ocrx_word' id='word_1_172' title='bbox 911 2396 1090 2468; x_wconf 83' lang='lat' dir='ltr'><strong>(Joan.</strong></span> <span class='ocrx_word' id='word_1_173' title='bbox 1124 2413 1241 2462; x_wconf 87' lang='lat' dir='ltr'><strong>xxx,</strong></span> <span class='ocrx_word' id='word_1_174' title='bbox 1277 2396 1388 2468; x_wconf 81' lang='grc'><strong>15).</strong></span> <span class='ocrx_word' id='word_1_175' title='bbox 1430 2421 1447 2444; x_wconf 80' lang='grc' dir='ltr'><strong><em>ι</em></strong></span> <span class='ocrx_word' id='word_1_176' title='bbox 1491 2397 1844 2468; x_wconf 71' lang='lat' dir='ltr'><strong>Tuncange-</strong></span> 
     </span>
    </p>
   </div>
   <div class='ocr_carea' id='block_1_24' title="bbox 271 2483 1843 2557">
    <p class='ocr_par' dir='ltr' id='par_1_24' title="bbox 271 2483 1843 2557">
     <span class='ocr_line' id='line_1_24' title="bbox 271 2483 1843 2557; baseline -0.001 -13"><span class='ocrx_word' id='word_1_177' title='bbox 271 2489 451 2544; x_wconf 85' lang='lat' dir='ltr'><strong>lorum</strong></span> <span class='ocrx_word' id='word_1_178' title='bbox 496 2486 821 2543; x_wconf 88' lang='lat' dir='ltr'><strong>vaticinium</strong></span> <span class='ocrx_word' id='word_1_179' title='bbox 869 2483 1330 2556; x_wconf 89' lang='lat' dir='ltr'><strong>comprobabitur,</strong></span> <span class='ocrx_word' id='word_1_180' title='bbox 1368 2486 1462 2556; x_wconf 92' lang='lat' dir='ltr'><strong>qui</strong></span> <span class='ocrx_word' id='word_1_181' title='bbox 1499 2486 1843 2557; x_wconf 88' lang='lat' dir='ltr'><strong>stupentibus</strong></span> 
     </span>
    </p>
   </div>
   <div class='ocr_carea' id='block_1_25' title="bbox 270 2574 1845 2650">
    <p class='ocr_par' dir='ltr' id='par_1_25' title="bbox 270 2574 1845 2650">
     <span class='ocr_line' id='line_1_25' title="bbox 270 2574 1845 2650; baseline -0.003 -16"><span class='ocrx_word' id='word_1_182' title='bbox 270 2577 532 2650; x_wconf 86' lang='lat' dir='ltr'><strong>apostolis</strong></span> <span class='ocrx_word' id='word_1_183' title='bbox 560 2575 858 2632; x_wconf 90' lang='lat' dir='ltr'><strong>dixerunt:</strong></span> <span class='ocrx_word' id='word_1_184' title='bbox 908 2598 927 2621; x_wconf 76' lang='grc' dir='ltr'>ι</span> <span class='ocrx_word' id='word_1_185' title='bbox 959 2574 1082 2630; x_wconf 82' lang='lat' dir='ltr'><strong>Viri</strong></span> <span class='ocrx_word' id='word_1_186' title='bbox 1104 2574 1338 2638; x_wconf 73' lang='lat' dir='ltr'><strong>Galilzei,</strong></span> <span class='ocrx_word' id='word_1_187' title='bbox 1368 2574 1500 2645; x_wconf 90' lang='lat' dir='ltr'><strong>quid</strong></span> <span class='ocrx_word' id='word_1_188' title='bbox 1527 2575 1680 2630; x_wconf 81' lang='lat' dir='ltr'><strong>statis</strong></span> <span class='ocrx_word' id='word_1_189' title='bbox 1706 2576 1845 2646; x_wconf 88' lang='lat' dir='ltr'><strong>aspi-</strong></span> 
     </span>
    </p>
   </div>
   <div class='ocr_carea' id='block_1_26' title="bbox 265 2661 1845 2733">
    <p class='ocr_par' dir='ltr' id='par_1_26' title="bbox 265 2661 1845 2733">
     <span class='ocr_line' id='line_1_26' title="bbox 265 2661 1845 2733; baseline -0.003 -10"><span class='ocrx_word' id='word_1_190' title='bbox 265 2667 470 2724; x_wconf 88' lang='lat' dir='ltr'><strong>cientes</strong></span> <span class='ocrx_word' id='word_1_191' title='bbox 504 2665 562 2720; x_wconf 89' lang='lat' dir='ltr'><strong>in</strong></span> <span class='ocrx_word' id='word_1_192' title='bbox 590 2665 787 2720; x_wconf 84' lang='lat' dir='ltr'><strong>coelum</strong></span> <span class='ocrx_word' id='word_1_193' title='bbox 809 2663 837 2720; x_wconf 84' lang='lat'><strong>?</strong></span> <span class='ocrx_word' id='word_1_194' title='bbox 883 2661 974 2718; x_wconf 92' lang='lat' dir='ltr'><strong>Sic</strong></span> <span class='ocrx_word' id='word_1_195' title='bbox 1014 2661 1216 2729; x_wconf 83' lang='lat' dir='ltr'><strong>veniet,</strong></span> <span class='ocrx_word' id='word_1_196' title='bbox 1262 2663 1719 2733; x_wconf 80' lang='lat' dir='ltr'><strong>quemadmodum</strong></span> <span class='ocrx_word' id='word_1_197' title='bbox 1749 2664 1845 2718; x_wconf 89' lang='lat' dir='ltr'><strong>vi-</strong></span> 
     </span>
    </p>
   </div>
   <div class='ocr_carea' id='block_1_27' title="bbox 269 2749 1843 2820">
    <p class='ocr_par' dir='ltr' id='par_1_27' title="bbox 269 2749 1843 2820">
     <span class='ocr_line' id='line_1_27' title="bbox 269 2749 1843 2820; baseline -0.004 -9"><span class='ocrx_word' id='word_1_198' title='bbox 269 2754 428 2811; x_wconf 87' lang='lat' dir='ltr'><strong>distis</strong></span> <span class='ocrx_word' id='word_1_199' title='bbox 456 2769 581 2809; x_wconf 91' lang='lat' dir='ltr'><strong>eum</strong></span> <span class='ocrx_word' id='word_1_200' title='bbox 614 2760 834 2808; x_wconf 89' lang='lat' dir='ltr'><strong>euntem</strong></span> <span class='ocrx_word' id='word_1_201' title='bbox 866 2750 923 2804; x_wconf 92' lang='lat' dir='ltr'><strong>in</strong></span> <span class='ocrx_word' id='word_1_202' title='bbox 954 2749 1153 2806; x_wconf 77' lang='lat' dir='ltr'><strong>coelum</strong></span> <span class='ocrx_word' id='word_1_203' title='bbox 1182 2749 1322 2820; x_wconf 83' lang='lat' dir='ltr'><strong>(Act.</strong></span> <span class='ocrx_word' id='word_1_204' title='bbox 1348 2766 1386 2817; x_wconf 90' lang='lat' dir='ltr'><strong>x,</strong></span> <span class='ocrx_word' id='word_1_205' title='bbox 1419 2751 1530 2820; x_wconf 81' lang='grc'><strong>11).</strong></span> <span class='ocrx_word' id='word_1_206' title='bbox 1559 2776 1576 2797; x_wconf 76' lang='grc' dir='ltr'><strong><em>ι</em></strong></span> <span class='ocrx_word' id='word_1_207' title='bbox 1611 2752 1681 2806; x_wconf 92' lang='lat' dir='ltr'><strong>Et</strong></span> <span class='ocrx_word' id='word_1_208' title='bbox 1718 2767 1843 2805; x_wconf 87' lang='lat' dir='ltr'><strong>sane</strong></span> 
     </span>
    </p>
   </div>
   <div class='ocr_carea' id='block_1_28' title="bbox 266 2839 1842 2915">
    <p class='ocr_par' dir='ltr' id='par_1_28' title="bbox 266 2839 1842 2915">
     <span class='ocr_line' id='line_1_28' title="bbox 266 2839 1842 2915; baseline -0.003 -15"><span class='ocrx_word' id='word_1_209' title='bbox 266 2844 373 2901; x_wconf 88' lang='lat' dir='ltr'><strong>hoc</strong></span> <span class='ocrx_word' id='word_1_210' title='bbox 429 2839 782 2915; x_wconf 63' lang='lat' dir='ltr'><strong>quaerendum</strong></span> <span class='ocrx_word' id='word_1_211' title='bbox 832 2846 914 2894; x_wconf 89' lang='lat' dir='ltr'><strong>est</strong></span> <span class='ocrx_word' id='word_1_212' title='bbox 979 2846 1166 2896; x_wconf 90' lang='lat' dir='ltr'><strong>utrum</strong></span> <span class='ocrx_word' id='word_1_213' title='bbox 1217 2847 1338 2910; x_wconf 91' lang='lat' dir='ltr'><strong>post</strong></span> <span class='ocrx_word' id='word_1_214' title='bbox 1393 2839 1842 2896; x_wconf 85' lang='lat' dir='ltr'><strong>resurrectionem</strong></span> 
     </span>
    </p>
   </div>
   <div class='ocr_carea' id='block_1_29' title="bbox 267 2927 1842 2998">
    <p class='ocr_par' dir='ltr' id='par_1_29' title="bbox 267 2927 1842 2998">
     <span class='ocr_line' id='line_1_29' title="bbox 267 2927 1842 2998; baseline -0.004 -9"><span class='ocrx_word' id='word_1_215' title='bbox 267 2930 568 2990; x_wconf 80' lang='lat' dir='ltr'><strong>comessuri</strong></span> <span class='ocrx_word' id='word_1_216' title='bbox 596 2944 784 2984; x_wconf 89' lang='lat' dir='ltr'><strong>sumus</strong></span> <span class='ocrx_word' id='word_1_217' title='bbox 799 2927 1050 2997; x_wconf 88' lang='lat' dir='ltr'><strong>(Tertull.</strong></span> <span class='ocrx_word' id='word_1_218' title='bbox 1073 2928 1150 2982; x_wconf 88' lang='lat' dir='ltr'><strong>De</strong></span> <span class='ocrx_word' id='word_1_219' title='bbox 1168 2943 1374 2982; x_wconf 83' lang='lat' dir='ltr'><strong>resurr.</strong></span> <span class='ocrx_word' id='word_1_220' title='bbox 1393 2943 1563 2993; x_wconf 76' lang='lat' dir='ltr'><strong>eam,</strong></span> <span class='ocrx_word' id='word_1_221' title='bbox 1585 2943 1701 2998; x_wconf 91' lang='lat' dir='ltr'><strong>cap.</strong></span> <span class='ocrx_word' id='word_1_222' title='bbox 1726 2927 1842 2996; x_wconf 86' lang='lat'><strong>60),</strong></span> 
     </span>
    </p>
   </div>
   <div class='ocr_carea' id='block_1_30' title="bbox 269 3014 1845 3088">
    <p class='ocr_par' dir='ltr' id='par_1_30' title="bbox 269 3014 1845 3088">
     <span class='ocr_line' id='line_1_30' title="bbox 269 3014 1845 3088; baseline -0.004 -11"><span class='ocrx_word' id='word_1_223' title='bbox 269 3037 334 3077; x_wconf 87' lang='lat' dir='ltr'><strong>ac</strong></span> <span class='ocrx_word' id='word_1_224' title='bbox 361 3017 591 3074; x_wconf 90' lang='lat' dir='ltr'><strong>bibituri</strong></span> <span class='ocrx_word' id='word_1_225' title='bbox 614 3017 670 3072; x_wconf 91' lang='lat' dir='ltr'><strong>in</strong></span> <span class='ocrx_word' id='word_1_226' title='bbox 701 3031 866 3087; x_wconf 88' lang='lat' dir='ltr'><strong>regno</strong></span> <span class='ocrx_word' id='word_1_227' title='bbox 897 3015 1181 3081; x_wconf 77' lang='lat' dir='ltr'><strong>cmlorum,</strong></span> <span class='ocrx_word' id='word_1_228' title='bbox 1199 3014 1341 3070; x_wconf 88' lang='lat' dir='ltr'><strong>sicut</strong></span> <span class='ocrx_word' id='word_1_229' title='bbox 1364 3023 1416 3069; x_wconf 89' lang='lat' dir='ltr'><strong>et</strong></span> <span class='ocrx_word' id='word_1_230' title='bbox 1441 3014 1706 3070; x_wconf 87' lang='lat' dir='ltr'><strong>Dominus</strong></span> <span class='ocrx_word' id='word_1_231' title='bbox 1723 3021 1845 3088; x_wconf 90' lang='lat' dir='ltr'><strong>post</strong></span> 
     </span>
    </p>
   </div>
   <div class='ocr_carea' id='block_1_31' title="bbox 268 3102 1844 3175">
    <p class='ocr_par' dir='ltr' id='par_1_31' title="bbox 268 3102 1844 3175">
     <span class='ocr_line' id='line_1_31' title="bbox 268 3102 1844 3175; baseline -0.005 -10"><span class='ocrx_word' id='word_1_232' title='bbox 268 3106 748 3172; x_wconf 88' lang='lat' dir='ltr'><strong>resurrectionem,</strong></span> <span class='ocrx_word' id='word_1_233' title='bbox 801 3109 863 3158; x_wconf 92' lang='lat' dir='ltr'><strong>ut</strong></span> <span class='ocrx_word' id='word_1_234' title='bbox 906 3119 1095 3158; x_wconf 91' lang='lat' dir='ltr'><strong>verum</strong></span> <span class='ocrx_word' id='word_1_235' title='bbox 1143 3119 1340 3175; x_wconf 89' lang='lat' dir='ltr'><strong>corpus</strong></span> <span class='ocrx_word' id='word_1_236' title='bbox 1385 3102 1711 3170; x_wconf 87' lang='lat' dir='ltr'><strong>ostenderet,</strong></span> <span class='ocrx_word' id='word_1_237' title='bbox 1742 3119 1844 3158; x_wconf 91' lang='lat' dir='ltr'><strong>co-</strong></span> 
     </span>
    </p>
   </div>
   <div class='ocr_carea' id='block_1_32' title="bbox 268 3190 1844 3262">
    <p class='ocr_par' dir='ltr' id='par_1_32' title="bbox 268 3190 1844 3262">
     <span class='ocr_line' id='line_1_32' title="bbox 268 3190 1844 3262; baseline -0.004 -9"><span class='ocrx_word' id='word_1_238' title='bbox 268 3196 442 3254; x_wconf 90' lang='lat' dir='ltr'><strong>medit</strong></span> <span class='ocrx_word' id='word_1_239' title='bbox 488 3211 550 3251; x_wconf 87' lang='lat' dir='ltr'><strong>ac</strong></span> <span class='ocrx_word' id='word_1_240' title='bbox 599 3193 762 3260; x_wconf 88' lang='lat' dir='ltr'><strong>bibit,</strong></span> <span class='ocrx_word' id='word_1_241' title='bbox 801 3191 944 3248; x_wconf 91' lang='lat' dir='ltr'><strong>sicut</strong></span> <span class='ocrx_word' id='word_1_242' title='bbox 990 3191 1222 3246; x_wconf 87' lang='lat' dir='ltr'><strong>Lazarus</strong></span> <span class='ocrx_word' id='word_1_243' title='bbox 1279 3191 1458 3262; x_wconf 87' lang='lat' dir='ltr'><strong>(Joan.</strong></span> <span class='ocrx_word' id='word_1_244' title='bbox 1506 3207 1587 3258; x_wconf 80' lang='lat' dir='ltr'><strong>xi,</strong></span> <span class='ocrx_word' id='word_1_245' title='bbox 1625 3190 1740 3262; x_wconf 75' lang='grc'>44),</span> <span class='ocrx_word' id='word_1_246' title='bbox 1790 3199 1844 3247; x_wconf 91' lang='lat' dir='ltr'><strong>et</strong></span> 
     </span>
    </p>
   </div>
   <div class='ocr_carea' id='block_1_33' title="bbox 264 3278 1842 3355">
    <p class='ocr_par' dir='ltr' id='par_1_33' title="bbox 264 3278 1842 3355">
     <span class='ocr_line' id='line_1_33' title="bbox 264 3278 1842 3355; baseline -0.006 -13"><span class='ocrx_word' id='word_1_247' title='bbox 264 3283 448 3343; x_wconf 63' lang='lat' dir='ltr'><strong>caeteri</strong></span> <span class='ocrx_word' id='word_1_248' title='bbox 498 3297 635 3355; x_wconf 91' lang='lat' dir='ltr'><strong>quos</strong></span> <span class='ocrx_word' id='word_1_249' title='bbox 668 3279 973 3336; x_wconf 89' lang='lat' dir='ltr'><strong>suscitavit.</strong></span> <span class='ocrx_word' id='word_1_250' title='bbox 1006 3278 1256 3335; x_wconf 88' lang='lat' dir='ltr'><strong>Comedit</strong></span> <span class='ocrx_word' id='word_1_251' title='bbox 1287 3294 1412 3350; x_wconf 89' lang='lat' dir='ltr'><strong>ergo</strong></span> <span class='ocrx_word' id='word_1_252' title='bbox 1467 3279 1754 3346; x_wconf 92' lang='lat' dir='ltr'><strong>Dominus,</strong></span> <span class='ocrx_word' id='word_1_253' title='bbox 1780 3285 1842 3333; x_wconf 90' lang='lat' dir='ltr'><strong>ut</strong></span> 
     </span>
    </p>
   </div>
   <div class='ocr_carea' id='block_1_34' title="bbox 269 3366 1844 3442">
    <p class='ocr_par' dir='ltr' id='par_1_34' title="bbox 269 3366 1844 3442">
     <span class='ocr_line' id='line_1_34' title="bbox 269 3366 1844 3442; baseline -0.004 -14"><span class='ocrx_word' id='word_1_254' title='bbox 269 3373 558 3428; x_wconf 87' lang='lat' dir='ltr'><strong>veritatem</strong></span> <span class='ocrx_word' id='word_1_255' title='bbox 588 3369 832 3442; x_wconf 86' lang='lat' dir='ltr'><strong>corporis</strong></span> <span class='ocrx_word' id='word_1_256' title='bbox 876 3368 1185 3424; x_wconf 87' lang='lat' dir='ltr'><strong>ostenderet</strong></span> <span class='ocrx_word' id='word_1_257' title='bbox 1233 3368 1383 3437; x_wconf 87' lang='lat' dir='ltr'><strong>(Luc.</strong></span> <span class='ocrx_word' id='word_1_258' title='bbox 1424 3383 1583 3433; x_wconf 87' lang='lat' dir='ltr'><strong>xxxv,</strong></span> <span class='ocrx_word' id='word_1_259' title='bbox 1621 3366 1736 3434; x_wconf 79' lang='grc'>43),</span> <span class='ocrx_word' id='word_1_260' title='bbox 1789 3373 1844 3421; x_wconf 92' lang='lat' dir='ltr'><strong>et</strong></span> 
     </span>
    </p>
   </div>
   <div class='ocr_carea' id='block_1_35' title="bbox 260 3453 1841 3530">
    <p class='ocr_par' dir='ltr' id='par_1_35' title="bbox 260 3453 1841 3530">
     <span class='ocr_line' id='line_1_35' title="bbox 260 3453 1841 3530; baseline -0.007 -13"><span class='ocrx_word' id='word_1_261' title='bbox 260 3460 582 3517; x_wconf 82' lang='lat' dir='ltr'><strong>dubitantes</strong></span> <span class='ocrx_word' id='word_1_262' title='bbox 611 3457 882 3530; x_wconf 90' lang='lat' dir='ltr'><strong>apostolos</strong></span> <span class='ocrx_word' id='word_1_263' title='bbox 914 3455 1286 3519; x_wconf 82' lang='lat' dir='ltr'><strong>conﬁrmaret,</strong></span> <span class='ocrx_word' id='word_1_264' title='bbox 1319 3454 1412 3525; x_wconf 90' lang='lat' dir='ltr'><strong>qui</strong></span> <span class='ocrx_word' id='word_1_265' title='bbox 1443 3469 1565 3508; x_wconf 91' lang='lat' dir='ltr'><strong>eum</strong></span> <span class='ocrx_word' id='word_1_266' title='bbox 1589 3453 1841 3524; x_wconf 89' lang='lat' dir='ltr'><strong>spiritum</strong></span> 
     </span>
    </p>
   </div>
   <div class='ocr_carea' id='block_1_36' title="bbox 264 3540 1843 3620">
    <p class='ocr_par' dir='ltr' id='par_1_36' title="bbox 264 3540 1843 3620">
     <span class='ocr_line' id='line_1_36' title="bbox 264 3540 1843 3620; baseline -0.008 -15"><span class='ocrx_word' id='word_1_267' title='bbox 264 3565 329 3606; x_wconf 83' lang='lat' dir='ltr'><strong>ac</strong></span> <span class='ocrx_word' id='word_1_268' title='bbox 359 3548 686 3620; x_wconf 88' lang='lat' dir='ltr'><strong>phantasma</strong></span> <span class='ocrx_word' id='word_1_269' title='bbox 731 3543 1031 3616; x_wconf 88' lang='lat' dir='ltr'><strong>putabant:</strong></span> <span class='ocrx_word' id='word_1_270' title='bbox 1082 3540 1320 3598; x_wconf 89' lang='lat' dir='ltr'><strong>comedit</strong></span> <span class='ocrx_word' id='word_1_271' title='bbox 1361 3541 1569 3608; x_wconf 88' lang='lat' dir='ltr'><strong>favum,</strong></span> <span class='ocrx_word' id='word_1_272' title='bbox 1609 3549 1669 3594; x_wconf 88' lang='lat' dir='ltr'><strong>ut</strong></span> <span class='ocrx_word' id='word_1_273' title='bbox 1707 3556 1843 3611; x_wconf 82' lang='lat' dir='ltr'><strong>pro-</strong></span> 
     </span>
    </p>
   </div>
   <div class='ocr_carea' id='block_1_37' title="bbox 262 3629 1842 3710">
    <p class='ocr_par' dir='ltr' id='par_1_37' title="bbox 262 3629 1842 3710">
     <span class='ocr_line' id='line_1_37' title="bbox 262 3629 1842 3710; baseline -0.005 -17"><span class='ocrx_word' id='word_1_274' title='bbox 262 3636 508 3710; x_wconf 87' lang='lat' dir='ltr'><strong>phetiam</strong></span> <span class='ocrx_word' id='word_1_275' title='bbox 551 3635 825 3705; x_wconf 88' lang='lat' dir='ltr'><strong>impleret,</strong></span> <span class='ocrx_word' id='word_1_276' title='bbox 871 3647 990 3702; x_wconf 77' lang='lat' dir='ltr'><strong>quae</strong></span> <span class='ocrx_word' id='word_1_277' title='bbox 1036 3646 1104 3684; x_wconf 91' lang='lat' dir='ltr'><strong>ex</strong></span> <span class='ocrx_word' id='word_1_278' title='bbox 1146 3645 1375 3701; x_wconf 88' lang='lat' dir='ltr'><strong>persona</strong></span> <span class='ocrx_word' id='word_1_279' title='bbox 1420 3629 1538 3700; x_wconf 87' lang='lat' dir='ltr'><strong>ejus</strong></span> <span class='ocrx_word' id='word_1_280' title='bbox 1599 3630 1842 3702; x_wconf 87' lang='lat' dir='ltr'><strong>loquitur</strong></span> 
     </span>
    </p>
   </div>
   <div class='ocr_carea' id='block_1_38' title="bbox 263 3717 1838 3789">
    <p class='ocr_par' dir='ltr' id='par_1_38' title="bbox 263 3717 1838 3789">
     <span class='ocr_line' id='line_1_38' title="bbox 263 3717 1838 3789; baseline -0.006 -7"><span class='ocrx_word' id='word_1_281' title='bbox 263 3726 488 3782; x_wconf 87' lang='lat' dir='ltr'><strong>dicens:</strong></span> <span class='ocrx_word' id='word_1_282' title='bbox 537 3746 557 3770; x_wconf 75' lang='grc' dir='ltr'><strong>ε</strong></span> <span class='ocrx_word' id='word_1_283' title='bbox 610 3718 834 3779; x_wconf 89' lang='lat' dir='ltr'><strong>Comedi</strong></span> <span class='ocrx_word' id='word_1_284' title='bbox 885 3719 1072 3773; x_wconf 87' lang='lat' dir='ltr'><strong>favum</strong></span> <span class='ocrx_word' id='word_1_285' title='bbox 1128 3717 1243 3789; x_wconf 90' lang='lat'><strong>(62)</strong></span> <span class='ocrx_word' id='word_1_286' title='bbox 1297 3734 1422 3774; x_wconf 90' lang='lat' dir='ltr'><strong>cum</strong></span> <span class='ocrx_word' id='word_1_287' title='bbox 1474 3717 1633 3773; x_wconf 90' lang='lat' dir='ltr'><strong>melle</strong></span> <span class='ocrx_word' id='word_1_288' title='bbox 1681 3734 1838 3786; x_wconf 91' lang='lat' dir='ltr'><strong>meo;</strong></span> 
     </span>
    </p>
   </div>
   <div class='ocr_carea' id='block_1_39' title="bbox 263 3808 1827 3881">
    <p class='ocr_par' dir='ltr' id='par_1_39' title="bbox 263 3808 1827 3881">
     <span class='ocr_line' id='line_1_39' title="bbox 263 3808 1827 3881; baseline -0.008 -10"><span class='ocrx_word' id='word_1_289' title='bbox 263 3813 557 3881; x_wconf 87' lang='lat' dir='ltr'><strong>comedite,</strong></span> <span class='ocrx_word' id='word_1_290' title='bbox 578 3811 763 3878; x_wconf 90' lang='lat' dir='ltr'><strong>amici,</strong></span> <span class='ocrx_word' id='word_1_291' title='bbox 788 3820 840 3866; x_wconf 90' lang='lat' dir='ltr'><strong>et</strong></span> <span class='ocrx_word' id='word_1_292' title='bbox 870 3808 1422 3877; x_wconf 88' lang='lat' dir='ltr'><strong>inebriamini,viciui</strong></span> <span class='ocrx_word' id='word_1_293' title='bbox 1444 3809 1624 3877; x_wconf 83' lang='lat' dir='ltr'><strong>(Cant,</strong></span> <span class='ocrx_word' id='word_1_294' title='bbox 1644 3825 1699 3877; x_wconf 86' lang='grc' dir='ltr'>ν,</span> <span class='ocrx_word' id='word_1_295' title='bbox 1725 3810 1827 3879; x_wconf 75' lang='grc'><strong>1).»</strong></span> 
     </span>
    </p>
   </div>
   <div class='ocr_carea' id='block_1_40' title="bbox 264 3897 1841 3972">
    <p class='ocr_par' dir='ltr' id='par_1_40' title="bbox 264 3897 1841 3972">
     <span class='ocr_line' id='line_1_40' title="bbox 264 3897 1841 3972; baseline -0.005 -13"><span class='ocrx_word' id='word_1_296' title='bbox 264 3901 349 3960; x_wconf 90' lang='lat' dir='ltr'><strong>Ob</strong></span> <span class='ocrx_word' id='word_1_297' title='bbox 379 3901 520 3956; x_wconf 85' lang='lat' dir='ltr'><strong>hanc</strong></span> <span class='ocrx_word' id='word_1_298' title='bbox 548 3915 674 3972; x_wconf 89' lang='lat' dir='ltr'><strong>ergo</strong></span> <span class='ocrx_word' id='word_1_299' title='bbox 703 3897 1065 3970; x_wconf 87' lang='lat' dir='ltr'><strong>prephetiam,</strong></span> <span class='ocrx_word' id='word_1_300' title='bbox 1099 3905 1153 3952; x_wconf 90' lang='lat' dir='ltr'><strong>et</strong></span> <span class='ocrx_word' id='word_1_301' title='bbox 1199 3912 1390 3951; x_wconf 88' lang='lat' dir='ltr'><strong>verum</strong></span> <span class='ocrx_word' id='word_1_302' title='bbox 1427 3913 1623 3967; x_wconf 89' lang='lat' dir='ltr'><strong>corpus</strong></span> <span class='ocrx_word' id='word_1_303' title='bbox 1657 3897 1841 3952; x_wconf 84' lang='lat' dir='ltr'><strong>mani-</strong></span> 
     </span>
    </p>
   </div>
   <div class='ocr_carea' id='block_1_41' title="bbox 259 3984 1843 4058">
    <p class='ocr_par' dir='ltr' id='par_1_41' title="bbox 259 3984 1843 4058">
     <span class='ocr_line' id='line_1_41' title="bbox 259 3984 1843 4058; baseline -0.004 -12"><span class='ocrx_word' id='word_1_304' title='bbox 259 3987 571 4047; x_wconf 81' lang='lat' dir='ltr'><strong>festandum</strong></span> <span class='ocrx_word' id='word_1_305' title='bbox 614 3993 735 4058; x_wconf 90' lang='lat' dir='ltr'><strong>post</strong></span> <span class='ocrx_word' id='word_1_306' title='bbox 783 3984 1237 4040; x_wconf 89' lang='lat' dir='ltr'><strong>resurrectionem</strong></span> <span class='ocrx_word' id='word_1_307' title='bbox 1287 3984 1527 4039; x_wconf 84' lang='lat' dir='ltr'><strong>comedit</strong></span> <span class='ocrx_word' id='word_1_308' title='bbox 1573 3985 1843 4040; x_wconf 88' lang='lat' dir='ltr'><strong>Dominus</strong></span> 
     </span>
    </p>
   </div>
   <div class='ocr_carea' id='block_1_42' title="bbox 261 4071 1845 4146">
    <p class='ocr_par' dir='ltr' id='par_1_42' title="bbox 261 4071 1845 4146">
     <span class='ocr_line' id='line_1_42' title="bbox 261 4071 1845 4146; baseline -0.002 -14"><span class='ocrx_word' id='word_1_309' title='bbox 261 4093 325 4133; x_wconf 85' lang='lat' dir='ltr'><strong>ac</strong></span> <span class='ocrx_word' id='word_1_310' title='bbox 373 4075 537 4142; x_wconf 88' lang='lat' dir='ltr'><strong>bibit,</strong></span> <span class='ocrx_word' id='word_1_311' title='bbox 582 4073 845 4146; x_wconf 91' lang='lat' dir='ltr'><strong>probante</strong></span> <span class='ocrx_word' id='word_1_312' title='bbox 903 4072 1007 4128; x_wconf 92' lang='lat' dir='ltr'><strong>hoc</strong></span> <span class='ocrx_word' id='word_1_313' title='bbox 1051 4072 1209 4128; x_wconf 91' lang='lat' dir='ltr'><strong>beato</strong></span> <span class='ocrx_word' id='word_1_314' title='bbox 1258 4071 1416 4126; x_wconf 89' lang='lat' dir='ltr'><strong>Petro</strong></span> <span class='ocrx_word' id='word_1_315' title='bbox 1460 4073 1724 4142; x_wconf 87' lang='lat' dir='ltr'><strong>apostolo,</strong></span> <span class='ocrx_word' id='word_1_316' title='bbox 1781 4087 1845 4129; x_wconf 89' lang='lat' dir='ltr'><strong>ac</strong></span> 
     </span>
    </p>
   </div>
   <div class='ocr_carea' id='block_1_43' title="bbox 263 4158 1843 4233">
    <p class='ocr_par' dir='ltr' id='par_1_43' title="bbox 263 4158 1843 4233">
     <span class='ocr_line' id='line_1_43' title="bbox 263 4158 1843 4233; baseline -0.004 -14"><span class='ocrx_word' id='word_1_317' title='bbox 263 4163 479 4220; x_wconf 87' lang='lat' dir='ltr'><strong>dicente</strong></span> <span class='ocrx_word' id='word_1_318' title='bbox 513 4161 628 4233; x_wconf 91' lang='lat'><strong>(63)</strong></span> <span class='ocrx_word' id='word_1_319' title='bbox 665 4178 676 4215; x_wconf 96' lang='lat'><strong>:</strong></span> <span class='ocrx_word' id='word_1_320' title='bbox 726 4185 744 4208; x_wconf 76' lang='grc' dir='ltr'>ι</span> <span class='ocrx_word' id='word_1_321' title='bbox 772 4159 941 4216; x_wconf 89' lang='lat' dir='ltr'><strong>Nobis</strong></span> <span class='ocrx_word' id='word_1_322' title='bbox 988 4167 1169 4215; x_wconf 89' lang='lat' dir='ltr'><strong>autem</strong></span> <span class='ocrx_word' id='word_1_323' title='bbox 1200 4158 1578 4214; x_wconf 79' lang='lat' dir='ltr'><strong>manifestatus</strong></span> <span class='ocrx_word' id='word_1_324' title='bbox 1608 4167 1708 4226; x_wconf 90' lang='lat' dir='ltr'><strong>est,</strong></span> <span class='ocrx_word' id='word_1_325' title='bbox 1748 4160 1843 4232; x_wconf 93' lang='lat' dir='ltr'><strong>qui</strong></span> 
     </span>
    </p>
   </div>
   <div class='ocr_carea' id='block_1_44' title="bbox 264 4249 1842 4320">
    <p class='ocr_par' dir='ltr' id='par_1_44' title="bbox 264 4249 1842 4320">
     <span class='ocr_line' id='line_1_44' title="bbox 264 4249 1842 4320; baseline -0.003 -12"><span class='ocrx_word' id='word_1_326' title='bbox 264 4253 720 4308; x_wconf 89' lang='lat' dir='ltr'><strong>manducavimus</strong></span> <span class='ocrx_word' id='word_1_327' title='bbox 739 4267 803 4307; x_wconf 90' lang='lat' dir='ltr'><strong>ac</strong></span> <span class='ocrx_word' id='word_1_328' title='bbox 827 4249 1071 4305; x_wconf 90' lang='lat' dir='ltr'><strong>bibimus</strong></span> <span class='ocrx_word' id='word_1_329' title='bbox 1101 4265 1227 4305; x_wconf 91' lang='lat' dir='ltr'><strong>cum</strong></span> <span class='ocrx_word' id='word_1_330' title='bbox 1247 4265 1332 4315; x_wconf 90' lang='lat' dir='ltr'><strong>eo,</strong></span> <span class='ocrx_word' id='word_1_331' title='bbox 1364 4257 1646 4320; x_wconf 90' lang='lat' dir='ltr'><strong>postquam</strong></span> <span class='ocrx_word' id='word_1_332' title='bbox 1672 4265 1842 4304; x_wconf 89' lang='lat' dir='ltr'><strong>resur-</strong></span> 
     </span>
    </p>
   </div>
   <div class='ocr_carea' id='block_1_45' title="bbox 261 4335 1843 4408">
    <p class='ocr_par' dir='ltr' id='par_1_45' title="bbox 261 4335 1843 4408">
     <span class='ocr_line' id='line_1_45' title="bbox 261 4335 1843 4408; baseline -0.003 -12"><span class='ocrx_word' id='word_1_333' title='bbox 261 4340 406 4397; x_wconf 80' lang='lat' dir='ltr'><strong>rexit</strong></span> <span class='ocrx_word' id='word_1_334' title='bbox 433 4355 464 4393; x_wconf 88' lang='lat' dir='ltr'><strong>a</strong></span> <span class='ocrx_word' id='word_1_335' title='bbox 501 4337 733 4392; x_wconf 89' lang='lat' dir='ltr'><strong>mortuis</strong></span> <span class='ocrx_word' id='word_1_336' title='bbox 766 4335 907 4407; x_wconf 86' lang='lat' dir='ltr'><strong>(Act.</strong></span> <span class='ocrx_word' id='word_1_337' title='bbox 939 4352 998 4403; x_wconf 86' lang='lat' dir='ltr'><strong>x,</strong></span> <span class='ocrx_word' id='word_1_338' title='bbox 1027 4335 1115 4401; x_wconf 82' lang='grc'>40,</span> <span class='ocrx_word' id='word_1_339' title='bbox 1149 4335 1263 4405; x_wconf 65' lang='lat' dir='ltr'><strong>hi).</strong></span> <span class='ocrx_word' id='word_1_340' title='bbox 1296 4360 1316 4383; x_wconf 77' lang='grc' dir='ltr'>ι</span> <span class='ocrx_word' id='word_1_341' title='bbox 1353 4335 1522 4390; x_wconf 91' lang='lat' dir='ltr'><strong>Nobis</strong></span> <span class='ocrx_word' id='word_1_342' title='bbox 1571 4353 1694 4406; x_wconf 88' lang='lat' dir='ltr'><strong>ergo</strong></span> <span class='ocrx_word' id='word_1_343' title='bbox 1725 4343 1843 4408; x_wconf 86' lang='lat' dir='ltr'><strong>post</strong></span> 
     </span>
    </p>
   </div>
   <div class='ocr_carea' id='block_1_46' title="bbox 265 4423 1845 4491">
    <p class='ocr_par' dir='ltr' id='par_1_46' title="bbox 265 4423 1845 4491">
     <span class='ocr_line' id='line_1_46' title="bbox 265 4423 1845 4491; baseline -0.003 -8"><span class='ocrx_word' id='word_1_344' title='bbox 265 4425 717 4484; x_wconf 87' lang='lat' dir='ltr'><strong>resurrectionem</strong></span> <span class='ocrx_word' id='word_1_345' title='bbox 762 4423 917 4478; x_wconf 89' lang='lat' dir='ltr'><strong>cibus</strong></span> <span class='ocrx_word' id='word_1_346' title='bbox 949 4423 1138 4487; x_wconf 82' lang='lat' dir='ltr'><strong>Verbi,</strong></span> <span class='ocrx_word' id='word_1_347' title='bbox 1169 4430 1223 4477; x_wconf 92' lang='lat' dir='ltr'><strong>et</strong></span> <span class='ocrx_word' id='word_1_348' title='bbox 1257 4423 1398 4478; x_wconf 87' lang='lat' dir='ltr'><strong>visio</strong></span> <span class='ocrx_word' id='word_1_349' title='bbox 1428 4425 1548 4491; x_wconf 91' lang='lat' dir='ltr'><strong>Dei,</strong></span> <span class='ocrx_word' id='word_1_350' title='bbox 1579 4431 1631 4478; x_wconf 89' lang='lat' dir='ltr'><strong>et</strong></span> <span class='ocrx_word' id='word_1_351' title='bbox 1660 4424 1845 4479; x_wconf 86' lang='lat' dir='ltr'><strong>laudes</strong></span> 
     </span>
    </p>
   </div>
   <div class='ocr_carea' id='block_1_47' title="bbox 263 4510 1844 4586">
    <p class='ocr_par' dir='ltr' id='par_1_47' title="bbox 263 4510 1844 4586">
     <span class='ocr_line' id='line_1_47' title="bbox 263 4510 1844 4586; baseline -0.003 -16"><span class='ocrx_word' id='word_1_352' title='bbox 263 4514 402 4586; x_wconf 86' lang='lat' dir='ltr'><strong>ejus,</strong></span> <span class='ocrx_word' id='word_1_353' title='bbox 454 4522 507 4570; x_wconf 89' lang='lat' dir='ltr'><strong>et</strong></span> <span class='ocrx_word' id='word_1_354' title='bbox 552 4511 775 4568; x_wconf 89' lang='lat' dir='ltr'><strong>alleluia</strong></span> <span class='ocrx_word' id='word_1_355' title='bbox 814 4517 997 4578; x_wconf 89' lang='lat' dir='ltr'><strong>erunt,</strong></span> <span class='ocrx_word' id='word_1_356' title='bbox 1055 4518 1110 4564; x_wconf 87' lang='lat' dir='ltr'><strong>et</strong></span> <span class='ocrx_word' id='word_1_357' title='bbox 1155 4510 1252 4564; x_wconf 90' lang='lat' dir='ltr'><strong>illa</strong></span> <span class='ocrx_word' id='word_1_358' title='bbox 1299 4535 1317 4556; x_wconf 79' lang='grc' dir='ltr'>ι</span> <span class='ocrx_word' id='word_1_359' title='bbox 1345 4527 1464 4582; x_wconf 86' lang='lat' dir='ltr'><strong>quae</strong></span> <span class='ocrx_word' id='word_1_360' title='bbox 1521 4527 1620 4566; x_wconf 91' lang='lat' dir='ltr'><strong>nec</strong></span> <span class='ocrx_word' id='word_1_361' title='bbox 1653 4513 1844 4568; x_wconf 88' lang='lat' dir='ltr'><strong>oculus</strong></span> 
     </span>
    </p>
   </div>
   <div class='ocr_carea' id='block_1_48' title="bbox 1959 630 3532 708">
    <p class='ocr_par' dir='ltr' id='par_1_48' title="bbox 1959 630 3532 708">
     <span class='ocr_line' id='line_1_48' title="bbox 1959 630 3532 708; baseline 0.008 -24"><span class='ocrx_word' id='word_1_362' title='bbox 1959 630 2143 686; x_wconf 90' lang='lat' dir='ltr'><strong>minus</strong></span> <span class='ocrx_word' id='word_1_363' title='bbox 2174 635 2433 706; x_wconf 87' lang='lat' dir='ltr'><strong>suscepit,</strong></span> <span class='ocrx_word' id='word_1_364' title='bbox 2465 645 2518 691; x_wconf 89' lang='lat' dir='ltr'><strong>et</strong></span> <span class='ocrx_word' id='word_1_365' title='bbox 2548 653 2673 692; x_wconf 90' lang='lat' dir='ltr'><strong>vere</strong></span> <span class='ocrx_word' id='word_1_366' title='bbox 2702 653 2888 708; x_wconf 89' lang='lat' dir='ltr'><strong>passus</strong></span> <span class='ocrx_word' id='word_1_367' title='bbox 2917 648 3017 706; x_wconf 88' lang='lat' dir='ltr'><strong>est,</strong></span> <span class='ocrx_word' id='word_1_368' title='bbox 3057 648 3111 694; x_wconf 90' lang='lat' dir='ltr'><strong>et</strong></span> <span class='ocrx_word' id='word_1_369' title='bbox 3149 655 3275 695; x_wconf 90' lang='lat' dir='ltr'><strong>vere</strong></span> <span class='ocrx_word' id='word_1_370' title='bbox 3298 655 3532 696; x_wconf 88' lang='lat' dir='ltr'><strong>resurre-</strong></span> 
     </span>
    </p>
   </div>
   <div class='ocr_carea' id='block_1_49' title="bbox 1956 721 3532 798">
    <p class='ocr_par' dir='ltr' id='par_1_49' title="bbox 1956 721 3532 798">
     <span class='ocr_line' id='line_1_49' title="bbox 1956 721 3532 798; baseline 0.006 -24"><span class='ocrx_word' id='word_1_371' title='bbox 1956 721 2063 788; x_wconf 88' lang='lat' dir='ltr'><strong>xit,</strong></span> <span class='ocrx_word' id='word_1_372' title='bbox 2112 730 2166 777; x_wconf 90' lang='lat' dir='ltr'><strong>et</strong></span> <span class='ocrx_word' id='word_1_373' title='bbox 2210 741 2337 780; x_wconf 91' lang='lat' dir='ltr'><strong>vere</strong></span> <span class='ocrx_word' id='word_1_374' title='bbox 2383 736 2503 798; x_wconf 89' lang='lat' dir='ltr'><strong>post</strong></span> <span class='ocrx_word' id='word_1_375' title='bbox 2550 729 3003 785; x_wconf 86' lang='lat' dir='ltr'><strong>resurrectionem</strong></span> <span class='ocrx_word' id='word_1_376' title='bbox 3051 745 3244 786; x_wconf 90' lang='lat' dir='ltr'><strong>manus</strong></span> <span class='ocrx_word' id='word_1_377' title='bbox 3289 739 3342 786; x_wconf 91' lang='lat' dir='ltr'><strong>et</strong></span> <span class='ocrx_word' id='word_1_378' title='bbox 3390 731 3532 784; x_wconf 88' lang='lat' dir='ltr'><strong>latus</strong></span> 
     </span>
    </p>
   </div>
   <div class='ocr_carea' id='block_1_50' title="bbox 1958 814 3534 893">
    <p class='ocr_par' dir='ltr' id='par_1_50' title="bbox 1958 814 3534 893">
     <span class='ocr_line' id='line_1_50' title="bbox 1958 814 3534 893; baseline 0.006 -25"><span class='ocrx_word' id='word_1_379' title='bbox 1958 814 2198 872; x_wconf 87' lang='lat' dir='ltr'><strong>ostendit</strong></span> <span class='ocrx_word' id='word_1_380' title='bbox 2224 816 2509 890; x_wconf 89' lang='lat' dir='ltr'><strong>discipulis</strong></span> <span class='ocrx_word' id='word_1_381' title='bbox 2540 821 2719 892; x_wconf 85' lang='lat' dir='ltr'><strong>(Joan.</strong></span> <span class='ocrx_word' id='word_1_382' title='bbox 2752 839 2849 889; x_wconf 89' lang='lat' dir='ltr'><strong>xx,</strong></span> <span class='ocrx_word' id='word_1_383' title='bbox 2868 822 2968 890; x_wconf 89' lang='lat'><strong>27;</strong></span> <span class='ocrx_word' id='word_1_384' title='bbox 2995 823 3125 888; x_wconf 85' lang='lat' dir='ltr'><strong>Luc,</strong></span> <span class='ocrx_word' id='word_1_385' title='bbox 3141 839 3300 890; x_wconf 87' lang='lat' dir='ltr'><strong>xxxv,</strong></span> <span class='ocrx_word' id='word_1_386' title='bbox 3323 822 3437 893; x_wconf 64' lang='lat'><strong>40);</strong></span> <span class='ocrx_word' id='word_1_387' title='bbox 3458 823 3534 878; x_wconf 90' lang='lat' dir='ltr'><strong>ita</strong></span> 
     </span>
    </p>
   </div>
   <div class='ocr_carea' id='block_1_51' title="bbox 1959 907 3532 983">
    <p class='ocr_par' dir='ltr' id='par_1_51' title="bbox 1959 907 3532 983">
     <span class='ocr_line' id='line_1_51' title="bbox 1959 907 3532 983; baseline 0.008 -28"><span class='ocrx_word' id='word_1_388' title='bbox 1959 909 2012 956; x_wconf 90' lang='lat' dir='ltr'><strong>et</strong></span> <span class='ocrx_word' id='word_1_389' title='bbox 2034 919 2159 959; x_wconf 89' lang='lat' dir='ltr'><strong>vere</strong></span> <span class='ocrx_word' id='word_1_390' title='bbox 2188 907 2562 977; x_wconf 88' lang='lat' dir='ltr'><strong>manducavit,</strong></span> <span class='ocrx_word' id='word_1_391' title='bbox 2587 926 2712 965; x_wconf 87' lang='lat' dir='ltr'><strong>vere</strong></span> <span class='ocrx_word' id='word_1_392' title='bbox 2731 911 2961 983; x_wconf 88' lang='lat' dir='ltr'><strong>pedibus</strong></span> <span class='ocrx_word' id='word_1_393' title='bbox 2981 912 3305 977; x_wconf 88' lang='lat' dir='ltr'><strong>ambulavit,</strong></span> <span class='ocrx_word' id='word_1_394' title='bbox 3329 919 3383 967; x_wconf 91' lang='lat' dir='ltr'><strong>et</strong></span> <span class='ocrx_word' id='word_1_395' title='bbox 3401 926 3532 968; x_wconf 80' lang='lat' dir='ltr'><strong>vera</strong></span> 
     </span>
    </p>
   </div>
   <div class='ocr_carea' id='block_1_52' title="bbox 1958 987 3529 1072">
    <p class='ocr_par' dir='ltr' id='par_1_52' title="bbox 1958 987 3529 1072">
     <span class='ocr_line' id='line_1_52' title="bbox 1958 987 3529 1072; baseline 0.008 -28"><span class='ocrx_word' id='word_1_396' title='bbox 1958 987 2144 1063; x_wconf 81' lang='lat' dir='ltr'><strong>lingua</strong></span> <span class='ocrx_word' id='word_1_397' title='bbox 2181 1011 2306 1052; x_wconf 90' lang='lat' dir='ltr'><strong>cum</strong></span> <span class='ocrx_word' id='word_1_398' title='bbox 2335 999 2593 1055; x_wconf 91' lang='lat' dir='ltr'><strong>omnibus</strong></span> <span class='ocrx_word' id='word_1_399' title='bbox 2626 1001 2886 1072; x_wconf 88' lang='lat' dir='ltr'><strong>apostolis</strong></span> <span class='ocrx_word' id='word_1_400' title='bbox 2907 1009 3104 1058; x_wconf 90' lang='lat' dir='ltr'><strong>etcum</strong></span> <span class='ocrx_word' id='word_1_401' title='bbox 3143 1000 3382 1072; x_wconf 89' lang='lat' dir='ltr'><strong>Cleopha</strong></span> <span class='ocrx_word' id='word_1_402' title='bbox 3413 1000 3529 1071; x_wconf 69' lang='grc'>(64)</span> 
     </span>
    </p>
   </div>
   <div class='ocr_carea' id='block_1_53' title="bbox 1959 1083 3533 1156">
    <p class='ocr_par' dir='ltr' id='par_1_53' title="bbox 1959 1083 3533 1156">
     <span class='ocr_line' id='line_1_53' title="bbox 1959 1083 3533 1156; baseline 0.006 -19"><span class='ocrx_word' id='word_1_403' title='bbox 1959 1083 2172 1142; x_wconf 88' lang='lat' dir='ltr'><strong>locutus</strong></span> <span class='ocrx_word' id='word_1_404' title='bbox 2200 1097 2300 1156; x_wconf 91' lang='lat' dir='ltr'><strong>est,</strong></span> <span class='ocrx_word' id='word_1_405' title='bbox 2334 1099 2387 1146; x_wconf 91' lang='lat' dir='ltr'><strong>et</strong></span> <span class='ocrx_word' id='word_1_406' title='bbox 2419 1109 2548 1148; x_wconf 91' lang='lat' dir='ltr'><strong>vero</strong></span> <span class='ocrx_word' id='word_1_407' title='bbox 2576 1095 2766 1150; x_wconf 90' lang='lat' dir='ltr'><strong>cubitu</strong></span> <span class='ocrx_word' id='word_1_408' title='bbox 2795 1111 2920 1150; x_wconf 91' lang='lat' dir='ltr'><strong>cum</strong></span> <span class='ocrx_word' id='word_1_409' title='bbox 2951 1095 3029 1149; x_wconf 92' lang='lat' dir='ltr'><strong>eis</strong></span> <span class='ocrx_word' id='word_1_410' title='bbox 3058 1095 3117 1149; x_wconf 90' lang='lat' dir='ltr'><strong>in</strong></span> <span class='ocrx_word' id='word_1_411' title='bbox 3155 1111 3309 1150; x_wconf 76' lang='lat' dir='ltr'><strong>caena</strong></span> <span class='ocrx_word' id='word_1_412' title='bbox 3337 1093 3533 1148; x_wconf 87' lang='lat' dir='ltr'><strong>discu-</strong></span> 
     </span>
    </p>
   </div>
   <div class='ocr_carea' id='block_1_54' title="bbox 1958 1171 3529 1254">
    <p class='ocr_par' dir='ltr' id='par_1_54' title="bbox 1958 1171 3529 1254">
     <span class='ocr_line' id='line_1_54' title="bbox 1958 1171 3529 1254; baseline 0.004 -29"><span class='ocrx_word' id='word_1_413' title='bbox 1958 1171 2078 1227; x_wconf 90' lang='lat' dir='ltr'><strong>buit</strong></span> <span class='ocrx_word' id='word_1_414' title='bbox 2123 1183 2178 1230; x_wconf 90' lang='lat' dir='ltr'><strong>et</strong></span> <span class='ocrx_word' id='word_1_415' title='bbox 2214 1178 2358 1233; x_wconf 88' lang='lat' dir='ltr'><strong>veris</strong></span> <span class='ocrx_word' id='word_1_416' title='bbox 2399 1180 2650 1236; x_wconf 90' lang='lat' dir='ltr'><strong>manibus</strong></span> <span class='ocrx_word' id='word_1_417' title='bbox 2693 1183 2900 1253; x_wconf 89' lang='lat' dir='ltr'><strong>accepit</strong></span> <span class='ocrx_word' id='word_1_418' title='bbox 2930 1198 3122 1254; x_wconf 89' lang='lat' dir='ltr'><strong>panem</strong></span> <span class='ocrx_word' id='word_1_419' title='bbox 3165 1191 3220 1237; x_wconf 90' lang='lat' dir='ltr'><strong>et</strong></span> <span class='ocrx_word' id='word_1_420' title='bbox 3246 1179 3529 1237; x_wconf 86' lang='lat' dir='ltr'><strong>benedixit</strong></span> 
     </span>
    </p>
   </div>
   <div class='ocr_carea' id='block_1_55' title="bbox 1957 1263 3531 1338">
    <p class='ocr_par' dir='ltr' id='par_1_55' title="bbox 1957 1263 3531 1338">
     <span class='ocr_line' id='line_1_55' title="bbox 1957 1263 3531 1338; baseline 0.007 -24"><span class='ocrx_word' id='word_1_421' title='bbox 1957 1277 2019 1316; x_wconf 92' lang='lat' dir='ltr'><strong>ac</strong></span> <span class='ocrx_word' id='word_1_422' title='bbox 2051 1263 2207 1333; x_wconf 84' lang='lat' dir='ltr'><strong>fregit</strong></span> <span class='ocrx_word' id='word_1_423' title='bbox 2256 1275 2308 1321; x_wconf 91' lang='lat' dir='ltr'><strong>et</strong></span> <span class='ocrx_word' id='word_1_424' title='bbox 2339 1271 2583 1338; x_wconf 89' lang='lat' dir='ltr'><strong>porrexit</strong></span> <span class='ocrx_word' id='word_1_425' title='bbox 2625 1270 2758 1325; x_wconf 91' lang='lat' dir='ltr'><strong>illis.</strong></span> <span class='ocrx_word' id='word_1_426' title='bbox 2806 1271 2963 1337; x_wconf 87' lang='lat' dir='ltr'><strong>Quod</strong></span> <span class='ocrx_word' id='word_1_427' title='bbox 3017 1278 3195 1326; x_wconf 88' lang='lat' dir='ltr'><strong>autem</strong></span> <span class='ocrx_word' id='word_1_428' title='bbox 3257 1286 3325 1326; x_wconf 87' lang='lat' dir='ltr'><strong>ex</strong></span> <span class='ocrx_word' id='word_1_429' title='bbox 3355 1269 3531 1325; x_wconf 89' lang='lat' dir='ltr'><strong>oculis</strong></span> 
     </span>
    </p>
   </div>
   <div class='ocr_carea' id='block_1_56' title="bbox 1958 1357 3530 1425">
    <p class='ocr_par' dir='ltr' id='par_1_56' title="bbox 1958 1357 3530 1425">
     <span class='ocr_line' id='line_1_56' title="bbox 1958 1357 3530 1425; baseline 0.006 -24"><span class='ocrx_word' id='word_1_430' title='bbox 1958 1363 2145 1406; x_wconf 79' lang='lat' dir='ltr'><strong>eorum</strong></span> <span class='ocrx_word' id='word_1_431' title='bbox 2203 1365 2421 1424; x_wconf 90' lang='lat' dir='ltr'><strong>repente</strong></span> <span class='ocrx_word' id='word_1_432' title='bbox 2465 1357 2708 1425; x_wconf 88' lang='lat' dir='ltr'><strong>evanuit,</strong></span> <span class='ocrx_word' id='word_1_433' title='bbox 2753 1358 2956 1413; x_wconf 80' lang='lat' dir='ltr'><strong>divinae</strong></span> <span class='ocrx_word' id='word_1_434' title='bbox 2986 1359 3208 1414; x_wconf 86' lang='lat' dir='ltr'><strong>virtutis</strong></span> <span class='ocrx_word' id='word_1_435' title='bbox 3263 1358 3387 1423; x_wconf 87' lang='lat' dir='ltr'><strong>fuit,</strong></span> <span class='ocrx_word' id='word_1_436' title='bbox 3419 1372 3530 1411; x_wconf 91' lang='lat' dir='ltr'><strong>non</strong></span> 
     </span>
    </p>
   </div>
   <div class='ocr_carea' id='block_1_57' title="bbox 1957 1438 3527 1520">
    <p class='ocr_par' dir='ltr' id='par_1_57' title="bbox 1957 1438 3527 1520">
     <span class='ocr_line' id='line_1_57' title="bbox 1957 1438 3527 1520; baseline 0.006 -30"><span class='ocrx_word' id='word_1_437' title='bbox 1957 1438 2164 1493; x_wconf 78' lang='lat' dir='ltr'><strong>umbrae</strong></span> <span class='ocrx_word' id='word_1_438' title='bbox 2189 1450 2282 1497; x_wconf 90' lang='lat' dir='ltr'><strong>aut</strong></span> <span class='ocrx_word' id='word_1_439' title='bbox 2310 1443 2738 1514; x_wconf 88' lang='lat' dir='ltr'><strong>phantasmatis:</strong></span> <span class='ocrx_word' id='word_1_440' title='bbox 2787 1448 3033 1520; x_wconf 89' lang='lat' dir='ltr'><strong>alioquin</strong></span> <span class='ocrx_word' id='word_1_441' title='bbox 3063 1458 3116 1504; x_wconf 90' lang='lat' dir='ltr'><strong>et</strong></span> <span class='ocrx_word' id='word_1_442' title='bbox 3173 1457 3297 1503; x_wconf 91' lang='lat' dir='ltr'><strong>ante</strong></span> <span class='ocrx_word' id='word_1_443' title='bbox 3329 1447 3527 1517; x_wconf 86' lang='lat' dir='ltr'><strong>passio-</strong></span> 
     </span>
    </p>
   </div>
   <div class='ocr_carea' id='block_1_58' title="bbox 1956 1532 3524 1600">
    <p class='ocr_par' dir='ltr' id='par_1_58' title="bbox 1956 1532 3524 1600">
     <span class='ocr_line' id='line_1_58' title="bbox 1956 1532 3524 1600; baseline 0.005 -21"><span class='ocrx_word' id='word_1_444' title='bbox 1956 1541 2080 1582; x_wconf 89' lang='lat' dir='ltr'><strong>nem</strong></span> <span class='ocrx_word' id='word_1_445' title='bbox 2102 1545 2226 1584; x_wconf 90' lang='lat' dir='ltr'><strong>cum</strong></span> <span class='ocrx_word' id='word_1_446' title='bbox 2245 1532 2566 1600; x_wconf 89' lang='lat' dir='ltr'><strong>tenuissent,</strong></span> <span class='ocrx_word' id='word_1_447' title='bbox 2587 1542 2640 1588; x_wconf 88' lang='lat' dir='ltr'><strong>et</strong></span> <span class='ocrx_word' id='word_1_448' title='bbox 2655 1534 2974 1592; x_wconf 88' lang='lat' dir='ltr'><strong>eduxissent</strong></span> <span class='ocrx_word' id='word_1_449' title='bbox 2994 1553 3117 1591; x_wconf 92' lang='lat' dir='ltr'><strong>eum</strong></span> <span class='ocrx_word' id='word_1_450' title='bbox 3152 1535 3218 1592; x_wconf 92' lang='lat' dir='ltr'><strong>de</strong></span> <span class='ocrx_word' id='word_1_451' title='bbox 3243 1533 3524 1600; x_wconf 81' lang='lat' dir='ltr'><strong>Nazareth,</strong></span> 
     </span>
    </p>
   </div>
   <div class='ocr_carea' id='block_1_59' title="bbox 1956 1621 3526 1696">
    <p class='ocr_par' dir='ltr' id='par_1_59' title="bbox 1956 1621 3526 1696">
     <span class='ocr_line' id='line_1_59' title="bbox 1956 1621 3526 1696; baseline 0.003 -24"><span class='ocrx_word' id='word_1_452' title='bbox 1956 1626 2018 1672; x_wconf 90' lang='lat' dir='ltr'><strong>ut</strong></span> <span class='ocrx_word' id='word_1_453' title='bbox 2053 1621 2453 1693; x_wconf 75' lang='lat' dir='ltr'><strong>praecipitarent</strong></span> <span class='ocrx_word' id='word_1_454' title='bbox 2467 1639 2591 1680; x_wconf 91' lang='lat' dir='ltr'><strong>eum</strong></span> <span class='ocrx_word' id='word_1_455' title='bbox 2623 1625 2689 1680; x_wconf 92' lang='lat' dir='ltr'><strong>de</strong></span> <span class='ocrx_word' id='word_1_456' title='bbox 2709 1626 3002 1696; x_wconf 80' lang='lat' dir='ltr'><strong>supercilio</strong></span> <span class='ocrx_word' id='word_1_457' title='bbox 3032 1625 3234 1680; x_wconf 88' lang='lat' dir='ltr'><strong>montis</strong></span> <span class='ocrx_word' id='word_1_458' title='bbox 3267 1625 3415 1695; x_wconf 82' lang='lat' dir='ltr'><strong>(Luc.</strong></span> <span class='ocrx_word' id='word_1_459' title='bbox 3449 1639 3526 1690; x_wconf 83' lang='lat' dir='ltr'><strong>xv,</strong></span> 
     </span>
    </p>
   </div>
   <div class='ocr_carea' id='block_1_60' title="bbox 1956 1704 3530 1784">
    <p class='ocr_par' dir='ltr' id='par_1_60' title="bbox 1956 1704 3530 1784">
     <span class='ocr_line' id='line_1_60' title="bbox 1956 1704 3530 1784; baseline 0.001 -23"><span class='ocrx_word' id='word_1_460' title='bbox 1956 1704 2046 1777; x_wconf 89' lang='lat'><strong>29)</strong></span> <span class='ocrx_word' id='word_1_461' title='bbox 2088 1725 2250 1779; x_wconf 90' lang='lat' dir='ltr'><strong>super</strong></span> <span class='ocrx_word' id='word_1_462' title='bbox 2292 1727 2453 1782; x_wconf 87' lang='lat' dir='ltr'><strong>quem</strong></span> <span class='ocrx_word' id='word_1_463' title='bbox 2500 1712 2694 1768; x_wconf 89' lang='lat' dir='ltr'><strong>civitas</strong></span> <span class='ocrx_word' id='word_1_464' title='bbox 2723 1729 2910 1768; x_wconf 89' lang='lat' dir='ltr'><strong>eorum</strong></span> <span class='ocrx_word' id='word_1_465' title='bbox 2941 1713 3116 1784; x_wconf 90' lang='lat' dir='ltr'><strong>posita</strong></span> <span class='ocrx_word' id='word_1_466' title='bbox 3139 1721 3289 1777; x_wconf 89' lang='lat' dir='ltr'><strong>erat;</strong></span> <span class='ocrx_word' id='word_1_467' title='bbox 3322 1709 3530 1767; x_wconf 87' lang='lat' dir='ltr'><strong>transi—</strong></span> 
     </span>
    </p>
   </div>
   <div class='ocr_carea' id='block_1_61' title="bbox 1956 1794 3528 1871">
    <p class='ocr_par' dir='ltr' id='par_1_61' title="bbox 1956 1794 3528 1871">
     <span class='ocr_line' id='line_1_61' title="bbox 1956 1794 3528 1871; baseline 0.003 -23"><span class='ocrx_word' id='word_1_468' title='bbox 1956 1794 2036 1850; x_wconf 89' lang='lat' dir='ltr'><strong>vit</strong></span> <span class='ocrx_word' id='word_1_469' title='bbox 2069 1796 2182 1865; x_wconf 80' lang='grc'>(65)</span> <span class='ocrx_word' id='word_1_470' title='bbox 2217 1813 2310 1868; x_wconf 90' lang='lat' dir='ltr'><strong>per</strong></span> <span class='ocrx_word' id='word_1_471' title='bbox 2344 1799 2588 1856; x_wconf 89' lang='lat' dir='ltr'><strong>medium</strong></span> <span class='ocrx_word' id='word_1_472' title='bbox 2637 1817 2848 1868; x_wconf 87' lang='lat' dir='ltr'><strong>eorum,</strong></span> <span class='ocrx_word' id='word_1_473' title='bbox 2893 1801 2950 1855; x_wconf 91' lang='lat' dir='ltr'><strong>id</strong></span> <span class='ocrx_word' id='word_1_474' title='bbox 2979 1808 3078 1868; x_wconf 86' lang='lat' dir='ltr'><strong>est,</strong></span> <span class='ocrx_word' id='word_1_475' title='bbox 3125 1801 3305 1871; x_wconf 88' lang='lat' dir='ltr'><strong>lapsus</strong></span> <span class='ocrx_word' id='word_1_476' title='bbox 3351 1796 3528 1854; x_wconf 88' lang='lat' dir='ltr'><strong>estde</strong></span> 
     </span>
    </p>
   </div>
   <div class='ocr_carea' id='block_1_62' title="bbox 1954 1882 3525 1960">
    <p class='ocr_par' dir='ltr' id='par_1_62' title="bbox 1954 1882 3525 1960">
     <span class='ocr_line' id='line_1_62' title="bbox 1954 1882 3525 1960; baseline 0.002 -25"><span class='ocrx_word' id='word_1_477' title='bbox 1954 1882 2206 1938; x_wconf 90' lang='lat' dir='ltr'><strong>manibus</strong></span> <span class='ocrx_word' id='word_1_478' title='bbox 2231 1900 2439 1942; x_wconf 91' lang='lat' dir='ltr'><strong>eorum.</strong></span> <span class='ocrx_word' id='word_1_479' title='bbox 2463 1890 2576 1942; x_wconf 84' lang='lat' dir='ltr'><strong>Aut</strong></span> <span class='ocrx_word' id='word_1_480' title='bbox 2605 1889 2876 1960; x_wconf 91' lang='lat' dir='ltr'><strong>numquid</strong></span> <span class='ocrx_word' id='word_1_481' title='bbox 2914 1905 3131 1944; x_wconf 90' lang='lat' dir='ltr'><strong>carnem</strong></span> <span class='ocrx_word' id='word_1_482' title='bbox 3164 1904 3274 1942; x_wconf 92' lang='lat' dir='ltr'><strong>non</strong></span> <span class='ocrx_word' id='word_1_483' title='bbox 3310 1885 3525 1951; x_wconf 85' lang='lat' dir='ltr'><strong>habuit,</strong></span> 
     </span>
    </p>
   </div>
   <div class='ocr_carea' id='block_1_63' title="bbox 1955 1973 3529 2047">
    <p class='ocr_par' dir='ltr' id='par_1_63' title="bbox 1955 1973 3529 2047">
     <span class='ocr_line' id='line_1_63' title="bbox 1955 1973 3529 2047; baseline 0.005 -21"><span class='ocrx_word' id='word_1_484' title='bbox 1955 1973 2049 2044; x_wconf 90' lang='lat' dir='ltr'><strong>qui</strong></span> <span class='ocrx_word' id='word_1_485' title='bbox 2096 1974 2368 2046; x_wconf 90' lang='lat' dir='ltr'><strong>ﬂagellum</strong></span> <span class='ocrx_word' id='word_1_486' title='bbox 2411 1977 2476 2032; x_wconf 92' lang='lat' dir='ltr'><strong>de</strong></span> <span class='ocrx_word' id='word_1_487' title='bbox 2529 1979 2660 2034; x_wconf 92' lang='lat' dir='ltr'><strong>fune</strong></span> <span class='ocrx_word' id='word_1_488' title='bbox 2691 1980 2838 2047; x_wconf 85' lang='lat' dir='ltr'><strong>fecit,</strong></span> <span class='ocrx_word' id='word_1_489' title='bbox 2872 1988 2924 2036; x_wconf 88' lang='lat' dir='ltr'><strong>et</strong></span> <span class='ocrx_word' id='word_1_490' title='bbox 2952 1995 3140 2035; x_wconf 89' lang='lat' dir='ltr'><strong>omnes</strong></span> <span class='ocrx_word' id='word_1_491' title='bbox 3183 1978 3438 2033; x_wconf 89' lang='lat' dir='ltr'><strong>inimicos</strong></span> <span class='ocrx_word' id='word_1_492' title='bbox 3466 1993 3529 2034; x_wconf 88' lang='lat' dir='ltr'><strong>ac</strong></span> 
     </span>
    </p>
   </div>
   <div class='ocr_carea' id='block_1_64' title="bbox 1955 2068 3525 2140">
    <p class='ocr_par' dir='ltr' id='par_1_64' title="bbox 1955 2068 3525 2140">
     <span class='ocr_line' id='line_1_64' title="bbox 1955 2068 3525 2140; baseline 0.003 -22"><span class='ocrx_word' id='word_1_493' title='bbox 1955 2073 2324 2134; x_wconf 89' lang='lat' dir='ltr'><strong>persecutores</strong></span> <span class='ocrx_word' id='word_1_494' title='bbox 2372 2084 2498 2122; x_wconf 91' lang='lat' dir='ltr'><strong>suos</strong></span> <span class='ocrx_word' id='word_1_495' title='bbox 2543 2068 2608 2122; x_wconf 91' lang='lat' dir='ltr'><strong>de</strong></span> <span class='ocrx_word' id='word_1_496' title='bbox 2647 2070 2851 2140; x_wconf 87' lang='lat' dir='ltr'><strong>templo</strong></span> <span class='ocrx_word' id='word_1_497' title='bbox 2898 2068 3206 2124; x_wconf 86' lang='lat' dir='ltr'><strong>eliminavit</strong></span> <span class='ocrx_word' id='word_1_498' title='bbox 3253 2069 3432 2138; x_wconf 85' lang='lat' dir='ltr'><strong>(Joan.</strong></span> <span class='ocrx_word' id='word_1_499' title='bbox 3465 2084 3525 2135; x_wconf 84' lang='lat' dir='ltr'><strong>xx,</strong></span> 
     </span>
    </p>
   </div>
   <div class='ocr_carea' id='block_1_65' title="bbox 1957 2153 3524 2229">
    <p class='ocr_par' dir='ltr' id='par_1_65' title="bbox 1957 2153 3524 2229">
     <span class='ocr_line' id='line_1_65' title="bbox 1957 2153 3524 2229; baseline 0.004 -22"><span class='ocrx_word' id='word_1_500' title='bbox 1957 2153 2081 2222; x_wconf 76' lang='lat' dir='ltr'><strong>l5)?</strong></span> <span class='ocrx_word' id='word_1_501' title='bbox 2109 2153 2204 2208; x_wconf 90' lang='lat' dir='ltr'><strong>ubi</strong></span> <span class='ocrx_word' id='word_1_502' title='bbox 2229 2156 2410 2210; x_wconf 90' lang='lat' dir='ltr'><strong>omnis</strong></span> <span class='ocrx_word' id='word_1_503' title='bbox 2439 2156 2748 2212; x_wconf 87' lang='lat' dir='ltr'><strong>divinitatis</strong></span> <span class='ocrx_word' id='word_1_504' title='bbox 2773 2158 2889 2228; x_wconf 90' lang='lat'><strong>(66)</strong></span> <span class='ocrx_word' id='word_1_505' title='bbox 2912 2159 3028 2228; x_wconf 89' lang='lat' dir='ltr'><strong>ejus</strong></span> <span class='ocrx_word' id='word_1_506' title='bbox 3048 2157 3290 2229; x_wconf 87' lang='lat' dir='ltr'><strong>potentia</strong></span> <span class='ocrx_word' id='word_1_507' title='bbox 3309 2157 3524 2213; x_wconf 88' lang='lat' dir='ltr'><strong>claruit.</strong></span> 
     </span>
    </p>
   </div>
   <div class='ocr_carea' id='block_1_66' title="bbox 1940 2240 3528 2316">
    <p class='ocr_par' dir='ltr' id='par_1_66' title="bbox 1940 2240 3528 2316">
     <span class='ocr_line' id='line_1_66' title="bbox 1940 2240 3528 2316; baseline 0.002 -22"><span class='ocrx_word' id='word_1_508' title='bbox 1940 2240 2098 2296; x_wconf 89' lang='lat' dir='ltr'><strong>.Illud</strong></span> <span class='ocrx_word' id='word_1_509' title='bbox 2153 2249 2332 2297; x_wconf 90' lang='lat' dir='ltr'><strong>autem</strong></span> <span class='ocrx_word' id='word_1_510' title='bbox 2389 2244 2534 2315; x_wconf 91' lang='lat' dir='ltr'><strong>quod</strong></span> <span class='ocrx_word' id='word_1_511' title='bbox 2595 2253 2716 2316; x_wconf 90' lang='lat' dir='ltr'><strong>post</strong></span> <span class='ocrx_word' id='word_1_512' title='bbox 2771 2246 3222 2300; x_wconf 86' lang='lat' dir='ltr'><strong>resurrectionem</strong></span> <span class='ocrx_word' id='word_1_513' title='bbox 3263 2250 3406 2305; x_wconf 80' lang='lat'><strong>340</strong></span> <span class='ocrx_word' id='word_1_514' title='bbox 3461 2243 3528 2298; x_wconf 87' lang='lat' dir='ltr'><strong>ad</strong></span> 
     </span>
    </p>
   </div>
   <div class='ocr_carea' id='block_1_67' title="bbox 1953 2335 3524 2412">
    <p class='ocr_par' dir='ltr' id='par_1_67' title="bbox 1953 2335 3524 2412">
     <span class='ocr_line' id='line_1_67' title="bbox 1953 2335 3524 2412; baseline 0.002 -21"><span class='ocrx_word' id='word_1_515' title='bbox 1953 2335 2252 2408; x_wconf 89' lang='lat' dir='ltr'><strong>discipulos</strong></span> <span class='ocrx_word' id='word_1_516' title='bbox 2308 2339 2506 2395; x_wconf 87' lang='lat' dir='ltr'><strong>clausis</strong></span> <span class='ocrx_word' id='word_1_517' title='bbox 2555 2340 2828 2412; x_wconf 89' lang='lat' dir='ltr'><strong>ingressus</strong></span> <span class='ocrx_word' id='word_1_518' title='bbox 2876 2349 2958 2397; x_wconf 90' lang='lat' dir='ltr'><strong>est</strong></span> <span class='ocrx_word' id='word_1_519' title='bbox 2991 2341 3178 2412; x_wconf 89' lang='lat' dir='ltr'><strong>januis</strong></span> <span class='ocrx_word' id='word_1_520' title='bbox 3217 2342 3397 2412; x_wconf 86' lang='lat' dir='ltr'><strong>(Joan.</strong></span> <span class='ocrx_word' id='word_1_521' title='bbox 3428 2356 3524 2407; x_wconf 88' lang='lat' dir='ltr'><strong>xx,</strong></span> 
     </span>
    </p>
   </div>
   <div class='ocr_carea' id='block_1_68' title="bbox 1952 2423 3526 2501">
    <p class='ocr_par' dir='ltr' id='par_1_68' title="bbox 1952 2423 3526 2501">
     <span class='ocr_line' id='line_1_68' title="bbox 1952 2423 3526 2501; baseline 0.003 -21"><span class='ocrx_word' id='word_1_522' title='bbox 1952 2423 2069 2493; x_wconf 90' lang='lat'><strong>26),</strong></span> <span class='ocrx_word' id='word_1_523' title='bbox 2104 2424 2345 2495; x_wconf 91' lang='lat' dir='ltr'><strong>ejusdem</strong></span> <span class='ocrx_word' id='word_1_524' title='bbox 2377 2427 2602 2483; x_wconf 89' lang='lat' dir='ltr'><strong>virtutis</strong></span> <span class='ocrx_word' id='word_1_525' title='bbox 2647 2429 2774 2496; x_wconf 86' lang='lat' dir='ltr'><strong>fuit,</strong></span> <span class='ocrx_word' id='word_1_526' title='bbox 2815 2430 2972 2501; x_wconf 89' lang='lat' dir='ltr'><strong>cujus</strong></span> <span class='ocrx_word' id='word_1_527' title='bbox 3000 2440 3052 2485; x_wconf 92' lang='lat' dir='ltr'><strong>et</strong></span> <span class='ocrx_word' id='word_1_528' title='bbox 3095 2447 3162 2486; x_wconf 88' lang='lat' dir='ltr'><strong>ex</strong></span> <span class='ocrx_word' id='word_1_529' title='bbox 3205 2430 3378 2486; x_wconf 89' lang='lat' dir='ltr'><strong>oculis</strong></span> <span class='ocrx_word' id='word_1_530' title='bbox 3406 2445 3526 2484; x_wconf 87' lang='lat' dir='ltr'><strong>eva-</strong></span> 
     </span>
    </p>
   </div>
   <div class='ocr_carea' id='block_1_69' title="bbox 1951 2516 3526 2592">
    <p class='ocr_par' dir='ltr' id='par_1_69' title="bbox 1951 2516 3526 2592">
     <span class='ocr_line' id='line_1_69' title="bbox 1951 2516 3526 2592; baseline 0.004 -24"><span class='ocrx_word' id='word_1_531' title='bbox 1951 2529 2189 2569; x_wconf 87' lang='lat' dir='ltr'><strong>nescere.</strong></span> <span class='ocrx_word' id='word_1_532' title='bbox 2239 2516 2443 2571; x_wconf 90' lang='lat' dir='ltr'><strong>Dicunt</strong></span> <span class='ocrx_word' id='word_1_533' title='bbox 2480 2518 2626 2572; x_wconf 89' lang='lat' dir='ltr'><strong>enim</strong></span> <span class='ocrx_word' id='word_1_534' title='bbox 2669 2517 2919 2574; x_wconf 89' lang='lat' dir='ltr'><strong>homines</strong></span> <span class='ocrx_word' id='word_1_535' title='bbox 2960 2519 3145 2575; x_wconf 85' lang='lat' dir='ltr'><strong>saeculi</strong></span> <span class='ocrx_word' id='word_1_536' title='bbox 3194 2521 3354 2575; x_wconf 89' lang='lat' dir='ltr'><strong>istius</strong></span> <span class='ocrx_word' id='word_1_537' title='bbox 3382 2521 3526 2592; x_wconf 90' lang='lat' dir='ltr'><strong>quod</strong></span> 
     </span>
    </p>
   </div>
   <div class='ocr_carea' id='block_1_70' title="bbox 1951 2601 3524 2678">
    <p class='ocr_par' dir='ltr' id='par_1_70' title="bbox 1951 2601 3524 2678">
     <span class='ocr_line' id='line_1_70' title="bbox 1951 2601 3524 2678; baseline 0.004 -23"><span class='ocrx_word' id='word_1_538' title='bbox 1951 2601 2276 2672; x_wconf 85' lang='lat' dir='ltr'><strong>Apollonius</strong></span> <span class='ocrx_word' id='word_1_539' title='bbox 2325 2620 2533 2674; x_wconf 88' lang='lat' dir='ltr'><strong>magus,</strong></span> <span class='ocrx_word' id='word_1_540' title='bbox 2563 2622 2690 2660; x_wconf 92' lang='lat' dir='ltr'><strong>cum</strong></span> <span class='ocrx_word' id='word_1_541' title='bbox 2720 2615 2847 2660; x_wconf 89' lang='lat' dir='ltr'><strong>ante</strong></span> <span class='ocrx_word' id='word_1_542' title='bbox 2889 2608 3264 2661; x_wconf 88' lang='lat' dir='ltr'><strong>Domitianum</strong></span> <span class='ocrx_word' id='word_1_543' title='bbox 3295 2608 3524 2678; x_wconf 88' lang='lat' dir='ltr'><strong>impera-</strong></span> 
     </span>
    </p>
   </div>
   <div class='ocr_carea' id='block_1_71' title="bbox 1956 2690 3527 2764">
    <p class='ocr_par' dir='ltr' id='par_1_71' title="bbox 1956 2690 3527 2764">
     <span class='ocr_line' id='line_1_71' title="bbox 1956 2690 3527 2764; baseline 0.004 -23"><span class='ocrx_word' id='word_1_544' title='bbox 1956 2695 2127 2743; x_wconf 90' lang='lat' dir='ltr'><strong>torem</strong></span> <span class='ocrx_word' id='word_1_545' title='bbox 2161 2690 2221 2743; x_wconf 89' lang='lat' dir='ltr'><strong>in</strong></span> <span class='ocrx_word' id='word_1_546' title='bbox 2270 2691 2595 2746; x_wconf 86' lang='lat' dir='ltr'><strong>consistorio</strong></span> <span class='ocrx_word' id='word_1_547' title='bbox 2647 2700 2832 2760; x_wconf 89' lang='lat' dir='ltr'><strong>staret,</strong></span> <span class='ocrx_word' id='word_1_548' title='bbox 2887 2703 3105 2764; x_wconf 89' lang='lat' dir='ltr'><strong>repente</strong></span> <span class='ocrx_word' id='word_1_549' title='bbox 3158 2710 3268 2749; x_wconf 91' lang='lat' dir='ltr'><strong>non</strong></span> <span class='ocrx_word' id='word_1_550' title='bbox 3299 2710 3527 2764; x_wconf 86' lang='lat' dir='ltr'><strong>compa-</strong></span> 
     </span>
    </p>
   </div>
   <div class='ocr_carea' id='block_1_72' title="bbox 1950 2784 3523 2858">
    <p class='ocr_par' dir='ltr' id='par_1_72' title="bbox 1950 2784 3523 2858">
     <span class='ocr_line' id='line_1_72' title="bbox 1950 2784 3523 2858; baseline 0.004 -21"><span class='ocrx_word' id='word_1_551' title='bbox 1950 2784 2148 2838; x_wconf 86' lang='lat' dir='ltr'><strong>ruisset</strong></span> <span class='ocrx_word' id='word_1_552' title='bbox 2193 2784 2477 2855; x_wconf 88' lang='lat' dir='ltr'><strong>(Philostr.</strong></span> <span class='ocrx_word' id='word_1_553' title='bbox 2526 2788 2706 2842; x_wconf 87' lang='lat' dir='ltr'><strong>Lemn.</strong></span> <span class='ocrx_word' id='word_1_554' title='bbox 2750 2789 2847 2842; x_wconf 89' lang='lat' dir='ltr'><strong>lib.</strong></span> <span class='ocrx_word' id='word_1_555' title='bbox 2872 2805 2992 2854; x_wconf 86' lang='lat' dir='ltr'><strong>vxxx,</strong></span> <span class='ocrx_word' id='word_1_556' title='bbox 3019 2805 3136 2858; x_wconf 90' lang='lat' dir='ltr'><strong>cap.</strong></span> <span class='ocrx_word' id='word_1_557' title='bbox 3171 2789 3235 2855; x_wconf 90' lang='lat'><strong>2;</strong></span> <span class='ocrx_word' id='word_1_558' title='bbox 3279 2789 3523 2846; x_wconf 81' lang='lat' dir='ltr'><strong>Lactant.</strong></span> 
     </span>
    </p>
   </div>
   <div class='ocr_carea' id='block_1_73' title="bbox 1950 2869 3526 2944">
    <p class='ocr_par' dir='ltr' id='par_1_73' title="bbox 1950 2869 3526 2944">
     <span class='ocr_line' id='line_1_73' title="bbox 1950 2869 3526 2944; baseline 0.006 -21"><span class='ocrx_word' id='word_1_559' title='bbox 1950 2869 2027 2924; x_wconf 84' lang='lat' dir='ltr'><strong>De</strong></span> <span class='ocrx_word' id='word_1_560' title='bbox 2054 2871 2220 2926; x_wconf 81' lang='lat' dir='ltr'><strong>instit.</strong></span> <span class='ocrx_word' id='word_1_561' title='bbox 2245 2873 2282 2927; x_wconf 92' lang='lat' dir='ltr'><strong>l.</strong></span> <span class='ocrx_word' id='word_1_562' title='bbox 2317 2891 2372 2940; x_wconf 90' lang='lat' dir='ltr'><strong>v,</strong></span> <span class='ocrx_word' id='word_1_563' title='bbox 2405 2889 2453 2928; x_wconf 91' lang='lat' dir='ltr'><strong>c.</strong></span> <span class='ocrx_word' id='word_1_564' title='bbox 2496 2873 2574 2944; x_wconf 89' lang='lat'><strong>3).</strong></span> <span class='ocrx_word' id='word_1_565' title='bbox 2618 2875 2744 2930; x_wconf 72' lang='lat' dir='ltr'><strong>Haec</strong></span> <span class='ocrx_word' id='word_1_566' title='bbox 2773 2884 2952 2930; x_wconf 90' lang='lat' dir='ltr'><strong>tamen</strong></span> <span class='ocrx_word' id='word_1_567' title='bbox 2983 2891 3083 2930; x_wconf 91' lang='lat' dir='ltr'><strong>nos</strong></span> <span class='ocrx_word' id='word_1_568' title='bbox 3119 2875 3384 2944; x_wconf 86' lang='lat' dir='ltr'><strong>diximus,</strong></span> <span class='ocrx_word' id='word_1_569' title='bbox 3417 2893 3526 2932; x_wconf 89' lang='lat' dir='ltr'><strong>non</strong></span> 
     </span>
    </p>
   </div>
   <div class='ocr_carea' id='block_1_74' title="bbox 1951 2961 3525 3034">
    <p class='ocr_par' dir='ltr' id='par_1_74' title="bbox 1951 2961 3525 3034">
     <span class='ocr_line' id='line_1_74' title="bbox 1951 2961 3525 3034; baseline 0.002 -18"><span class='ocrx_word' id='word_1_570' title='bbox 1951 2974 2059 3030; x_wconf 88' lang='lat' dir='ltr'><strong>quo</strong></span> <span class='ocrx_word' id='word_1_571' title='bbox 2077 2976 2332 3032; x_wconf 89' lang='lat' dir='ltr'><strong>magnum</strong></span> <span class='ocrx_word' id='word_1_572' title='bbox 2345 2961 2591 3018; x_wconf 75' lang='lat' dir='ltr'><strong>daemone</strong></span> <span class='ocrx_word' id='word_1_573' title='bbox 2609 2963 2874 3034; x_wconf 87' lang='lat' dir='ltr'><strong>repletum</strong></span> <span class='ocrx_word' id='word_1_574' title='bbox 2896 2964 3134 3018; x_wconf 92' lang='lat' dir='ltr'><strong>Domino</strong></span> <span class='ocrx_word' id='word_1_575' title='bbox 3150 2964 3366 3021; x_wconf 88' lang='lat' dir='ltr'><strong>Christo</strong></span> <span class='ocrx_word' id='word_1_576' title='bbox 3382 2981 3525 3019; x_wconf 88' lang='lat' dir='ltr'><strong>com-</strong></span> 
     </span>
    </p>
   </div>
   <div class='ocr_carea' id='block_1_75' title="bbox 1953 3050 3526 3121">
    <p class='ocr_par' dir='ltr' id='par_1_75' title="bbox 1953 3050 3526 3121">
     <span class='ocr_line' id='line_1_75' title="bbox 1953 3050 3526 3121; baseline 0.002 -16"><span class='ocrx_word' id='word_1_577' title='bbox 1953 3066 2223 3121; x_wconf 87' lang='lat' dir='ltr'><strong>paremus,</strong></span> <span class='ocrx_word' id='word_1_578' title='bbox 2260 3050 2354 3106; x_wconf 88' lang='lat' dir='ltr'><strong>sed</strong></span> <span class='ocrx_word' id='word_1_579' title='bbox 2387 3059 2448 3106; x_wconf 91' lang='lat' dir='ltr'><strong>ut</strong></span> <span class='ocrx_word' id='word_1_580' title='bbox 2477 3051 2857 3107; x_wconf 74' lang='lat' dir='ltr'><strong>haereticorum</strong></span> <span class='ocrx_word' id='word_1_581' title='bbox 2889 3053 3158 3108; x_wconf 89' lang='lat' dir='ltr'><strong>insaniam</strong></span> <span class='ocrx_word' id='word_1_582' title='bbox 3203 3054 3526 3109; x_wconf 88' lang='lat' dir='ltr'><strong>confutare—</strong></span> 
     </span>
    </p>
   </div>
   <div class='ocr_carea' id='block_1_76' title="bbox 1953 3138 3525 3212">
    <p class='ocr_par' dir='ltr' id='par_1_76' title="bbox 1953 3138 3525 3212">
     <span class='ocr_line' id='line_1_76' title="bbox 1953 3138 3525 3212; baseline 0.003 -20"><span class='ocrx_word' id='word_1_583' title='bbox 1953 3155 2092 3194; x_wconf 89' lang='lat' dir='ltr'><strong>mus.</strong></span> <span class='ocrx_word' id='word_1_584' title='bbox 2125 3138 2281 3205; x_wconf 87' lang='lat' dir='ltr'><strong>Quod</strong></span> <span class='ocrx_word' id='word_1_585' title='bbox 2318 3154 2444 3210; x_wconf 87' lang='lat' dir='ltr'><strong>ergo</strong></span> <span class='ocrx_word' id='word_1_586' title='bbox 2508 3156 2666 3212; x_wconf 87' lang='lat' dir='ltr'><strong>mago</strong></span> <span class='ocrx_word' id='word_1_587' title='bbox 2707 3139 2857 3208; x_wconf 90' lang='lat' dir='ltr'><strong>licet,</strong></span> <span class='ocrx_word' id='word_1_588' title='bbox 2897 3141 2943 3195; x_wconf 92' lang='lat' dir='ltr'><strong>si</strong></span> <span class='ocrx_word' id='word_1_589' title='bbox 2989 3149 3168 3196; x_wconf 89' lang='lat' dir='ltr'><strong>tamen</strong></span> <span class='ocrx_word' id='word_1_590' title='bbox 3207 3157 3396 3196; x_wconf 91' lang='lat' dir='ltr'><strong>verum</strong></span> <span class='ocrx_word' id='word_1_591' title='bbox 3425 3150 3525 3212; x_wconf 88' lang='lat' dir='ltr'><strong>est,</strong></span> 
     </span>
    </p>
   </div>
   <div class='ocr_carea' id='block_1_77' title="bbox 1875 3226 3524 3307">
    <p class='ocr_par' dir='ltr' id='par_1_77' title="bbox 1875 3226 3524 3307">
     <span class='ocr_line' id='line_1_77' title="bbox 1875 3226 3524 3307; baseline 0.001 -24"><span class='ocrx_word' id='word_1_592' title='bbox 1875 3247 1918 3307; x_wconf 71' lang='grc' dir='ltr'>ο</span> <span class='ocrx_word' id='word_1_593' title='bbox 1952 3227 2189 3283; x_wconf 88' lang='lat' dir='ltr'><strong>Domino</strong></span> <span class='ocrx_word' id='word_1_594' title='bbox 2244 3243 2356 3281; x_wconf 90' lang='lat' dir='ltr'><strong>non</strong></span> <span class='ocrx_word' id='word_1_595' title='bbox 2401 3226 2568 3283; x_wconf 80' lang='lat' dir='ltr'><strong>licet?</strong></span> <span class='ocrx_word' id='word_1_596' title='bbox 2623 3229 2895 3298; x_wconf 83' lang='lat' dir='ltr'><strong>Lynceus,</strong></span> <span class='ocrx_word' id='word_1_597' title='bbox 2951 3237 3014 3283; x_wconf 91' lang='lat' dir='ltr'><strong>ut</strong></span> <span class='ocrx_word' id='word_1_598' title='bbox 3069 3228 3265 3284; x_wconf 77' lang='lat' dir='ltr'><strong>fabulae</strong></span> <span class='ocrx_word' id='word_1_599' title='bbox 3320 3230 3524 3297; x_wconf 82' lang='lat' dir='ltr'><strong>ferunt,</strong></span> 
     </span>
    </p>
   </div>
   <div class='ocr_carea' id='block_1_78' title="bbox 1952 3319 3523 3392">
    <p class='ocr_par' dir='ltr' id='par_1_78' title="bbox 1952 3319 3523 3392">
     <span class='ocr_line' id='line_1_78' title="bbox 1952 3319 3523 3392; baseline 0.004 -18"><span class='ocrx_word' id='word_1_600' title='bbox 1952 3319 2173 3375; x_wconf 90' lang='lat' dir='ltr'><strong>videbat</strong></span> <span class='ocrx_word' id='word_1_601' title='bbox 2223 3329 2372 3376; x_wconf 89' lang='lat' dir='ltr'><strong>trans</strong></span> <span class='ocrx_word' id='word_1_602' title='bbox 2427 3321 2687 3392; x_wconf 89' lang='lat' dir='ltr'><strong>parietem</strong></span> <span class='ocrx_word' id='word_1_603' title='bbox 2735 3323 2901 3390; x_wconf 92' lang='lat' dir='ltr'><strong>(Plin,</strong></span> <span class='ocrx_word' id='word_1_604' title='bbox 2941 3323 2978 3377; x_wconf 95' lang='lat' dir='ltr'><strong>l.</strong></span> <span class='ocrx_word' id='word_1_605' title='bbox 3034 3339 3155 3390; x_wconf 85' lang='lat' dir='ltr'><strong>vxxx,</strong></span> <span class='ocrx_word' id='word_1_606' title='bbox 3211 3325 3336 3381; x_wconf 86' lang='lat' dir='ltr'><strong>Nat.</strong></span> <span class='ocrx_word' id='word_1_607' title='bbox 3387 3326 3523 3380; x_wconf 75' lang='lat' dir='ltr'><strong>Hist.</strong></span> 
     </span>
    </p>
   </div>
   <div class='ocr_carea' id='block_1_79' title="bbox 1951 3409 3528 3481">
    <p class='ocr_par' dir='ltr' id='par_1_79' title="bbox 1951 3409 3528 3481">
     <span class='ocr_line' id='line_1_79' title="bbox 1951 3409 3528 3481; baseline 0.002 -17"><span class='ocrx_word' id='word_1_608' title='bbox 1951 3425 2070 3479; x_wconf 89' lang='lat' dir='ltr'><strong>cap.</strong></span> <span class='ocrx_word' id='word_1_609' title='bbox 2125 3409 2217 3478; x_wconf 91' lang='lat'><strong>8):</strong></span> <span class='ocrx_word' id='word_1_610' title='bbox 2251 3409 2520 3467; x_wconf 91' lang='lat' dir='ltr'><strong>Dominus</strong></span> <span class='ocrx_word' id='word_1_611' title='bbox 2571 3409 2770 3464; x_wconf 88' lang='lat' dir='ltr'><strong>clausis</strong></span> <span class='ocrx_word' id='word_1_612' title='bbox 2821 3409 2997 3476; x_wconf 89' lang='lat' dir='ltr'><strong>ostiis,</strong></span> <span class='ocrx_word' id='word_1_613' title='bbox 3046 3411 3152 3464; x_wconf 88' lang='lat' dir='ltr'><strong>nisi</strong></span> <span class='ocrx_word' id='word_1_614' title='bbox 3209 3411 3528 3481; x_wconf 89' lang='lat' dir='ltr'><strong>phantasma</strong></span> 
     </span>
    </p>
   </div>
   <div class='ocr_carea' id='block_1_80' title="bbox 1950 3495 3526 3569">
    <p class='ocr_par' dir='ltr' id='par_1_80' title="bbox 1950 3495 3526 3569">
     <span class='ocr_line' id='line_1_80' title="bbox 1950 3495 3526 3569; baseline 0.004 -21"><span class='ocrx_word' id='word_1_615' title='bbox 1950 3495 2140 3561; x_wconf 86' lang='lat' dir='ltr'><strong>fuerit,</strong></span> <span class='ocrx_word' id='word_1_616' title='bbox 2178 3496 2382 3552; x_wconf 88' lang='lat' dir='ltr'><strong>intrare</strong></span> <span class='ocrx_word' id='word_1_617' title='bbox 2417 3511 2528 3551; x_wconf 90' lang='lat' dir='ltr'><strong>non</strong></span> <span class='ocrx_word' id='word_1_618' title='bbox 2557 3497 2810 3568; x_wconf 83' lang='lat' dir='ltr'><strong>poterat?</strong></span> <span class='ocrx_word' id='word_1_619' title='bbox 2831 3497 2924 3569; x_wconf 88' lang='lat' dir='ltr'><strong>qui</strong></span> <span class='ocrx_word' id='word_1_620' title='bbox 2953 3506 3094 3553; x_wconf 89' lang='lat' dir='ltr'><strong>certe</strong></span> <span class='ocrx_word' id='word_1_621' title='bbox 3123 3505 3176 3553; x_wconf 90' lang='lat' dir='ltr'><strong>et</strong></span> <span class='ocrx_word' id='word_1_622' title='bbox 3203 3508 3327 3553; x_wconf 90' lang='lat' dir='ltr'><strong>ante</strong></span> <span class='ocrx_word' id='word_1_623' title='bbox 3353 3515 3526 3555; x_wconf 89' lang='lat' dir='ltr'><strong>resur-</strong></span> 
     </span>
    </p>
   </div>
   <div class='ocr_carea' id='block_1_81' title="bbox 1951 3587 3524 3659">
    <p class='ocr_par' dir='ltr' id='par_1_81' title="bbox 1951 3587 3524 3659">
     <span class='ocr_line' id='line_1_81' title="bbox 1951 3587 3524 3659; baseline 0.003 -18"><span class='ocrx_word' id='word_1_624' title='bbox 1951 3589 2248 3644; x_wconf 90' lang='lat' dir='ltr'><strong>rectionem</strong></span> <span class='ocrx_word' id='word_1_625' title='bbox 2288 3587 2524 3658; x_wconf 90' lang='lat' dir='ltr'><strong>pendulo</strong></span> <span class='ocrx_word' id='word_1_626' title='bbox 2566 3604 2727 3659; x_wconf 90' lang='lat' dir='ltr'><strong>super</strong></span> <span class='ocrx_word' id='word_1_627' title='bbox 2772 3605 2918 3644; x_wconf 89' lang='lat' dir='ltr'><strong>mare</strong></span> <span class='ocrx_word' id='word_1_628' title='bbox 2963 3589 3268 3647; x_wconf 88' lang='lat' dir='ltr'><strong>ambulavit</strong></span> <span class='ocrx_word' id='word_1_629' title='bbox 3313 3591 3524 3646; x_wconf 89' lang='lat' dir='ltr'><strong>incessu</strong></span> 
     </span>
    </p>
   </div>
   <div class='ocr_carea' id='block_1_82' title="bbox 1955 3677 3528 3752">
    <p class='ocr_par' dir='ltr' id='par_1_82' title="bbox 1955 3677 3528 3752">
     <span class='ocr_line' id='line_1_82' title="bbox 1955 3677 3528 3752; baseline 0 -18"><span class='ocrx_word' id='word_1_630' title='bbox 1955 3679 2164 3747; x_wconf 86' lang='lat' dir='ltr'><strong>(Matth.</strong></span> <span class='ocrx_word' id='word_1_631' title='bbox 2215 3694 2334 3745; x_wconf 89' lang='lat' dir='ltr'><strong>xxv,</strong></span> <span class='ocrx_word' id='word_1_632' title='bbox 2365 3677 2478 3748; x_wconf 87' lang='lat'><strong>26),</strong></span> <span class='ocrx_word' id='word_1_633' title='bbox 2524 3684 2578 3733; x_wconf 91' lang='lat' dir='ltr'><strong>et</strong></span> <span class='ocrx_word' id='word_1_634' title='bbox 2626 3677 2730 3734; x_wconf 91' lang='lat' dir='ltr'><strong>hoc</strong></span> <span class='ocrx_word' id='word_1_635' title='bbox 2776 3679 2952 3750; x_wconf 90' lang='lat' dir='ltr'><strong>ipsum</strong></span> <span class='ocrx_word' id='word_1_636' title='bbox 2993 3681 3240 3750; x_wconf 88' lang='lat' dir='ltr'><strong>apostolo</strong></span> <span class='ocrx_word' id='word_1_637' title='bbox 3295 3680 3528 3752; x_wconf 75' lang='lat' dir='ltr'><strong>praebuit</strong></span> 
     </span>
    </p>
   </div>
   <div class='ocr_carea' id='block_1_83' title="bbox 1951 3768 3528 3843">
    <p class='ocr_par' dir='ltr' id='par_1_83' title="bbox 1951 3768 3528 3843">
     <span class='ocr_line' id='line_1_83' title="bbox 1951 3768 3528 3843; baseline 0.003 -20"><span class='ocrx_word' id='word_1_638' title='bbox 1951 3768 2133 3835; x_wconf 90' lang='lat' dir='ltr'><strong>Petro,</strong></span> <span class='ocrx_word' id='word_1_639' title='bbox 2159 3769 2252 3840; x_wconf 90' lang='lat' dir='ltr'><strong>qui</strong></span> <span class='ocrx_word' id='word_1_640' title='bbox 2282 3785 2407 3825; x_wconf 91' lang='lat' dir='ltr'><strong>cum</strong></span> <span class='ocrx_word' id='word_1_641' title='bbox 2450 3769 2557 3824; x_wconf 84' lang='lat' dir='ltr'><strong>ﬁde</strong></span> <span class='ocrx_word' id='word_1_642' title='bbox 2585 3786 2746 3841; x_wconf 90' lang='lat' dir='ltr'><strong>super</strong></span> <span class='ocrx_word' id='word_1_643' title='bbox 2773 3787 2940 3843; x_wconf 85' lang='lat' dir='ltr'><strong>aquas</strong></span> <span class='ocrx_word' id='word_1_644' title='bbox 2968 3771 3292 3841; x_wconf 87' lang='lat' dir='ltr'><strong>ambularet,</strong></span> <span class='ocrx_word' id='word_1_645' title='bbox 3322 3773 3528 3828; x_wconf 85' lang='lat' dir='ltr'><strong>inﬁde-</strong></span> 
     </span>
    </p>
   </div>
   <div class='ocr_carea' id='block_1_84' title="bbox 1953 3861 3524 3935">
    <p class='ocr_par' dir='ltr' id='par_1_84' title="bbox 1953 3861 3524 3935">
     <span class='ocr_line' id='line_1_84' title="bbox 1953 3861 3524 3935; baseline 0.002 -19"><span class='ocrx_word' id='word_1_646' title='bbox 1953 3861 2330 3931; x_wconf 13' lang='lat' dir='ltr'><strong>litatetpostea</strong></span> <span class='ocrx_word' id='word_1_647' title='bbox 2370 3861 2538 3932; x_wconf 85' lang='lat' dir='ltr'><strong>mergi</strong></span> <span class='ocrx_word' id='word_1_648' title='bbox 2588 3861 2751 3932; x_wconf 87' lang='lat' dir='ltr'><strong>coepit</strong></span> <span class='ocrx_word' id='word_1_649' title='bbox 2783 3863 2943 3932; x_wconf 81' lang='lat' dir='ltr'><strong>(Ibid.</strong></span> <span class='ocrx_word' id='word_1_650' title='bbox 2974 3862 3061 3930; x_wconf 88' lang='lat'><strong>29,</strong></span> <span class='ocrx_word' id='word_1_651' title='bbox 3107 3863 3224 3934; x_wconf 90' lang='lat'><strong>30),</strong></span> <span class='ocrx_word' id='word_1_652' title='bbox 3268 3864 3374 3919; x_wconf 90' lang='lat' dir='ltr'><strong>nisi</strong></span> <span class='ocrx_word' id='word_1_653' title='bbox 3408 3866 3524 3935; x_wconf 90' lang='lat'><strong>(67)</strong></span> 
     </span>
    </p>
   </div>
   <div class='ocr_carea' id='block_1_85' title="bbox 1952 3947 3529 4022">
    <p class='ocr_par' dir='ltr' id='par_1_85' title="bbox 1952 3947 3529 4022">
     <span class='ocr_line' id='line_1_85' title="bbox 1952 3947 3529 4022; baseline 0 -16"><span class='ocrx_word' id='word_1_654' title='bbox 1952 3965 2074 4006; x_wconf 88' lang='lat' dir='ltr'><strong>eum</strong></span> <span class='ocrx_word' id='word_1_655' title='bbox 2106 3948 2270 4003; x_wconf 89' lang='lat' dir='ltr'><strong>citius</strong></span> <span class='ocrx_word' id='word_1_656' title='bbox 2298 3947 2523 4004; x_wconf 88' lang='lat' dir='ltr'><strong>dextera</strong></span> <span class='ocrx_word' id='word_1_657' title='bbox 2550 3949 2770 4004; x_wconf 89' lang='lat' dir='ltr'><strong>Domini</strong></span> <span class='ocrx_word' id='word_1_658' title='bbox 2800 3949 3160 4005; x_wconf 85' lang='lat' dir='ltr'><strong>continuisset</strong></span> <span class='ocrx_word' id='word_1_659' title='bbox 3195 3951 3440 4022; x_wconf 85' lang='lat' dir='ltr'><strong>(Hieron.</strong></span> <span class='ocrx_word' id='word_1_660' title='bbox 3472 3953 3529 4006; x_wconf 83' lang='lat' dir='ltr'><strong>in</strong></span> 
     </span>
    </p>
   </div>
   <div class='ocr_carea' id='block_1_86' title="bbox 1951 4035 3529 4112">
    <p class='ocr_par' dir='ltr' id='par_1_86' title="bbox 1951 4035 3529 4112">
     <span class='ocr_line' id='line_1_86' title="bbox 1951 4035 3529 4112; baseline 0.001 -18"><span class='ocrx_word' id='word_1_661' title='bbox 1951 4039 2062 4095; x_wconf 87' lang='lat' dir='ltr'><strong>Isa.</strong></span> <span class='ocrx_word' id='word_1_662' title='bbox 2095 4037 2195 4092; x_wconf 92' lang='lat' dir='ltr'><strong>sub</strong></span> <span class='ocrx_word' id='word_1_663' title='bbox 2224 4035 2320 4091; x_wconf 84' lang='lat' dir='ltr'><strong>ﬁn.</strong></span> <span class='ocrx_word' id='word_1_664' title='bbox 2345 4055 2358 4103; x_wconf 91' lang='lat'><strong>;</strong></span> <span class='ocrx_word' id='word_1_665' title='bbox 2389 4037 2521 4092; x_wconf 89' lang='lat' dir='ltr'><strong>item</strong></span> <span class='ocrx_word' id='word_1_666' title='bbox 2549 4039 2605 4092; x_wconf 84' lang='lat' dir='ltr'><strong>in</strong></span> <span class='ocrx_word' id='word_1_667' title='bbox 2631 4054 2748 4108; x_wconf 89' lang='lat' dir='ltr'><strong>cap.</strong></span> <span class='ocrx_word' id='word_1_668' title='bbox 2782 4055 2940 4105; x_wconf 90' lang='lat' dir='ltr'><strong>xxxv,</strong></span> <span class='ocrx_word' id='word_1_669' title='bbox 2967 4039 3204 4110; x_wconf 65' lang='lat' dir='ltr'><strong>Matth).</strong></span> <span class='ocrx_word' id='word_1_670' title='bbox 3236 4041 3449 4112; x_wconf 73' lang='lat' dir='ltr'><strong>Aquilze</strong></span> <span class='ocrx_word' id='word_1_671' title='bbox 3476 4049 3529 4096; x_wconf 92' lang='lat' dir='ltr'><strong>et</strong></span> 
     </span>
    </p>
   </div>
   <div class='ocr_carea' id='block_1_87' title="bbox 1952 4128 3529 4187">
    <p class='ocr_par' dir='ltr' id='par_1_87' title="bbox 1952 4128 3529 4187">
     <span class='ocr_line' id='line_1_87' title="bbox 1952 4128 3529 4187; baseline 0.002 -3"><span class='ocrx_word' id='word_1_672' title='bbox 1952 4128 2200 4184; x_wconf 84' lang='lat' dir='ltr'><strong>vultures</strong></span> <span class='ocrx_word' id='word_1_673' title='bbox 2241 4129 2604 4184; x_wconf 89' lang='lat' dir='ltr'><strong>transmarina</strong></span> <span class='ocrx_word' id='word_1_674' title='bbox 2663 4129 2908 4183; x_wconf 90' lang='lat' dir='ltr'><strong>sentiunt</strong></span> <span class='ocrx_word' id='word_1_675' title='bbox 2954 4129 3248 4184; x_wconf 89' lang='lat' dir='ltr'><strong>cadavera:</strong></span> <span class='ocrx_word' id='word_1_676' title='bbox 3283 4131 3529 4187; x_wconf 76' lang='lat' dir='ltr'><strong>Salvator</strong></span> 
     </span>
    </p>
   </div>
   <div class='ocr_carea' id='block_1_88' title="bbox 1952 4218 3528 4294">
    <p class='ocr_par' dir='ltr' id='par_1_88' title="bbox 1952 4218 3528 4294">
     <span class='ocr_line' id='line_1_88' title="bbox 1952 4218 3528 4294; baseline 0.001 -17"><span class='ocrx_word' id='word_1_677' title='bbox 1952 4221 2226 4294; x_wconf 89' lang='lat' dir='ltr'><strong>apostolos</strong></span> <span class='ocrx_word' id='word_1_678' title='bbox 2257 4235 2405 4286; x_wconf 90' lang='lat' dir='ltr'><strong>suos,</strong></span> <span class='ocrx_word' id='word_1_679' title='bbox 2455 4218 2563 4274; x_wconf 90' lang='lat' dir='ltr'><strong>nisi</strong></span> <span class='ocrx_word' id='word_1_680' title='bbox 2619 4219 2758 4273; x_wconf 89' lang='lat' dir='ltr'><strong>ostia</strong></span> <span class='ocrx_word' id='word_1_681' title='bbox 2800 4218 3089 4288; x_wconf 88' lang='lat' dir='ltr'><strong>aperuerit,</strong></span> <span class='ocrx_word' id='word_1_682' title='bbox 3123 4236 3232 4275; x_wconf 90' lang='lat' dir='ltr'><strong>non</strong></span> <span class='ocrx_word' id='word_1_683' title='bbox 3259 4219 3468 4276; x_wconf 90' lang='lat' dir='ltr'><strong>videbit</strong></span> <span class='ocrx_word' id='word_1_684' title='bbox 3499 4222 3528 4278; x_wconf 83' lang='lat'><strong>?</strong></span> 
     </span>
    </p>
   </div>
   <div class='ocr_carea' id='block_1_89' title="bbox 1953 4308 3524 4383">
    <p class='ocr_par' dir='ltr' id='par_1_89' title="bbox 1953 4308 3524 4383">
     <span class='ocr_line' id='line_1_89' title="bbox 1953 4308 3524 4383; baseline -0.001 -15"><span class='ocrx_word' id='word_1_685' title='bbox 1953 4313 2020 4368; x_wconf 91' lang='lat' dir='ltr'><strong>ad</strong></span> <span class='ocrx_word' id='word_1_686' title='bbox 2051 4320 2404 4383; x_wconf 91' lang='lat' dir='ltr'><strong>postremum,</strong></span> <span class='ocrx_word' id='word_1_687' title='bbox 2436 4308 2585 4364; x_wconf 87' lang='lat' dir='ltr'><strong>dicas</strong></span> <span class='ocrx_word' id='word_1_688' title='bbox 2631 4309 2798 4363; x_wconf 85' lang='lat' dir='ltr'><strong>velim</strong></span> <span class='ocrx_word' id='word_1_689' title='bbox 2854 4309 2991 4362; x_wconf 91' lang='lat' dir='ltr'><strong>mihi</strong></span> <span class='ocrx_word' id='word_1_690' title='bbox 3035 4309 3164 4381; x_wconf 91' lang='lat' dir='ltr'><strong>quid</strong></span> <span class='ocrx_word' id='word_1_691' title='bbox 3214 4311 3388 4381; x_wconf 90' lang='lat' dir='ltr'><strong>majus</strong></span> <span class='ocrx_word' id='word_1_692' title='bbox 3435 4311 3524 4379; x_wconf 90' lang='lat' dir='ltr'><strong>sit,</strong></span> 
     </span>
    </p>
   </div>
   <div class='ocr_carea' id='block_1_90' title="bbox 1953 4398 3528 4472">
    <p class='ocr_par' dir='ltr' id='par_1_90' title="bbox 1953 4398 3528 4472">
     <span class='ocr_line' id='line_1_90' title="bbox 1953 4398 3528 4472; baseline -0.004 -11"><span class='ocrx_word' id='word_1_693' title='bbox 1953 4412 2159 4461; x_wconf 85' lang='lat' dir='ltr'><strong>tantam</strong></span> <span class='ocrx_word' id='word_1_694' title='bbox 2182 4409 2336 4457; x_wconf 65' lang='lat' dir='ltr'><strong>terra:</strong></span> <span class='ocrx_word' id='word_1_695' title='bbox 2358 4398 2793 4470; x_wconf 89' lang='lat' dir='ltr'><strong>magnitudinem</strong></span> <span class='ocrx_word' id='word_1_696' title='bbox 2816 4399 2991 4453; x_wconf 89' lang='lat' dir='ltr'><strong>tribus</strong></span> <span class='ocrx_word' id='word_1_697' title='bbox 3021 4400 3322 4470; x_wconf 89' lang='lat' dir='ltr'><strong>appendere</strong></span> <span class='ocrx_word' id='word_1_698' title='bbox 3341 4401 3528 4472; x_wconf 83' lang='lat' dir='ltr'><strong>digitis</strong></span> 
     </span>
    </p>
   </div>
   <div class='ocr_carea' id='block_1_91' title="bbox 1954 4486 3526 4564">
    <p class='ocr_par' dir='ltr' id='par_1_91' title="bbox 1954 4486 3526 4564">
     <span class='ocr_line' id='line_1_91' title="bbox 1954 4486 3526 4564; baseline -0.004 -14"><span class='ocrx_word' id='word_1_699' title='bbox 1954 4496 2088 4564; x_wconf 87' lang='lat' dir='ltr'><strong>(Isa.</strong></span> <span class='ocrx_word' id='word_1_700' title='bbox 2120 4509 2212 4558; x_wconf 77' lang='lat' dir='ltr'><strong>XL,</strong></span> <span class='ocrx_word' id='word_1_701' title='bbox 2248 4491 2359 4561; x_wconf 81' lang='lat' dir='ltr'><strong>l2),</strong></span> <span class='ocrx_word' id='word_1_702' title='bbox 2415 4496 2470 4544; x_wconf 89' lang='lat' dir='ltr'><strong>et</strong></span> <span class='ocrx_word' id='word_1_703' title='bbox 2497 4503 2659 4558; x_wconf 90' lang='lat' dir='ltr'><strong>super</strong></span> <span class='ocrx_word' id='word_1_704' title='bbox 2714 4503 2880 4557; x_wconf 88' lang='lat' dir='ltr'><strong>aquas</strong></span> <span class='ocrx_word' id='word_1_705' title='bbox 2928 4486 3162 4542; x_wconf 89' lang='lat' dir='ltr'><strong>incertas</strong></span> <span class='ocrx_word' id='word_1_706' title='bbox 3192 4489 3376 4542; x_wconf 92' lang='lat' dir='ltr'><strong>librari</strong></span> <span class='ocrx_word' id='word_1_707' title='bbox 3412 4507 3424 4552; x_wconf 92' lang='lat'><strong>;</strong></span> <span class='ocrx_word' id='word_1_708' title='bbox 3457 4505 3526 4543; x_wconf 89' lang='lat' dir='ltr'><strong>an</strong></span> 
     </span>
    </p>
   </div>
   <div class='ocr_carea' id='block_1_92' title="bbox 262 4575 1842 4669">
    <p class='ocr_par' dir='ltr' id='par_1_92' title="bbox 262 4575 1842 4669">
     <span class='ocr_line' id='line_1_92' title="bbox 262 4575 1842 4669; baseline -0.002 -13"><span class='ocrx_word' id='word_1_709' title='bbox 262 4575 426 4669; x_wconf 53' lang='lat' dir='ltr'><strong>v&#39;idit,</strong></span> <span class='ocrx_word' id='word_1_710' title='bbox 459 4615 562 4656; x_wconf 92' lang='lat' dir='ltr'><strong>nec</strong></span> <span class='ocrx_word' id='word_1_711' title='bbox 590 4599 738 4655; x_wconf 88' lang='lat' dir='ltr'><strong>auris</strong></span> <span class='ocrx_word' id='word_1_712' title='bbox 767 4597 1004 4665; x_wconf 91' lang='lat' dir='ltr'><strong>audivit,</strong></span> <span class='ocrx_word' id='word_1_713' title='bbox 1034 4611 1136 4653; x_wconf 90' lang='lat' dir='ltr'><strong>nec</strong></span> <span class='ocrx_word' id='word_1_714' title='bbox 1169 4596 1226 4651; x_wconf 90' lang='lat' dir='ltr'><strong>in</strong></span> <span class='ocrx_word' id='word_1_715' title='bbox 1255 4613 1349 4653; x_wconf 92' lang='lat' dir='ltr'><strong>cor</strong></span> <span class='ocrx_word' id='word_1_716' title='bbox 1379 4597 1619 4654; x_wconf 88' lang='lat' dir='ltr'><strong>hominis</strong></span> <span class='ocrx_word' id='word_1_717' title='bbox 1647 4616 1842 4655; x_wconf 88' lang='lat' dir='ltr'><strong>ascen-</strong></span> 
     </span>
    </p>
   </div>
   <div class='ocr_carea' id='block_1_93' title="bbox 1955 4575 3528 4669">
    <p class='ocr_par' dir='ltr' id='par_1_93' title="bbox 1955 4575 3528 4653">
     <span class='ocr_line' id='line_1_93' title="bbox 1955 4575 3528 4653; baseline -0.008 -13"><span class='ocrx_word' id='word_1_718' title='bbox 1955 4586 2121 4640; x_wconf 90' lang='lat' dir='ltr'><strong>Deum</strong></span> <span class='ocrx_word' id='word_1_719' title='bbox 2154 4582 2268 4653; x_wconf 92' lang='lat'><strong>(68)</strong></span> <span class='ocrx_word' id='word_1_720' title='bbox 2304 4596 2396 4652; x_wconf 93' lang='lat' dir='ltr'><strong>per</strong></span> <span class='ocrx_word' id='word_1_721' title='bbox 2424 4580 2660 4633; x_wconf 88' lang='lat' dir='ltr'><strong>clausam</strong></span> <span class='ocrx_word' id='word_1_722' title='bbox 2716 4583 3016 4630; x_wconf 89' lang='lat' dir='ltr'><strong>creaturam</strong></span> <span class='ocrx_word' id='word_1_723' title='bbox 3049 4575 3278 4629; x_wconf 88' lang='lat' dir='ltr'><strong>transire</strong></span> <span class='ocrx_word' id='word_1_724' title='bbox 3300 4575 3326 4629; x_wconf 80' lang='lat'><strong>?</strong></span> <span class='ocrx_word' id='word_1_725' title='bbox 3358 4575 3528 4630; x_wconf 89' lang='lat' dir='ltr'><strong>Crea-</strong></span> 
     </span>
    </p>
   </div>
   <div class='ocr_carea' id='block_1_94' title="bbox 265 4683 1842 4760">
    <p class='ocr_par' dir='ltr' id='par_1_94' title="bbox 265 4683 1842 4760">
     <span class='ocr_line' id='line_1_94' title="bbox 265 4683 1842 4760; baseline -0.003 -14"><span class='ocrx_word' id='word_1_726' title='bbox 265 4689 484 4756; x_wconf 87' lang='lat' dir='ltr'><strong>derunt,</strong></span> <span class='ocrx_word' id='word_1_727' title='bbox 514 4704 634 4760; x_wconf 66' lang='lat' dir='ltr'><strong>quae</strong></span> <span class='ocrx_word' id='word_1_728' title='bbox 663 4684 988 4758; x_wconf 68' lang='lat' dir='ltr'><strong>praeparavit</strong></span> <span class='ocrx_word' id='word_1_729' title='bbox 1017 4687 1160 4740; x_wconf 90' lang='lat' dir='ltr'><strong>Deus</strong></span> <span class='ocrx_word' id='word_1_730' title='bbox 1183 4683 1537 4755; x_wconf 89' lang='lat' dir='ltr'><strong>diligentibus</strong></span> <span class='ocrx_word' id='word_1_731' title='bbox 1557 4701 1612 4740; x_wconf 91' lang='lat' dir='ltr'><strong>se</strong></span> <span class='ocrx_word' id='word_1_732' title='bbox 1641 4686 1696 4756; x_wconf 94' lang='grc' dir='ltr'>(Ι</span> <span class='ocrx_word' id='word_1_733' title='bbox 1717 4686 1842 4744; x_wconf 87' lang='lat' dir='ltr'><strong>Cor.</strong></span> 
     </span>
    </p>
   </div>
   <div class='ocr_carea' id='block_1_95' title="bbox 263 4773 1844 4848">
    <p class='ocr_par' dir='ltr' id='par_1_95' title="bbox 263 4773 1844 4848">
     <span class='ocr_line' id='line_1_95' title="bbox 263 4773 1844 4848; baseline -0.004 -13"><span class='ocrx_word' id='word_1_734' title='bbox 263 4794 326 4847; x_wconf 89' lang='lat' dir='ltr'><strong>xx,</strong></span> <span class='ocrx_word' id='word_1_735' title='bbox 355 4777 436 4848; x_wconf 90' lang='lat'><strong>9).</strong></span> <span class='ocrx_word' id='word_1_736' title='bbox 467 4799 486 4823; x_wconf 78' lang='grc' dir='ltr'><strong><em>ι</em></strong></span> <span class='ocrx_word' id='word_1_737' title='bbox 528 4775 649 4830; x_wconf 89' lang='lat' dir='ltr'><strong>Non</strong></span> <span class='ocrx_word' id='word_1_738' title='bbox 685 4790 812 4845; x_wconf 90' lang='lat' dir='ltr'><strong>ergo</strong></span> <span class='ocrx_word' id='word_1_739' title='bbox 841 4781 968 4844; x_wconf 88' lang='lat' dir='ltr'><strong>post</strong></span> <span class='ocrx_word' id='word_1_740' title='bbox 1011 4774 1464 4829; x_wconf 89' lang='lat' dir='ltr'><strong>resurrectionem</strong></span> <span class='ocrx_word' id='word_1_741' title='bbox 1501 4773 1844 4829; x_wconf 89' lang='lat' dir='ltr'><strong>manducan-</strong></span> 
     </span>
    </p>
   </div>
   <div class='ocr_carea' id='block_1_96' title="bbox 263 4859 1843 4930">
    <p class='ocr_par' dir='ltr' id='par_1_96' title="bbox 263 4859 1843 4930">
     <span class='ocr_line' id='line_1_96' title="bbox 263 4859 1843 4930; baseline -0.004 -8"><span class='ocrx_word' id='word_1_742' title='bbox 263 4863 395 4922; x_wconf 90' lang='lat' dir='ltr'><strong>dum</strong></span> <span class='ocrx_word' id='word_1_743' title='bbox 451 4862 610 4918; x_wconf 90' lang='lat' dir='ltr'><strong>nobis</strong></span> <span class='ocrx_word' id='word_1_744' title='bbox 649 4877 711 4918; x_wconf 87' lang='lat' dir='ltr'><strong>ac</strong></span> <span class='ocrx_word' id='word_1_745' title='bbox 766 4859 1066 4915; x_wconf 82' lang='lat' dir='ltr'><strong>bibendum</strong></span> <span class='ocrx_word' id='word_1_746' title='bbox 1123 4867 1224 4928; x_wconf 90' lang='lat' dir='ltr'><strong>est,</strong></span> <span class='ocrx_word' id='word_1_747' title='bbox 1275 4875 1374 4916; x_wconf 91' lang='lat' dir='ltr'><strong>nec</strong></span> <span class='ocrx_word' id='word_1_748' title='bbox 1430 4859 1745 4930; x_wconf 85' lang='lat' dir='ltr'><strong>incorrupta</strong></span> <span class='ocrx_word' id='word_1_749' title='bbox 1788 4869 1843 4916; x_wconf 90' lang='lat' dir='ltr'><strong>et</strong></span> 
     </span>
    </p>
   </div>
   <div class='ocr_carea' id='block_1_97' title="bbox 265 4947 1844 5021">
    <p class='ocr_par' dir='ltr' id='par_1_97' title="bbox 265 4947 1844 5021">
     <span class='ocr_line' id='line_1_97' title="bbox 265 4947 1844 5021; baseline -0.004 -11"><span class='ocrx_word' id='word_1_750' title='bbox 265 4950 599 5011; x_wconf 90' lang='lat' dir='ltr'><strong>immortalia</strong></span> <span class='ocrx_word' id='word_1_751' title='bbox 642 4965 870 5021; x_wconf 91' lang='lat' dir='ltr'><strong>corpora</strong></span> <span class='ocrx_word' id='word_1_752' title='bbox 906 4948 1183 5004; x_wconf 90' lang='lat' dir='ltr'><strong>alimoniis</strong></span> <span class='ocrx_word' id='word_1_753' title='bbox 1220 4947 1569 5004; x_wconf 87' lang='lat' dir='ltr'><strong>sustentanda</strong></span> <span class='ocrx_word' id='word_1_754' title='bbox 1613 4948 1844 5003; x_wconf 83' lang='lat' dir='ltr'><strong>terrenis</strong></span> 
     </span>
    </p>
   </div>
   <div class='ocr_carea' id='block_1_98' title="bbox 263 5035 1842 5110">
    <p class='ocr_par' dir='ltr' id='par_1_98' title="bbox 263 5035 1842 5110">
     <span class='ocr_line' id='line_1_98' title="bbox 263 5035 1842 5110; baseline -0.003 -14"><span class='ocrx_word' id='word_1_755' title='bbox 263 5048 426 5096; x_wconf 84' lang='lat' dir='ltr'><strong>sunt:</strong></span> <span class='ocrx_word' id='word_1_756' title='bbox 479 5037 724 5110; x_wconf 90' lang='lat' dir='ltr'><strong>alioquin</strong></span> <span class='ocrx_word' id='word_1_757' title='bbox 766 5036 859 5091; x_wconf 93' lang='lat' dir='ltr'><strong>ubi</strong></span> <span class='ocrx_word' id='word_1_758' title='bbox 907 5035 1039 5102; x_wconf 90' lang='lat' dir='ltr'><strong>cibi,</strong></span> <span class='ocrx_word' id='word_1_759' title='bbox 1078 5043 1379 5106; x_wconf 89' lang='lat' dir='ltr'><strong>sequuntur</strong></span> <span class='ocrx_word' id='word_1_760' title='bbox 1423 5042 1478 5089; x_wconf 91' lang='lat' dir='ltr'><strong>et</strong></span> <span class='ocrx_word' id='word_1_761' title='bbox 1541 5036 1738 5104; x_wconf 89' lang='lat' dir='ltr'><strong>morbi,</strong></span> <span class='ocrx_word' id='word_1_762' title='bbox 1789 5042 1842 5092; x_wconf 87' lang='lat' dir='ltr'><strong>et</strong></span> 
     </span>
    </p>
   </div>
   <div class='ocr_carea' id='block_1_99' title="bbox 261 5122 1446 5199">
    <p class='ocr_par' dir='ltr' id='par_1_99' title="bbox 261 5122 1446 5199">
     <span class='ocr_line' id='line_1_99' title="bbox 261 5122 1446 5199; baseline -0.006 -13"><span class='ocrx_word' id='word_1_763' title='bbox 261 5135 453 5186; x_wconf 65' lang='lat' dir='ltr'><strong>caetera</strong></span> <span class='ocrx_word' id='word_1_764' title='bbox 483 5143 601 5199; x_wconf 67' lang='lat' dir='ltr'><strong>qua:</strong></span> <span class='ocrx_word' id='word_1_765' title='bbox 631 5125 690 5180; x_wconf 91' lang='lat' dir='ltr'><strong>in</strong></span> <span class='ocrx_word' id='word_1_766' title='bbox 726 5124 829 5180; x_wconf 93' lang='lat' dir='ltr'><strong>hoc</strong></span> <span class='ocrx_word' id='word_1_767' title='bbox 864 5124 1061 5179; x_wconf 74' lang='lat' dir='ltr'><strong>saeculo</strong></span> <span class='ocrx_word' id='word_1_768' title='bbox 1092 5122 1446 5193; x_wconf 89' lang='lat' dir='ltr'><strong>perpetimur.</strong></span> 
     </span>
    </p>
   </div>
   <div class='ocr_carea' id='block_1_100' title="bbox 333 5218 1574 5295">
    <p class='ocr_par' dir='ltr' id='par_1_100' title="bbox 333 5218 1574 5295">
     <span class='ocr_line' id='line_1_100' title="bbox 333 5218 1574 5295; baseline -0.006 -14"><span class='ocrx_word' id='word_1_769' title='bbox 333 5224 448 5295; x_wconf 87' lang='grc'>(61)</span> <span class='ocrx_word' id='word_1_770' title='bbox 485 5221 686 5295; x_wconf 84' lang='lat' dir='ltr'><strong>Eadem</strong></span> <span class='ocrx_word' id='word_1_771' title='bbox 716 5221 874 5295; x_wconf 80' lang='lat' dir='ltr'><strong>Rom.</strong></span> <span class='ocrx_word' id='word_1_772' title='bbox 916 5218 1074 5295; x_wconf 76' lang='lat' dir='ltr'><strong>edit.,</strong></span> <span class='ocrx_word' id='word_1_773' title='bbox 1101 5234 1403 5290; x_wconf 84' lang='lat' dir='ltr'><strong>quocunque</strong></span> <span class='ocrx_word' id='word_1_774' title='bbox 1432 5218 1574 5274; x_wconf 83' lang='lat' dir='ltr'><strong>ierit.</strong></span> 
     </span>
    </p>
   </div>
   <div class='ocr_carea' id='block_1_101' title="bbox 333 5290 1792 5371">
    <p class='ocr_par' dir='ltr' id='par_1_101' title="bbox 333 5290 1792 5371">
     <span class='ocr_line' id='line_1_101' title="bbox 333 5290 1792 5371; baseline 0 0"><span class='ocrx_word' id='word_1_775' title='bbox 333 5290 446 5371; x_wconf 66' lang='grc' dir='ltr'>(εὲἓ)</span> <span class='ocrx_word' id='word_1_776' title='bbox 487 5293 689 5371; x_wconf 58' lang='lat' dir='ltr'><strong>Eadem</strong></span> <span class='ocrx_word' id='word_1_777' title='bbox 718 5293 877 5371; x_wconf 70' lang='grc' dir='ltr'><strong>Βοω·</strong></span> <span class='ocrx_word' id='word_1_778' title='bbox 916 5290 1290 5371; x_wconf 57' lang='grc' dir='ltr'><strong>θεξὲιονέαηειη</strong></span> <span class='ocrx_word' id='word_1_779' title='bbox 1323 5305 1515 5371; x_wconf 39' lang='lat' dir='ltr'><strong>&quot;dum;</strong></span> <span class='ocrx_word' id='word_1_780' title='bbox 1720 5364 1732 5371; x_wconf 82' lang='lat'><strong>.</strong></span> <span class='ocrx_word' id='word_1_781' title='bbox 1780 5360 1792 5371; x_wconf 94' lang='lat'><strong>.</strong></span> 
     </span>
    </p>
   </div>
   <div class='ocr_carea' id='block_1_102' title="bbox 335 5361 1836 5439">
    <p class='ocr_par' dir='ltr' id='par_1_102' title="bbox 335 5361 1836 5439">
     <span class='ocr_line' id='line_1_102' title="bbox 335 5361 1836 5439; baseline -0.005 -18"><span class='ocrx_word' id='word_1_782' title='bbox 335 5361 451 5439; x_wconf 88' lang='lat'><strong>(63)</strong></span> <span class='ocrx_word' id='word_1_783' title='bbox 487 5364 692 5419; x_wconf 90' lang='lat' dir='ltr'><strong>Eadem</strong></span> <span class='ocrx_word' id='word_1_784' title='bbox 718 5363 874 5419; x_wconf 91' lang='lat' dir='ltr'><strong>Rom.</strong></span> <span class='ocrx_word' id='word_1_785' title='bbox 899 5361 1056 5430; x_wconf 89' lang='lat' dir='ltr'><strong>edit.,</strong></span> <span class='ocrx_word' id='word_1_786' title='bbox 1077 5363 1228 5417; x_wconf 84' lang='lat' dir='ltr'><strong>Hunc</strong></span> <span class='ocrx_word' id='word_1_787' title='bbox 1243 5361 1512 5413; x_wconf 80' lang='lat' dir='ltr'><strong>suscitavit</strong></span> <span class='ocrx_word' id='word_1_788' title='bbox 1537 5377 1572 5413; x_wconf 90' lang='lat' dir='ltr'><strong>a</strong></span> <span class='ocrx_word' id='word_1_789' title='bbox 1593 5361 1836 5428; x_wconf 75' lang='lat' dir='ltr'><strong>mortuis,</strong></span> 
     </span>
    </p>
   </div>
   <div class='ocr_carea' id='block_1_103' title="bbox 261 5442 1658 5572">
    <p class='ocr_par' dir='ltr' id='par_1_103' title="bbox 261 5442 1658 5572">
     <span class='ocr_line' id='line_1_103' title="bbox 261 5442 1658 5572; baseline -0.007 -8"><span class='ocrx_word' id='word_1_790' title='bbox 261 5442 450 5572; x_wconf 39' lang='lat' dir='ltr'><strong>etc(&#39;66:)</strong></span> <span class='ocrx_word' id='word_1_791' title='bbox 490 5504 694 5562; x_wconf 87' lang='lat' dir='ltr'><strong>Eadem</strong></span> <span class='ocrx_word' id='word_1_792' title='bbox 725 5506 880 5561; x_wconf 90' lang='lat' dir='ltr'><strong>Rom.</strong></span> <span class='ocrx_word' id='word_1_793' title='bbox 911 5501 1068 5570; x_wconf 89' lang='lat' dir='ltr'><strong>edit.,</strong></span> <span class='ocrx_word' id='word_1_794' title='bbox 1107 5501 1334 5572; x_wconf 77' lang='lat' dir='ltr'><strong>Cleopha</strong></span> <span class='ocrx_word' id='word_1_795' title='bbox 1359 5507 1406 5555; x_wconf 84' lang='lat' dir='ltr'><strong>et</strong></span> <span class='ocrx_word' id='word_1_796' title='bbox 1429 5501 1658 5572; x_wconf 75' lang='lat' dir='ltr'><strong>Amne-ii.</strong></span> 
     </span>
    </p>
   </div>
   <div class='ocr_carea' id='block_1_104' title="bbox 332 5505 1838 5652">
    <p class='ocr_par' dir='ltr' id='par_1_104' title="bbox 332 5505 1838 5652">
     <span class='ocr_line' id='line_1_104' title="bbox 359 5505 1658 5572; baseline -0.008 -9"><span class='ocrx_word' id='word_1_797' title='bbox 359 5505 427 5564; x_wconf 76' lang='grc'><strong>64</strong></span> <span class='ocrx_word' id='word_1_798' title='bbox 490 5505 694 5562; x_wconf 87' lang='lat' dir='ltr'><strong>Eadem</strong></span> <span class='ocrx_word' id='word_1_799' title='bbox 725 5506 880 5561; x_wconf 90' lang='lat' dir='ltr'><strong>Rom.</strong></span> <span class='ocrx_word' id='word_1_800' title='bbox 911 5505 1068 5570; x_wconf 89' lang='lat' dir='ltr'><strong>edit.,</strong></span> <span class='ocrx_word' id='word_1_801' title='bbox 1107 5505 1334 5572; x_wconf 82' lang='lat' dir='ltr'><strong>Cleopha</strong></span> <span class='ocrx_word' id='word_1_802' title='bbox 1359 5507 1406 5555; x_wconf 84' lang='lat' dir='ltr'><strong>et</strong></span> <span class='ocrx_word' id='word_1_803' title='bbox 1429 5505 1658 5556; x_wconf 69' lang='lat' dir='ltr'><strong>Amata-ii.</strong></span> 
     </span>
     <span class='ocr_line' id='line_1_105' title="bbox 332 5505 1838 5652; baseline -0.006 -19"><span class='ocrx_word' id='word_1_804' title='bbox 332 5505 451 5652; x_wconf 52' lang='lat'><strong>(65;</strong></span> <span class='ocrx_word' id='word_1_805' title='bbox 491 5576 694 5632; x_wconf 89' lang='lat' dir='ltr'><strong>Eadem</strong></span> <span class='ocrx_word' id='word_1_806' title='bbox 724 5577 881 5632; x_wconf 90' lang='lat' dir='ltr'><strong>Rom.</strong></span> <span class='ocrx_word' id='word_1_807' title='bbox 912 5573 1068 5642; x_wconf 89' lang='lat' dir='ltr'><strong>edit.,</strong></span> <span class='ocrx_word' id='word_1_808' title='bbox 1095 5574 1310 5629; x_wconf 83' lang='lat' dir='ltr'><strong>dubium</strong></span> <span class='ocrx_word' id='word_1_809' title='bbox 1339 5572 1442 5626; x_wconf 83' lang='lat' dir='ltr'><strong>erit</strong></span> <span class='ocrx_word' id='word_1_810' title='bbox 1463 5571 1602 5641; x_wconf 83' lang='lat' dir='ltr'><strong>quod</strong></span> <span class='ocrx_word' id='word_1_811' title='bbox 1632 5569 1838 5625; x_wconf 82' lang='lat' dir='ltr'><strong>transi-</strong></span> 
     </span>
    </p>
   </div>
   <div class='ocr_carea' id='block_1_105' title="bbox 256 5655 1837 5799">
    <p class='ocr_par' dir='ltr' id='par_1_105' title="bbox 256 5655 1837 5799">
     <span class='ocr_line' id='line_1_106' title="bbox 256 5655 1837 5799; baseline -0.007 -22"><span class='ocrx_word' id='word_1_812' title='bbox 256 5655 450 5795; x_wconf 58' lang='lat' dir='ltr'><strong>&quot;?th</strong></span> <span class='ocrx_word' id='word_1_813' title='bbox 487 5714 699 5799; x_wconf 82' lang='lat' dir='ltr'><strong>Eadem</strong></span> <span class='ocrx_word' id='word_1_814' title='bbox 717 5715 874 5775; x_wconf 88' lang='lat' dir='ltr'><strong>Rom.</strong></span> <span class='ocrx_word' id='word_1_815' title='bbox 901 5714 1057 5784; x_wconf 83' lang='lat' dir='ltr'><strong>edit.,</strong></span> <span class='ocrx_word' id='word_1_816' title='bbox 1083 5720 1132 5771; x_wconf 85' lang='lat' dir='ltr'><strong>et</strong></span> <span class='ocrx_word' id='word_1_817' title='bbox 1153 5719 1441 5790; x_wconf 82' lang='lat' dir='ltr'><strong>peccatores</strong></span> <span class='ocrx_word' id='word_1_818' title='bbox 1470 5713 1581 5785; x_wconf 79' lang='lat' dir='ltr'><strong>ejus</strong></span> <span class='ocrx_word' id='word_1_819' title='bbox 1600 5710 1837 5768; x_wconf 78' lang='lat' dir='ltr'><strong>inimicos</strong></span> 
     </span>
    </p>
   </div>
   <div class='ocr_carea' id='block_1_106' title="bbox 1950 4662 3528 4743">
    <p class='ocr_par' dir='ltr' id='par_1_106' title="bbox 1950 4662 3528 4743">
     <span class='ocr_line' id='line_1_107' title="bbox 1950 4662 3528 4743; baseline -0.008 -15"><span class='ocrx_word' id='word_1_820' title='bbox 1950 4673 2059 4730; x_wconf 91' lang='lat' dir='ltr'><strong>tori</strong></span> <span class='ocrx_word' id='word_1_821' title='bbox 2091 4670 2234 4743; x_wconf 89' lang='lat' dir='ltr'><strong>quod</strong></span> <span class='ocrx_word' id='word_1_822' title='bbox 2264 4669 2440 4739; x_wconf 89' lang='lat' dir='ltr'><strong>majus</strong></span> <span class='ocrx_word' id='word_1_823' title='bbox 2472 4676 2552 4722; x_wconf 88' lang='lat' dir='ltr'><strong>est</strong></span> <span class='ocrx_word' id='word_1_824' title='bbox 2583 4664 2799 4730; x_wconf 89' lang='lat' dir='ltr'><strong>tribuis,</strong></span> <span class='ocrx_word' id='word_1_825' title='bbox 2832 4672 2884 4717; x_wconf 89' lang='lat' dir='ltr'><strong>et</strong></span> <span class='ocrx_word' id='word_1_826' title='bbox 2925 4662 3069 4734; x_wconf 91' lang='lat' dir='ltr'><strong>quod</strong></span> <span class='ocrx_word' id='word_1_827' title='bbox 3101 4662 3282 4716; x_wconf 90' lang='lat' dir='ltr'><strong>minus</strong></span> <span class='ocrx_word' id='word_1_828' title='bbox 3309 4663 3528 4718; x_wconf 87' lang='lat' dir='ltr'><strong>calum—</strong></span> 
     </span>
    </p>
   </div>
   <div class='ocr_carea' id='block_1_107' title="bbox 1951 4750 3521 4832">
    <p class='ocr_par' dir='ltr' id='par_1_107' title="bbox 1951 4750 3521 4832">
     <span class='ocr_line' id='line_1_108' title="bbox 1951 4750 3521 4832; baseline -0.007 -15"><span class='ocrx_word' id='word_1_829' title='bbox 1951 4761 2120 4817; x_wconf 91' lang='lat' dir='ltr'><strong>niaris</strong></span> <span class='ocrx_word' id='word_1_830' title='bbox 2153 4760 2290 4832; x_wconf 90' lang='lat'><strong>(69).</strong></span> <span class='ocrx_word' id='word_1_831' title='bbox 2342 4758 2532 4812; x_wconf 88' lang='lat' dir='ltr'><strong>Petrus</strong></span> <span class='ocrx_word' id='word_1_832' title='bbox 2576 4753 2874 4825; x_wconf 89' lang='lat' dir='ltr'><strong>apostolus,</strong></span> <span class='ocrx_word' id='word_1_833' title='bbox 2928 4757 2990 4804; x_wconf 90' lang='lat' dir='ltr'><strong>ut</strong></span> <span class='ocrx_word' id='word_1_834' title='bbox 3013 4750 3127 4819; x_wconf 88' lang='lat' dir='ltr'><strong>jam</strong></span> <span class='ocrx_word' id='word_1_835' title='bbox 3183 4750 3392 4804; x_wconf 88' lang='lat' dir='ltr'><strong>dictum</strong></span> <span class='ocrx_word' id='word_1_836' title='bbox 3421 4759 3521 4819; x_wconf 90' lang='lat' dir='ltr'><strong>est,</strong></span> 
     </span>
    </p>
   </div>
   <div class='ocr_carea' id='block_1_108' title="bbox 1951 4839 3571 4924">
    <p class='ocr_par' dir='ltr' id='par_1_108' title="bbox 1951 4839 3571 4924">
     <span class='ocr_line' id='line_1_109' title="bbox 1951 4839 3571 4924; baseline -0.009 -14"><span class='ocrx_word' id='word_1_837' title='bbox 1951 4869 2112 4924; x_wconf 91' lang='lat' dir='ltr'><strong>super</strong></span> <span class='ocrx_word' id='word_1_838' title='bbox 2159 4867 2326 4923; x_wconf 87' lang='lat' dir='ltr'><strong>aquas</strong></span> <span class='ocrx_word' id='word_1_839' title='bbox 2381 4845 2684 4903; x_wconf 89' lang='lat' dir='ltr'><strong>ambulavit</strong></span> <span class='ocrx_word' id='word_1_840' title='bbox 2713 4850 2766 4898; x_wconf 91' lang='lat' dir='ltr'><strong>et</strong></span> <span class='ocrx_word' id='word_1_841' title='bbox 2797 4842 2946 4912; x_wconf 89' lang='lat' dir='ltr'><strong>gravi</strong></span> <span class='ocrx_word' id='word_1_842' title='bbox 3003 4849 3056 4895; x_wconf 86' lang='lat' dir='ltr'><strong>et</strong></span> <span class='ocrx_word' id='word_1_843' title='bbox 3089 4839 3268 4895; x_wconf 90' lang='lat' dir='ltr'><strong>solido</strong></span> <span class='ocrx_word' id='word_1_844' title='bbox 3309 4842 3526 4911; x_wconf 89' lang='lat' dir='ltr'><strong>corpori</strong></span> <span class='ocrx_word' id='word_1_845' title='bbox 3567 4878 3571 4882; x_wconf 88' lang='lat'><strong><em>-</em></strong></span> 
     </span>
    </p>
   </div>
   <div class='ocr_carea' id='block_1_109' title="bbox 1952 4929 3528 5006">
    <p class='ocr_par' dir='ltr' id='par_1_109' title="bbox 1952 4929 3528 5006">
     <span class='ocr_line' id='line_1_110' title="bbox 1952 4929 3528 5006; baseline -0.006 -9"><span class='ocrx_word' id='word_1_846' title='bbox 1952 4942 2133 4997; x_wconf 91' lang='lat' dir='ltr'><strong>mollis</strong></span> <span class='ocrx_word' id='word_1_847' title='bbox 2163 4939 2327 5005; x_wconf 90' lang='lat' dir='ltr'><strong>unda,</strong></span> <span class='ocrx_word' id='word_1_848' title='bbox 2379 4937 2485 4992; x_wconf 90' lang='lat' dir='ltr'><strong>nisi</strong></span> <span class='ocrx_word' id='word_1_849' title='bbox 2525 4932 2806 5006; x_wconf 89' lang='lat' dir='ltr'><strong>paululum</strong></span> <span class='ocrx_word' id='word_1_850' title='bbox 2851 4929 3171 4997; x_wconf 86' lang='lat' dir='ltr'><strong>dubitasset,</strong></span> <span class='ocrx_word' id='word_1_851' title='bbox 3203 4946 3313 4984; x_wconf 91' lang='lat' dir='ltr'><strong>non</strong></span> <span class='ocrx_word' id='word_1_852' title='bbox 3341 4946 3528 4988; x_wconf 89' lang='lat' dir='ltr'><strong>cesse-</strong></span> 
     </span>
    </p>
   </div>
   <div class='ocr_carea' id='block_1_110' title="bbox 1951 5018 3560 5100">
    <p class='ocr_par' dir='ltr' id='par_1_110' title="bbox 1951 5018 3560 5100">
     <span class='ocr_line' id='line_1_111' title="bbox 1951 5018 3560 5100; baseline -0.006 -16"><span class='ocrx_word' id='word_1_853' title='bbox 1951 5037 2033 5085; x_wconf 86' lang='lat' dir='ltr'><strong>rat</strong></span> <span class='ocrx_word' id='word_1_854' title='bbox 2064 5028 2274 5100; x_wconf 85' lang='lat' dir='ltr'><strong>(Matth.</strong></span> <span class='ocrx_word' id='word_1_855' title='bbox 2303 5042 2419 5090; x_wconf 87' lang='lat' dir='ltr'><strong>xxv,</strong></span> <span class='ocrx_word' id='word_1_856' title='bbox 2452 5023 2539 5086; x_wconf 90' lang='lat'><strong>29,</strong></span> <span class='ocrx_word' id='word_1_857' title='bbox 2570 5020 2694 5090; x_wconf 90' lang='lat'><strong>30):</strong></span> <span class='ocrx_word' id='word_1_858' title='bbox 2728 5026 2783 5073; x_wconf 88' lang='lat' dir='ltr'><strong>et</strong></span> <span class='ocrx_word' id='word_1_859' title='bbox 2830 5026 2893 5073; x_wconf 91' lang='lat' dir='ltr'><strong>tu</strong></span> <span class='ocrx_word' id='word_1_860' title='bbox 2946 5019 3118 5072; x_wconf 88' lang='lat' dir='ltr'><strong>Deum</strong></span> <span class='ocrx_word' id='word_1_861' title='bbox 3149 5018 3522 5090; x_wconf 88' lang='lat' dir='ltr'><strong>calumniaris,</strong></span> <span class='ocrx_word' id='word_1_862' title='bbox 3547 5019 3560 5038; x_wconf 83' lang='lat'><strong><em>&#39;</em></strong></span> 
     </span>
    </p>
   </div>
   <div class='ocr_carea' id='block_1_111' title="bbox 1951 5107 3525 5192">
    <p class='ocr_par' dir='ltr' id='par_1_111' title="bbox 1951 5107 3525 5192">
     <span class='ocr_line' id='line_1_112' title="bbox 1951 5107 3525 5192; baseline -0.008 -17"><span class='ocrx_word' id='word_1_863' title='bbox 1951 5135 2116 5192; x_wconf 90' lang='lat' dir='ltr'><strong>quare</strong></span> <span class='ocrx_word' id='word_1_864' title='bbox 2157 5115 2356 5172; x_wconf 89' lang='lat' dir='ltr'><strong>clausis</strong></span> <span class='ocrx_word' id='word_1_865' title='bbox 2385 5113 2658 5183; x_wconf 89' lang='lat' dir='ltr'><strong>ingressus</strong></span> <span class='ocrx_word' id='word_1_866' title='bbox 2704 5107 2775 5162; x_wconf 91' lang='lat' dir='ltr'><strong>sit</strong></span> <span class='ocrx_word' id='word_1_867' title='bbox 2817 5107 3019 5163; x_wconf 78' lang='lat' dir='ltr'><strong>ostiis?</strong></span> <span class='ocrx_word' id='word_1_868' title='bbox 3066 5107 3356 5161; x_wconf 91' lang='lat' dir='ltr'><strong>Paululum</strong></span> <span class='ocrx_word' id='word_1_869' title='bbox 3396 5122 3525 5179; x_wconf 89' lang='lat' dir='ltr'><strong>ergo</strong></span> 
     </span>
    </p>
   </div>
   <div class='ocr_carea' id='block_1_112' title="bbox 1949 5207 3113 5272">
    <p class='ocr_par' dir='ltr' id='par_1_112' title="bbox 1949 5207 3113 5272">
     <span class='ocr_line' id='line_1_113' title="bbox 1949 5207 3113 5272; baseline -0.01 0"><span class='ocrx_word' id='word_1_870' title='bbox 1949 5218 2020 5272; x_wconf 82' lang='lat' dir='ltr'><strong>ad</strong></span> <span class='ocrx_word' id='word_1_871' title='bbox 2040 5233 2265 5270; x_wconf 79' lang='lat' dir='ltr'><strong>unum...</strong></span> <span class='ocrx_word' id='word_1_872' title='bbox 2299 5213 2387 5266; x_wconf 79' lang='lat' dir='ltr'><strong>ubi</strong></span> <span class='ocrx_word' id='word_1_873' title='bbox 2406 5209 2640 5264; x_wconf 83' lang='lat' dir='ltr'><strong>omnibus</strong></span> <span class='ocrx_word' id='word_1_874' title='bbox 2661 5207 2978 5272; x_wconf 77' lang='lat' dir='ltr'><strong>divinitatis,</strong></span> <span class='ocrx_word' id='word_1_875' title='bbox 3009 5214 3113 5260; x_wconf 91' lang='lat' dir='ltr'><strong>etc.</strong></span> 
     </span>
    </p>
   </div>
   <div class='ocr_carea' id='block_1_113' title="bbox 2023 5277 3526 5357">
    <p class='ocr_par' dir='ltr' id='par_1_113' title="bbox 2023 5277 3526 5357">
     <span class='ocr_line' id='line_1_114' title="bbox 2023 5277 3526 5357; baseline -0.01 -16"><span class='ocrx_word' id='word_1_876' title='bbox 2023 5288 2136 5357; x_wconf 86' lang='grc'>(67)</span> <span class='ocrx_word' id='word_1_877' title='bbox 2186 5283 2387 5357; x_wconf 85' lang='lat' dir='ltr'><strong>Eadem</strong></span> <span class='ocrx_word' id='word_1_878' title='bbox 2443 5283 2598 5357; x_wconf 85' lang='lat' dir='ltr'><strong>Rom.</strong></span> <span class='ocrx_word' id='word_1_879' title='bbox 2659 5278 2813 5357; x_wconf 78' lang='lat' dir='ltr'><strong>edit.,</strong></span> <span class='ocrx_word' id='word_1_880' title='bbox 2842 5277 2984 5357; x_wconf 64' lang='lat' dir='ltr'><strong>ﬁdei</strong></span> <span class='ocrx_word' id='word_1_881' title='bbox 3047 5277 3303 5357; x_wconf 36' lang='lat' dir='ltr'><strong>ﬁrmitate.</strong></span> <span class='ocrx_word' id='word_1_882' title='bbox 3367 5289 3526 5356; x_wconf 57' lang='lat' dir='ltr'><strong>super</strong></span> 
     </span>
    </p>
   </div>
   <div class='ocr_carea' id='block_1_114' title="bbox 1947 5345 3524 5427">
    <p class='ocr_par' dir='ltr' id='par_1_114' title="bbox 1947 5345 3524 5427">
     <span class='ocr_line' id='line_1_115' title="bbox 1947 5345 3524 5427; baseline -0.008 -14"><span class='ocrx_word' id='word_1_883' title='bbox 1947 5345 2414 5427; x_wconf 58' lang='lat' dir='ltr'><strong>aq-ixas&#39;ambulare</strong></span> <span class='ocrx_word' id='word_1_884' title='bbox 2437 5352 2602 5427; x_wconf 61' lang='lat' dir='ltr'><strong>ccepti,</strong></span> <span class='ocrx_word' id='word_1_885' title='bbox 2655 5345 2935 5427; x_wconf 38' lang='lat' dir='ltr'><strong>ita&#39;eqdem</strong></span> <span class='ocrx_word' id='word_1_886' title='bbox 2967 5345 3092 5400; x_wconf 72' lang='lat' dir='ltr'><strong>mox</strong></span> <span class='ocrx_word' id='word_1_887' title='bbox 3137 5347 3331 5400; x_wconf 81' lang='lat' dir='ltr'><strong>labente</strong></span> <span class='ocrx_word' id='word_1_888' title='bbox 3361 5345 3524 5416; x_wconf 87' lang='lat' dir='ltr'><strong>mergi</strong></span> 
     </span>
    </p>
   </div>
   <div class='ocr_carea' id='block_1_115' title="bbox 1947 5421 2968 5498">
    <p class='ocr_par' dir='ltr' id='par_1_115' title="bbox 1947 5421 2968 5498">
     <span class='ocr_line' id='line_1_116' title="bbox 1947 5421 2968 5498; baseline -0.011 -15"><span class='ocrx_word' id='word_1_889' title='bbox 1947 5421 2115 5498; x_wconf 69' lang='lat' dir='ltr'><strong>ccepit,</strong></span> <span class='ocrx_word' id='word_1_890' title='bbox 2146 5434 2192 5480; x_wconf 89' lang='lat' dir='ltr'><strong>et</strong></span> <span class='ocrx_word' id='word_1_891' title='bbox 2213 5425 2375 5498; x_wconf 81' lang='lat' dir='ltr'><strong>mergi</strong></span> <span class='ocrx_word' id='word_1_892' title='bbox 2400 5421 2677 5498; x_wconf 59' lang='lat' dir='ltr'><strong>potuisset,</strong></span> <span class='ocrx_word' id='word_1_893' title='bbox 2695 5421 2820 5498; x_wconf 73' lang='lat' dir='ltr'><strong>nisi,</strong></span> <span class='ocrx_word' id='word_1_894' title='bbox 2863 5427 2968 5498; x_wconf 69' lang='lat' dir='ltr'><strong>etc.</strong></span> 
     </span>
    </p>
   </div>
   <div class='ocr_carea' id='block_1_116' title="bbox 2021 5485 3518 5568">
    <p class='ocr_par' dir='ltr' id='par_1_116' title="bbox 2021 5485 3518 5568">
     <span class='ocr_line' id='line_1_117' title="bbox 2021 5485 3518 5568; baseline -0.012 -14"><span class='ocrx_word' id='word_1_895' title='bbox 2021 5485 2135 5568; x_wconf 75' lang='grc'>(68)</span> <span class='ocrx_word' id='word_1_896' title='bbox 2167 5485 2368 5552; x_wconf 70' lang='lat' dir='ltr'><strong>Eadem</strong></span> <span class='ocrx_word' id='word_1_897' title='bbox 2399 5485 2554 5550; x_wconf 84' lang='lat' dir='ltr'><strong>Rom.</strong></span> <span class='ocrx_word' id='word_1_898' title='bbox 2595 5485 2752 5556; x_wconf 88' lang='lat' dir='ltr'><strong>edit.,</strong></span> <span class='ocrx_word' id='word_1_899' title='bbox 2781 5485 2984 5568; x_wconf 65' lang='lat' dir='ltr'><strong>pugillo</strong></span> <span class='ocrx_word' id='word_1_900' title='bbox 3013 5485 3321 5568; x_wconf 69' lang='lat' dir='ltr'><strong>appendere,</strong></span> <span class='ocrx_word' id='word_1_901' title='bbox 3347 5490 3518 5568; x_wconf 31' lang='lat' dir='ltr'><strong>elﬁcie-</strong></span> 
     </span>
    </p>
   </div>
   <div class='ocr_carea' id='block_1_117' title="bbox 1948 5561 3518 5639">
    <p class='ocr_par' dir='ltr' id='par_1_117' title="bbox 1948 5561 3518 5639">
     <span class='ocr_line' id='line_1_118' title="bbox 1948 5561 3518 5639; baseline -0.008 -16"><span class='ocrx_word' id='word_1_902' title='bbox 1948 5561 2056 5623; x_wconf 74' lang='lat' dir='ltr'><strong>lum</strong></span> <span class='ocrx_word' id='word_1_903' title='bbox 2079 5561 2278 5639; x_wconf 74' lang='lat' dir='ltr'><strong>palmo,</strong></span> <span class='ocrx_word' id='word_1_904' title='bbox 2321 5572 2368 5620; x_wconf 88' lang='lat' dir='ltr'><strong>et</strong></span> <span class='ocrx_word' id='word_1_905' title='bbox 2393 5581 2559 5636; x_wconf 78' lang='lat' dir='ltr'><strong>aquas</strong></span> <span class='ocrx_word' id='word_1_906' title='bbox 2587 5577 2748 5616; x_wconf 77' lang='lat' dir='ltr'><strong>manu</strong></span> <span class='ocrx_word' id='word_1_907' title='bbox 2795 5565 2843 5614; x_wconf 84' lang='lat' dir='ltr'><strong>et</strong></span> <span class='ocrx_word' id='word_1_908' title='bbox 2886 5575 3041 5630; x_wconf 82' lang='lat' dir='ltr'><strong>rupes</strong></span> <span class='ocrx_word' id='word_1_909' title='bbox 3076 5562 3272 5612; x_wconf 81' lang='lat' dir='ltr'><strong>statera</strong></span> <span class='ocrx_word' id='word_1_910' title='bbox 3305 5561 3518 5627; x_wconf 81' lang='lat' dir='ltr'><strong>metiri;</strong></span> 
     </span>
    </p>
   </div>
   <div class='ocr_carea' id='block_1_118' title="bbox 1945 5641 2361 5704">
    <p class='ocr_par' dir='ltr' id='par_1_118' title="bbox 1945 5641 2361 5704">
     <span class='ocr_line' id='line_1_119' title="bbox 1945 5641 2361 5704; baseline -0.005 -10"><span class='ocrx_word' id='word_1_911' title='bbox 1945 5657 2016 5694; x_wconf 81' lang='lat' dir='ltr'><strong>an</strong></span> <span class='ocrx_word' id='word_1_912' title='bbox 2040 5641 2225 5704; x_wconf 86' lang='lat' dir='ltr'><strong>Deum,</strong></span> <span class='ocrx_word' id='word_1_913' title='bbox 2259 5645 2361 5693; x_wconf 89' lang='lat' dir='ltr'><strong>etc.</strong></span> 
     </span>
    </p>
   </div>
   <div class='ocr_carea' id='block_1_119' title="bbox 2020 5699 3044 5785">
    <p class='ocr_par' dir='ltr' id='par_1_119' title="bbox 2020 5699 3044 5785">
     <span class='ocr_line' id='line_1_120' title="bbox 2020 5699 3044 5785; baseline -0.009 -18"><span class='ocrx_word' id='word_1_914' title='bbox 2020 5711 2135 5785; x_wconf 82' lang='grc'>(69)</span> <span class='ocrx_word' id='word_1_915' title='bbox 2162 5699 2367 5764; x_wconf 80' lang='lat' dir='ltr'><strong>Eadem</strong></span> <span class='ocrx_word' id='word_1_916' title='bbox 2397 5707 2555 5764; x_wconf 87' lang='lat' dir='ltr'><strong>Rom.</strong></span> <span class='ocrx_word' id='word_1_917' title='bbox 2591 5702 2746 5772; x_wconf 83' lang='lat' dir='ltr'><strong>edit.,</strong></span> <span class='ocrx_word' id='word_1_918' title='bbox 2765 5699 3044 5776; x_wconf 62' lang='lat' dir='ltr'><strong>inliciaris.</strong></span> 
     </span>
    </p>
   </div>
  </div>
