3972 6386
462 399 566 473 su
1486 397 1582 454 AD
1623 395 1858 454 omne
1895 393 1953 454 s.
1994 390 2326 454 annuos“
2363 389 2742 454 APPENDIX.
3637 392 3770 458 tm

464 529 600 587 ﬁdes
627 525 772 625 Retri
800 523 1078 622 dubitavit
1097 530 1154 581 et
1175 521 1365 580 statim
1385 529 1640 580 naturam
1665 537 1819 582 suam
1850 535 2048 591 corpus
2075 523 2125 581 A
2153 527 2412 592 gnoscant
2440 527 2494 578 te
2549 535 2720 576 unum
2776 523 2833 576 et
2861 529 3056 576 verum
3101 515 3299 590 Deum,
3329 526 3385 580 et
3425 535 3592 595 quem
3627 518 3762 578 mi-

464 615 728 690 agnovit;
761 622 824 672 ut
859 630 960 671 nos
987 611 1252 671 sciremus
1297 627 1460 684 super
1506 625 1673 686 aquas
1715 625 1830 670 non
1857 623 2060 703 corpus
2161 608 2301 678 sisti,
2346 609 2530 668 Iesum
2576 608 2857 669 Christum
2908 609 3090 682 (Joan.
3135 626 3280 680 xvn,
3311 609 3392 684 3).
3439 634 3460 660 ι
3503 611 3760 681 Dignum

464 709 772 772 ambulasse
791 705 936 780 (70),
963 704 1060 765 sed
1085 704 1274 764 ﬁdem.

537 844 766 906 CAPUT
796 840 979 900 XXX.
1009 871 1081 886 —
1105 839 1232 898 Noli
1270 837 1338 896 ad
1361 835 1636 912 judicium
1665 841 1822 892 tuum
1850 840 2053 907 poten-

465 937 602 995 tiam
639 932 863 992 Domini
908 945 1189 1003 magorum
1237 925 1532 1001 praestigiis
1571 931 1666 982 aut
1703 937 1916 997 aequare
1958 928 2053 977 aut

468 1026 783 1086 inferiorem
831 1022 1052 1090 facere;
1111 1027 1176 1076 ut
1227 1017 1485 1074 videatur
1528 1015 1698 1072 fuisse
1758 1011 1904 1088 quod
1939 1027 2053 1068 non

469 1115 596 1188 fuit,
627 1123 689 1171 ut
737 1118 960 1188 putetur
999 1105 1298 1166 comedisse
1346 1105 1466 1162 sine
1497 1102 1775 1170 dentibus,
1828 1099 2052 1174 fregisse

468 1221 663 1280 panem
713 1203 831 1259 sine
865 1199 1140 1267 manibus,
1167 1194 1474 1253 ambulasse
1502 1192 1622 1248 sine
1667 1189 1915 1264 pedibus,
1959 1188 2054 1244 lo-

470 1302 626 1352 cutus
671 1291 841 1348 fuisse
882 1287 1002 1346 sine
1050 1286 1258 1360 lingua,
1315 1290 1410 1340 aut
1445 1281 1643 1354 capite,
1695 1280 1838 1336 latus
1884 1291 2052 1333 mon-

469 1390 663 1442 strasse
719 1379 837 1438 sine
897 1391 1144 1450 corpore.
1199 1374 1271 1430 Et
1343 1369 1617 1445 quomodo
1691 1367 1892 1440 inquit,
1942 1379 2054 1421 non

470 1469 867 1546 cognoscebant
893 1482 1019 1524 eum
1049 1466 1109 1520 in
1153 1463 1350 1520 itinere
1381 1461 1425 1516 si
1457 1459 1638 1532 ipsum
1668 1456 1899 1514 habebat
1923 1468 2052 1510 cor-

468 1543 572 1638 pus
618 1560 766 1635 quod
817 1565 942 1614 ante
988 1552 1188 1611 habuit
1209 1552 1240 1608 7
1287 1551 1452 1606 Erras
1488 1548 1652 1638 enim
1708 1553 1776 1638 et
1815 1543 2050 1600 multum

469 1633 652 1720 erras,
700 1648 796 1722 qui
877 1659 989 1701 non
1042 1640 1198 1698 audis
1263 1635 1669 1711 Evangelistam
1723 1633 1991 1690 dicentem
2034 1647 2047 1688 :

483 1760 505 1788 ι
531 1737 671 1807 Quia
696 1732 842 1792 oculi
884 1745 1073 1788 eorum
1112 1726 1462 1792 tenebantur,
1509 1741 1578 1781 ne
1614 1738 1740 1781 eum
1787 1735 2052 1796 agnosce-

467 1833 592 1886 rent
621 1824 773 1898 (Luc.
803 1835 962 1888 xxrv,
989 1817 1135 1889 16);:
1178 1823 1232 1872 et
1249 1815 1410 1888 paulo
1438 1821 1600 1886 post:
1644 1835 1664 1861 ι
1694 1811 1885 1884 Aperti
1901 1815 2050 1877 sunt,

468 1913 672 1990 inquit,
693 1911 842 1971 oculi
861 1924 1072 1977 eorum,
1094 1915 1148 1964 et
1171 1911 1548 1978 cognoverunt
1565 1916 1690 1958 eum
1709 1899 1870 1990 (Ibid.
1894 1898 2036 1990 iii)»

467 1986 748 2077 Numquid
789 2000 849 2057 in
886 2005 1102 2057 tantum
1130 1993 1385 2067 desipies,
1425 1999 1491 2049 ut
1530 2007 1656 2047 eum
1683 1989 1854 2046 alium
1884 1986 2051 2044 fuisse

470 2076 648 2162 dicas,
669 2087 889 2164 quando
916 2083 1380 2160 cognoscebatur;
1412 2087 1467 2136 et
1494 2079 1664 2136 alium
1693 2076 1910 2152 quando
1938 2090 2050 2132 non

470 2178 900 2256 cognoscebatur
917 2177 946 2234 τ
995 2175 1067 2232 Et
1112 2179 1256 2232 certe
1311 2185 1456 2226 unus
1507 2177 1668 2256 atque
1721 2165 1868 2223 idem
1914 2173 2047 2220 erat.

471 2251 810 2344 cognoscere
823 2282 950 2340 ergo
979 2272 1032 2322 et
1055 2279 1167 2320 non
1197 2273 1518 2333 cognoscere
1541 2255 1850 2314 videntium
1879 2251 2052 2310 oculis

472 2340 604 2429 fuit,
633 2374 750 2416 non
787 2355 906 2430 ejus
949 2355 1044 2428 qui
1089 2351 1398 2416 videbatur,
1435 2354 1498 2403 ut
1523 2345 1848 2403 vaticinium
1877 2340 2052 2400 sancti

473 2446 720 2506 Ieremiaa
743 2444 1128 2518 compleretur,
1160 2454 1270 2512 quo
1306 2437 1420 2493 ait:
1467 2458 1488 2484 ι
1515 2433 1694 2504 Quare
1724 2432 1866 2490 sicut
1893 2431 2053 2489 colo—

473 2555 580 2598 nus
607 2539 826 2595 futurus
868 2541 951 2592 est
981 2533 1038 2589 in
1079 2539 1244 2591 terra.
1279 2534 1335 2585 et
1363 2527 1506 2584 sicut
1545 2525 1633 2580 vir
1675 2523 1957 2581 declinans
1983 2519 2052 2577 ad

473 2625 806 2686 manendum
833 2623 949 2696 (71)
979 2621 1192 2694 (Ierm.
1213 2635 1336 2687 xiv,
1363 2616 1422 2688 8)
1447 2614 1477 2670 7
1497 2639 1518 2664 ι
1559 2613 1806 2685 Denique
1831 2617 1893 2667 ut
1913 2609 2054 2667 scias

475 2733 736 2785 errorem,
792 2715 888 2788 qui
937 2711 1256 2770 versabatur
1310 2706 1370 2763 in
1425 2703 1626 2772 medio,
1657 2717 1770 2760 non
1810 2700 2052 2772 corporis

474 2805 720 2873 Domini,
753 2803 848 2860 sed
888 2803 1174 2860 oculorum
1208 2796 1376 2854 fuisse
1403 2793 1748 2852 clausorum:
1795 2811 1819 2837 ι
1861 2789 2053 2861 Aperti

473 2903 604 2953 sunt
639 2891 787 2951 oculi
814 2906 1026 2949 'eorum
1075 2890 1156 2962 (et
1209 2883 1364 2956 mox)
1413 2884 1787 2952 cognoverunt
1823 2891 1970 2934 eum.
2018 2893 2039 2926 ο

476 2984 614 3044 Nam
641 2989 696 3040 et
732 2981 903 3039 Maria
930 2977 1244 3051 Magdalene
1274 2969 1518 3046 quandiu
1562 2967 1753 3022 vivum
1781 2965 2054 3038 quaerebat

477 3073 621 3132 inter
648 3078 896 3128 mortuos
941 3068 1094 3139 (Luc.
1124 3065 1282 3128 x'xrv,
1309 3059 1380 3129 5),
1424 3072 1535 3114 non
1575 3053 1932 3127 cognoscebat
1957 3055 2055 3111 Ie-

475 3177 598 3222 sum
627 3161 808 3234 (Joan.
840 3173 936 3226 xx,
969 3155 1100 3227 i6);
1135 3158 1191 3208 at
1211 3146 1306 3204 ubi
1335 3161 1462 3203 cum
1503 3143 1744 3216 agnovit,
1777 3158 1908 3234 mox
1936 3145 2055 3200 Do.

473 3339 676 3414 cipulis
713 3335 926 3412 positis,
979 3331 1134 3386 Iesus
1180 3323 1356 3382 stabat
1385 3323 1443 3379 in
1475 3323 1680 3393 littore,
1711 3323 1921 3380 caeteris
1945 3337 2052 3382 au-

473 3411 587 3490 tem
617 3411 731 3486 non
757 3417 1214 3496 cognoscentibus
1265 3429 1414 3472 eum.
1445 3413 1680 3470 Joannes
1703 3411 1854 3486 prior
1879 3428 2054 3485 agno—

474 3521 560 3579 vit
589 3519 730 3593 (72),
751 3524 806 3572 et
831 3508 1015 3568 dixit:
1061 3530 1080 3556 ι
1113 3505 1384 3566 Dominus
1410 3510 1492 3562 est
1517 3503 1694 3574 (Ioan.
1721 3517 1843 3571 χχι,
1875 3503 1932 3574 7)
1965 3517 1981 3570 ;
2017 3523 2040 3551 ι

472 3591 709 3669 Docebat
761 3614 970 3666 revera,
1017 3604 1074 3655 et
1129 3596 1260 3655 satis
1317 3609 1620 3666 congruum
1665 3600 1800 3661 erat,
1837 3598 1902 3649 ut
1944 3591 2054 3648 vir-

476 3697 676 3772 ginitas
725 3687 996 3764 virginale
1069 3687 1222 3760 prius
1271 3689 1584 3758 agnosceret
1632 3695 1849 3772 corpus.
1905 3678 2054 3738 Idem

475 3770 602 3861 ergo
619 3790 756 3854 erat,
785 3787 842 3838 et
869 3795 984 3837 non
1011 3777 1158 3836 idem
1181 3775 1250 3834 ab
1274 3774 1532 3832 omnibus
1557 3770 1862 3829 videbatur.

545 3953 772 4015 CAPUT
812 3951 1021 4010 XXXI.
1064 3977 1138 3996 -
1165 3948 1470 4022 Statimque
1497 3943 1696 4018 subjun
1704 3957 1833 4018 gens
1857 3941 2054 4001 Evan-

476 4044 688 4122 gelista,
731 4041 914 4102 dicit:
987 4063 1008 4090 ι
1034 4039 1106 4097 Et
1159 4053 1322 4096 nemo
1377 4035 1610 4093 audebat
1643 4049 1768 4092 eum
1821 4032 2056 4105 amplius

475 4135 829 4206 interrogare.
886 4130 970 4187 Tu
1026 4128 1150 4202 quis
1195 4143 1253 4184 es
1303 4126 1422 4199 (73)
1473 4126 1655 4196 (Ioan.
1688 4139 1810 4193 xxi,
1844 4123 1933 4194 12)
1965 4123 1994 4180 7
2020 4145 2040 4174 ι

473 4221 616 4291 Quia
649 4225 930 4277 vescentes
958 4215 1165 4290 pariter
1211 4229 1274 4271 ac
1301 4213 1554 4270 bibentes
1592 4227 1719 4270 cum
1765 4225 1851 4278 eo,
1881 4209 2055 4268 homi-

475 4327 602 4370 nem
633 4325 821 4366 verum
864 4323 928 4364 ac
966 4307 1142 4362 Deum
1186 4301 1450 4360 videbant
1479 4319 1495 4370 ;
1534 4316 1648 4360 non
1692 4306 1873 4358 tamen
1909 4299 2056 4376 quod

475 4402 614 4461 alter
641 4403 808 4468 Deus,
839 4398 978 4454 alter
1006 4395 1174 4452 homo
1197 4399 1376 4451 esset:
1419 4391 1514 4450 sed
1543 4407 1686 4450 unus
1719 4397 1881 4464 atque
1911 4390 2056 4448 idem

474 4500 615 4551 esset
669 4489 844 4549 Filius
871 4487 974 4546 Dei
1024 4491 1078 4542 et
1116 4483 1291 4541 Filius
1318 4482 1596 4552 hominis;
1636 4482 2057 4555 cognoscebatur

2158 715 2287 772 ergo
2329 706 2432 768 est,
2479 707 2534 756 et
2575 697 2706 756 satis
2738 696 2990 768 dignum,
3025 706 3088 756 ut
3125 713 3253 757 caro
3298 698 3542 758 hominis
3589 699 3758 758 οωιίι

2159 785 2472 854 inferretur,
2517 782 2674 856 cujus
2701 782 2978 842 habitator
3012 787 3158 844 Deus
3186 803 3301 846 esse
3329 787 3588 860 dignatus
3618 794 3707 846 est
3733 803 3751 846 :

2160 889 2260 930 nec
2292 879 2468 944 potest
2496 871 2674 928 videri
2706 869 2988 927 hominem
3025 879 3217 929 contra
3248 873 3507 930 meritum
3535 874 3754 934 factum

2160 975 2274 1016 esse
2304 959 2539 1016 incolam
2568 957 2717 1026 coeli,
2747 957 2908 1030 cujus
2935 959 3187 1029 vaginam
3234 975 3346 1016 non
3376 970 3456 1018 est
3482 960 3753 1033 dedigna-

2157 1052 2249 1104 tus
2291 1045 2547 1120 Spiritus,
2591 1045 2688 1119 qui
2729 1046 2874 1104 Deus
2919 1053 3004 1103 est
3042 1047 3182 1119 (74).
3211 1048 3428 1106 Iustum
3477 1065 3604 1122 ergo
3633 1050 3754 1107 fuit

2159 1143 2223 1194 ut
2247 1151 2447 1208 corpus
2482 1135 2542 1193 in
2585 1150 2694 1208 quo
2739 1136 2884 1194 Deus
2929 1133 3230 1194 habitando
3271 1143 3472 1194 terram
3514 1137 3753 1196 visitare

2160 1227 2414 1302 dignatus
2441 1235 2544 1297 est,
2599 1243 2696 1301 per
2740 1226 2889 1302 quod
2921 1225 3193 1300 particeps
3221 1227 3396 1286 nostri
3435 1227 3608 1286 factus
3635 1237 3753 1300 est,

2159 1319 2228 1380 ad
2277 1317 2742 1377 immortalitatem
2789 1318 3130 1390 perduceret,
3197 1327 3252 1376 et
3310 1319 3371 1378 in
3427 1321 3754 1378 caalestibus

2159 1408 2475 1470 collocaret.
2506 1405 2608 1464 Ubi
2636 1422 2763 1479 ergo
2799 1405 2898 1465 Dei
2939 1405 3208 1465 habitatio
3235 1421 3352 1466 esse
3380 1407 3591 1479 debuit,
3631 1408 3754 1468 nisi

2159 1497 2220 1558 in
2255 1513 2422 1570 regno
2451 1501 2588 1560 341
2615 1494 2760 1554 Dei?
2789 1493 2886 1552 ubi
2915 1503 3100 1554 autem
3130 1511 3358 1568 regnum
3385 1497 3507 1567 Dei,
3537 1498 3650 1558 nisi
3683 1499 3754 1557 in

2157 1594 2313 1652 cmlis
2365 1593 2464 1652 ubi
2515 1601 2570 1650 et
2614 1607 2716 1649 nos
2760 1605 2974 1659 omnes,
3003 1590 3124 1663 ipso
3171 1590 3410 1652 donante
3466 1601 3630 1670 atque
3656 1595 3754 1667 ju-

2159 1691 2344 1752 vante,
2384 1689 2519 1740 tunc
2556 1679 2728 1739 futuri
2757 1693 2968 1748 sumus,
3021 1700 3042 1730 ι
3087 1678 3308 1751 quando
3353 1683 3752 1754 corruptivum

2160 1773 2268 1833 hoc
2311 1772 2556 1832 induerit
2597 1773 3084 1845 incorruptionem,
3127 1777 3182 1828 et
3213 1774 3442 1830 mortale
3487 1773 3597 1833 hoc
3645 1774 3756 1834 in-

2081 1878 2129 1942 B
2160 1861 2344 1920 duerit
2371 1863 2840 1920 immortalitatem
2871 1863 2930 1934 (Ι
2957 1863 3082 1920 Cor.
3111 1878 3210 1932 xv,
3237 1863 3367 1934 53);
3401 1886 3422 1914 ι
3460 1871 3528 1920 ut
3554 1865 3754 1922 omnis

2157 1967 2284 2010 caro
2330 1951 2516 2009 videat
2560 1951 2798 2010 salutare
2826 1950 2925 2008 Dei
2957 1953 3092 2022 (Isa.
3120 1967 3214 2020 ιι,
3243 1951 3327 2024 5),
3383 1958 3440 2008 et
3481 1962 3752 2024 agnoscat

2157 2039 2304 2114 quod
2323 2039 2634 2113 redemptor
2655 2047 2820 2113 atque
2847 2041 3086 2096 salvator
3114 2039 3211 2096 ille
3235 2039 3326 2108 sit,
3376 2040 3474 2114 qui
3501 2041 3753 2102 luctatus

2157 2135 2240 2186 est
2265 2145 2392 2186 cum
2420 2127 2584 2184 Iacob
2615 2127 2772 2198 (Gen.
2805 2143 2986 2196 χχχιι,
3015 2127 3130 2198 24),
3153 2127 3250 2200 qui
3280 2127 3460 2186 virtus
3483 2137 3541 2186 et
3560 2132 3753 2188 auxi-

2159 2217 2322 2276 liator
2365 2217 2474 2274 fuit
2511 2216 2614 2290 ipsi
2662 2216 2846 2286 Iacob,
2884 2216 2980 2289 qui
3029 2216 3088 2272 in
3128 2217 3378 2289 passione
3425 2219 3751 2279 voluntaria

2155 2315 2459 2380 superatus,
2513 2304 2660 2380 quod
2720 2307 2818 2364 illa
2873 2307 3022 2364 lucta
3070 2307 3471 2381 prmﬁgurabat,
3513 2311 3748 2370 crucifi-

2160 2403 2343 2470 gentes
2391 2410 2448 2452 se
2477 2394 2820 2452 benediceret
2875 2395 3018 2467 (75),
3050 2403 3213 2468 atque
3263 2412 3363 2470 pro
3411 2396 3490 2455 eis
3531 2407 3744 2468 oraret,

2157 2485 2380 2542 dicens:
2429 2509 2448 2533 ι
2477 2484 2654 2552 Pater,
2686 2485 2905 2556 ignosce
2941 2483 3041 2552 eis,
3079 2501 3191 2541 non
3215 2487 3364 2542 enim
3393 2487 3572 2544 sciunt
3598 2487 3750 2560 quid

2159 2573 2368 2632 faciunt
2399 2574 2549 2646 (Luc.
2569 2588 2735 2642 χχιιι,
2763 2573 2878 2645 35),
2909 2598 2929 2622 ι
2970 2573 3306 2632 conﬁrmans
3323 2583 3380 2632 et
3405 2574 3562 2644 illud,
3585 2575 3747 2648 quod

2159 2679 2256 2736 per
2281 2663 2458 2720 David
2497 2670 2624 2720 ante
2661 2662 3029 2736 praedixerat:
3074 2686 3096 2712 ι
3137 2666 3280 2722 Dum
3325 2665 3739 2739 appropinqua-

2159 2760 2283 2809 rent
2326 2751 2488 2822 mibi,
2527 2753 2622 2826 qui
2664 2752 2895 2810 edebant
2942 2768 3132 2810 carnes
3177 2769 3343 2822 meas,
3402 2770 3501 2827 ego
3553 2763 3748 2812 autem

2159 2843 2379 2901 orabam
2409 2844 2525 2917 (76)
2571 2845 2744 2917 (Psat.
2776 2859 2934 2911 xxvi,
2980 2843 3051 2912 2;
3083 2859 3236 2913 cvm,
3268 2843 3344 2917 4).
3376 2869 3396 2895 ι
3440 2845 3579 2904 Caro
3608 2861 3750 2918 ergo

2161 2933 2349 3002 Verbi,
2380 2950 2492 2992 non
2547 2933 2789 2991 Verbum
2834 2931 3054 2988 editur:
3103 2947 3250 3002 caro,
3291 2949 3404 2989 non
3448 2935 3614 3001 Deus,
3643 2933 3754 3006 qui

2160 3026 2386 3099 spiritus
2425 3033 2524 3095 est,
2568 3025 2894 3083 comeditur.
2929 3025 3041 3081 Vos
3090 3038 3196 3090 me,
3227 3023 3324 3092 ait,
3358 3030 3754 3096 persequentes

2159 3114 2492 3185 ﬂagellastis,
2529 3130 2629 3172 vos
2655 3115 2853 3171 faciem
2900 3127 3078 3168 meam
3123 3111 3474 3181 conspuistis,
3507 3127 3608 3166 vos
3657 3127 3757 3169 me

1789 3231 1908 3290 ibus
1929 3233 2054 3290 ἀίε-
2082 3231 2126 3296 G
2160 3209 2514 3268 cruciﬁxistis
2547 3223 2560 3262 :
2605 3223 2704 3279 ego
2732 3222 2830 3261 vos
2875 3213 3060 3260 tamen
3104 3203 3174 3258 ad
3204 3203 3584 3274 pmnitentiam
3623 3220 3756 3276 pro-

2160 3313 2334 3357 voco:
2378 3319 2397 3344 ε
2423 3296 2562 3354 Nolo
2589 3296 2738 3352 enim
2779 3303 3008 3351 mortem
3049 3292 3368 3366 peccatoris,
3399 3292 3491 3348 sed
3523 3301 3755 3353 tantum

2159 3396 2224 3447 ut
2272 3393 2597 3457 revertatur,
2656 3393 2711 3442 et
2761 3385 2914 3440 vivat
2956 3385 3073 3457 (77)
3109 3383 3324 3455 (Ezech.
3372 3399 3536 3450 xvm,
3563 3384 3683 3456 32).
3715 3411 3741 3436 ι

2161 3479 2319 3550 Quod
2349 3479 2425 3535 ita
2457 3493 2572 3535 esse
2599 3476 2915 3552 comprobat
2941 3475 3133 3532 beatus
3162 3473 3477 3546 Apostolus,
3505 3473 3700 3532 dicens
3733 3491 3751 3532 :

2177 3594 2196 3620 ι
2218 3572 2291 3630 Ει
2333 3587 2432 3628 vos
2462 3585 2589 3630 cum
2617 3569 2808 3626 essetis
2837 3567 3134 3640 aliquando
3183 3564 3406 3622 alienati
3437 3572 3489 3620 et
3527 3565 3754 3623 inimici

2161 3685 2323 3728 sensu
2349 3667 2530 3728 carnis
2574 3673 2768 3722 vestrae
2805 3663 2864 3722 in
2892 3661 3148 3738 cperibus
3174 3659 3336 3718 malis
3365 3659 3753 3718 reconciliavit

2161 3775 2262 3818 vos
2289 3760 2348 3816 in
2374 3774 2598 3833 corpore
2627 3754 2808 3818 carnis
2831 3770 2942 3814 suae
2971 3769 3066 3830 per
3095 3758 3326 3808 mortem
3349 3750 3466 3826 (78)
3503 3751 3736 3822 (Colore.

2161 3853 2313 3922 1,21,
2345 3851 2460 3924 22).
2491 3873 2510 3898 ι

2233 3941 2459 4004 CAPUT
2484 3939 2718 3998 XXXII.
2777 3965 2848 3980 --
2902 3932 3046 3992 Illud
3075 3939 3256 3989 autem
3285 3930 3433 4008 quod
3471 3929 3748 4005 objiciunt

2162 4034 2368 4096 dixisse
2429 4029 2798 4106 Apostolum:
2852 4048 2872 4074 ι
2899 4023 3010 4094 Qui
3037 4033 3218 4082 autem
3267 4023 3326 4079 in
3377 4037 3539 4078 carne
3590 4031 3742 4091 sunt,

2161 4126 2274 4184 Deo
2321 4122 2530 4196 placere
2574 4134 2686 4176 non
2731 4121 2960 4190 possunt
3007 4114 3182 4187 (Rom.
3231 4127 3354 4179 vm,
3404 4110 3501 4183 8);
3549 4133 3569 4158 ι
3623 4109 3747 4166 haec

2163 4215 2310 4274 dicta
2337 4218 2486 4280 sunt,
2517 4225 2629 4268 non
2657 4223 2766 4283 quo
2802 4204 2983 4264 carnis
3013 4211 3208 4261 natura
3235 4200 3542 4269 damnetur,
3584 4198 3748 4272 cujus

2162 4301 2416 4364 conditor
2461 4301 2607 4358 Deus
2656 4303 2758 4362 est,
2805 4303 2859 4352 et
2901 4294 2962 4351 in
3006 4309 3113 4366 qua
3159 4291 3384 4364 plurimi
3428 4297 3746 4346 sanctorum

2163 4394 2485 4468 placuerunt
2511 4389 2646 4454 Deo,
2676 4393 2730 4444 et
2767 4391 2995 4457 regnant
3021 4397 3147 4440 cum
3178 4379 3398 4438 Christo
3432 4395 3445 4434 :
3500 4378 3594 4434 sed
3632 4393 3746 4451 quo

2163 4499 2354 4544 sensus
2399 4489 2454 4540 et
2493 4495 2656 4555 opera
2691 4477 2871 4536 carnis
2909 4474 3274 4550 repudiuntur
3311 4470 3564 4546 (Tertull.
3592 4471 3628 4525 l.
3663 4469 3749 4526 De

473 4583 623 4640 enim
652 4589 713 4636 ut
739 4579 927 4646 homo,
958 4573 1284 4634 adorabatur
1304 4582 1367 4630 ut
1384 4575 1552 4642 Deus,
1581 4573 1860 4645 complens
1886 4571 2046 4642 illud,
2077 4583 2126 4643 1)
2159 4589 2333 4638 resur.
2363 4587 2520 4630 earn.
2549 4585 2670 4642 cap.
2701 4567 2816 4640 46).
2847 4566 2984 4628 Cum
3031 4580 3156 4636 ergo
3204 4563 3380 4620 lutum
3412 4559 3594 4620 carnis
3631 4574 3750 4616 no—

475 4671 620 4747 quod
665 4669 747 4728 eis
792 4669 909 4742 ipse
945 4661 1216 4722 Dominus
1263 4661 1594 4734 imprecatus
1635 4661 1833 4730 fuerat,
1867 4661 2054 4720 dicens

473 4763 543 4822 ad
570 4762 784 4819 Patrem
813 4775 828 4815 :
879 4779 902 4808 ι
927 4755 1056 4813 Haec
1109 4760 1191 4812 est
1217 4760 1400 4811 autem
1447 4752 1564 4809 vita
1603 4757 1822 4820 aeterna,
1862 4759 1926 4811 ut
1952 4766 2057 4812 co—

575 4884 665 4949 70)
695 4884 852 4940 Rom.
884 4881 1041 4948 edit.,
1072 4895 1178 4934 non
1199 4877 1429 4949 pondere
1455 4891 1665 4949 corpus.

576 4945 665 5021 71)
693 4957 922 5021 Desunt,
953 4945 1034 5006 in'
1057 4945 1387 5021 Rom—edit,
1422 4945 1798 5021 Quarefactut
1821 4962 1874 5004 es
1920 4947 2058 5021 sicut

475 5018 678 5084 aduena
705 5025 764 5079 in
811 5018 974 5091 terra,
1002 5027 1051 5078 et
1077 5021 1232 5091 quasi
1274 5020 1520 5092 indigena
1563 5018 1818 5077 disertam
1864 5019 1936 5074 ad
1963 5019 2056 5074 di-

474 5096 770 5156 versorium
789 5096 818 5151 7

577 5166 666 5230 72)
694 5167 851 5222 Rom.
884 5161 1058 5230 Edit.,
1088 5161 1228 5230 inter
1251 5161 1396 5215 vivos
1416 5159 1655 5230 agnovit,
1673 5159 1844 5230 (illico,
1873 5165 1976 5230 etc.

578 5228 668 5299 73)
701 5235 903 5292 Eadem
931 5228 1088 5287 Rom.
1121 5228 1276 5299 edit.,
1323 5232 1396 5286 Et
1421 5228 1568 5284 nemo
1624 5229 2055 5284 discumbentium

476 5299 701 5365 audebat
729 5322 846 5361 eum
887 5303 1232 5371 interrogare.
1291 5301 1368 5356 Tu
1395 5301 1512 5371 quis
1539 5317 1590 5355 es
1619 5301 1648 5356 ?
1677 5300 1889 5356 scientes
1917 5299 2056 5370 quod

477 5379 734 5434 Dominus
759 5382 850 5442 est,
876 5375 970 5430 hoc
994 5379 1087 5438 est,
1109 5370 1252 5443 quia,
1283 5378 1386 5426 etc.

551 5439 903 5573 (iniisdem
941 5439 1306 5512 Romfedit,
1333 5441 1484 5512 cujus
1510 5441 1888 5514 regionem....,
1915 5441 2057 5498 Deus

479 5525 554 5572 est
571 5521 828 5574 habitare.

553 5589 668 5657 (75)
708 5589 909 5642 Eadem
967 5585 1127 5642 Rom.
1184 5583 1343 5657 edit.,
1397 5587 1673 5657 superatus
1703 5585 1760 5639 in
1799 5577 2060 5657 ,ξηαήια-

483 5653 1011 5780 ἓῗϐιξιωβραναὸαε
1073 5655 1213 5728 quod
1277 5653 1628 5726 cruciﬁgentes
1681 5669 1734 5710 se
1792 5654 2059 5711 benedice-

481 5739 581 5794 ret,
589 5739 694 5781 etc.

2161 4674 2306 4733 strze,
2351 4668 2414 4719 ut
2455 4659 2569 4733 jam
2597 4657 2807 4717 dictum
2853 4664 2954 4726 est,
2985 4653 3364 4730 spiritualibus
3392 4651 3585 4726 pennis
3613 4668 3643 4708 c
3688 4667 3749 4710 m

2159 4749 2513 4815 subvectione
2551 4749 2868 4822 angelorum
2915 4743 3182 4803 volaverit
3228 4742 3346 4816 (79)
3395 4739 3464 4800 ad
3512 4739 3746 4812 omium,

2235 4869 2362 4944 (76)
2390 4866 2612 4944 Eadem.
2656 4866 2819 4944 (Rom.
2866 4863 3024 4944 edin,
3105 4862 3209 4944 Pro
3265 4875 3321 4915 eo
3345 4863 3410 4944 μί
3450 4873 3530 4914 me
3555 4855 3747 4939 dilige:

2161 4927 2297 5008 rent,
2329 4927 2665 4996 detrahebant
2690 4937 2854 4993 mihi:
2894 4927 3018 5004 Ego
3037 4939 3208 4989 autem
3241 4930 3460 4990 orabam
3485 4946 3508 4995 ,'
3567 4927 3734 5002 quasi

2163 5015 2390 5072 diceret:
2431 5010 2524 5067 Vos
2551 5025 2630 5064 me
2660 5012 3038 5078 persequentes,
3070 5011 3174 5060 etc.

2238 5081 2352 5163 (77)
2384 5081 2587 5163 Eadem
2642 5071 3322 5163 Rom.'edit.,'.queiziaml
3345 5071 3598 5163 scriptum
3639 5075 3742 5163 est,

2163 5143 2289 5225 quia
2335 5143 2440 5206 non
2481 5152 2598 5207 volo
2644 5155 2862 5207 mortem
2903 5143 3192 5215 morientis,
3236 5143 3323 5200 sed
3371 5149 3430 5198 ut
3452 5143 3744 5199 converta-

2162 5232 2272 5292 tur,
2301 5233 2404 5278 etc.

2238 5283 2352 5365 ('78)
2387 5295 2448 5349 In
2477 5293 2663 5350 eadem
2703 5294 2860 5352 Rom.
2909 5292 3070 5362 edit.,
3099 5286 3472 5360 subjungitur,
3501 5289 3566 5342 ut
3591 5283 3744 5341 exhi-

2163 5367 2302 5426 beret
2319 5382 2409 5423 vos
2439 5372 2659 5421 sanctos.

2239 5438 2355 5511 (79)
2395 5437 2616 5511 AEadem
2648 5439 2802 5493 Rom.
2827 5434 2994 5511 _edit.’,
3049 5434 3106 5511 in
3133 5437 3332 5511 testam
3377 5427 3552 5511 fuerit
3587 5442 3745 5511 eaco-

2166 5499 2441 5578 cttim,'ubi
2481 5509 2635 5579 prius
2687 5507 2838 5577 gravi
2883 5499 3232 5579 ριἰειιιεειιίιιιιιξΔ
3258 5501 3496 5579 pondere
3537 5499 3747 5579 ιιι-,τεισ-

2164 5569 2319 5654 νιιτηέ
2335 5569 2552 5651 acceptis
2572 5569 2764 5654 penitis
2791 5569 2976 5649 gratia:
2998 5569 3271 5654 spiritalis
3281 5590 3396 5630 cum
3415 5569 3742 5629 subvectionc

2166 5653 2472 5723 angelorum
2497 5651 2713 5721 volabit,
2747 5657 2852 5711 etc.
