3972 6360
181 425 313 485 573

1336 423 1432 481 DE
1468 420 1840 481 ΤΒΓΝΙΤΑΤΕ
1877 420 2307 481 TRACTATUS.

3367 426 3476 487 m

183 539 284 611 ibi
329 567 521 607 verum
549 559 604 610 et
630 550 920 624 paciﬁcum
961 566 1075 609 suae
1102 546 1298 609 salutis
1325 549 1573 607 obsidem
1610 548 1777 609 habet
1812 545 1865 605 Α
1892 546 2032 603 alius
2062 563 2156 618 per
2191 546 2431 619 inopiam
2484 556 2537 604 et
2588 546 2964 605 inﬁrmitatem
3008 551 3273 622 corporis,
3328 552 3479 610 alius

182 641 257 701 in
311 649 597 709 aeternum,
652 640 722 698 ad
785 656 946 713 quem
1020 664 1042 689 ι
1106 640 1381 711 rapiemur
1436 641 1495 698 in
1552 642 1790 699 nubibus

182 730 423 789 obviam
474 729 693 787 Christo
732 730 792 786 in
837 744 962 787 aera
1008 730 1066 802 (Ι
1106 729 1281 788 Thess.
1311 747 1389 797 ιν,
1420 729 1536 802 16),
1564 754 1584 778 ι
1649 731 1791 790 sicut

180 821 367 878 Isaias
412 818 677 891 propheta
716 825 947 876 testatur
990 816 1203 876 dicens:
1255 840 1276 868 ι
1326 818 1498 891 Super
1533 819 1791 877 humeros

182 910 485 977 tollentur,
543 916 597 966 et
648 907 1015 980 portabuntur
1069 908 1186 980 (80)
1240 907 1311 966 ad
1363 909 1483 964 loca
1527 925 1624 966 sua
1653 911 1787 982 (Isa.

181 1013 356 1067 LXVI,
406 998 498 1068 12)
542 1016 557 1065 ;
606 1004 660 1054 et
703 997 950 1054 iterum:
1017 1018 1038 1045 α
1073 995 1181 1063 Qui
1235 1006 1365 1054 sunt
1416 997 1532 1067 isti,
1587 999 1683 1072 qui
1728 1006 1791 1056 ut

178 1087 374 1146 nubes
422 1086 631 1153 volant,
661 1092 716 1142 et
760 1084 915 1158 quasi
958 1084 1233 1141 columbae
1261 1083 1329 1141 ad
1375 1084 1639 1142 fenestras
1666 1101 1790 1143 suas

184 1176 340 1249 (Isa.
371 1192 463 1245 ιχ,
505 1176 564 1247 8)
602 1175 631 1232 ‘l
677 1198 697 1225 ι
756 1173 813 1231 id
851 1182 951 1241 est,
999 1172 1069 1229 ad
1117 1173 1426 1230 mansiones
1466 1175 1787 1232 meritorum

180 1280 446 1331 suorum,
476 1262 544 1319 de
586 1261 786 1334 quibus
830 1260 1100 1319 Dominus
1127 1260 1297 1319 dicit:
1344 1284 1365 1309 ι
1408 1263 1593 1320 Multas
1621 1279 1789 1321 man-

181 1352 381 1410 siones
407 1358 536 1410 sunt
558 1351 704 1423 apud
732 1351 944 1407 Patrem
975 1366 1159 1407 meum
1188 1351 1370 1424 (Joan.
1404 1368 1523 1420 XIV,
1557 1354 1637 1423 2);
1670 1378 1690 1404 ι
1731 1360 1787 1411 et

180 1439 399 1497 iterum
432 1454 444 1496 :
493 1464 511 1489 ι
558 1440 628 1496 Et
674 1438 947 1497 adducent
994 1456 1182 1496 omnes
1224 1441 1422 1497 fratres
1462 1451 1674 1499 vestros
1717 1442 1786 1501 de

179 1528 415 1586 cunctis
457 1528 711 1600 gentibus
756 1527 816 1584 in
846 1528 1143 1584 Jerusalem
1194 1528 1251 1583 in
1298 1529 1473 1602 equis,
1503 1538 1558 1587 et
1596 1532 1782 1601 mulis,

179 1624 244 1672 et
282 1617 584 1689 quadrigis,
611 1626 667 1673 et
703 1618 965 1685 carrucis,
992 1625 1045 1673 et
1074 1617 1301 1679 lecticis,
1348 1616 1485 1674 dicit
1513 1621 1783 1677 Dominus

178 1707 344 1761 Deus
398 1706 513 1777 (81)
558 1707 691 1777 (Isa.
740 1722 895 1770 var,
923 1705 1038 1775 20).
1080 1730 1100 1755 ι
1148 1705 1305 1773 Quod
1341 1722 1409 1762 ne
1430 1706 1595 1765 alicui
1642 1709 1783 1766 forte

183 1792 433 1850 dubium
463 1792 716 1851 videatur
758 1791 1037 1849 hominem
1065 1792 1124 1849 in
1154 1807 1381 1865 corpore
1410 1795 1515 1852 isto
1544 1796 1781 1867 positum

1899 654 1994 711 per
2017 636 2244 695 divitias
2257 649 2311 696 et
2336 639 2624 697 sanitatem
2645 638 2907 710 corporis.
2938 639 3068 706 Quae
3087 647 3271 698 tamen
3290 643 3477 701 omnia

1898 744 1998 786 nec
2052 744 2268 785 summa
2309 727 2472 797 bona,
2505 743 2608 787 nec
2656 743 2871 785 summa
2915 730 3056 785 mala
3082 738 3248 786 sunt:
3317 747 3477 787 sum-

1898 835 2049 877 mum
2113 820 2260 877 enim
2324 820 2529 877 malum
2586 835 2733 878 mors
2779 828 2982 877 atema
3033 828 3135 890 est,
3209 829 3263 877 et
3318 837 3477 877 sum-

1899 925 2049 965 mum
2077 908 2283 966 bonum
2316 909 2431 965 vita
2457 916 2656 967 aeterna
2684 916 2786 966 est.
2815 911 2926 967 Ista
2951 926 3079 982 ergo
3110 910 3321 979 omnia,
3355 926 3477 982 qua:

1899 998 2012 1055 vita
2070 999 2386 1057 mortalium
2448 998 2632 1066 habet,
2685 998 2865 1056 media
2904 1006 3071 1066 sunt;
3128 999 3185 1055 in
3244 1009 3477 1069 utroque

1897 1087 2043 1146 enim
2074 1088 2301 1144 tentatio
2341 1095 2457 1145 est:
2511 1088 2796 1161 plerosque
2849 1086 2995 1144 enim
3026 1102 3164 1161 quos
3191 1104 3295 1145 nec
3344 1089 3478 1144 ino-

1896 1178 1986 1253 pia
2031 1192 2133 1234 nec
2169 1176 2462 1235 inﬁrmitas
2509 1177 2691 1251 fregit,
2743 1181 2887 1240 342
2928 1176 3092 1250 fregit
3142 1178 3367 1245 sanitas,
3424 1185 3478 1234 ct

1894 1277 2253 1348 exstinguunt
2277 1275 2506 1332 divitias.
2536 1275 2667 1343 Quae
2691 1274 3010 1349 comprobat
3038 1276 3475 1349 sapientissimus

1894 1366 2170 1435 Salomon,
2206 1364 2394 1424 dicens
2444 1365 2515 1422 ad
2547 1364 2884 1422 Dominum:
2923 1388 2943 1415 ι
2969 1366 3204 1422 Divitias
3246 1374 3301 1422 et
3330 1381 3475 1437 pau-

1892 1465 2155 1531 pertatem
2200 1472 2269 1514 ne
2311 1456 2526 1513 dederis
2584 1456 2745 1525 mihi,
2793 1457 2976 1514 tribue
3025 1466 3207 1515 autem
3258 1464 3470 1513 tantum

1892 1545 2069 1602 victui
2116 1560 2240 1602 meo
2284 1545 2587 1602 necessaria
2640 1545 2825 1616 (Prov.
2870 1561 3007 1613 xxx,
3048 1546 3144 1618 8);
3180 1570 3202 1597 ι
3240 1545 3469 1612 scilicet,

1892 1651 1960 1692 ne
1988 1641 2082 1691 aut
2109 1633 2170 1690 in
2222 1635 2333 1691 illis
2374 1635 2750 1705 extolleretur,
2779 1643 2875 1692 aut
2929 1637 2988 1691 in
3016 1636 3136 1693 istis
3183 1636 3342 1693 factis
3369 1652 3473 1709 pe-

1885 1721 2106 1794 jeraret,
2142 1730 2237 1779 aut
2281 1722 2696 1795 blasphemaret.
2748 1722 2906 1789 Quod
2953 1731 3136 1779 autem
3176 1723 3316 1792 haec,
3350 1741 3475 1797 qum

1892 1812 2072 1869 media
2147 1811 2415 1881 diximus,
2453 1812 2633 1868 aliena
2690 1812 2803 1869 sint
2837 1829 2870 1869 a
2922 1813 3101 1881 nobis,
3153 1815 3473 1887 comprobat

178 1882 250 1939 in
302 1900 426 1940 aera
469 1901 623 1956 posse
670 1884 922 1951 volitare,
964 1881 1252 1939 conﬁrmat
1290 1882 1396 1940 hoc
1448 1884 1594 1940 idem
1622 1886 1780 1958 Apo—

1893 1901 2177 1969 Dominus,
2207 1901 2434 1958 dicens:
2479 1923 2499 1948 ι
2518 1900 2576 1957 Si
2605 1901 2662 1957 in
2690 1901 2871 1957 alieno
2907 1899 3097 1957 ﬁdeles
3125 1916 3236 1958 non
3265 1881 3467 1970 fuistis,

178 1971 374 2027 stolus
422 1970 653 2028 dicens:
699 1993 719 2019 ι
761 1970 894 2027 Fide
940 1970 1164 2028 Henoch
1216 1971 1509 2029 translatus
1562 1981 1662 2041 est,
1711 1991 1779 2031 ne

176 2059 412 2115 videret
441 2067 670 2115 mortem
719 2058 901 2127 (Hebr.
955 2074 1034 2125 x1,
1067 2059 1149 2129 ὅ),
1179 2083 1199 2107 ι
1233 2074 1359 2115 nam
1413 2068 1466 2115 et
1506 2061 1656 2117 Elias
1720 2062 1780 2118 in

181 2162 427 2217 corpore
481 2146 588 2201 isto
637 2145 864 2218 positus,
913 2146 969 2200 in
999 2162 1106 2218 quo
1154 2163 1302 2203 nunc
1330 2164 1499 2221 usque
1526 2158 1607 2205 est
1638 2151 1778 2222 (82),

177 2248 361 2290 curru
409 2233 587 2306 igneo,
642 2232 701 2289 id
747 2240 829 2288 est
876 2235 1192 2305 angelorum
1251 2236 1626 2306 subvectione,
1687 2240 1786 2312 qui

178 2331 323 2379 sunt
368 2323 593 2394 spiritus
635 2331 689 2379 et
733 2321 953 2378 ﬂamma
1003 2323 1164 2395 ignis,
1207 2324 1302 2395 qui
1336 2325 1544 2381 faciunt
1570 2328 1783 2384 volun-

176 2417 362 2468 tatem
394 2412 515 2480 Dei,
546 2411 698 2485 quasi
741 2427 911 2484 usque
958 2412 1027 2469 ad
1067 2412 1265 2468 coelum
1302 2420 1488 2484 raptus
1522 2415 1636 2488 (83)
1681 2417 1790 2490 (IV

177 2504 317 2573 Reg.
366 2521 427 2571 ιι,
458 2504 587 2575 il):
644 2511 700 2560 et
744 2503 999 2561 Habacuc
1051 2505 1316 2578 propheta
1369 2505 1437 2562 de
1485 2508 1670 2565 Iudaea
1723 2511 1782 2569 in

180 2592 506 2651 Chaldzeam
551 2594 620 2651 ab
669 2596 862 2666 angelo
922 2594 1118 2652 ductus
1163 2604 1218 2652 et
1272 2597 1528 2655 reductus
1591 2609 1673 2657 est
1722 2600 1781 2658 in

181 2690 476 2737 momento
508 2683 767 2755 temporis
796 2683 958 2754 (Dan.
989 2701 1109 2753 XIV,
1141 2686 1255 2757 35):
1290 2693 1344 2741 et
1364 2688 1476 2758 ipse
1505 2690 1781 2759 apostolus

179 2768 395 2825 Paulus
415 2779 600 2842 raptus
619 2778 890 2843 estusque
909 2773 978 2829 ad
1000 2774 1222 2829 tertium
1244 2775 1443 2829 caelum
1464 2784 1517 2832 et
1546 2775 1603 2832 in
1630 2793 1780 2848 para-

186 2859 381 2917 disum
414 2862 501 2923 (II
536 2860 643 2916 Cor
669 2861 915 2931 ιιι,24);
944 2869 999 2917 et
1018 2861 1145 2917 inde
1174 2862 1519 2920 reductusest
1544 2865 1601 2921 in
1623 2882 1778 2922 mun-

193 2947 337 3005 dum
356 2947 495 3019 (84).
522 2949 591 3005 Ut
611 2957 791 3005 autem
815 2950 1155 3007 manifestius
1175 2953 1376 3007 clareat
1400 2953 1652 3011 vehicula
1680 2956 1782 3013 ista

185 3044 512 3094 sanctorum
565 3037 790 3109 spiritus
817 3054 954 3107 esse,
987 3039 1043 3095 id
1099 3048 1179 3095 est
1206 3042 1424 3112 angelos
1476 3043 1594 3111 Dei,
1624 3044 1783 3103 docet

181 3142 295 3183 nos
322 3126 634 3198 exemplum
667 3128 841 3184 sancti
868 3128 1108 3201 Philippi
1135 3130 1300 3187 unius
1328 3147 1396 3186 ex
1428 3133 1544 3203 (85)
1576 3141 1780 3205 septem

1889 1989 2035 2063 quod
2063 1996 2307 2046 vestrum
2337 1997 2439 2057 est,
2480 1989 2608 2062 quis
2637 1988 2791 2045 dabit
2840 1990 2999 2047 vobis
3028 1990 3180 2061 (Due.
3210 2004 3328 2056 xvr,
3364 1989 3468 2056 l2;

1888 2077 2081 2135 Ambr.
2114 2077 2152 2133 l.
2180 2093 2260 2134 vu
2286 2076 2344 2133 in
2366 2078 2494 2133 Luc.
2518 2077 2621 2132 sub
2646 2075 2744 2132 ﬁn.
2777 2092 2792 2139 ;
2825 2077 2962 2132 Ibid.
2996 2078 3034 2132 l.
3065 2093 3188 2142 vm,
3216 2091 3275 2134 ιι.
3301 2076 3457 2146 85).»

1889 2166 2101 2222 Alienas
2142 2181 2269 2237 ergo
2313 2180 2345 2219 a
2375 2164 2533 2220 nobis
2578 2173 2709 2220 sunt
2744 2164 2978 2233 divitia,
3019 2165 3148 2237 quia
3175 2173 3330 2219 extra
3359 2179 3472 2219 no-

1891 2261 2058 2310 stram
2115 2258 2365 2307 naturam
2412 2259 2576 2317 sunt;
2636 2265 2811 2323 neque
2839 2250 2987 2307 enim
3042 2250 3327 2309 nobiscum
3357 2265 3468 2307 na-

1893 2350 2142 2408 scuntur,
2202 2347 2297 2395 aut
2345 2345 2649 2396 transeunt.
2697 2340 2769 2395 Et
2800 2339 2921 2396 ideo
2951 2339 3067 2395 hac
3097 2340 3331 2396 scientes
3356 2355 3469 2397 non

1892 2432 2194 2488 serviamus
2232 2429 2446 2497 alienis,
2480 2429 2576 2500 qui
2623 2429 2839 2484 nullum
2864 2430 3038 2484 Deum
3070 2427 3267 2484 habere
3294 2429 3470 2485 debe-

1892 2538 2035 2587 mus,
2091 2518 2199 2576 nisi
2246 2518 2547 2576 Christum.
2602 2518 2851 2588 Hospites
2873 2533 3000 2588 ergo
3052 2533 3241 2573 sumus
3284 2533 3468 2574 rerum

1891 2618 2202 2666 nostrarum
2228 2650 2244 2676 ,
2298 2605 2566 2680 quidquid
2623 2606 2768 2660 enim
2812 2604 2879 2660 de
2909 2604 3108 2662 saeculo
3136 2614 3236 2673 est,
3269 2605 3326 2660 in
3357 2622 3468 2661 saa-

1890 2700 2015 2756 culo
2042 2703 2320 2760 remanet;
2369 2704 2424 2752 et
2464 2692 2732 2765 quidquid
2768 2692 3043 2748 haeredum
3088 2694 3467 2765 conquirimus

1890 2788 2069 2854 nobis,
2104 2786 2420 2857 perdimus;
2463 2783 2593 2857 quia
2639 2781 2922 2837 nobiscum
2975 2796 3087 2838 non
3147 2782 3317 2850 aliud,
3358 2783 3468 2839 nisi

1890 2889 1983 2939 aut
2019 2880 2163 2935 bona
2182 2883 2276 2931 aut
2300 2874 2443 2928 mala
2474 2887 2637 2943 opera
2664 2878 2961 2943 portamus.
3004 2869 3127 2928 Non
3157 2886 3283 2944 ergo
3311 2874 3467 2929 malm

1890 2977 2017 3028 sunt
2042 2966 2271 3031 divitiae,
2301 2962 2396 3017 sed
2441 2961 2582 3016 male
2611 2960 2891 3016 utentibus
2926 2962 3080 3016 malae
3132 2971 3287 3028 sunt;
3337 2963 3467 3034 quia

1890 3058 2033 3115 bona
2078 3071 2197 3128 quae
2242 3054 2386 3108 Deus
2450 3050 2599 3116 fecit,
2651 3048 2793 3103 bona
2833 3056 2961 3105 sunt
3014 3049 3192 3106 valde.
3246 3050 3317 3106 Et
3344 3051 3466 3108 ideo

1892 3142 2204 3219 philosophi
2218 3139 2410 3196 mundi
2432 3138 2594 3195 istius
2610 3152 2719 3193 non
2736 3136 2929 3193 dicunt
2946 3154 3222 3194 summum
3233 3138 3462 3211 bonum,

184 3230 355 3315 quem
420 3214 654 3315 spiritus
708 3215 932 3315 Domini
1117 3217 1257 3275 Gaza
1307 3219 1542 3291 rapiens,
1590 3221 1773 3278 subito
1804 3255 1848 3315 Ο
1884 3214 1989 3299 ξιῑεί
2008 3248 2214 3305 pacem,
2237 3229 2576 3286 honestatem
2597 3235 2759 3298 atque
2777 3226 3061 3294 virtutem;
3084 3236 3139 3283 et
3185 3244 3464 3287 summum

181 3305 376 3376 posuit
416 3303 474 3360 in
524 3308 758 3361 Azotum
817 3306 932 3376 (86)
984 3307 1123 3376 (Act.
1183 3327 1307 3377 vm,
1351 3310 1440 3378 39,
1470 3311 1584 3381 40).
1614 3313 1776 3369 Enu—

183 3393 419 3451 cleatius
464 3392 602 3461 hac,
632 3400 685 3450 et
730 3394 1075 3451 membratim
1121 3398 1523 3467 quodammodo
1562 3402 1776 3459 articu-

184 3482 456 3555 latimque
514 3489 773 3550 scrutata,
839 3491 1105 3554 quantum
1171 3485 1531 3543 intentionem
1599 3505 1774 3546 meam

181 3570 461 3627 Dominus
516 3570 774 3641 adjuvare
841 3570 1096 3641 dignatus
1152 3582 1252 3640 est,
1287 3574 1434 3631 dicta
1479 3576 1772 3633 suﬂiciant.

184 3658 397 3716 Tamen
443 3676 511 3715 ne
554 3658 801 3714 omisisse
844 3658 1054 3730 aliquid
1095 3660 1400 3731 videamur,
1449 3664 1619 3735 ipsius
1658 3668 1777 3721 Do-

185 3747 333 3803 mini
381 3762 446 3803 ac
496 3745 795 3803 Salvatoris
854 3748 1029 3804 nostri
1084 3749 1361 3820 probanda
1399 3760 1526 3807 sunt
1554 3753 1773 3820 verbis;

186 3837 273 3891 ait
307 3836 454 3892 enim
495 3853 622 3893 cum
652 3836 720 3893 de
756 3854 884 3909 agro
930 3845 983 3894 et
1031 3839 1219 3896 tritico
1251 3857 1313 3897 ac
1358 3841 1564 3899 zizania
1594 3845 1775 3917 loque-

185 3932 345 3982 retur
392 3941 406 3981 :
451 3946 472 3973 ι
524 3927 586 3982 In
627 3927 1103 3984 consummatione
1172 3928 1318 3986 enim
1366 3933 1550 3988 saeculi
1598 3934 1777 3988 mittet

185 4014 351 4072 Pater
412 4030 567 4070 meus
620 4015 861 4085 angelos,
928 4015 1025 4087 qui
1082 4026 1334 4088 separent
1385 4018 1592 4076 zizania
1656 4022 1773 4093 (87)

191 4103 406 4175 (Matth.
451 4120 575 4171 xm,
604 4101 720 4174 1d,)
749 4126 770 4151 ι
833 4102 890 4159 id
914 4110 994 4159 est
1022 4114 1349 4176 peccatores,
1395 4131 1414 4155 ‹
1450 4125 1482 4163 a
1510 4109 1712 4178 tritico,
1745 4134 1765 4161 ι

187 4190 300 4249 hoc
326 4200 409 4249 est
452 4208 484 4247 a
505 4190 690 4263 justis.
747 4191 845 4247 Isti
882 4200 1012 4249 sunt
1064 4195 1263 4265 angeli,
1303 4196 1398 4268 qui
1428 4197 1688 4254 Lazarum
1716 4199 1777 4256 in

189 4296 365 4351 agone
409 4281 749 4352 paupertatis
788 4280 952 4337 simul
1005 4289 1060 4337 et
1109 4283 1444 4341 inﬁrmitatis
1490 4287 1777 4358 probatum

188 4370 253 4425 in
315 4369 498 4424 sinum
550 4385 614 4425 ac
662 4371 905 4441 requiem
958 4373 1288 4430 sustulerant
1340 4374 1573 4434 Abrahae
1635 4377 1775 4449 (88).

191 4458 348 4529 (Luc.
382 4473 503 4524 xvr,
534 4456 651 4528 22).

261 4541 792 4665 CA‘PU'DX'XXIII:
840 4591 911 4603 -—
954 4561 1117 4631 Vere,
1153 4565 1306 4665 sicut
1347 4568 1615 4640 scriptum
1668 4580 1772 4642 est,
1805 4606 1855 4665 Β

204 4674 227 4699 ι
254 4651 479 4723 probavi
502 4658 557 4707 te
577 4653 635 4708 in
655 4652 871 4708 camino
890 4655 1222 4724 paupertatis
1248 4656 1381 4727 (Isa.
1409 4674 1605 4725 xnvm,
1623 4661 1760 4733 10).-

189 4740 437 4797 Diversis
490 4756 618 4812 ergo
668 4740 847 4797 modis
904 4742 1206 4813 probantur
1258 4743 1528 4815 homines,
1582 4747 1639 4803 id
1668 4758 1768 4820 est,

266 4836 383 4908 (80)
431 4836 635 4923 Eadem
690 4837 849 4893 Rom.
887 4837 1265 4923 edit.,“inquit
1322 4842 1671 4923 Apostolusx.
1714 4844 1773 4923 in

191 4923 344 4980 aera,
400 4913 447 4961 et
488 4908 562 4962 sic
623 4924 821 4980 semper
867 4925 983 4965 cum
1036 4908 1257 4965 Domino
1305 4908 1523 4968 erimus.
1584 4915 1657 4969 Et
1712 4920 1772 4970 ut

192 4978 438 5038 Isaias...
482 4980 705 5036 Parvuli
724 4978 927 5053 eorum
980 4981 1039 5036 in
1090 4980 1318 5039 humeris
1342 4984 1699 5053 portabuntur
1726 4992 1773 5044 et

193 5063 353 5123 super
374 5067 543 5123 genua
576 5051 1000 5123 consolabuntur.

185 5121 388 5196 ,_'(81)_
411 5121 628 5196 _Eadem
682 5123 837 5196 Rom.
893 5121 1048 5196 edi_t.,
1086 5123 1215 5196 Cum
1234 5125 1419 5196 pullis.
1458 5126 1533 5182 Et
1558 5127 1766 5186 iterum.

192 5192 286 5249 Et
318 5192 638 5249 adducent...
682 5193 913 5263 gentibus
967 5193 1025 5247 in
1052 5194 1214 5264 equis,
1234 5192 1293 5249 ἐι
1340 5198 1533 5263 rhedis,
1576 5199 1633 5252 in
1653 5216 1772 5253 cur-

192 5264 343 5319 ribus
393 5266 659 5320 mulorum
697 5280 813 5321 cum
866 5264 1188 5321 umbraculis
1238 5266 1297 5321 in
1349 5275 1582 5324 sanctam
1631 5270 1771 5326 civi-

194 5340 350 5389 tatem
379 5336 690 5394 Jerusalem.

269 5406 387 5477 (82)
428 5409 587 5464 Deest
640 5408 694 5464 in
730 5409 915 5465 eadem
969 5410 1127 5467 Rom.
1186 5408 1344 5479 edit.,
1396 5410 1455 5465 in
1506 5427 1608 5482 quo
1633 5427 1771 5466 nunc

193 5492 357 5548 usque
384 5484 474 5533 est.

269 5549 384 5675 (83)
426 5550 561 5606 Rom
638 5551 792 5619 edit.,
845 5552 903 5606 in
955 5552 1055 5609 illa
1100 5553 1432 5609 commotione
1493 5569 1654 5624 usque
1701 5553 1772 5609 ad

294 5637 380 5672 um
409 5629 705 5675 assumptus
728 5629 816 5675 est.
850 5632 951 5675 etc.

195 5629 380 5691 castum
409 5629 705 5691 assumptus
728 5629 816 5688 est,
850 5632 951 5680 etc.

268 5690 384 5764 (84)
426 5690 593 5764 Deest
613 5691 669 5745 in
689 5692 872 5748 eadem
904 5696 1059 5751 Rom.
1090 5696 1246 5764 edit.,
1277 5697 1349 5752 Et
1385 5696 1505 5752 inde
1529 5696 1770 5752 reductus

196 5768 269 5814 est
296 5761 351 5813 in
378 5762 648 5815 mundum.

1884 3328 2090 3384 malum
2148 3336 2258 3376 non
2288 3324 2522 3390 ponunt,
2576 3315 2682 3370 nisi
2716 3313 3002 3383 malitiam,
3043 3316 3463 3387 inhonestatem,

1884 3413 2169 3472 avaritiam
2205 3415 2365 3480 atque
2411 3403 2828 3476 turpitudinem.
2878 3404 3140 3461 Omnium
3193 3421 3320 3478 ergo
3369 3407 3464 3463 bo-

1886 3518 2082 3561 norum
2142 3494 2490 3569 repromissio
2516 3509 2582 3549 ac
2630 3490 2918 3557 retributio
2949 3493 3063 3548 vita
3091 3501 3291 3549 aeterna
3342 3501 3456 3553 est:

1886 3602 1942 3650 et
2010 3590 2258 3647 omnium
2319 3585 2590 3641 malorum
2654 3581 3009 3640 comminatio
3062 3597 3124 3640 ac
3174 3583 3463 3644 retributio

1888 3698 2035 3738 mors
2063 3676 2303 3736 secunda
2328 3682 2427 3732 est.

1961 3768 2187 3827 CAPUT
2224 3761 2484 3821 XXXIV.
2521 3789 2593 3802 —
2620 3759 2748 3817 Haec
2774 3758 2902 3816 licet
2930 3759 3269 3819 extrinsecus
3319 3761 3465 3822 dicta

1886 3859 2201 3924 videantur,
2232 3862 2415 3909 tamen
2442 3848 2745 3907 necessaria
2795 3847 2955 3904 nobis
2984 3855 3038 3904 et
3088 3850 3250 3907 utilia
3294 3861 3459 3912 sunt:

1887 3956 1941 4004 et
1970 3946 2092 4003 ideo
2133 3959 2283 4000 nunc
2329 3939 2490 3996 nobis
2527 3936 2594 3993 ad
2637 3935 2885 3992 ordinem
2929 3940 3311 3998 revertendum
3361 3952 3460 4000 est.

1888 4038 2024 4096 Cum
2056 4053 2183 4108 ergo
2213 4035 2392 4090 lutum
2422 4031 2603 4089 carnis
2633 4037 2854 4096 nostrae,
2887 4035 2951 4085 ut
2975 4026 3091 4101 jam
3120 4028 3331 4088 dictum
3359 4040 3460 4104 est,

1887 4127 1946 4183 in
1975 4134 2167 4182 testam
2196 4124 2364 4179 fuerit
2392 4126 2680 4177 excoctum
2708 4136 2723 4187 ;
2746 4125 2807 4173 ut
2832 4133 2951 4191 quas
2980 4119 3133 4190 prius
3152 4122 3303 4193 gravi
3333 4137 3465 4195 pou.

1886 4215 2014 4272 dere
2042 4211 2387 4287 premebatur
2421 4210 2479 4265 in
2507 4217 2732 4275 terram,
2787 4207 3023 4279 acceptis
3055 4208 3248 4279 pennis
3279 4213 3463 4281 gratim

1887 4302 2190 4377 spiritualis
2242 4315 2368 4357 cum
2418 4295 2774 4354 subvectione
2830 4296 3144 4367 angelorum
3198 4299 3348 4355 volet
3397 4300 3466 4359 ad

1886 4393 2108 4457 coelum,
2137 4388 2216 4444 ibi
2249 4402 2442 4444 verum
2480 4391 2535 4441 et
2589 4383 2879 4456 paciﬁcum
2909 4399 3019 4440 suae
3064 4385 3253 4442 salutis
3305 4388 3465 4445 obsi-

1886 4479 2007 4535 dem
2039 4478 2201 4534 habet
2228 4477 2286 4533 in
2315 4483 2601 4531 aeternum.
2634 4472 2777 4541 Quid
2812 4480 2921 4528 tam
2953 4472 3155 4541 verius,
3189 4482 3301 4531 tam
3340 4492 3465 4533 ma-

1885 4566 2157 4632 nifestius,
2190 4573 2301 4620 tam
2350 4562 2590 4619 lucidius
2636 4558 2875 4615 inveniri
2906 4559 3126 4630 potest?
3166 4560 3366 4617 Tamen
3395 4579 3464 4619 ne

1883 4655 2094 4728 aliquid
2115 4654 2363 4710 omisisse
2388 4650 2694 4716 videamur,
2751 4647 2934 4718 accipe
2962 4647 3338 4717 plenissimum
3386 4661 3462 4710 at.

1881 4759 1987 4817 que
2016 4742 2395 4799 ﬁrmissimum
2448 4737 2619 4810 hujus
2662 4734 2775 4808 spei
2806 4743 3004 4790 nostrae
3033 4735 3330 4805 specimen,
3368 4740 3462 4797 ali-

1953 4844 2069 4926 (85)
2102 4844 2228 4900 Vat.
2278 4839 2424 4907 cod.,
2467 4838 2604 4892 decet
2646 4851 2742 4890 nos
2770 4835 3063 4963 exemﬂlum
3117 4837 3285 4916 sancti
3325 4839 3465 4921 Phi-
3547 4872 3552 4876 .

1953 4932 2014 4963 me
2058 4931 2221 4963 sinum
2273 4928 2339 4963 em
2392 4914 2582 4963 sentem
2636 4920 2844 4963 nouere.
2950 4921 3060 4962 om.
3090 4904 3250 4963 Θάιῑ..
3315 4910 3465 4963 liceat

1883 4904 2014 4986 lippi
2052 4904 2221 4970 unum
2273 4928 2339 4968 ea:
2392 4904 2582 4980 septem
2631 4920 2844 4977 ponere.
2902 4904 3060 4963 Rom.
3090 4904 3250 4973 edit.,
3315 4910 3465 4968 liceat

1878 5004 2021 5042 axem
2063 4988 2189 5054 lum,
2222 4990 2328 5041 etc.

1886 5128 1924 5135 _
1951 5004 2459 5135 (8£)_Bom._edit._,
2497 5050 2558 5134 in
2608 5049 2858 5135 Azotum;
2915 5048 3151 5135 Denique
3192 5052 3301 5135 hac
3348 5053 3462 5135 ipsa

1878 5120 2093 5185 Do‘mmi
2143 5144 2205 5183 ac
2257 5122 2552 5180 Saluatoris
2600 5120 2772 5178 nostri
2823 5120 3111 5194 firmantur
3138 5124 3311 5179 verbis
3332 5120 3466 5192 {ait

1878 5203 2035 5267 enim,
2066 5208 2170 5255 etc.

1952 5263 2067 5343 (87)
2100 5266 2303 5343 Eadem
2333 5267 2489 5324 Rom.
2523 5263 2686 5343 edit._,_
2698 5336 2707 5343 _
2728 5263 2912 5343 mittet,
2944 5264 3137 5335 inquit,
3166 5266 3339 5343 Filius
3369 5268 3457 5322 ho-

1876 5336 2290 5411 minis'angelos
2310 5354 2452 5405 suos,
2510 5336 2911 5411 etcolligentde
2959 5353 3116 5409 regno
3181 5336 3294 5406 ejus
3352 5355 3457 5395 om.

1876 5413 1969 5469 uia
1998 5406 2270 5477 scandala,
2302 5417 2348 5465 et
2382 5408 2699 5477 separabunt
2729 5406 2965 5464 zixam’a.

1951 5483 2064 5554 (88)
2122 5482 2338 5554 Eadem,
2410 5481 2564 5554 Rom.
2636 5479 2792 5546 edit.,
2857 5478 2997 5549 quod
3055 5484 3157 5554 Aest
3206 5482 3456 5554 perennis

1879 5550 2145 5609 beatorum
2201 5552 2376 5624 gloria
2390 5569 2422 5624 ;A
2451 5551 2521 5606 ad
2562 5567 2722 5621 quam
2764 5565 2863 5624 uos
2917 5550 3089 5624 angeli
3143 5553 3309 5624 sancti
3337 5570 3451 5623 per-

1877 5626 2090 5689 ducant,
2150 5620 2241 5679 ubi
2295 5622 2536 5679 Christus
2572 5620 2699 5676 eum
2753 5620 3007 5692 Patrehet
3058 5622 3264 5692 Spiritu
3320 5620 3455 5678 san-

1879 5702 1956 5750 cto
1992 5702 2175 5767 regnat
2204 5696 2558 5767 maternum,
2614 5707 2783 5748 amen.
2842 5690 3050 5757 Quibus
3092 5690 3284 5749 “verbis
3342 5703 3460 5750 tra-

1879 5765 2091 5823 ctatum
2113 5765 2341 5825 claudit.
