3972 6380
555 633 769 703 liarem,
798 633 866 690 de
913 634 1291 706 singularitate
1323 635 1610 702 famosum,
1643 643 1698 690 et
1723 636 1789 692 de
1820 636 2132 707 posteritate

556 731 961 780 monstrosum:
1020 725 1115 798 qui
1171 725 1523 797 semetipsum
1555 725 1789 781 libenter
1845 727 2129 797 funerans,

553 813 790 870 naturali
834 812 942 869 ﬁne
963 813 1275 870 discindens
1335 821 1495 886 atque
1523 813 1875 883 succendens,
1934 815 2131 870 iterum

553 900 802 972 pbcenix,
855 901 1052 957 iterum
1113 902 1231 974 ipsa
1258 910 1358 970 est,
1413 911 1466 958 et
1494 918 1604 958 non
1633 903 1740 958 alia
1771 904 2023 974 (Tertull.
2056 905 2132 960 De

552 1012 757 1053 resurr.
816 1014 968 1056 earn.
1013 1016 1062 1055 ο.
1125 998 1238 1066 13;
1283 999 1491 1056 Auctor
1536 999 1715 1056 Const.
1773 1001 1957 1071 Apost.
2003 1001 2040 1056 l.
2070 1018 2130 1070 v,

552 1101 604 1144 ο.
636 1085 704 1143 6:
761 1085 956 1159 Cyrill.
993 1087 1200 1143 Catech.
1236 1086 1302 1142 18
1329 1106 1342 1154 ;
1374 1087 1647 1156 Lactant.,
1683 1087 1874 1144 Ambr.
1907 1097 1959 1143 et
1987 1089 2128 1161 alii).

553 1173 654 1232 Cui
712 1175 788 1230 rei
845 1175 1236 1232 documentum
1276 1176 1344 1232 ad
1397 1178 1510 1249 spei
1569 1185 1764 1233 nostras
1794 1177 2129 1248 ﬁrmitatem,

551 1264 714 1320 etiam
767 1266 1001 1337 Spiritus
1057 1274 1297 1335 sanctus,
1325 1267 1420 1338 qui
1449 1269 1594 1324 Deus
1619 1276 1719 1335 est,
1753 1270 1810 1324 in
1839 1269 2135 1341 Scripturis

552 1354 734 1424 posuit
761 1355 962 1410 sanctis
1005 1354 1192 1413 dicens
1217 1373 1229 1410 :
1280 1379 1298 1403 ι
1327 1355 1397 1410 Et
1425 1355 1700 1413 ﬂorebunt
1729 1359 1880 1415 velut
1907 1358 2132 1429 phmnix

555 1441 690 1512 (Isa.
735 1459 913 1511 xxxv,
969 1444 1047 1514 1),
1098 1443 1202 1499 hoc
1228 1451 1329 1511 est,
1378 1443 1652 1502 ﬂorebunt
1700 1447 1766 1502 de
1810 1455 2002 1514 morte,
2065 1447 2132 1502 de

551 1527 743 1586 funere
772 1546 892 1600 suo,
923 1530 1065 1587 sicut
1093 1531 1321 1603 phoenix
1366 1541 1607 1604 resurget
1635 1533 1702 1590 de
1757 1535 1978 1605 pulvere
2010 1552 2127 1592 suo.

551 1616 610 1674 Si
639 1634 764 1689 ergo
793 1635 917 1674 caro
962 1619 1080 1674 avis
1129 1619 1196 1674 de
1237 1620 1515 1676 cineribus
1563 1621 1675 1677 suis
1723 1623 1973 1694 resurgit,
2006 1640 2130 1680 caro

550 1702 793 1762 hominis
828 1707 896 1763 de
937 1707 1217 1764 cineribus
1257 1709 1371 1765 suis
1410 1725 1521 1764 non
1577 1719 1816 1781 resurget
1845 1712 1874 1766 ‘l
1924 1712 1994 1768 Et
2034 1712 2131 1768 ubi

549 1803 651 1864 est,
683 1794 830 1868 quod
889 1795 1159 1851 Dominus
1185 1795 1438 1854 Christus
1467 1798 1658 1854 multis
1687 1800 1993 1870 passeribus
2023 1818 2130 1858 me-

1583 423 1690 478 AD
1728 421 1961 480 OPERA
1999 422 2056 479 S.
2107 424 2438 482 AMBROSII
2476 427 2849 487 APPENDIX.

555 550 665 602 tem
694 543 852 602 illum
891 543 1153 615 Orientis,
1181 543 1275 616 qui
1305 543 1535 617 phoenix
1596 547 1933 615 nominatur,
1969 564 2126 617 pecu-
2155 551 2206 608 Α
2240 551 2595 607 succendistis
2626 555 2782 609 vobis
2813 556 2946 624 (Isa.
2981 558 3164 626 L,ll);
3191 582 3208 605 »

3728 427 3857 484 576

3251 565 3303 612 et
3336 557 3533 614 iterum
3561 576 3572 612 :
3621 587 3639 608 α
3671 562 3850 619 Sicut

2240 637 2389 695 tinea
2415 642 2822 712 vestimentum,
2869 653 2922 700 et
2951 647 3151 702 vermis
3205 647 3443 703 comedit
3471 649 3705 719 lignum,
3753 651 3853 706 sic

2243 743 2441 784 muaror
2489 732 2766 787 excruciat
2793 750 2886 788 cor
2915 734 3022 789 viri
3072 735 3256 806 (Prov.
3290 752 3423 803 xxv,
3456 736 3572 807 20).
3610 763 3627 783 ν
3673 738 3852 795 Sicut

2242 816 2388 872 enim
2422 819 2593 873 animi
2624 821 2814 876 lastitia
2843 822 3118 878 interdum
3147 825 3391 894 corporis
3433 824 3649 881 dolores
3679 827 3847 879 miti-

2242 911 2349 974 gat,
2399 903 2478 960 sic
2528 906 2685 962 dolor
2707 908 2877 965 animi
2905 927 3100 982 corpus
3143 912 3402 983 deprimit
3430 921 3482 968 et
3520 916 3846 980 excruciat,

2242 990 2454 1047 dicente
2485 995 2746 1067 propheta
2777 1015 2788 1050 :
2836 1023 2854 1045 ι
2886 1000 3117 1055 Animus
3147 1001 3384 1070 gaudens
3413 1009 3626 1057 aetatem
3661 1003 3795 1058 ﬂori
3815 1035 3846 1044 —

2240 1077 2364 1135 dam
2407 1081 2555 1152 facit,
2585 1086 2808 1156 spiritus
2837 1087 3009 1143 tristis
3047 1089 3286 1145 exsiccat
3314 1106 3430 1145 ossa
3464 1092 3650 1160 (Prov.
3681 1109 3842 1161 xvn,

2242 1166 2356 1236 22).
2383 1193 2401 1215 ι
2442 1169 2498 1226 Si
2546 1187 2670 1242 ergo
2700 1175 2913 1229 eveniat
2942 1183 3003 1229 ut
3031 1176 3098 1230 ad
3136 1179 3544 1248 aegrotationem
3569 1181 3836 1251 corporis

2241 1257 2458 1313 accedat
2488 1261 2658 1314 animi
2683 1264 2965 1333 aegritudo,
3000 1264 3311 1335 duplicatur
3344 1266 3657 1322 inﬁrmitas.
3701 1269 3842 1326 Haec

2243 1350 2422 1400 tamen
2453 1347 2528 1404 ita
2557 1349 2701 1405 dicta
2733 1359 2879 1418 sunt,
2932 1360 2992 1406 ut
3031 1369 3140 1408 non
3171 1361 3398 1424 negetur
3445 1357 3837 1426 praevaricato-

2244 1449 2363 1488 rum
2394 1444 2447 1490 et
2475 1437 2646 1493 Deum
2688 1440 3002 1508 negantium
3051 1448 3251 1496 aeterna
3281 1458 3393 1497 esse
3423 1445 3714 1514 supplicia,
3747 1446 3834 1499 di-

2241 1528 2395 1578 cente
2425 1524 2702 1595 Scriptura
2731 1543 2742 1581 :
2789 1551 2806 1572 ι
2838 1529 3104 1584 Dominus
3133 1531 3479 1601 omnipotens
3517 1534 3836 1589 vindicabit

2241 1607 2299 1662 in
2341 1608 2419 1664 eis
2467 1610 2522 1665 in
2556 1612 2700 1668 diem
2738 1613 2956 1685 judicii,
3005 1616 3132 1673 dare
3179 1617 3356 1688 ignem
3414 1629 3466 1675 et
3522 1638 3740 1677 vermes
3771 1623 3832 1677 in

2240 1713 2427 1754 carnes
2483 1699 2762 1770 ipsorum;
2823 1713 2875 1760 et
2924 1707 3334 1771 comburentur,
3390 1717 3452 1762 ut
3497 1711 3740 1766 sentiant
3771 1713 3828 1766 in

2240 1795 2501 1844 aeternum
2554 1792 2758 1860 (Iudith
2788 1810 2904 1861 xvr,
2953 1795 3038 1860 20,
3071 1796 3185 1866 21).
3211 1821 3228 1843 ι
3271 1795 3426 1862 Quod
3457 1798 3532 1852 ita
3571 1799 3826 1855 futurum

549 1880 714 1940 liores
732 1899 846 1941 esse
872 1885 1291 1956 pronuntiavit?
1308 1886 1410 1942 Ubi
1431 1895 1513 1944 est
1555 1896 1609 1944 et
1632 1888 1792 1956 illud,
1811 1890 1956 1962 quod
1973 1891 2123 1946 nobis

2239 1878 2505 1934 Dominus
2561 1888 2743 1935 noster
2771 1889 2930 1953 atque
2959 1884 3209 1938 Salvator
3245 1885 3551 1954 conﬁrmat,
3585 1889 3778 1944 dicens
3810 1907 3824 1944 :

548 1988 645 2046 per
705 1974 1029 2045 Prophetam
1086 1976 1359 2047 promisit,
1415 1975 1638 2034 dicens:
1713 2001 1733 2026 ι
1760 1979 2130 2036 Renovabitur

549 2061 694 2118 sicut
718 2061 915 2133 aquila
937 2062 1201 2132 juventus
1239 2072 1334 2120 tua
1365 2065 1540 2135 (Psal,
1563 2081 1657 2133 cn,
1690 2066 1771 2136 5).
1811 2068 1933 2124 Vide
1957 2069 2128 2126 Rabbi

549 2147 740 2205 Kimhi
768 2158 823 2206 et
850 2149 985 2206 alios
1031 2150 1262 2223 interpr.
1296 2151 1352 2206 in
1387 2151 1536 2208 hunc
1563 2152 1669 2208 loc.
1706 2171 1720 2219 ;
1751 2152 1881 2210 item
1913 2155 1971 2210 P.
2029 2158 2127 2211 Da-

549 2237 742 2304 miani,
799 2254 986 2310 opusc.
1047 2239 1136 2308 52,
1168 2257 1217 2297 c.
1271 2240 1389 2308 23;
1442 2239 1652 2297 Albert.
1707 2241 1847 2314 Mag.
1905 2243 2128 2301 1.xxm

547 2323 627 2380 De
661 2323 882 2380 animal.
917 2343 932 2393 ;
987 2324 1210 2393 Gesner,
1243 2325 1471 2382 Aldrov.
1526 2334 1581 2382 et
1630 2327 1814 2398 alios).
1855 2352 1875 2378 ι
1947 2329 2126 2403 Cujus

547 2411 668 2467 avis
712 2420 960 2469 naturam
1015 2414 1156 2470 hanc
1218 2430 1337 2472 cese
1391 2415 1650 2473 tradunt:
1705 2433 1830 2474 cum
1862 2418 2008 2474 enim
2060 2420 2127 2476 ad

548 2517 818 2558 summam
890 2504 1103 2560 venerit
1171 2513 1528 2574 senectutem,
1567 2507 1771 2565 dicitur
1828 2510 2023 2567 tandiu
2070 2511 2126 2565 in

546 2603 668 2645 aera
697 2589 1004 2660 sublimari,
1063 2601 1124 2648 ut
1155 2607 1326 2664 usque
1381 2594 1448 2649 ad
1477 2594 1649 2650 nubes
1686 2605 1740 2652 et
1781 2596 1960 2668 ignem
1996 2615 2128 2669 per—

547 2677 766 2734 veniat:
800 2694 908 2750 quo
937 2678 1062 2752 igne
1099 2688 1368 2749 contacta,
1428 2698 1558 2740 mox
1604 2701 1659 2740 se
1711 2685 1768 2742 in
1821 2687 2129 2742 secretissi-

547 2780 697 2822 mum
757 2765 965 2824 fontem
1020 2769 1355 2840 praecipitem
1412 2770 1566 2840 dans,
1599 2773 1760 2829 tertio
1796 2777 2021 2846 mergit;
2076 2784 2128 2832 et

550 2870 679 2911 mox
725 2855 794 2911 ad
840 2855 1085 2928 pristinae
1133 2857 1438 2929 juventutis
1495 2859 1639 2915 vires
1688 2869 1847 2934 atque
1892 2865 2124 2934 speciem

547 2949 854 2998 revocatur.
911 2943 1069 3009 Quod
1121 2945 1277 3001 nobis
1327 2946 1404 3002 ita
1433 2946 1680 3002 futurum
1742 2947 1930 3004 beatus
1985 2952 2124 3022 Apo-

548 3030 721 3085 stolus
750 3031 1022 3101 promisit,
1054 3030 1241 3088 dicens
1274 3040 1285 3087 ξ
1349 3055 1367 3078 ε
1400 3033 1836 3107 Uniuscujusque
1871 3037 2028 3108 quale
2058 3038 2127 3092 sit

545 3133 703 3188 opus,
737 3118 878 3190 ignis
917 3118 1170 3189 probavit
1228 3119 1285 3190 (Ι
1323 3119 1446 3176 Cor.
1478 3138 1560 3189 nr,
1595 3122 1708 3194 13).
1740 3147 1758 3170 ι
1800 3125 1943 3180 Aves
1977 3126 2123 3182 enim

2254 1988 2272 2010 ε
2302 1967 2372 2020 Et
2416 1979 2697 2040 resurgent
2746 1986 2933 2026 omnes
2977 1972 3043 2026 de
3080 1979 3235 2027 terrae
3264 1976 3508 2044 pulvere,
3551 1976 3645 2047 qui
3680 1977 3828 2032 bona

2241 2053 2504 2123 fecerunt,
2536 2057 2593 2111 in
2620 2060 3069 2116 resurrectionem
3095 2061 3293 2131 judicii
3343 2063 3521 2134 (Joan.
3554 2082 3610 2132 v,
3649 2065 3769 2134 2‘3);
3795 2092 3812 2111 ι

2237 2151 2290 2198 et
2314 2143 2550 2199 iterum:
2595 2147 2704 2202 «Ite
2737 2147 2791 2201 in
2825 2148 3002 2219 ignem
3035 2158 3322 2219 “ternum,
3359 2152 3452 2225 qui
3485 2163 3825 2224 praeparatus

2239 2243 2320 2290 est
2348 2234 2565 2290 diabolo
2593 2244 2645 2290 et
2674 2239 2879 2308 angelis
2912 2239 3027 2310 ejus
3053 2243 3263 2311 (Matth.
3298 2259 3429 2309 xxv,
3453 2244 3486 2299 4
3505 2244 3598 2314 l);-
3649 2253 3703 2298 et
3728 2245 3822 2299 ite-

2241 2341 2361 2381 rum
2392 2327 2458 2381 de
2492 2326 2590 2381 illo
2621 2327 2714 2398 qui
2744 2337 2945 2384 vestem
2974 2346 3081 2384 non
3114 2330 3304 2386 habuit
3338 2334 3637 2403 nuptialem
3668 2333 3824 2387 diei—

2240 2421 2330 2469 tur
2359 2432 2370 2470 :
2420 2439 2438 2462 ‹
2487 2415 2684 2470 Tollite
2712 2433 2859 2486 eum,
2907 2425 2961 2473 et
3008 2418 3190 2487 ligatis
3219 2420 3469 2475 manibus
3497 2437 3556 2475 ac
3584 2420 3824 2491 pedibus

2238 2500 2376 2572 ejus,
2424 2503 2626 2558 mittite
2655 2521 2779 2559 eum
2811 2505 2867 2559 in
2917 2505 3164 2560 tenebras
3191 2507 3483 2562 exteriores
3513 2526 3525 2572 ;
3559 2507 3674 2561 illic
3709 2508 3823 2561 erit

2238 2590 2395 2647 ﬂetus
2449 2602 2502 2648 et
2530 2592 2731 2648 stridor
2773 2594 3020 2650 dentium
3055 2595 3263 2665 (Matth.
3296 2614 3432 2664 xxn,
3461 2596 3568 2665 l3).
3600 2621 3618 2643 ›
3671 2595 3820 2650 Cum

2238 2696 2362 2750 ergo
2393 2688 2444 2734 et
2500 2698 2709 2750 manus,
2743 2692 2796 2739 et
2824 2684 3005 2756 pedes,
3037 2693 3090 2740 et
3119 2685 3297 2752 ﬂetus,
3327 2701 3395 2740 ex
3435 2684 3678 2740 tenebras
3709 2700 3822 2736 ex—

2237 2771 2480 2837 teriores,
2532 2787 2649 2842 quae
2722 2773 2789 2829 ad
2846 2775 3032 2830 oculos
3075 2775 3367 2845 pertinent,
3421 2783 3474 2828 et
3522 2772 3816 2827 stridorem

2237 2864 2485 2922 dentium
2532 2876 2564 2914 3
2613 2865 2758 2925 344
2803 2861 3034 2918 Domino
3078 2862 3137 2918 in
3190 2879 3350 2918 carne
3396 2862 3579 2916 futura
3623 2875 3817 2913 resur—

2237 2965 2478 3019 rectione
2523 2964 2806 3019 verissime
2862 2962 3270 3034 pronuntiatur,
3325 2958 3495 3013 miror
3549 2955 3813 3028 quosdam

2238 3049 2543 3119 hareticos,
2577 3053 2670 3124 qui
2700 3053 2906 3107 aerium
2948 3066 3160 3121 corpus,
3193 3056 3247 3103 et
3274 3046 3535 3118 paulatim
3570 3045 3627 3098 in
3655 3059 3817 3097 auras

2236 3148 2424 3196 tenues
2454 3139 2867 3196 dissolvendum
2914 3145 3035 3210 post
3066 3134 3513 3190 resurrectionem
3542 3138 3818 3186 conantur

549 3203 778 3260 (Ῑίνθΐεω
810 3205 1052 3277 simium
1097 3223 1281 3275 uvam,
1339 3209 1541 3264 OliVam
1589 3218 1642 3265 ει
1697 3218 1890 3266 callem
1921 3229 2121 3285 Poma;
2155 3243 2198 3303 ο
2234 3227 2599 3284 introducere.
2656 3203 2937 3293 Quomodo
2979 3238 3103 3292 ergo
3147 3227 3361 3274 sanctus
3417 3217 3814 3272 vestimentum

544 3302 597 3349 et
643 3304 764 3366 post
811 3294 1046 3350 nimium
1117 3296 1353 3352 calorem
1409 3312 1574 3367 grana
1615 3312 1800 3354 eorum
1850 3316 1944 3370 per
1991 3311 2119 3358 ster-

543 3397 670 3438 cora
726 3382 1052 3455 digerentes,
1083 3400 1301 3440 rursum
1353 3384 1513 3451 vites,
1547 3400 1761 3442 rursum
1793 3387 2012 3445 arbores
2041 3407 2121 3448 re-

542 3479 861 3526 nascuntur.
912 3471 970 3527 Si
1019 3488 1145 3544 ergo
1192 3472 1298 3530 hoc
1351 3490 1478 3532 aves
1506 3484 1725 3549 propter
1766 3486 1840 3546 te,
1900 3483 2013 3539 Deo
2035 3483 2121 3555 ju-

540 3555 722 3624 bente,
783 3558 1024 3624 faciunt;
1083 3559 1150 3615 de
1180 3567 1234 3617 te
1261 3563 1407 3618 Deus
1449 3575 1666 3636 propter
1685 3565 1845 3622 ﬁdem
1887 3577 1939 3624 et
1968 3573 2120 3628 retri-

540 3643 824 3701 butionem
852 3662 1005 3702 suam
1036 3663 1145 3704 non
1197 3650 1358 3706 faciet
1389 3652 1416 3707 ?
1446 3652 1613 3710 Crede
1644 3654 1779 3710 mihi
1811 3658 1938 3729 quia
1962 3659 2121 3716 faciet

541 3740 762 3804 propter
789 3734 1120 3804 promissum
1151 3752 1310 3791 suum
1335 3756 1348 3804 ;
1381 3755 1505 3796 cum
1537 3741 1682 3797 enim
1703 3743 1846 3798 nihil
1878 3761 2120 3802 essemus

540 3819 853 3891 aliquando,
909 3819 1119 3877 domini
1171 3823 1416 3880 omnium
1446 3836 1836 3899 creaturarum,
1864 3834 1976 3888 Deo
2002 3834 2118 3904 ipso

534 3907 780 3981 jubente,
812 3911 942 3968 facti
975 3928 1181 3968 sumus.
1205 3913 1310 3980 Qui
1337 3931 1462 3986 ergo
1491 3917 1622 3974 fecit
1646 3936 1716 3976 ex
1741 3920 1942 3989 nihilo,
1973 3923 2120 3995 quod

539 4011 649 4053 non
681 4006 814 4067 erat,
863 4001 1063 4072 poterit
1114 4001 1314 4058 iterum
1369 4004 1545 4062 facere
1581 4006 1660 4076 id,
1719 4008 1866 4082 quod
1898 4018 2022 4067 ante
2050 4027 2120 4067 ex

539 4083 719 4141 nihilo
749 4087 968 4145 fecerat.

538 4191 765 4248 CAPUT
824 4193 1057 4252 XXXV.
1086 4225 1157 4240 -—
1179 4197 1314 4255 Nam
1343 4199 1389 4255 si
1439 4216 1564 4257 caro
1607 4201 1870 4271 hominis,
1901 4210 1963 4260 ut
1989 4205 2119 4261 caeci

537 4278 778 4337 haeretici
809 4284 1171 4354 mentiuntur,
1204 4302 1315 4345 non
1341 4298 1603 4361 resurget,
1641 4290 1916 4362 quomodo
1945 4293 2114 4352 Isaias

535 4365 744 4438 Spiritu
819 4371 916 4426 Dei
976 4373 1189 4444 plenus,
1238 4377 1332 4448 qui
1363 4393 1471 4433 non
1503 4386 1611 4432 tam
1641 4379 1924 4450 propheta,
1955 4397 2116 4453 quam

535 4457 868 4528 evangelista
921 4459 1187 4518 dicendus
1239 4471 1340 4531 est,
1393 4464 1567 4520 dicit:
1635 4489 1654 4512 ι
1687 4466 1884 4522 Veniet
1938 4471 2117 4526 omnis

2232 3318 2330 3373 Dei
2361 3326 2463 3387 est,
2489 3327 2542 3372 et
2573 3316 2803 3371 vestitur
2829 3312 3021 3368 salutis
3042 3317 3204 3380 atque
3239 3306 3440 3362 laetitiae
3471 3305 3665 3360 tunica
3692 3325 3705 3372 ;
3736 3306 3815 3361 sic

2231 3421 2260 3461 e
2286 3405 2560 3461 contrario
2599 3408 2863 3475 peccator,
2913 3396 3006 3471 qui
3044 3404 3222 3469 portat
3269 3395 3562 3466 imaginem
3607 3395 3813 3450 veteris

2231 3492 2471 3548 hominis
2515 3499 2675 3562 atque
2705 3487 2924 3555 terreni,
2955 3491 3193 3541 meretur
3227 3483 3453 3549 audire;
3495 3505 3513 3529 ι
3538 3482 3680 3538 Ecce
3712 3498 3812 3536 vos

2232 3597 2420 3636 omnes
2478 3577 2629 3651 quasi
2684 3576 3071 3632 vestimentum
3127 3582 3282 3627 vetus
3330 3573 3479 3626 tinea
3522 3569 3810 3626 devorabit

2233 3670 2365 3740 (Isa.
2425 3685 2494 3734 LI,
2548 3667 2629 3737 8.)
2675 3690 2694 3713 ι
2739 3666 2948 3721 Merum
2978 3679 3104 3735 ergo
3173 3662 3461 3718 diversitas
3523 3659 3692 3715 variis
3749 3660 3808 3714 in

2228 3754 2521 3826 Scripturis
2571 3755 2771 3810 sanctis
2819 3755 3066 3824 signatur
3111 3750 3448 3807 nominibus.
3495 3750 3647 3805 Sicut
3676 3765 3805 3818 ergo

2229 3846 2516 3902 diversitas
2562 3843 2816 3899 arborum
2862 3859 2926 3899 ac
2994 3841 3326 3897 musicorum
3389 3839 3446 3894 in
3509 3836 3807 3908 Scripturis

2229 3933 2434 3991 divinis
2486 3933 2856 3988 diversitatem
2913 3929 3186 4002 signiﬁcat
3234 3929 3419 4000 gratiae
3461 3926 3800 3997 spiritualis;

2228 4021 2305 4077 ita
2332 4030 2386 4076 et
2414 4021 2702 4077 diversitas
2730 4021 2966 4075 ferarum
2998 4025 3158 4090 atque
3198 4014 3530 4087 serpentium
3561 4011 3806 4069 diversi—

2228 4115 2394 4166 tatem
2441 4109 2713 4180 signiﬁcat
2757 4115 3120 4179 peccatorum.
3173 4105 3302 4172 Quae
3356 4112 3540 4159 tamen
3585 4100 3805 4156 diversa

2229 4213 2423 4271 genera
2471 4197 2804 4254 musicorum
2859 4196 2981 4251 ideo
3037 4197 3180 4250 Deus
3211 4192 3510 4264 majestatis
3557 4190 3614 4244 in
3646 4187 3806 4242 libris

2227 4285 2434 4344 divinis
2451 4285 2720 4341 nominari
2736 4291 2789 4341 et
2807 4285 2884 4341 uti
2905 4283 3103 4350 voluit,
3127 4291 3188 4338 ut
3207 4282 3469 4353 populum
3488 4278 3804 4334 Iudaeorum

2225 4375 2294 4433 de
2346 4374 2655 4431 carnalibus
2709 4373 2991 4431 sacriﬁciis
3035 4371 3305 4439 auferens,
3353 4370 3423 4426 ad
3451 4367 3724 4440 spiritales
3750 4374 3805 4421 et

2225 4463 2525 4520 laudabiles
2548 4463 2752 4520 hostias
2782 4463 3061 4518 invitaret.

533 4559 678 4612 caro,
711 4561 829 4617 quae
886 4547 1175 4604 adoratura
1203 4558 1284 4605 est
1337 4550 1395 4605 in
1425 4560 1720 4622 conspectu
1777 4557 2022 4626 Domini,
2054 4559 2110 4613 in
2141 4585 2188 4643 D
2296 4552 2401 4608 Sed
2451 4567 2598 4607 nunc
2646 4551 2758 4622 jam
2817 4552 3090 4607 sufﬁciant
3145 4551 3248 4606 ista
3293 4565 3411 4621 qum
3449 4548 3798 4643 dictasunti

532 4629 864 4701 Jerusalem;
900 4643 961 4690 ut
1014 4635 1197 4690 videat
1225 4637 1490 4693 cadavera
1541 4639 1828 4696 hominum
1874 4653 2113 4700 mortuo-

532 4736 676 4788 rum,
737 4721 830 4794 qui
861 4722 1198 4793 praevaricati
1256 4733 1383 4780 sunt
1439 4726 1495 4781 in
1542 4728 1712 4783 Deum
1748 4729 1828 4800 (id
1884 4739 1984 4797 est,
2027 4735 2115 4789 vel

531 4807 766 4874 Iudaeos,
789 4811 876 4864 vel
908 4810 1126 4882 impios,
1167 4813 1255 4867 vel
1286 4815 1641 4886 peccatores),
1676 4820 1878 4874 vermis
1925 4837 2113 4877 eorum

532 4911 644 4952 non
679 4899 962 4966 morietur,
994 4906 1048 4954 et
1074 4900 1214 4972 ignis
1244 4917 1432 4958 eorum
1491 4919 1600 4960 non
1632 4911 1777 4968 343
1807 4909 2114 4981 exstingue-

530 4998 625 5047 tur
677 4994 810 5063 (Isa.
868 5011 1018 5062 var,
1088 4995 1192 5067 24;
1255 4998 1478 5056 Hieron.
1530 5002 1588 5057 in
1631 5019 1747 5074 cap.
1808 5005 1908 5060 ult.
1960 5005 2112 5077 lsa.).

533 5079 706 5147 Quem
739 5097 978 5138 vermem
1013 5093 1105 5139 aut
1173 5087 1351 5158 ignem
1385 5091 1544 5146 multi
1574 5093 1961 5148 conscientiam
1997 5110 2115 5164 pec-

529 5175 798 5238 catorum,
865 5185 982 5241 quae
1033 5178 1280 5244 torqueat
1335 5176 1393 5232 in
1431 5180 1715 5251 suppliciis
1770 5181 2113 5250 constitutos,

534 5257 771 5330 intelligi
797 5259 1012 5328 volunt,
1030 5276 1195 5332 quare
1215 5265 1348 5321 vitio
1374 5283 1472 5322 suo
1505 5278 1663 5340 atque
1694 5279 1912 5340 peccato
1944 5280 2110 5340 tanto,

533 5347 814 5404 caruerint
860 5347 1028 5416 bono,
1071 5347 1232 5419 juxta
1282 5353 1419 5408 illud
1468 5356 1611 5426 quod
1677 5359 1938 5428 scriptum
1995 5367 2110 5414 est:

546 5456 568 5483 ι
602 5435 893 5496 Ambulate
915 5438 973 5494 in
996 5439 1208 5497 lumine
1234 5442 1378 5513 ignis
1408 5445 1596 5514 vestri,
1626 5454 1680 5501 et
1706 5447 1924 5504 ﬂamma
1951 5466 2113 5522 quam

2223 4658 2531 4716 quanquam
2562 4658 2659 4713 pro
2709 4644 2787 4697 rei
2844 4640 3221 4712 magnitudine
3274 4654 3555 4710 nunquam
3591 4633 3801 4707 aliquid

2227 4730 2562 4786 sufﬁcienter
2609 4730 2676 4785 de
2709 4731 2887 4787 causis
2941 4737 2995 4784 et
3029 4728 3188 4783 rebus
3218 4726 3464 4798 superius
3504 4721 3801 4778 nominatis

2227 4819 2338 4876 dici
2391 4826 2585 4891 potest.
2643 4819 2714 4873 Et
2768 4818 2888 4872 ideo
2944 4825 3150 4884 sancta,
3182 4813 3511 4878 veneranda,
3543 4810 3800 4884 perfecta,

2226 4913 2389 4977 atque
2421 4904 2795 4976 inseparabilis
2823 4904 3080 4971 Trinitas,
3107 4920 3225 4975 quae
3254 4911 3369 4958 tota
3399 4901 3554 4956 nobis
3577 4897 3686 4953 ﬁde
3714 4913 3801 4951 co-

2226 4993 2356 5049 leris
2387 5002 2547 5064 atque
2598 4992 2857 5059 adoraris,
2907 4999 3062 5047 tuum
3093 4991 3301 5048 esthoc
3343 5007 3495 5063 opus,
3529 4987 3674 5061 quod
3701 5002 3800 5058 ego

2219 5096 2298 5142 ex
2327 5082 2545 5135 Patrum
2606 5081 2937 5136 famulorum
2968 5089 3182 5135 tuorum
3217 5080 3390 5147 libris,
3425 5089 3478 5134 te
3507 5080 3801 5151 adjuvante

2228 5177 2388 5240 atque
2445 5167 2810 5235 illuminante,
2866 5168 2934 5223 ad
2999 5167 3411 5223 aediﬁcationem
3475 5185 3649 5224 meam
3709 5184 3800 5224 ex-

2227 5266 2399 5337 cerpsi
2430 5284 2442 5332 ;
2479 5272 2676 5341 tuaque
2705 5267 2967 5339 perfectio
2994 5266 3061 5322 ad
3104 5267 3330 5338 gloriam
3355 5275 3408 5322 et
3447 5267 3662 5322 laudem
3690 5282 3801 5321 no—

2226 5358 2394 5413 minis
2431 5359 2514 5413 tui
2545 5375 2639 5432 per
2667 5359 2854 5414 omnia
2877 5359 3073 5416 saecula
3098 5358 3444 5415 saeculorum.
3474 5359 3666 5413 Amen.
