3972 6386
215 381 323 443 577
1086 372 1180 432 DE
1219 373 1382 432 FIDE
1419 372 1698 434 CONTRA
1738 371 2058 433 ARIANOS.
2101 405 2170 419 --
2207 374 2616 433 ADMONITIO.
3380 376 3485 433 578

655 618 768 700 IN
861 614 1529 716 SEQUENTEM
1611 614 2284 763 TRAETATUM
2367 613 3033 701 ADMONITIO.

295 823 411 882 Hoc
440 834 596 896 opus,
619 819 764 894 quod
793 827 984 878 contra
1010 818 1505 891 manuscriptorum
1531 825 1585 876 et
1607 827 1851 876 veterum
1868 819 2172 878 editionum
2190 819 2351 877 ﬁdem
2373 821 2604 878 Romani
2638 820 3052 892 inscripserunt,
3088 817 3163 873 De
3189 817 3319 872 Filii
3351 817 3406 870 di
3414 814 3484 870 oi-

223 917 389 973 nitate
430 921 480 971 et
506 911 1059 978 consubstantialitale,
1090 909 1375 967 conditum
1407 909 1513 966 fuit
1547 910 1809 967 adversus
1836 925 1927 966 eos
1965 909 2248 966 haereticos
2276 909 2369 982 qui
2399 926 2523 966 cum
2556 909 2685 966 Filii
2715 907 3078 966 substantiam
3108 922 3232 963 cum
3263 913 3487 978 paterna

216 1007 465 1064 eamdem
497 1018 611 1061 esse
636 1001 1032 1070 inﬁciarentur,
1060 1005 1328 1082 ὁμοούσιον
1353 999 1532 1068 illum,
1565 999 1622 1054 id
1651 1009 1732 1056 est
1762 998 2004 1070 ejusdem
2035 1000 2566 1069 substantiae,dicere
2597 999 2988 1066 detrectabant;
3021 995 3114 1053 sed
3149 995 3488 1052 conabantur

217 1103 480 1160 inducere
505 1115 695 1159 vocem
727 1105 1038 1180 ὁμοιοὺσιον,
1071 1099 1127 1156 id
1156 1109 1237 1157 est
1266 1098 1464 1157 similis
1492 1097 1809 1155 substantiae
1833 1114 1846 1164 ;
1880 1113 2004 1153 cum
2037 1096 2257 1154 interim
2286 1098 2690 1155 amandandum
2721 1115 2752 1154 a
2793 1095 2998 1153 divinis
3028 1092 3347 1152 substantiae
3369 1107 3488 1147 ver-

219 1198 375 1265 bum,
433 1197 586 1270 quasi
619 1196 788 1254 sacris
834 1196 1045 1269 paginis
1075 1196 1344 1268 ignotum,
1386 1195 1797 1252 contenderent.
1853 1194 1949 1250 His
1997 1194 2342 1267 Epiphanius
2394 1195 2612 1266 (haeres.
2654 1195 2746 1267 64)
2788 1209 2989 1251 nomen
3020 1191 3484 1249 Semiarianorum

221 1286 462 1343 inditum
487 1285 700 1343 scribit.
733 1284 837 1342 Ubi
868 1295 1057 1342 contra
1077 1285 1295 1342 eosdem
1328 1284 1726 1356 proscriptione
1749 1283 1900 1340 vocis
1922 1287 2188 1361 ὁμοοὺσιος
2216 1284 2476 1340 Arianam
2504 1285 2755 1340 haeresim
2788 1284 2846 1339 in
2877 1283 3147 1354 integrum
3183 1278 3487 1334 restituen-

219 1381 345 1437 dam
392 1381 644 1453 patefecit
687 1389 878 1439 auctor
922 1381 1016 1439 hic
1056 1390 1258 1450 noster,
1299 1382 1611 1454 Filiumque
1653 1382 1826 1436 Deum
1871 1396 1984 1436 esse
2012 1381 2236 1452 perinde
2274 1397 2337 1438 ac
2365 1383 2576 1438 Patrem
2617 1379 3054 1445 demonstravit;
3083 1374 3388 1434 rationibus
3417 1367 3486 1425 ob

221 1487 358 1543 quas
389 1470 811 1543 eXpungendum
842 1475 1110 1550 ὁμοοὺσιον
1154 1470 1506 1543 disputabant
1551 1467 1870 1535 adversarii,
1912 1468 2193 1526 satisfacit.
2226 1470 2489 1528 Eamdem
2523 1470 2667 1526 hanc
2693 1486 2883 1526 vocem
2914 1469 2972 1524 in
3002 1467 3170 1524 sacris
3201 1460 3486 1519 codicibus

219 1569 492 1625 contineri
538 1568 816 1626 ostendit:
859 1576 914 1626 et
959 1569 1212 1642 quamvis
1253 1584 1363 1625 non
1406 1569 1566 1627 liceat
1609 1568 1759 1624 illam
1780 1564 2094 1623 substantiae
2146 1568 2413 1625 unitatem
2445 1568 2656 1642 liquido
2685 1566 2971 1637 concipere
2997 1572 3159 1635 atque
3187 1559 3484 1632 explicare,

222 1657 372 1714 haud
414 1663 595 1714 tamen
641 1665 924 1730 propterea
976 1657 1332 1730 respuendam
1371 1657 1604 1729 probat;
1639 1654 2078 1730 quandoquidem
2110 1656 2169 1710 in
2208 1657 2492 1722 creaturis,
2524 1655 2670 1728 quod
2698 1655 2748 1710 ei
2776 1651 3081 1724 comparari
3115 1650 3313 1714 valeat,
3343 1642 3486 1730 nihil

222 1747 502 1814 occurrit;
549 1756 603 1804 et
647 1729 717 1805 ex
743 1729 1146 1822 multiplicibus
1184 1749 1296 1804 illis
1325 1749 1660 1817 nominibus,
1694 1765 1812 1820 quae
1838 1747 1895 1802 in
1924 1744 2220 1816 Scripturis
2257 1744 2389 1815 ipsis
2418 1743 2560 1800 Filio
2598 1743 2940 1810 tribuuntur,
2970 1740 3190 1798 nullum
3219 1744 3301 1791 est
3338 1729 3487 1805 quod

220 1854 336 1895 non
366 1836 547 1910 potius
583 1837 787 1895 indicet
814 1839 1052 1911 aliquam
1083 1855 1110 1894 e
1144 1839 1392 1910 mysticis
1421 1837 1572 1895 illius
1599 1840 1972 1910 qualitatibus,
2001 1851 2164 1910 quam
2193 1835 2466 1894 inﬁnitam
2503 1843 2712 1892 naturae
2737 1833 2942 1892 divinae
2984 1829 3320 1903 majestatem
3349 1837 3487 1896 ape-

221 1927 348 1984 riat.
399 1929 567 1984 Docet
613 1935 888 2000 postremo
917 1927 1270 1984 distinctione
1301 1943 1653 2000 personarum
1685 1927 1910 1985 deorum
1942 1942 2051 1980 non
2083 1925 2272 1982 invehi
2299 1924 2635 1998 pluritatem,
2667 1939 2768 1980 nec
2795 1921 2863 1979 de
2893 1919 3045 1988 Filii,
3084 1918 3248 1976 etiam
3277 1928 3403 1970 cum
3429 1925 3487 1966 se

219 2015 671 2086 conspiciendum
699 2014 932 2091 subinde
957 2015 1230 2078 exhibuit.
1263 2016 1646 2073 invisibilitate
1677 2024 1772 2072 aut
1802 2013 2245 2072 immutabilitate
2270 2013 2568 2088 quidquam
2598 2013 2926 2070 detractum.

296 2104 493 2161 Exstat
511 2103 602 2162 hic
623 2104 761 2160 liber
791 2105 934 2160 inter
957 2104 1465 2176 GregoriiNazianz.
1487 2107 1647 2177 (orat.
1679 2106 1771 2177 49)
1804 2111 1859 2162 et
1886 2103 2165 2162 Ambrosii
2192 2104 2388 2172 nostri,
2411 2121 2644 2178 quorum
2675 2102 2894 2174 utrique
2913 2090 3487 2164 ascribitur,evulgata

229 2194 445 2266 Opera:
493 2193 587 2252 sed
634 2193 777 2265 apud
807 2194 1042 2266 priorem
1073 2193 1415 2266 praefatione,
1442 2211 1549 2269 qua
1577 2197 1761 2252 nescio
1785 2195 1876 2252 cui
1907 2194 2294 2252 obscuritatem
2322 2203 2376 2253 et
2404 2195 2816 2267 ambiguitatem
2849 2192 2908 2248 in
2934 2188 3123 2248 eodem
3156 2184 3344 2243 libello
3371 2182 3491 2239 cri-

223 2283 459 2341 minanti
481 2285 792 2356 respondet,
831 2300 930 2343 nec
958 2301 1070 2342 non
1099 2285 1312 2359 adjecto
1340 2286 1494 2344 brevi
1525 2289 1737 2360 epilogo
1768 2290 2112 2364 locupletior,
2154 2295 2370 2366 qualem
2392 2309 2492 2350 nos
2521 2293 2702 2364 ipsum
2732 2295 3201 2362 repraesentamus.

296 2374 401 2441 Qui
433 2374 692 2447 Gregorio
722 2375 972 2432 Nazianz.
1004 2374 1320 2447 adjudicant
1358 2376 1462 2435 hoc
1483 2378 1838 2450 Opusculum,
1871 2381 1928 2435 in
1960 2381 2102 2438 hanc
2130 2381 2444 2453 opinionem
2461 2380 2758 2453 Augustini
2782 2377 3128 2450 potissimum
3167 2368 3492 2428 auctoritate

220 2463 486 2520 adductos
512 2469 743 2521 constat.
775 2464 866 2522 Sic
893 2479 1126 2536 namque
1156 2463 1260 2536 ipsi
1290 2465 1738 2537 interpretantur,
1766 2465 1912 2538 quod
1941 2468 2036 2525 ille
2057 2469 2255 2526 tradit:
2283 2470 2566 2540 Gregorius
2593 2469 2750 2524 etiam
2769 2473 2979 2524 sanctus
3007 2464 3274 2536 episcopus
3309 2459 3491 2517 Orien-

223 2554 350 2608 lah's
395 2553 720 2624 apertissime
765 2553 890 2608 dicit
935 2553 1103 2608 Deum
1147 2559 1346 2610 natura
1387 2555 1717 2622 inuisibilem,
1766 2557 1976 2624 quando
2020 2559 2272 2614 Patribus
2318 2561 2463 2614 visus
2503 2564 2598 2627 est,
2629 2559 2760 2613 sicut
2787 2556 2960 2627 Moysi
2987 2570 3104 2610 cum
3131 2568 3232 2622 quo
3262 2544 3493 2618 faciead

223 2641 415 2711 faciem
442 2641 768 2712 loquebatur,
798 2641 1026 2711 alicujus
1053 2644 1416 2714 conspicabilis
1442 2646 1675 2700 materia:
1704 2645 2041 2714 dispositione
2067 2652 2357 2717 assumpta,
2389 2648 2538 2702 salva
2558 2662 2656 2701 sua
2680 2644 3041 2700 invisibilitale
3069 2638 3238 2696 videri
3261 2635 3494 2708 potuisse

231 2727 435 2800 (Epist.
486 2729 608 2796 148,
653 2745 781 2785 nov.
819 2728 952 2784 edit.
984 2745 1138 2786 num.
1173 2731 1286 2801 10).
1322 2731 1713 2789 Verumtamen
1742 2734 2038 2806 opponitur
2063 2751 2096 2790 a
2121 2735 2258 2790 viris
2279 2735 2456 2792 doctis
2478 2734 2681 2790 librum
2715 2731 2968 2789 eumdem
2997 2728 3179 2784 Latini
3209 2720 3494 2795 scriptoris

229 2821 401 2876 fetum
445 2820 651 2884 evinci,
683 2835 794 2875 non
826 2819 992 2877 modo
1019 2821 1166 2892 quod
1190 2821 1370 2878 versio
1400 2830 1576 2890 vetus,
1601 2839 1762 2895 quam
1791 2824 2036 2880 Italicam
2064 2825 2332 2888 vocitant,
2369 2822 2486 2881 illic
2512 2821 2750 2889 citetur;
2783 2819 2878 2876 sed
2905 2819 3070 2875 etiam
3105 2812 3254 2889 quod
3286 2810 3491 2868 ibidem

227 2911 371 2982 (cap.
403 2907 460 2978 6)
493 2907 673 2974 isthte,
715 2907 997 2980 legantur:
1039 2909 1195 2966 Ratio
1222 2911 1462 2980 quaedam
1488 2928 1604 2982 qua:
1629 2912 1774 2982 apud
1803 2913 2010 2970 Graecos
2035 2919 2376 2986 nuncupatur
2403 2918 2556 2994 λόγος
2580 2930 2594 2980 ;
2622 2920 2675 2968 et
2705 2912 2836 2968 item
2863 2910 2971 2966 alia
3000 2909 3126 2964 illa:
3169 2906 3244 2962 Et
3277 2905 3369 2960 hoc
3398 2907 3492 2994 est,

223 3003 367 3074 quod
414 3001 586 3060 erci
619 3007 890 3082 ὁμοοῦσιον
937 3006 1228 3076 appellant,
1260 3007 1319 3062 id
1363 3015 1454 3075 est,
1503 3025 1618 3088 cum
1642 3025 1745 3064 uno
1782 3009 1934 3066 aliud
1965 3010 2158 3083 ipsum.
2191 3010 2287 3066 His
2315 3009 2452 3066 adde
2479 2993 2661 3065 locum
2697 3005 2989 3076 Augustini
3020 2999 3213 3059 referri
3241 3011 3395 3071 posse
3425 2993 3494 3052 ad

234 3097 610 3156 indubitatum
659 3100 883 3172 aliquod
933 3101 1180 3174 Gregorii
1227 3102 1478 3159 Nazianz.
1509 3103 1678 3176 Opus,
1709 3111 1772 3162 ut
1801 3113 1931 3178 puta
1966 3107 2034 3163 ad
2063 3107 2366 3163 orationem
2393 3105 2482 3174 34,
2513 3104 2610 3161 ubi
2630 3103 2818 3159 eadem
2847 3103 3006 3174 plane
3049 3094 3275 3154 materia
3299 3093 3496 3149 discu-

219 3187 387 3258 titur.
428 3188 534 3245 Sed
575 3189 718 3246 forte
764 3189 833 3246 ad
880 3191 1118 3262 priorem
1165 3189 1527 3262 objectionem
1576 3195 1698 3266 quis
1741 3194 2062 3266 respondeat
2089 3194 2373 3263 Ruﬁnum,
2404 3210 2564 3267 quem
2601 3191 2719 3248 haec
2746 3191 2924 3263 opella
2953 3189 3304 3260 interpretem
3330 3179 3498 3237 refert

223 3277 370 3349 apud
424 3277 846 3347 Nazianzenum,
907 3280 1150 3337 maxima
1204 3281 1262 3336 in
1310 3283 1586 3339 vertendis
1632 3285 1834 3341 Graecis
1881 3284 2102 3341 licentia
2139 3284 2221 3340 uti
2265 3284 2530 3350 solitum;
2580 3281 2915 3355 proindeque
2944 3277 3086 3334 nihil
3117 3272 3341 3332 absurdi
3370 3284 3494 3327 eum

224 3365 528 3435 dicturum,
577 3367 674 3439 qui
715 3368 783 3424 ab
831 3368 950 3440 ipso
999 3368 1099 3425 hos
1147 3369 1362 3426 eosdem
1408 3371 1556 3428 locos
1585 3389 1647 3428 ea
1674 3373 1966 3430 verborum
1997 3373 2174 3428 forma
2202 3371 2444 3428 redditos
2472 3385 2587 3427 esse
2616 3365 2990 3433 alﬁrmaverit,
3024 3378 3187 3436 quam
3216 3359 3283 3416 ad
3313 3355 3496 3414 Latini

224 3454 448 3512 lectoris
478 3463 698 3529 gustum
748 3457 1100 3513 existimabat
1136 3459 1309 3530 magis
1334 3463 1796 3517 accommodatam
1825 3480 1836 3518 :
1868 3459 2108 3520 secunda
2137 3475 2268 3516 vero
2294 3459 2509 3516 ratione
2537 3457 2636 3513 vix
2668 3455 3000 3522 movebitur,
3034 3451 3130 3526 qui
3157 3465 3283 3509 cum
3313 3447 3498 3504 verbis

221 3544 518 3615 Augustini
563 3562 727 3617 supra
776 3547 957 3601 citatis
998 3545 1149 3602 hunc
1179 3548 1360 3603 locum
1390 3551 1629 3605 auctoris
1658 3550 1833 3607 nostri
1862 3552 2252 3624 composuerit,
2288 3553 2383 3608 ubi
2413 3559 2534 3623 post
2560 3550 2788 3605 allatum
2821 3544 3028 3617 Moysis
3063 3559 3188 3600 cum
3215 3543 3329 3598 Deo
3358 3539 3498 3598 facie

220 3632 291 3688 ad
339 3633 533 3689 faciem
581 3635 856 3706 loquentis
905 3637 1218 3707 exemplum
1268 3636 1485 3692 subdit:
1534 3639 1608 3695 Et
1638 3645 1807 3696 tamen
1835 3639 1908 3695 sic
1935 3641 2078 3696 visus
2115 3639 2398 3712 accipitur,
2430 3645 2489 3694 ut
2517 3637 2747 3707 alicujus
2775 3631 3234 3705 conspicabilis....
3262 3628 3500 3685 materia;

221 3722 566 3794 dispositione
609 3731 882 3796 assumpta
929 3726 1215 3791 videretur,
1255 3729 1405 3782 salva
1435 3729 1627 3783 scilicet
1653 3731 2012 3786 invisibilitate
2033 3729 2144 3798 ejus
2177 3731 2320 3802 (cap.
2355 3727 2437 3801 8).
2470 3726 2606 3796 Quis
2631 3724 2780 3781 enim
2809 3722 2970 3780 facile
2996 3721 3103 3778 sibi
3133 3735 3244 3777 non
3267 3732 3500 3793 persua-

223 3809 354 3868 deat
382 3813 499 3869 haec
518 3811 635 3884 ipsa
662 3813 721 3870 in
752 3822 933 3870 mente
961 3815 1254 3886 Augustini
1281 3819 1568 3887 praesentia
1583 3818 1768 3888 fuisse,
1797 3837 1922 3877 cum
1949 3821 2210 3877 scriberet
2238 3820 2519 3894 superiora
2536 3819 2566 3875 τ

296 3901 456 3969 Quod
499 3916 630 3958 vero
670 3901 740 3960 ad
785 3903 1159 3972 Ambrosium,
1204 3907 1411 3962 clarum
1454 3914 1535 3962 est
1586 3908 1806 3980 quidem
1838 3909 1969 3967 huic
1995 3911 2294 3984 Scriptioni
2324 3919 2379 3967 et
2410 3912 2467 3967 in
2497 3910 2755 3968 omnibus
2783 3909 3021 3983 Operum
3046 3903 3222 3963 sancti
3258 3899 3500 3959 doctoris

223 3987 586 4060 editionibus,
617 3998 672 4048 et
701 3991 760 4048 in
789 4009 918 4048 mss.
947 3993 1111 4049 etiam
1138 3994 1440 4062 nonnullis,
1461 3995 1702 4066 ejusdem
1733 4015 1932 4057 nomen
1959 4001 2247 4073 praeﬁxum
2279 4019 2412 4060 esse.
2446 4003 2578 4059 lnde
2597 4011 2678 4059 est
2707 4001 2853 4076 quod
2885 3997 3077 4056 libenti
3099 3996 3284 4052 animo
3311 3991 3501 4064 suspi-

222 4094 475 4137 caremur
521 4097 632 4137 non
661 4081 830 4138 alium
881 4099 993 4137 esse
1032 4082 1240 4139 huncce
1290 4083 1560 4153 libellum,
1605 4102 1765 4158 quam
1797 4106 1919 4144 eum
1953 4091 2045 4163 qui
2079 4092 2154 4146 De
2183 4092 2312 4146 Fide
2337 4109 2371 4148 a
2405 4091 2587 4148 Nicmo
2624 4093 2741 4148 sive
2768 4089 2958 4147 Niceto
2981 4087 3233 4159 episcOpo
3260 4081 3503 4140 breviter

222 4172 482 4245 scriptus,
534 4173 885 4229 voluminibus
923 4174 1088 4228 sancti
1125 4173 1414 4242 Ambrosii,
1462 4183 1524 4230 ut
1583 4176 1934 4234 Casitodorus
1975 4179 2298 4236 testificatur
2335 4179 2458 4250 (lib.
2495 4181 2568 4236 De
2608 4180 2732 4234 inst.
2763 4179 2897 4247 diu,
2922 4195 2972 4236 c.
3007 4177 3118 4246 16),
3149 4173 3376 4228 sociatus
3404 4173 3498 4238 est,

236 4274 368 4330 quos
414 4261 488 4314 ad
531 4260 850 4315 Gratianum
875 4261 1167 4332 principem
1209 4262 1509 4318 destinavit.
1535 4262 1640 4320 Sed
1677 4281 1802 4322 cum
1832 4266 1978 4326 idem
2006 4278 2210 4326 asserat
2243 4287 2355 4327 non
2383 4272 2560 4328 solum
2589 4270 2656 4327 de
2685 4271 2842 4327 Patre
2873 4285 2936 4326 ac
2964 4266 3108 4323 Filio
3135 4260 3498 4328 illic.disseri,

227 4363 425 4404 verum
467 4345 631 4401 etiam
674 4347 740 4401 de
792 4348 1000 4418 Spiritu
1047 4357 1255 4416 sancto,
1307 4352 1453 4422 quod
1501 4366 1626 4408 cum
1672 4352 1775 4411 hoc
1805 4355 1947 4412 libro
1990 4357 2172 4415 minus
2201 4359 2482 4428 convenit,
2511 4359 2785 4416 malumus
2811 4356 2961 4413 hunc
2987 4355 3263 4411 diversum
3295 4351 3362 4408 ab
3390 4349 3501 4406 alio

227 4437 545 4491 existimare
575 4451 672 4491 cur
699 4445 883 4494 autem
918 4439 1142 4494 alterius
1172 4440 1374 4507 locum,
1405 4448 1460 4496 et
1487 4441 1765 4500 Ambrosii
1796 4463 1998 4504 nomen
2042 4451 2409 4523 usurpaverit,
2441 4450 2582 4507 ratio
2611 4451 2668 4507 in
2699 4455 2953 4522 promptu
2983 4455 3081 4512 est,
3114 4444 3352 4500 materiae
3381 4438 3499 4496 sci-

230 4526 361 4581 licet
407 4524 676 4595 cognatio.
702 4525 841 4581 Sunt
879 4533 1058 4580 tamen
1082 4534 1339 4597 praeterea
1359 4529 1502 4584 levia
1521 4531 1767 4602 quaedam
1816 4534 1884 4590 ab
1913 4537 2278 4595 Ambrosiano
2305 4539 2524 4596 dicendi
2558 4555 2708 4596 more
2746 4554 2856 4594 non
2885 4536 3103 4608 penitus
3128 4530 3498 4594 abhorrentia,

232 4619 368 4686 puta
413 4613 559 4684 quod
596 4612 673 4668 ait
709 4613 776 4669 de
821 4613 1110 4682 haereticis,
1156 4615 1202 4668 si
1227 4615 1472 4670 haberent
1507 4621 1762 4686 quomodo
1795 4622 1934 4679 illud
1961 4627 2035 4682 ad
2060 4629 2226 4683 aliam
2257 4629 2649 4700 intelligentiam
2675 4643 2834 4683 scwvo
2861 4641 3010 4680 sensu
3034 4625 3403 4694 perverlerent.
3437 4617 3502 4670 Et

231 4701 412 4760 illud:
478 4702 712 4760 Viderint
747 4703 1067 4774 philosophi,
1115 4703 1343 4758 viderint
1386 4705 1612 4760 hceretici
1659 4709 1908 4782 discipuli
1952 4732 2154 4773 eorum.
2187 4717 2291 4774 Sed
2326 4734 2499 4790 neque
2530 4716 2674 4790 quod
2703 4715 2928 4782 dicitur,
2961 4712 3052 4783 qui
3077 4711 3233 4765 etiam
3259 4725 3398 4762 nunc
3426 4706 3498 4773 vi,

225 4793 508 4850 ambitione
554 4799 601 4847 et
622 4794 855 4864 potentia
885 4810 1062 4865 regum
1090 4793 1316 4866 exagites
1345 4811 1406 4848 ac
1435 4794 1609 4850 turbes
1636 4799 1834 4869 omnia,
1866 4801 2100 4859 nimium
2129 4805 2197 4860 ab
2227 4807 2520 4864 Ambrosio
2545 4806 2894 4876 discreparet,
2925 4803 2972 4858 si
3004 4807 3267 4856 tractatus
3295 4796 3387 4852 hic
3416 4795 3504 4851 ri—

229 4881 384 4952 gidos
419 4882 670 4948 Arianos,
700 4883 877 4955 qualis
906 4891 1022 4939 erat
1051 4883 1145 4940 ille
1174 4883 1484 4941 Auxentius
1527 4903 1559 4941 a
1587 4902 1694 4960 quo
1719 4888 1933 4949 Justina
1963 4893 2188 4968 ejusque
2215 4897 2364 4953 ﬁlius
2392 4895 2812 4954 Valentinianus
2841 4892 2974 4963 imp.
2999 4890 3054 4946 in
3084 4896 3332 4946 sanctum
3366 4883 3502 4940 anti-
3546 4883 3548 4885 ’

228 4971 413 5025 stitem
454 4971 712 5027 concitati
772 4981 922 5040 sunt,
959 4972 1322 5046 impugnaret.
1382 4975 1444 5030 In
1488 4978 1698 5034 caeteris
1747 4978 1974 5039 dissidet
2025 4983 2168 5041 idem
2209 5002 2347 5056 opus
2374 4985 2440 5041 ab
2470 4981 2745 5040 Ambrosii
2775 4981 2920 5053 stylo
2947 4987 3002 5036 et
3030 4977 3269 5051 ingenio,
3303 4982 3364 5032 ut
3392 4990 3502 5031 non

228 5057 396 5146 modo
433 5057 584 5116 illius
629 5067 820 5119 auctor
861 5075 972 5119 non
1022 5062 1292 5132 videatur,
1345 5067 1440 5123 sed
1489 5084 1557 5123 ne
1604 5069 1872 5143 interpres
1899 5071 2143 5144 quidem,
2175 5082 2365 5130 contra
2398 5089 2557 5146 quam
2597 5070 2808 5144 opinati
2838 5069 3183 5143 reperiuntur
3211 5063 3495 5122 nonnulli.

230 5145 534 5222 Utrumque
563 5164 691 5207 sane
721 5151 807 5207 vel
831 5165 898 5206 ex
927 5166 990 5207 eo
1019 5153 1408 5226 colligasjquod
1436 5156 1776 5229 Augustinus
1792 5177 1918 5218 cum
1949 5161 2006 5216 in
2037 5161 2384 5234 praeceptoris
2409 5145 2493 5220 sui
2515 5160 2734 5233 scriptis
2753 5159 3176 5226 versatissimus,
3201 5163 3317 5212 tum
3339 5153 3501 5210 etiam

233 5235 303 5325 ad
343 5252 467 5294 eum
515 5237 944 5311 praedicandum,
973 5240 1124 5296 omni
1155 5240 1279 5299 data
1311 5246 1739 5316 opportunitate,
1774 5250 2256 5322 propensissimus,
2290 5251 2409 5325 ejus
2439 5261 2623 5308 tamen
2651 5268 2764 5308 non
2795 5250 3130 5317 meminerit,
3165 5245 3258 5303 sed
3287 5251 3500 5302 tantum

230 5324 480 5416 Gregorii
507 5327 747 5400 episcopi
777 5327 1088 5385 Orientalis.
1122 5328 1333 5396 Quibus
1364 5331 1600 5405 adjunge
1630 5336 1941 5394 versionem
1967 5339 2250 5409 biblicam,
2274 5324 2343 5399 ab
2375 5359 2437 5400 ea
2467 5358 2629 5416 quam
2669 5342 2876 5415 ubique
2904 5337 3228 5398 Ambrosius
3255 5334 3500 5401 adhibet,

226 5413 386 5486 longe
418 5433 532 5472 esse
570 5417 864 5479 diversam.

302 5504 362 5594 P.
391 5506 464 5594 7F.
518 5505 846 5577 Chiﬁletius,
878 5509 973 5583 qui
1019 5505 1232 5568 duobus
1273 5509 1384 5570 illis
1414 5511 1667 5572 Patribus
1710 5530 1779 5572 ex
1815 5532 1973 5590 aequo
2003 5518 2252 5574 eumdem
2288 5519 2540 5580 libellum
2570 5521 2868 5594 adjudicat,
2899 5527 2962 5576 ut
2990 5517 3148 5576 illum
3179 5513 3507 5572 transcribet

229 5592 438 5681 _Vigilio
486 5610 604 5665 suo,
654 5597 994 5669 conjecturas
1047 5602 1278 5675 aliquot,
1308 5616 1442 5675 quas
1470 5603 1539 5660 ad
1577 5621 1695 5662 eam
1726 5621 1841 5662 rem
1871 5601 2240 5662 validissimas
2270 5617 2446 5681 putat,
2489 5609 2549 5668 in
2581 5592 2822 5666 medium
2853 5607 3077 5680 profert.
3111 5605 3506 5663 Verumtamen

227 5679 377 5785 haud
431 5681 592 5741 facile
629 5701 958 5760 quemquam
1007 5687 1126 5747 fore
1161 5690 1568 5762 existimamus,
1613 5693 1712 5768 qui
1757 5693 1879 5758 sine
1923 5679 2428 5770 manuscriptorum
2467 5695 2812 5768 auctoritate,
2856 5679 2982 5757 sine
3022 5693 3308 5769 scriptoris
3335 5689 3506 5747 ullius
