3972 6362
484 358 589 419 879
1507 360 1601 421 AD
1628 360 1859 421 OPERA
1896 362 1950 419 S.
1990 361 2322 420 AMBROSII
2358 358 2735 419 APPENDIX.
3650 356 3778 419 580

484 482 800 540 testimonio
844 482 932 541 his
984 487 1296 558 persuaderi
1343 505 1399 544 se
1450 490 1725 559 patiatur;
1774 488 1971 560 quippe
2002 503 2121 559 quae
2156 487 2443 543 levissimae
2469 496 2616 556 sunt,
2647 496 2741 544 aut
2765 503 2986 560 prorsus
3009 490 3195 543 nullae.
3233 488 3388 545 Certe
3420 488 3644 560 quidem
3680 488 3773 543 eis

482 571 722 643 persuasi
770 588 881 628 non
927 582 1055 632 sunt
1095 592 1273 651 neque
1315 576 1658 634 Hermannus
1702 577 1760 633 in
1804 575 2082 632 Ambrosii
2137 575 2270 642 vita,
2315 591 2413 632 nec
2458 574 2777 643 Quenellius
2816 575 2874 632 in
2923 576 3240 647 Appendiee
3273 575 3339 631 ad
3372 576 3546 647 Opera
3576 575 3767 631 sancti

482 658 680 717 Leonis
716 661 797 732 (in
826 662 1306 736 Elucidationibus)
1337 684 1349 722 :
1392 674 1620 737 uterque
1657 665 1802 721 enim
1835 664 1976 720 hanc
1995 664 2345 736 scriptionem
2377 666 2655 739 Gregorio,
2686 666 3036 721 Eliberitanae
3066 666 3210 721 sedis
3241 664 3298 720 in
3321 664 3610 737 provincia
3630 666 3764 720 Bae-

481 748 590 806 tica
643 751 917 824 episcopo,
949 752 1248 827 ascriptam
1272 756 1469 810 volunt
1501 754 1741 825 (dissert.
1778 752 1863 821 14,
1896 770 2015 828 pag.
2052 754 2152 811 719
2179 761 2232 810 et
2271 754 2419 825 720).
2459 754 2778 822 Queuellius
2806 755 3122 827 opinionem
3154 769 3306 812 suam
3334 762 3575 812 astruere
3598 753 3759 810 niti-

480 846 571 898 tur
612 838 701 895 his
741 839 1085 899 rationibus:
1135 841 1187 901 1.
1220 841 1370 916 quod
1396 842 1650 899 eumdem
1680 842 1885 899 librum
1910 843 1980 899 ab
2002 851 2221 902 auctore
2264 843 2458 900 Latino
2496 845 2799 916 profectum
2828 853 3070 904 constet:
3103 845 3157 903 Ξ.
3191 844 3339 917 quod
3373 845 3761 916 Hieronymus

479 927 546 986 de
578 928 838 1002 Gregorio
867 928 1160 989 Bosticensi
1194 932 1514 990 testiﬁcetur
1541 933 1619 991 De
1648 932 1776 990 Fide
1801 932 2100 1005 elegantem
2132 933 2384 990 libellum
2413 932 2483 991 ab
2510 949 2573 989 eo
2602 934 2866 1008 scriptum
2888 934 2985 1007 (De
3013 934 3259 1005 scriptor.
3296 934 3608 1005 eccissiast.)
3646 950 3660 989 :
3702 932 3764 990 3.

480 1017 627 1093 quod
672 1017 817 1074 idem
865 1016 1085 1077 libellus
1119 1017 1234 1095 jam
1282 1021 1411 1079 inde
1440 1020 1507 1079 ab
1536 1020 1830 1096 Augustini
1860 1038 1978 1078 aevo
2006 1023 2307 1094 praetulerit
2337 1032 2612 1082 auctorem
2640 1024 2963 1098 Gregorium
2993 1024 3253 1099 aliquem,
3284 1024 3431 1082 unde
3461 1031 3515 1080 et
3562 1021 3756 1080 eidem

480 1110 786 1185 Augustino
840 1112 1056 1169 errandi
1105 1113 1247 1172 facta
1288 1122 1369 1171 est
1417 1112 1663 1172 occasio:
1724 1111 1776 1169 4.
1828 1111 1975 1187 quod
2032 1121 2412 1185 argumentum
2473 1114 2766 1173 conveniat
2811 1132 2939 1174 cum
2985 1123 3141 1173 aetate
3199 1115 3447 1189 Gregorii
3500 1113 3769 1171 Eliberi-

479 1199 613 1269 tani,
666 1206 859 1258 contra
899 1216 1061 1277 quem
1113 1203 1276 1260 etiam
1323 1202 1569 1261 irritatos
1606 1201 1998 1275 imperatorum
2030 1201 2245 1260 animos
2290 1220 2405 1262 non
2444 1204 2796 1276 ignoramus:
2843 1204 2897 1262 5.
2943 1204 3165 1261 demum
3219 1202 3368 1277 quod
3410 1203 3513 1259 iste
3558 1208 3768 1258 auctor

479 1288 645 1344 trium
685 1288 1049 1364 hypostaseon
1090 1289 1471 1351 defensoribus
1512 1292 1793 1351 infensum
1836 1309 1892 1348 se
1943 1291 2200 1365 praebeat,
2246 1292 2395 1368 quod
2440 1294 2802 1353 Luciferianis
2832 1293 3033 1371 quibus
3063 1292 3211 1351 idem
3249 1306 3307 1350 se
3334 1289 3651 1360 addixerat,
3682 1288 3754 1347 in

479 1392 581 1434 11311
605 1388 741 1436 erat.

552 1468 651 1525 His
672 1467 1002 1541 conjecturis
1022 1471 1235 1544 pondus
1260 1489 1420 1531 suum
1449 1480 1611 1548 atque
1633 1480 1972 1530 momentum
2012 1487 2125 1528 esse
2150 1487 2261 1529 non
2278 1468 2630 1544 negabimus;
2655 1469 2853 1546 quibus
2880 1477 3064 1527 tamen
3093 1468 3189 1542 qui
3217 1468 3463 1525 noluerit
3489 1484 3553 1525 ac
3573 1466 3767 1541 quies-

477 1573 620 1627 cere,
652 1560 842 1615 saltem
872 1561 1064 1633 opellaa
1093 1578 1255 1636 quam
1286 1562 1669 1637 expendimus,
1702 1563 2084 1636 antiquitatem
2098 1571 2154 1622 et
2180 1564 2502 1637 elegantiam
2532 1566 2591 1621 in
2614 1562 2844 1621 dubium
2875 1579 2985 1620 non
3016 1561 3314 1630 revocabit,
3342 1561 3388 1617 si
3419 1558 3764 1617 considera-

477 1649 621 1705 verit
644 1650 793 1707 illam
832 1660 886 1710 et
923 1654 1207 1726 allegatam
1235 1654 1303 1712 ab
1332 1654 1662 1728 Augustino,
1699 1660 1751 1710 et
1780 1654 1948 1712 tantis
1978 1653 2176 1711 Graecae
2209 1652 2522 1726 Latinaeque
2550 1653 2807 1710 Ecclesiae
2840 1651 3147 1709 luminibus
3177 1648 3488 1721 ascriptam.
3525 1645 3774 1706 Accedit

476 1749 737 1814 praeterea
782 1744 928 1817 quod
975 1742 1230 1803 avulsum
1266 1759 1335 1801 ex
1364 1744 1460 1800 illa
1485 1744 1853 1817 fragmentum
1893 1745 2057 1816 libro,
2093 1744 2187 1817 qui
2218 1742 2362 1800 inter
2390 1741 2585 1799 Hilarii
2617 1742 2974 1799 Pietaviensis
3002 1758 3165 1817 opera
3193 1740 3583 1799 circumfertur
3620 1736 3764 1807 (lib.

475 1829 555 1887 De
578 1830 762 1888 Patris
779 1838 827 1889 et
852 1833 987 1889 Filii
1016 1834 1251 1890 unitate:
1284 1847 1501 1891 necnon
1524 1833 1763 1891 sermoni
1804 1835 1991 1905 (scrm.
2027 1832 2127 1891 150
2156 1839 2266 1890 vet.
2290 1833 2448 1902 cdit.,
2472 1848 2622 1891 nunc
2655 1831 2777 1900 113,
2809 1829 3040 1906 append.
3071 1847 3202 1889 nov.
3234 1828 3419 1902 edit.),
3451 1844 3613 1904 quem
3640 1824 3777 1884 diu-

475 1921 685 1980 tissime
716 1923 1023 1997 Augustino
1054 1923 1464 1999 adjudicarunt,
1496 1923 1764 1983 insertum
1792 1924 1920 1984 fuit.

827 2240 1134 2413 DE
1270 2235 1808 2408 FIDE
1945 2227 3411 2404 ORTHODOXA

1471 2540 2029 2664 CONTRA
2125 2535 2781 2666 ABIANOS.

486 2905 651 3095 DE
733 2889 1032 3091 FILII
1116 2894 1858 3096 DIVINITATE
1946 2738 3757 3083 EAimEONSUBSTANTIALITATE

1693 3216 2535 3309 TRACTATUS.

564 3458 709 3523 845
734 3448 1114 3516 CONFESSIO
1138 3448 1732 3509 FIDEI.-Crcdimus
1765 3445 1823 3502 in
1851 3446 2049 3510 Deum,
2085 3444 2136 3503 Α
2167 3437 2272 3495 sibi
2321 3445 2434 3495 tam
2490 3444 2805 3510 arroganter
2858 3452 3129 3495 summam
3185 3434 3451 3495 doctrinae
3513 3436 3730 3496 caelesti

484 3552 699 3613 Patrem
735 3549 1187 3625 omnipotentem,
1220 3547 1467 3605 omnium
1495 3546 1799 3604 visibilium
1829 3550 1883 3599 et
1902 3539 2058 3598 invi—
2164 3534 2423 3625 αδειξῐηᾶῐ,
2470 3533 2715 3625 Inputet
2750 3542 2806 3584 se
2833 3526 3019 3625 omnia
3043 3525 3304 3625 mysteria
3332 3524 3547 3625 liquido
3569 3541 3752 3625 com-

485 3643 731 3701 sibilium
786 3614 1072 3707 factbrem,
1128 3644 1181 3694 et
1236 3652 1409 3694 unum
1456 3635 1752 3693 Dominum
1809 3640 2055 3690 nostrum

2193 3616 2431 3673 irebensa
2480 3617 2735 3685 retinere,
2785 3632 2908 3673 cum
2966 3614 3166 3672 Paulus
3215 3617 3493 3691 apostolus
3554 3614 3750 3673 dicat:

487 3731 669 3788 Iesum
708 3726 989 3786 Christum
1037 3703 1239 3782 riuum
1268 3727 1391 3791 Dei,
1419 3732 1609 3781 natum
1644 3724 1712 3779 de
1740 3722 1895 3778 Patre
1923 3719 2060 3777 uni-
2181 3728 2201 3753 ι
2229 3706 2333 3772 Qui
2362 3721 2489 3778 ergo
2503 3712 2657 3778 putat
2679 3721 2737 3762 se
2765 3703 2975 3778 aliquid
3004 3704 3162 3773 scire.
3184 3705 3416 3763 necdum
3435 3705 3747 3778 scitquem-

488 3833 635 3886 cum,
665 3815 773 3873 hoc
799 3823 901 3884 est,
929 3813 995 3869 de
1028 3813 1332 3869 substantia
1360 3813 1535 3870 Patris
1559 3831 1573 3868 :
1621 3812 1793 3868 Deum
1823 3807 1890 3865 de
1926 3808 2057 3877 Deo,

2193 3792 2463 3850 idmodum
2522 3800 2767 3866 oporteat
2818 3792 2957 3850 scire
3012 3793 3067 3865 (Ι
3114 3793 3239 3850 Cor.
3298 3806 3420 3863 vm,
3468 3792 3564 3863 2):
3600 3816 3619 3841 ι
3669 3798 3747 3860 et,

489 3905 674 3965 lumen
702 3902 771 3960 de
793 3882 1020 3970 lumine,
1047 3903 1219 3959 Deum
1249 3917 1437 3958 verum
1467 3900 1534 3957 de
1562 3901 1675 3957 Deo
1703 3914 1854 3967 vero,
1873 3904 2060 3954 natum

2193 3905 2207 3932 ι
2232 3883 2396 3939 modo
2442 3899 2537 3955 per
2581 3884 2861 3957 speculum
2893 3882 2952 3939 in
2978 3883 3264 3955 aenigmate
3294 3882 3568 3950 videmus,
3611 3886 3748 3937 tunc

489 3998 627 4054 non'
655 3992 894 4050 factum:
935 3966 1101 4049 unius
1160 3990 1477 4049 substantiae
1523 4006 1652 4047 cum
1694 3966 1870 4057 Patre,
1919 3986 2065 4062 quod
2172 3973 2311 4030 Ῑαοίθ
2338 3972 2405 4029 ad
2434 3971 2721 4062 ίαοίθαξ-ίῙ
2752 3971 2876 4062 θοὴ·
2899 3986 3023 4040 xm.
3059 3971 3208 4062 1²)οξ
3250 3970 3347 4029 δίη
3377 3985 3507 4062 Ῡεῖΐο
3535 3966 3752 4025 enim“

491 4082 667 4142 Gnaei
721 4082 915 4139 dicunt
966 4086 1270 4161 spectem;
1334 4095 1431 4153 per
1483 4094 1644 4153 quem
1700 4077 1886 4134 omnia
1926 4075 2068 4132 facta

490 4186 639 4246 sunt,
696 4177 812 4235 sive
860 4194 981 4251 qua
1018 4178 1076 4233 in
1118 4177 1276 4247 coelo,
1326 4176 1442 4233 sive
1480 4193 1597 4250 quae
1643 4174 1700 4232 in
1743 4181 1927 4239 terra;
1974 4172 2069 4245 qui

491 4273 715 4342 propter
761 4281 861 4323 nos
913 4264 1186 4336 homines,
1233 4274 1285 4321 et
1329 4271 1548 4338 propter
1576 4272 1813 4319 nostram
1842 4262 2068 4318 salutem

492 4357 795 4427 descendit,
847 4366 903 4415 et
951 4356 1265 4414 incarnatus
1319 4361 1422 4423 est,
1469 4362 1523 4409 et
1565 4352 1730 4407 homo
1773 4351 1946 4408 factus
1969 4359 2069 4416 est,

490 4462 681 4522 passus
717 4452 821 4514 est,
855 4444 1156 4502 resurrexit
1184 4444 1345 4502 tertia
1370 4441 1478 4511 die,
1509 4438 1754 4498 ascendit
1781 4437 1851 4495 ad
1884 4441 2070 4510 ccelos,

491 4535 620 4594 inde
671 4543 940 4592 venturus
994 4542 1075 4591 est
1126 4532 1374 4606 judicare
1422 4532 1580 4587 vivos
1624 4537 1677 4587 et
1706 4534 1983 4585 mortuos:
2021 4535 2074 4585 et

492 4633 760 4706 Spiritum
815 4639 1084 4689 sanctum.
1143 4630 1252 4687 Eos
1304 4636 1484 4686 autem
1543 4627 1638 4702 qui
1682 4625 1908 4683 dicunt:
1944 4627 2076 4681 Erat

494 4721 715 4796 quando
763 4736 876 4777 non
932 4729 1068 4790 erat,
1119 4726 1173 4776 et
1224 4720 1541 4793 priusquam
1593 4725 1923 4782 nasceretur,
1964 4730 2076 4770 non

2177 4062 2382 4129 omnia,
2437 4075 2559 4133 quae
2608 4058 2725 4115 illic
2754 4058 2956 4131 scripta
2986 4067 3160 4128 erant,
3187 4056 3351 4131 juxta
3379 4056 3543 4114 ﬁdem
3574 4068 3759 4111 veram

2178 4155 2424 4205 constare
2490 4147 2827 4215 viderentur,
2879 4154 2995 4203 tum
3029 4156 3084 4204 et
3130 4146 3244 4219 ipse
3293 4144 3603 4219 petentibus
3647 4157 3763 4198 non

2179 4247 2416 4312 negaret.
2467 4238 2624 4306 Quod
2670 4252 2796 4295 eum
2825 4237 2902 4293 ita
2930 4237 3123 4294 fecisse
3158 4234 3511 4292 manifestum
3536 4239 3636 4288 est.
3689 4228 3764 4285 Et

2180 4329 2311 4402 quia
2363 4344 2449 4385 res
2500 4327 2666 4400 digna
2719 4336 2829 4384 tam
2878 4327 3164 4385 catholicae
3211 4322 3565 4390 confessioni,
3597 4334 3765 4393 quam

2180 4423 2324 4481 846
2382 4416 2650 4474 haereticis
2698 4417 3061 4491 responsioni,
3113 4414 3499 4472 universorum
3548 4407 3766 4483 judicio

2182 4515 2446 4573 aestimata
2489 4522 2593 4582 est,
2641 4514 2807 4574 multi
2846 4528 2972 4571 eum
3013 4511 3102 4569 vel
3129 4512 3306 4585 legere
3336 4509 3424 4569 vel
3454 4503 3767 4565 describere

2183 4607 2493 4663 voluerunt.
3282 4612 3289 4617 “

2253 4704 2358 4761 Sed
2400 4719 2511 4761 non
2556 4702 2733 4760 defuit
2761 4701 2855 4778 qui
2893 4703 2983 4759 vel
3011 4717 3110 4775 pro
3138 4700 3321 4759 studio
3362 4698 3644 4764 doctrinas,
3674 4694 3769 4757 vel

493 4788 625 4878 erat,
675 4819 729 4867 et
775 4788 1117 4879 mutabilem,
1148 4788 1243 4865 vel
1266 4788 1681 4865 convertibilem
1714 4821 1827 4861 esse
1866 4802 2071 4860 Filium
2105 4808 2150 4869 Β
2177 4810 2277 4869 pro
2327 4792 2610 4850 Charitaiis
2661 4791 2862 4859 oﬂiciO,
2905 4806 2968 4848 ea
3024 4805 3143 4863 qua:
3176 4806 3208 4879 ἢ
3251 4788 3410 4879 nobis
3437 4788 3583 4879 dicta
3613 4790 3769 4857 sunt,

493 4900 593 4956 Dei
620 4917 635 4967 ;
671 4898 773 4956 hos
797 4898 1221 4957 anathematizat
1259 4896 1527 4957 catholica
1558 4902 1612 4951 et
1648 4894 1945 4968 apostolica
1979 4894 2077 4950 Ec-

494 4990 678 5047 clesia.
711 4992 908 5047 Amen.

564 5077 946 5136 PROLOGUS.
977 5108 1047 5121 --
1078 5080 1281 5136 Amore
1334 5077 1618 5136 catholica
1669 5074 1794 5133 ﬁdei
1861 5075 2076 5144 ductus,

490 5165 820 5242 jampridem
878 5164 1139 5223 adversus
1185 5165 1416 5222 Arianos
1464 5165 1711 5223 libellum
1755 5164 2028 5222 edideram
2058 5208 2073 5233 ,

498 5271 658 5330 quem
700 5270 825 5313 cum
849 5254 1028 5312 amico
1068 5253 1357 5326 legendum
1396 5254 1685 5322 dedissem,
1721 5253 1847 5328 quia
1876 5254 2089 5328 placuit

494 5346 731 5407 credidit
759 5343 1259 5403 transcribendum.
1293 5347 1341 5401 A
1358 5361 1465 5417 quo
1493 5346 1599 5403 hoc
1627 5361 1724 5417 ego
1754 5359 2079 5419 magnopere

496 5439 795 5510 postulavi,
849 5446 911 5494 ut
968 5436 1188 5493 interim
1245 5435 1587 5493 dissimulato
1630 5444 1871 5505 auctore,
1906 5435 2093 5492 doctis

497 5526 635 5582 viris
677 5535 730 5582 et
776 5527 1139 5599 prudentibus
1168 5527 1399 5601 legeret;
1441 5535 1503 5583 ut
1529 5527 1575 5582 si
1608 5543 1767 5600 quem
1800 5526 2077 5594 movisset,

498 5612 649 5688 quod
678 5614 793 5670 illic
822 5617 945 5690 plus
958 5625 1054 5673 aut
1070 5617 1253 5675 minus
1286 5617 1525 5691 positum
1556 5616 1868 5685 videretur;
1903 5625 2080 5690 posset

501 5702 870 5775 plurimorum
903 5707 1138 5764 consilio
1166 5706 1466 5764 emendari.
1500 5706 1670 5765 Nemo
1698 5715 1779 5765 est
1810 5706 1957 5762 enim
1985 5707 2080 5778 qui

2187 4883 2561 4959 scrupulosius
2588 4888 2933 4948 retractaret;
2970 4887 3025 4937 et
3052 4878 3301 4952 quaedam
3330 4877 3423 4935 ille
3450 4874 3538 4931 vel
3567 4890 3770 4946 super-

2187 4974 2317 5043 ﬂua,
2344 4974 2434 5031 vel
2462 4971 2718 5044 ambigua
2749 4968 2975 5039 diceret,
3005 4984 3125 5044 quae
3155 4967 3315 5027 aliter
3343 4972 3563 5042 possent
3589 4979 3621 5019 a
3648 4960 3771 5037 qui-

2188 5062 2438 5130 busdam,
2491 5076 2653 5136 quam
2710 5075 2742 5116 a
2787 5076 2874 5117 me
2911 5059 3061 5117 dicta
3104 5065 3257 5129 sunt,
3304 5054 3497 5132 accipi.
3530 5048 3771 5113 Proinde

2189 5171 2377 5213 rursus
2414 5171 2475 5211 ea
2508 5154 2623 5228 ipsa
2672 5152 2909 5226 planiori
2941 5166 3193 5210 sermone
3219 5149 3277 5209 in
3305 5148 3413 5207 hoc
3450 5144 3639 5205 libello
3667 5140 3766 5201 di-

2191 5246 2352 5320 gessi,
2396 5251 2457 5300 ut
2503 5251 2558 5299 et
2586 5242 2996 5315 simplicitatem
3033 5255 3224 5299 sensus
3262 5237 3370 5297 mei
3398 5233 3767 5304 ostenderem,

2190 5343 2244 5391 et
2269 5333 2588 5406 scrupulum
2626 5332 2930 5405 legentibus
2958 5338 3316 5403 amputarem.

2260 5434 2393 5491 Nam
2438 5432 2543 5488 hoc
2583 5440 2665 5487 est
2693 5430 2838 5505 quod
2867 5430 3023 5488 aiunt
3050 5446 3205 5504 posse
3235 5424 3583 5502 reprehendi,
3620 5420 3766 5497 quod

2188 5522 2285 5579 ubi
2332 5520 2573 5580 Verbum
2622 5521 2721 5582 Dei
2771 5537 2841 5579 ex
2892 5537 3123 5594 persona
3165 5519 3295 5578 Filii
3325 5515 3629 5593 posuimus,
3658 5513 3769 5571 tale

2189 5610 2295 5669 hoc
2322 5610 2551 5668 verbum
2596 5610 2899 5686 intelligere
2931 5618 3205 5687 putemus,
3236 5610 3395 5685 quale
3427 5600 3769 5683 grammatici

2192 5705 2417 5763 tradunt
2454 5703 2652 5775 spiritu
2691 5703 2804 5761 oris
2830 5717 3009 5762 aerem
3039 5701 3329 5767 offensum,
3357 5692 3764 5768 intelligibilem
