3972 6360
237 389 339 446 581

1390 398 1484 453 DE
1520 398 1683 455 FIDE
1722 399 1998 459 CONTRA
2034 406 2362 464 ARIANOS.

3387 417 3493 477 393

234 489 449 581 auditu.
491 486 593 544 Sed
645 505 744 545 nos
771 488 1092 560 sapientiam
1121 506 1234 581 non
1261 490 1426 562 hujus
1455 495 1668 563 mundi,
1698 512 1818 568 quas
1845 502 1894 558 Α
1997 501 2240 572 Denique
2269 504 2476 558 Patrem
2510 510 2563 559 et
2596 504 2795 561 Filium
2824 506 3092 565 catholico
3118 508 3485 581 nominamus,

229 575 553 645 destruitur,
584 578 676 636 sed
708 580 854 633 illam
884 594 1003 650 quas
1031 594 1099 635 ex
1126 580 1241 634 Deo
1265 588 1365 647 est,
1395 581 1671 648 novimus,
1694 598 1813 653 quas
1920 586 2057 642 duos
2101 596 2282 643 autem
2325 588 2454 644 deos
2496 590 2676 647 dicere
2723 607 2823 648 nec
2857 610 3145 664 possumus
3185 614 3285 656 nec
3320 575 3485 658 debe;

232 665 475 721 Verbum
508 665 603 721 Dei
636 668 808 722 Deum
846 668 1109 733 insinuat,
1138 683 1263 723 cum
1295 668 1467 725 dicit:
1515 694 1534 717 ι
1569 672 1629 726 In
1667 671 1812 741 prin-

1920 687 2079 740 mus;
2131 690 2238 730 non
2291 676 2438 747 quod
2466 676 2640 733 Filius
2687 678 2787 736 Dei
2818 681 2963 736 Deus
2991 697 3101 737 non
3131 684 3222 752 sit,
3260 686 3370 744 imo
3398 706 3486 747 ve-

226 754 382 823 cipio
411 763 525 808 erat
556 753 818 820 Verbum,
849 761 902 809 et
936 754 1174 811 Verbum
1215 766 1330 812 erat
1368 757 1511 827 apud
1534 759 1732 822 Deum,
1758 768 1812 816 et
1919 779 2011 819 rus
2038 767 2184 822 Deus
2209 766 2277 823 de
2295 768 2409 823 Deo
2438 783 2601 837 vero;
2632 769 2727 826 sed
2751 769 2879 842 quia
2904 786 3015 828 non
3051 772 3292 843 aliunde,
3324 793 3485 847 quam

224 842 375 897 Deus
402 849 517 896 erat
549 842 811 898 Verbum.
845 843 1043 932 Omnia
1072 859 1167 914 per
1195 844 1375 915 ipsum
1410 845 1552 902 facta
1578 856 1725 911 sunt,
1754 853 1808 902 et
1915 851 1983 907 de
2028 852 2146 924 ipso
2182 871 2296 910 uno
2340 856 2498 912 Patre
2532 858 2629 914 Dei
2675 857 2880 914 Filium
2938 860 3212 927 novimus,
3263 842 3487 932 perinde

218 929 345 1022 sine
369 929 488 1002 ipso
524 931 727 1022 factum
747 938 838 1022 est
870 931 1009 1022 nihil
1042 932 1222 1022 (loco.
1250 934 1301 1000 1,
1333 934 1413 1003 3).
1450 958 1470 982 ι
1512 935 1664 991 Unde
1694 935 1809 992 mi—
1914 954 2085 996 unum
2115 943 2289 998 Deum
2311 944 2575 1001 dicimus;
2602 946 2718 1006 Hoc
2734 946 2881 1003 enim
2908 946 3206 1019 propheta),
3231 929 3336 1006 hoc
3363 967 3486 1022 apo-

216 1018 338 1073 rari
393 1033 480 1073 me
526 1018 699 1075 fateor
745 1019 850 1076 hoc
891 1020 967 1076 ita
1011 1020 1205 1076 sentiri
1233 1022 1491 1092 potuisse,
1524 1022 1678 1095 quasi
1707 1037 1805 1080 nos

217 1119 512 1174 personam
554 1108 825 1177 propriam
860 1107 1049 1176 Verbi,
1080 1109 1227 1180 quod
1254 1117 1337 1165 est
1363 1109 1558 1178 Filius,
1588 1126 1804 1182 negare-

212 1208 366 1262 mus,
399 1195 569 1253 Nemo
604 1196 771 1254 verbo
801 1204 962 1255 tenus
979 1197 1248 1266 nominat,
1275 1212 1438 1268 quem
1466 1211 1592 1254 vere
1620 1197 1802 1255 essein

213 1298 452 1353 persona
495 1302 594 1343 sua
640 1286 839 1356 saepius
883 1285 1209 1357 proﬁtetur:
1247 1302 1373 1343 nam
1405 1287 1682 1359 quomodo
1707 1293 1803 1344 aut

210 1383 412 1429 verum
450 1372 674 1442 Filium,
709 1381 805 1430 aut
824 1390 1015 1433 verum
1056 1375 1270 1432 Patrem
1309 1375 1545 1433 confessi
1584 1391 1794 1444 sumus,

207 1457 264 1514 si
313 1475 427 1517 non
471 1476 600 1518 vere
654 1463 1042 1533 proprietatem
1071 1477 1426 1535 personarum
1475 1470 1587 1522 tam
1624 1462 1798 1522 Patris

207 1558 378 1617 quam
407 1547 537 1606 Filii
571 1550 927 1609 servavimus.

286 1650 392 1709 Sed
422 1652 552 1726 quia
578 1654 746 1713 unius
765 1655 865 1712 Dei
895 1655 1221 1713 vocabulum
1252 1656 1516 1726 diximus,
1538 1673 1794 1731 personas

200 1753 434 1811 negasse
462 1744 816 1812 putamur.Et
846 1743 978 1801 hinc
1004 1744 1303 1800 verisimile
1329 1745 1509 1801 visum
1541 1756 1621 1803 est
1643 1747 1788 1819 quod

1912 1027 2039 1084 stoli
2069 1029 2433 1101 tradiderunt,
2483 1032 2587 1090 hoc
2628 1034 2744 1106 ipse
2787 1036 3056 1095 Dominus
3110 1036 3317 1106 docuit,
3360 1055 3485 1097 cum

1910 1114 2083 1173 dicit:
2126 1140 2148 1166 ι
2183 1120 2299 1191 Ego
2328 1128 2383 1177 et
2410 1120 2569 1177 Pater
2594 1137 2768 1183 unum
2798 1137 2990 1179 sumus
3015 1123 3197 1194 (Joan.
3228 1139 3284 1192 x,
3316 1124 3431 1198 30).
3450 1148 3473 1176 ι

1914 1202 2086 1260 Unum
2114 1207 2184 1264 ad
2212 1207 2476 1265 unitatem
2506 1208 2837 1281 divinitatis,
2875 1218 2940 1267 ut
2963 1211 3104 1278 dixi,
3151 1212 3317 1267 refert
3342 1229 3353 1267 :
3385 1228 3488 1270 stt-

1905 1308 2024 1347 mus
2050 1301 2231 1353 autem
2262 1298 2508 1368 personis
2534 1298 2792 1370 assignat.
2822 1298 2929 1356 Sed
2964 1308 3020 1358 et
3044 1300 3340 1373 Apostolus
3366 1303 3479 1363 ait:

1920 1403 1941 1431 ι
1978 1382 2129 1440 Unus
2168 1393 2270 1454 est,
2312 1386 2513 1461 inquit,
2560 1388 2705 1444 Deus
2740 1387 2917 1456 Pater,
2947 1403 3016 1444 ex
3045 1404 3154 1461 quo
3180 1390 3366 1447 omnia
3390 1405 3403 1443 :
3427 1398 3484 1448 et

1904 1484 2004 1526 nos
2031 1470 2090 1526 in
2118 1473 2273 1544 ipso:
2304 1481 2360 1530 et
2398 1490 2543 1531 unus
2568 1475 2840 1532 Dominus
2877 1476 3032 1534 Jesus
3078 1474 3349 1545 Christus,
3389 1490 3485 1550 per

1903 1574 2064 1631 quem
2092 1560 2314 1628 omnia;
2344 1570 2401 1619 et
2429 1578 2529 1619 nos
2564 1579 2661 1636 per
2700 1564 2899 1635 ipsum.
2949 1564 3055 1619 Sed
3097 1579 3210 1621 non
3257 1565 3316 1621 in
3353 1580 3484 1623 om-

1902 1647 2066 1703 nibus
2092 1655 2174 1705 est
2202 1650 2432 1706 scientia
2463 1650 2521 1722 (Ῑ
2549 1652 2674 1708 Cor.
2697 1667 2820 1719 vm,
2851 1651 2903 1719 ϐ,
2938 1652 3016 1723 7).
3039 1673 3061 1701 ι

1971 1744 2089 1812 Qua
2115 1745 2184 1802 de
2212 1761 2271 1802 re
2296 1747 2609 1819 explanatis
2653 1747 2743 1804 bis
2768 1748 2971 1816 verbis,
3004 1763 3126 1820 quas
3159 1750 3479 1823 scrupulum

200 1828 513 1898 posuimus.
544 1830 653 1885 Nos
690 1831 901 1886 Patrem
931 1839 985 1889 et
1014 1831 1214 1888 Filium
1240 1832 1318 1888 ita
1346 1834 1712 1902 nominamus,
1728 1842 1792 1891 ut
1820 1836 1869 1896 B
1903 1849 2014 1889 non
2044 1834 2183 1889 mihi
2223 1835 2316 1907 qui
2359 1835 2472 1891 scio
2521 1836 2667 1909 quod
2713 1836 2973 1906 dixerim,
3003 1836 3242 1893 sedaliis
3268 1837 3482 1897 infere—

199 1930 382 1970 unum
411 1917 585 1971 Deum
619 1921 678 1972 in
707 1916 794 1972 bis
834 1919 1076 1989 personis
1102 1927 1155 1974 et
1191 1920 1510 1976 nominibus
1542 1922 1792 1993 assigne-

202 2017 355 2061 mus.
392 2003 562 2061 Porro
580 2003 781 2063 iterum
806 2005 963 2064 Pater
991 2016 1044 2063 et
1068 2007 1265 2075 Filius,
1289 2007 1392 2063 etsi
1419 2008 1530 2063 duo
1564 2009 1791 2065 nomina

193 2092 588 2163 appellantur;
636 2095 847 2151 ratione
901 2104 1082 2152 tamen
1142 2105 1198 2151 et
1246 2096 1552 2153 substantia
1613 2113 1786 2153 unum

191 2188 360 2237 sunt:
403 2187 462 2236 et
499 2197 624 2237 cum
674 2181 889 2240 Patrem
937 2190 993 2240 et
1042 2182 1248 2241 Filium
1281 2190 1486 2251 statuo,
1516 2184 1782 2242 unitatem

191 2267 419 2340 assigno
442 2269 673 2340 generis.

281 2371 427 2428 347
474 2367 601 2423 limo
647 2366 833 2423 omnia
884 2368 1119 2441 intelligi
1147 2385 1305 2441 posse
1336 2370 1601 2429 aestimata
1628 2379 1778 2441 sunt,

190 2460 355 2536 quasi
402 2460 507 2521 ista
532 2466 797 2523 vocabula
833 2466 977 2522 inter
1007 2467 1223 2523 Patrem
1254 2475 1307 2524 et
1338 2469 1541 2526 Filium
1570 2469 1647 2527 ita
1673 2486 1783 2543 po-

189 2552 305 2606 sita
348 2549 479 2619 sint,
520 2560 583 2609 ut
622 2561 702 2609 est
731 2569 933 2611 nomen
960 2560 1015 2609 et
1043 2571 1365 2627 cognomen,
1400 2557 1567 2613 unius
1594 2565 1779 2614 tamen

193 2653 446 2709 personae
477 2657 491 2706 ;
521 2656 647 2697 cum
676 2657 744 2697 ex
776 2642 1151 2713 superioribus
1179 2653 1272 2700 aut
1300 2644 1654 2701 inferioribus
1682 2644 1779 2701 di-

191 2727 306 2783 ctis
356 2728 594 2799 potuerit
629 2728 745 2786 haec
785 2731 1023 2802 suspicio
1068 2746 1179 2788 non
1217 2731 1455 2789 admitti.
1496 2733 1601 2800 Qui
1629 2733 1777 2790 enim

195 2814 407 2871 Filium
438 2817 535 2871 Dei
565 2832 673 2871 non
702 2817 923 2874 aliunde
950 2826 1138 2875 natum
1167 2818 1416 2876 dixeram
1445 2836 1608 2893 quam
1641 2835 1780 2892 pro~

186 2904 315 2975 prie
342 2903 412 2959 de
447 2905 623 2972 Patre,
654 2912 830 2962 totum
863 2908 931 2963 de
975 2915 1112 2975 toto,
1149 2908 1420 2979 integrum
1449 2908 1515 2987 de
1544 2909 1777 2981 integro,

192 2991 501 3063 perfectum
530 2993 599 3048 de
624 2995 887 3064 perfecto,
917 3003 1457 3070 consummatamque
1494 2996 1774 3067 virtutem;

192 3085 476 3157 quomodo
533 3087 685 3158 potui
743 3088 918 3160 ipsum
950 3090 1188 3159 Patrem,
1228 3088 1407 3161 ipsum
1437 3090 1544 3147 sibi
1573 3089 1776 3147 Filium

1902 1921 2052 1990 bant,
2084 1930 2219 1994 puto
2246 1924 2586 1980 occasionem
2615 1925 2771 1981 mala:
2800 1924 3266 1997 interpretationis
3310 1924 3480 1983 fuisse

1901 2009 2191 2067 sublatam.
2230 2011 2365 2068 Nam
2413 2018 2468 2066 et
2508 2012 2775 2083 professio
2820 2012 2951 2068 ﬁdei
2980 2012 3271 2070 manifesta
3293 2019 3393 2080 est,
3423 2019 3480 2071 et

1900 2114 2131 2169 persona
2178 2115 2304 2155 cum
2356 2100 2640 2158 vocabulis
2690 2108 2927 2171 constat,
2973 2108 3029 2159 et
3075 2116 3188 2157 una
3214 2100 3478 2160 divinitas

1898 2187 2169 2257 assignate
2195 2194 2295 2243 est.

1968 2284 2070 2340 Vel
2100 2284 2147 2339 si
2191 2283 2373 2342 adhuc
2401 2285 2612 2360 aliquid
2652 2286 2799 2359 quod
2827 2286 3133 2359 legentibus
3160 2284 3475 2359 ambigam

1895 2372 2151 2429 videatur
2178 2372 2236 2428 in
2265 2373 2466 2441 verbis,
2494 2375 2563 2430 ad
2592 2389 2784 2431 sensus
2801 2373 3003 2432 debent
3028 2375 3195 2432 verba
3214 2375 3472 2445 conferri,

1893 2462 2023 2533 quia
2051 2476 2160 2516 non
2190 2460 2517 2534 simplicitas
2545 2462 2860 2531 verborum,
2893 2462 2987 2520 sed
3010 2463 3140 2519 mali
3163 2463 3473 2521 intellectus

1893 2550 2191 2608 obstinatio
2217 2553 2431 2623 culpam
2462 2553 2592 2609 olet.
2636 2556 2711 2610 At
2740 2570 2865 2610 cum
2899 2568 3091 2610 sensus
3119 2559 3304 2610 noster
3344 2566 3471 2610 cum

1892 2640 2121 2694 veritate
2166 2641 2479 2709 concordet,
2526 2648 2581 2698 et
2636 2640 2805 2697 verba
2848 2641 3050 2698 debent
3097 2656 3223 2698 cum
3255 2641 3470 2698 ratione

1893 2727 2278 2785 sincerissima.
2322 2729 2476 2785 Unde
2521 2745 2553 2785 a
2588 2729 2942 2802 simplicitate
2985 2728 3289 2787 christiana
3333 2743 3469 2786 aca-

1892 2816 2138 2874 demicus
2167 2816 2475 2891 disputator
2497 2820 2770 2879 abscedat.

1962 2916 2189 2974 CAPUT
2233 2916 2523 2976 PRIMUM.
2557 2947 2627 2959 —
2658 2917 2857 2975 Multas
2901 2915 3122 2992 quidem
3172 2924 3228 2975 et
3278 2934 3465 2992 graves

1890 3002 2122 3062 haereses
2166 3006 2424 3062 novimus
2465 3023 2497 3062 a
2538 3006 2792 3081 plurimis
2848 3006 3097 3075 ebullire,
3166 3014 3220 3064 et
3264 3008 3464 3065 veneni

1888 3094 2029 3163 vice,
2050 3096 2118 3151 ad
2137 3096 2392 3152 intimum
2410 3095 2848 3168 pectuscanceris
2862 3095 2948 3150 sui
2962 3095 3139 3151 virtus
3154 3094 3459 3166 infundere;

197 3188 426 3245 ponere,
452 3182 505 3231 et
525 3174 630 3232 hoc
658 3176 822 3233 modo
849 3193 1016 3233 unam
1046 3194 1331 3250 personam
1350 3177 1564 3237 duobus
1590 3179 1783 3236 nomi—
1814 3174 1859 3236 G
1887 3183 1981 3239 sed
2025 3184 2177 3241 vinci
2222 3184 2307 3241 illi
2354 3186 2443 3240 vel
2486 3184 2646 3242 facile
2689 3190 2935 3257 possunt,
2967 3185 3055 3239 vel
3083 3182 3246 3240 facile
3273 3184 3460 3255 vitari,

189 3262 359 3320 nibus
396 3265 703 3336 appellare;
736 3266 937 3339 quippe
959 3283 1085 3324 cum
1114 3276 1169 3324 et
1196 3268 1337 3326 hanc
1364 3276 1587 3338 sectam,
1615 3269 1672 3326 id
1692 3277 1775 3326 est

185 3350 576 3421 Sabellianam,
599 3353 657 3409 in
688 3353 876 3410 eodem
906 3355 1094 3412 libello
1128 3355 1527 3426 damnaverim,
1559 3366 1613 3415 et
1639 3375 1771 3432 per-

184 3455 449 3498 cenarum
477 3441 890 3498 distinctionem
926 3444 1225 3500 secundum
1271 3444 1598 3501 vocabulum
1626 3448 1774 3503 scri-

191 3527 396 3603 pserim
419 3528 449 3585 ?
497 3530 632 3586 Nam
680 3536 736 3585 et
788 3545 950 3585 nemo
1005 3545 1106 3601 pro
1161 3546 1271 3586 una
1313 3546 1543 3603 persona
1570 3539 1768 3605 potest,

186 3631 366 3673 unum
396 3624 526 3673 sunt
542 3617 744 3684 dicere,
772 3616 862 3673 vel
890 3616 1156 3674 unitatem
1184 3620 1396 3691 generis
1441 3620 1548 3676 nisi
1576 3634 1772 3692 perso-

185 3705 278 3761 nis
305 3704 599 3775 assignare.

258 3800 394 3872 Quis
441 3809 622 3858 autem
679 3802 1074 3862 catholicorum
1130 3805 1347 3879 ignorat
1391 3807 1607 3867 Patrem
1641 3826 1770 3869 vere

183 3903 306 3946 esse
335 3888 571 3960 Patrem,
604 3890 807 3948 Filium
837 3909 966 3950 vere
995 3894 1222 3964 Filium,
1251 3903 1305 3953 et
1341 3897 1605 3970 Spiritum
1633 3915 1768 3956 san-

180 3983 336 4037 ctum
386 3994 514 4036 vere
556 3995 669 4037 esse
724 3979 991 4053 Spiritum
1019 3991 1270 4042 sanctum
1294 3986 1324 4042 ?
1351 3986 1493 4045 sicut
1522 3987 1635 4059 ipse
1662 3988 1766 4045 Do-

181 4069 373 4127 minus
401 4069 467 4125 ad
510 4072 784 4145 apostolos
813 4088 939 4130 suos
964 4073 1139 4131 dicit:
1194 4097 1215 4122 ι
1258 4075 1468 4134 Euntes
1498 4077 1766 4149 baptizate

181 4171 378 4214 omnes
407 4167 593 4230 gentes
629 4160 686 4217 in
715 4162 939 4219 nomine
966 4162 1160 4231 Patris,
1185 4174 1239 4222 et
1267 4166 1417 4235 Filii,
1449 4173 1503 4222 et
1529 4166 1766 4238 Spiritus

185 4246 365 4305 sancti
417 4246 627 4317 (Matth.
672 4265 877 4316 xxvur,
902 4251 1015 4322 19).
1042 4276 1061 4302 ι
1106 4253 1231 4310 Haec
1258 4261 1339 4310 est
1368 4255 1604 4327 perfecta
1631 4255 1765 4313 Tri-

181 4333 331 4390 nitas
376 4335 435 4390 in
486 4336 697 4393 unitate
751 4340 1074 4408 consistens,
1125 4357 1287 4414 quam
1338 4343 1547 4401 scilicet
1597 4344 1764 4402 unius

183 4422 503 4480 substantiae
559 4425 900 4496 proﬁtemur.
949 4428 1069 4483 Non
1123 4429 1271 4486 enim
1318 4446 1418 4488 nos
1460 4431 1762 4490 secundum

1883 3287 2117 3345 quorum
2149 3272 2327 3344 prima
2356 3271 2728 3347 propositione
2754 3288 2916 3328 omne
2943 3272 3236 3329 consilium
3284 3280 3462 3346 pecto-

1882 3360 1959 3416 ris
1999 3360 2271 3433 proditur.
2322 3364 2396 3417 At
2444 3376 2575 3417 vero
2619 3358 2662 3417 ii
2709 3359 2909 3433 quibus
2953 3361 3127 3415 multa
3171 3359 3458 3415 nobiscum

1880 3446 2031 3518 paria
2058 3454 2208 3516 sunt,
2248 3447 2409 3505 facile
2448 3456 2675 3519 possunt
2714 3447 2969 3503 innoxias
3005 3452 3234 3515 mentes,
3273 3453 3327 3502 et
3353 3446 3457 3504 soli

1880 3535 1993 3590 Deo
2022 3533 2252 3603 deditas,
2308 3533 2656 3591 fraudulenta
2701 3533 2957 3591 societate
2993 3540 3292 3606 percutere,
3323 3532 3456 3590 dum

1879 3622 2147 3678 malorum
2186 3638 2408 3679 suorum
2449 3623 2602 3679 virus
2629 3639 2731 3695 per
2751 3622 2895 3679 bona
2921 3630 3107 3678 nostra
3133 3620 3451 3678 defendunt.

1876 3708 2029 3765 Nihil
2054 3710 2200 3765 enim
2231 3711 2592 3783 periculosius
2641 3709 2729 3767 bis
2771 3708 3047 3766 haereticis
3088 3723 3205 3765 esse
3256 3714 3451 3780 potest,

1877 3798 1972 3872 qui
2013 3816 2137 3855 cum
2164 3799 2372 3873 integre
2401 3817 2497 3872 per
2533 3798 2719 3856 omnia
2760 3800 3083 3864 decurrant;
3113 3812 3225 3853 uno
3268 3802 3451 3852 tamen

1876 3887 2070 3956 verbo,
2107 3903 2170 3944 ac
2194 3888 2240 3944 si
2282 3888 2480 3945 veneni
2511 3895 2680 3963 gutta,
2715 3902 2922 3944 meram
2952 3886 3102 3942 illam
3143 3900 3206 3943 ac
3231 3881 3453 3955 simpli-

1874 3991 1993 4033 cem
2037 3976 2200 4033 ﬂdem
2243 3976 2565 4045 Dominicaa,
2611 3983 2667 4034 et
2716 3973 2916 4033 exinde
2978 3972 3288 4047 apostolica
3328 3979 3452 4031 tra-

1873 4064 2106 4123 ditionis
2132 4065 2408 4121 inficiunt.

1946 4162 2099 4222 Unde
2127 4162 2480 4219 vehementer
2505 4159 2666 4218 nobis
2704 4158 3006 4216 cavendum
3046 4164 3148 4227 est,
3180 4171 3251 4214 ne
3275 4172 3333 4214 se
3359 4156 3448 4213 vel

1873 4252 2125 4312 sensibus
2178 4251 2267 4308 vel
2312 4250 2536 4308 auribus
2564 4249 2767 4306 nostris
2794 4246 3109 4320 huiusmodi
3139 4245 3346 4321 aliquid
3376 4248 3447 4303 la-

1870 4349 2050 4399 tenter
2100 4338 2380 4405 insinuet;
2422 4337 2552 4410 quia
2580 4335 2722 4392 nihil
2755 4342 2867 4391 tam
2909 4335 3055 4407 cogit
3099 4335 3157 4391 in
3194 4342 3442 4403 mortem,

1876 4445 2040 4505 quam
2088 4428 2192 4486 sub
2245 4427 2475 4484 obtentu
2520 4424 2650 4481 ﬁdei
2694 4424 2855 4481 fidem
2901 4422 3128 4479 violare.
3176 4421 3248 4479 Ut
3297 4421 3442 4477 enim

182 4528 475 4587 corporum
504 4513 878 4570 conditionem
907 4516 1237 4573 divisionem
1266 4518 1323 4573 in
1356 4520 1464 4576 Deo
1486 4520 1754 4580 facimus:
1787 4523 1839 4586 D
1870 4533 2101 4592 gypsum
2148 4530 2287 4588 aqua
2333 4514 2655 4586 permistum
2702 4513 2789 4568 lac
2829 4511 3013 4568 colore
3041 4509 3323 4576 mentitur,
3367 4509 3445 4566 ita

183 4600 280 4655 sed
330 4599 630 4657 secundum
679 4601 883 4658 divinae
922 4610 1129 4658 natura:
1177 4604 1495 4676 potentiam,
1543 4624 1664 4680 quas
1701 4608 1762 4665 in

182 4689 412 4745 materia
459 4705 569 4744 non
613 4698 715 4758 est,
763 4699 817 4747 et
858 4692 1143 4748 nominum
1187 4709 1441 4764 personas
1468 4711 1594 4752 vere
1622 4711 1765 4753 con-

192 4786 338 4835 stare
379 4779 677 4849 credimus,
714 4786 768 4837 et
796 4783 1062 4837 unitatem
1094 4782 1404 4840 divinitatis
1440 4800 1557 4841 esse
1589 4792 1763 4842 testa-

186 4882 332 4924 mur.

254 4971 365 5031 Nec
398 4975 771 5031 extensionem
804 4976 971 5047 partis
1001 4974 1233 5049 alicujus
1260 4992 1329 5033 ex
1355 4976 1511 5034 Patre
1541 4980 1626 5052 (ut
1642 4982 1759 5053 qui-

185 5059 312 5117 dam
360 5066 714 5136 putaverunt)
758 5065 857 5120 Dei
886 5064 1089 5120 Filium
1120 5064 1373 5135 dicimus,
1406 5082 1506 5124 nec
1532 5068 1759 5127 verbum

184 5149 305 5205 sine
346 5166 422 5219 re,
476 5159 538 5209 ut
563 5154 716 5209 velut
745 5169 938 5208 sonum
970 5152 1121 5208 vocis
1150 5152 1447 5226 accipimus
1471 5172 1484 5211 :
1534 5156 1627 5215 sed
1654 5157 1761 5215 tria

186 5236 431 5305 nomina,
461 5248 514 5293 et
542 5246 648 5294 tres
678 5256 931 5312 personas
968 5241 1131 5296 unius
1165 5256 1277 5296 esse
1295 5244 1563 5312 essentiae,
1594 5246 1759 5301 unius

185 5322 485 5394 majestatis
522 5335 683 5400 atque
731 5328 986 5400 potentia:
1014 5328 1304 5384 credimus.
1337 5329 1408 5384 Et
1433 5330 1557 5387 ideo
1584 5349 1755 5389 unum

186 5415 359 5471 Deum
401 5418 747 5486 conﬁtemur,
792 5419 919 5491 quia
964 5420 1147 5476 unitas
1193 5419 1489 5493 majestatis
1517 5421 1756 5496 plurium

184 5502 452 5559 vocabulo
479 5504 608 5561 deos
633 5507 885 5577 prohibet
914 5506 1194 5578 appellari.

1870 4605 1963 4662 hic
2005 4621 2102 4678 per
2138 4603 2495 4660 verisimilem
2544 4599 2941 4657 confessionem
2969 4596 3195 4655 traditio
3218 4596 3441 4655 inimica

1870 4694 2193 4765 suggeritur.
2240 4690 2359 4758 Qua
2402 4689 2471 4746 de
2493 4705 2551 4745 re
2580 4702 2693 4744 non
2720 4684 3027 4743 similitudo
3061 4684 3435 4754 confessionis,

1868 4782 1963 4839 sed
1992 4795 2179 4837 sensus
2210 4778 2409 4836 mentis
2444 4783 2528 4834 est
2568 4773 2970 4848 ponderandus,
3013 4786 3122 4845 quo
3167 4770 3437 4830 confessio

1869 4868 1987 4942 ipsa
2015 4868 2283 4924 ﬁrmatur.
3521 4869 3525 4874 '

1938 4964 2183 5038 Denique
2219 4966 2266 5021 si
2310 4959 2631 5035 diligentius
2665 4967 2722 5017 et
2766 4959 3073 5020 accuratius
3117 4958 3432 5029 attendatis,

1866 5073 1967 5115 cur
2010 5054 2290 5112 voluerint
2337 5052 2405 5109 de
2446 5050 2759 5122 evangelica
2802 5056 2859 5106 et
2901 5051 3200 5123 apostolica
3223 5049 3350 5119 ﬁde,
3381 5057 3436 5107 et

1867 5153 1934 5212 de
1961 5152 2180 5208 Patrum
2210 5147 2504 5204 traditione
2548 5141 2694 5200 348
2739 5144 3057 5203 substantiis
3093 5161 3291 5202 nomen
3328 5161 3436 5204 an-

1866 5241 2018 5307 ferri,
2048 5237 2235 5311 procul
2272 5236 2443 5293 dubio
2470 5233 2711 5308 probatis
2736 5232 2987 5292 haeresim
3024 5234 3279 5291 Arianam
3309 5233 3432 5290 sub-

1863 5328 1955 5383 tili
1982 5322 2309 5396 compendio
2347 5321 2668 5390 brevistam,
2699 5320 2915 5383 sublato
2957 5319 3064 5378 hoc
3098 5319 3320 5379 nomine
3352 5318 3430 5374 in-

1864 5415 2195 5472 tromissam.
2240 5412 2350 5468 Nec
2393 5410 2500 5469 hoc
2550 5408 2771 5483 quidem
2828 5425 2927 5484 ego
2977 5408 3286 5480 suspicione
3337 5414 3431 5464 aut

1864 5503 2121 5578 opinione
2152 5502 2232 5573 (l)
2265 5502 2551 5557 collectum
2586 5501 2815 5569 afﬁrmo,
2845 5515 2944 5555 nec
2971 5497 3053 5553 uti
3081 5497 3189 5571 ipsi
3213 5504 3427 5573 putant,

258 5680 340 5753 (1)
371 5679 695 5738 Μεε.Ιιωι.θι
723 5681 974 5755 Tell.,ego
1000 5683 1245 5757 suscipio,
1273 5700 1364 5740 nec
1376 5690 1470 5740 aut
1483 5683 1745 5756 munione,
1782 5688 1899 5750 etc;
1928 5680 2125 5738 melius
2145 5694 2335 5737 omnes
2356 5677 2490 5736 edit.
2520 5686 2583 5735 ut
2606 5678 2666 5736 in
2691 5685 2869 5738 textu.
