3972 6360
523 349 630 414 583

1531 349 1625 406 AD
1663 349 1892 406 OPERA
1933 347 1987 403 S.
2028 337 2360 402 AMBROSII
2398 336 2776 401 APPENDIX.

3697 335 3809 402 58b

523 476 865 536 academicus
897 475 1203 548 disputator
1237 474 1451 542 assisto,
1485 483 1546 528 ut
1588 475 1864 545 simplices
1910 490 2046 527 sens'
2075 491 2102 530 ι
2137 479 2176 532 λ
2208 472 2378 526 nullis
2421 469 2755 536 extantibus,
2795 475 2856 523 ut
2906 467 3049 523 idem
3081 465 3246 522 Arius
3278 466 3541 535 tradidit;
3581 468 3808 524 sublato

523 567 816 623 verborum
849 565 1152 622 subtilitate
1190 571 1614 636 contorqueam:
1665 562 1758 618 sed
1801 571 1862 618 ut
1891 569 2100 616 contor-

523 661 609 712 tos
645 662 699 710 et
724 670 920 727 parvos
943 653 1095 709 tenui
1124 659 1445 724 argumento
1469 651 1799 723 compositos
1828 649 1885 704 in
1924 651 2099 705 lucem

523 743 853 816 cognitionis
881 758 1149 813 exponam
1175 760 1188 808 ;
1218 758 1324 814 quo
1363 741 1583 798 facilius
1609 741 1779 812 possit
1805 737 2021 809 cognita
2047 741 2103 792 et

523 839 797 904 comperta
816 832 1076 904 iniquitas
1103 831 1170 886 ab
1200 830 1518 888 hominibus
1546 829 1763 886 evitari.

592 922 722 989 Quae
759 922 961 978 etenim
1004 937 1185 989 causa,
1236 937 1423 994 quaeve
1477 920 1620 977 ratio
1667 918 1880 976 exstitit
1910 917 2015 987 (2),
2039 922 2102 972 ut

523 1010 666 1082 quod
694 1010 1021 1077 docendum,
1053 1019 1110 1066 et
1137 1010 1282 1084 quod
1311 1009 1642 1066 credendum
1673 1008 1884 1064 cunctis
1917 1006 2101 1063 Eccle-

522 1098 620 1155 siis
647 1099 824 1156 fuerat
857 1100 1143 1168 traditum,
1173 1101 1426 1172 quodque
1457 1100 1640 1155 Patres
1668 1096 1842 1154 nostri
1889 1101 2101 1166 aposto-

523 1187 616 1243 lici
647 1189 754 1244 viri
783 1197 975 1246 contra
1001 1190 1285 1246 universas
1313 1189 1563 1255 haereses,
1596 1195 1649 1242 et
1680 1185 1916 1241 maxime
1946 1183 2100 1240 Aria-

521 1291 687 1343 mam,
730 1279 882 1349 quasi
920 1277 1189 1350 quendam
1221 1277 1433 1333 obicem
1467 1275 1737 1341 veritatis,
1769 1290 1876 1346 quo
1907 1286 2100 1328 omnes

521 1364 703 1420 aditus
729 1365 994 1436 pestiferae
1021 1366 1284 1422 doctrinae
1328 1365 1690 1431 obstruerent,
1741 1369 1927 1419 sancto
1969 1361 2101 1433 Spi-

522 1452 635 1508 ritu
661 1455 908 1510 mundati
939 1455 1043 1526 (3),
1075 1454 1346 1511 catholica
1385 1453 1594 1508 ratione
1637 1457 1952 1524 posuerunt,
1989 1465 2099 1504 non

521 1541 639 1597 sine
668 1558 862 1614 magno
890 1541 1016 1598 nisu
1043 1542 1111 1598 ab
1151 1541 1236 1598 his
1262 1543 1354 1614 qui
1386 1543 1561 1613 elogio
1596 1540 1678 1612 (la)
1713 1540 1930 1595 Arianae
1961 1537 2100 1593 labis

521 1632 728 1689 addicti
756 1640 903 1701 sunt,
937 1633 1214 1689 laboretur
1242 1633 1477 1698 auferri;
1523 1631 1629 1686 nisi
1661 1638 1723 1685 ut
1762 1630 1963 1684 Filium
2000 1626 2098 1683 Dei

521 1722 840 1779 mutabilem
869 1731 924 1779 et
953 1723 1393 1788 convertibilem,
1426 1730 1614 1794 utpote
1644 1739 1752 1778 non
1783 1721 1849 1776 de
1879 1717 2100 1791 propria

2209 559 2354 614 enim
2400 574 2464 615 eo
2501 556 2648 631 quod
2675 558 2831 614 Pater
2866 561 2969 624 est,
3012 555 3376 629 undecunque
3406 555 3572 614 fuerit
3600 556 3806 626 Filius,

2208 670 2425 712 necesse
2447 662 2530 711 est
2557 661 2619 710 ut
2637 661 2690 710 et
2719 655 2944 710 initium
2974 669 3044 710 ex
3073 653 3335 722 nihilo,et
3353 661 3536 710 ortum
3569 672 3638 709 ex
3664 663 3806 708 ten:-

2209 759 2337 816 pore
2367 741 2582 798 habeat:
2617 741 2758 797 nihil
2789 742 2938 798 enim
2969 741 3087 799 sine
3117 741 3302 810 initio,
3329 741 3437 799 nisi
3466 741 3617 798 solus
3630 743 3804 796 Deus.

2279 830 2433 888 Unde
2482 840 2537 886 et
2569 830 2762 898 Filius,
2794 831 2937 887 sicut
2965 830 3080 902 ipse
3108 831 3379 888 Dominus
3405 832 3502 898 ait,
3551 855 3570 878 ι
3599 831 3718 899 Ego
3751 835 3806 882 et

2209 922 2367 980 Pater
2390 937 2560 977 unum
2589 935 2778 976 sumus
2809 921 3050 992 (Joan.x,
3073 920 3212 992 30).»
3230 921 3387 987 Quod
3416 921 3538 978 ideo
3566 918 3806 987 dixit,ut

2216 1011 2449 1068 duarum
2482 1025 2833 1082 personarum
2865 1009 3130 1065 vocabula
3150 1009 3208 1064 in
3234 1011 3399 1064 unius
3425 1009 3643 1065 deitatis
3673 1023 3806 1061 ma-

2205 1098 2457 1170 jestatem
2500 1107 2824 1154 monstraret
2856 1098 2960 1168 (6),
2993 1098 3135 1156 sicut
3177 1106 3232 1155 et
3261 1099 3535 1170 Propheta
3564 1113 3632 1152 ex
3665 1112 3806 1151 voce

2211 1188 2330 1244 Dei:
2378 1209 2397 1234 ι
2428 1187 2944 1260 Eructavit,inquit,
2967 1205 3061 1244 cor
3089 1205 3270 1244 meum
3299 1188 3540 1244 Verbum
3565 1187 3805 1250 bonum,

2210 1275 2336 1334 dico
2384 1293 2482 1348 ego
2526 1293 2687 1348 opera
2717 1293 2835 1332 mea
2863 1277 2976 1349 regi
3009 1277 3182 1347 (Psal.
3241 1294 3393 1344 xLiv,
3453 1276 3532 1346 2).
3565 1300 3583 1322 ι
3627 1271 3809 1330 Vides

2213 1379 2340 1435 ergo
2387 1365 2492 1422 hoc
2538 1365 2781 1422 Verbum
2829 1366 3034 1422 bonum
3076 1367 3281 1423 Filium
3333 1367 3432 1423 Dei
3465 1383 3599 1434 esse,
3631 1380 3804 1436 quem

2215 1468 2327 1507 non
2372 1453 2596 1509 aliunde
2652 1469 2814 1526 quam
2869 1454 2936 1510 de
2990 1465 3214 1527 paterno
3253 1465 3490 1527 pectore,
3522 1463 3596 1523 et,
3633 1461 3699 1508 ut
3724 1451 3812 1508 ita

2208 1541 2469 1610 dixerim,
2509 1543 2576 1598 de
2621 1551 2778 1597 utero
2824 1543 3005 1598 cordis
3031 1544 3150 1612 Dei,
3182 1543 3456 1601 credimus
3483 1552 3697 1598 natum.
3727 1540 3812 1596 Et

2209 1631 2440 1702 proinde
2467 1647 2591 1686 eum
2615 1648 2790 1703 regem
2810 1633 3170 1704 appellat,qui
3191 1631 3305 1702 ipse
3333 1641 3414 1687 est
3436 1632 3552 1688 Rex
3583 1645 3805 1701 regum;

2205 1719 2384 1773 Deum
2415 1719 2735 1788 Dominum,
2783 1719 2872 1775 cui
2905 1721 3091 1775 omnia
3119 1719 3309 1774 divina
3342 1735 3505 1790 opera
3534 1735 3813 1774 succum-

521 1810 697 1902 Patris
751 1812 1056 1870 substantia
1106 1813 1412 1869 constitisse
1474 1811 1790 1881 conﬁngant
1818 1828 1830 1864 :
1889 1808 1980 1865 cui
2047 1811 2102 1863 et
2129 1843 2175 1902 Β
2211 1805 2372 1882 bunt,
2405 1806 2498 1879 qui
2529 1807 2690 1863 dixit:
2737 1808 2959 1864 «Omnia
2985 1823 3105 1880 qua)
3129 1807 3294 1878 Pater.
3312 1807 3494 1876 habet,
3524 1823 3647 1863 mea
3671 1813 3811 1862 sunt

521 1900 746 1957 initium
776 1917 846 1958 ex
870 1911 1132 1974 tempore,
1165 1909 1219 1957 et
1247 1909 1429 1957 ortum
1460 1918 1527 1956 ex
1558 1900 1756 1968 nihilo,
1805 1913 2004 1954 nomen
2033 1911 2104 1950 ex

522 1990 712 2058 altero,
738 1998 802 2046 ut
829 2007 1041 2063 semper
1068 1991 1392 2057 docuerunt,
1433 1997 1652 2060 propter
1679 1987 1825 2060 quod
1870 1993 1923 2040 et
1966 1998 2106 2054 saepe

523 2074 766 2131 damnati
809 2085 959 2143 sunt,
1003 2093 1150 2132 nunc
1174 2077 1286 2146 jam
1341 2075 1529 2142 libere,
1573 2084 1626 2131 et
1659 2089 1866 2140 secure,
1914 2072 2106 2127 incun-

522 2170 838 2237 ctanterque
888 2165 1152 2221 Ecclesiis
1212 2163 1424 2219 tradere
1497 2171 1551 2218 et
1614 2163 1891 2219 insinuare
1972 2175 2108 2231 pos-

525 2251 637 2308 sint
660 2251 688 2308 ἵ

595 2348 822 2408 CAPUT
851 2351 922 2406 ΙΙ.
951 2380 1022 2392 -
1041 2349 1256 2406 Videtis
1293 2366 1420 2422 ergo
1449 2349 1636 2405 omnia
1663 2364 1755 2404 eos
1779 2347 1837 2403 in
1874 2353 2110 2402 tractatu

527 2439 790 2510 ipsorum,
820 2455 931 2495 non
958 2440 1269 2510 evangelica
1298 2438 1426 2506 ﬁde,
1457 2439 1550 2494 sed
1587 2437 1818 2493 subdola
1860 2434 2109 2505 maligni-

527 2535 637 2584 tate
681 2528 750 2584 ad
805 2525 1141 2584 seducendos
1197 2527 1472 2598 simplices
1541 2540 1782 2597 quosque
1845 2523 2108 2596 posuisse.

526 2619 647 2677 Non
679 2617 794 2689 jam
836 2626 946 2673 tam
1004 2625 1336 2689 suspectum,
1387 2632 1547 2687 quam
1597 2615 1949 2669 manifestum
1980 2627 2110 2666 om-

533 2705 696 2763 nibus
741 2720 856 2762 esse
898 2705 1060 2761 debet
1089 2705 1164 2761 ita
1191 2722 1283 2760 eos
1313 2706 1486 2759 Deum
1517 2703 1584 2758 de
1611 2706 1724 2758 Deo
1754 2701 2016 2773 posuisse,
2047 2705 2110 2754 ut

530 2794 698 2851 Arius
727 2793 938 2849 tradere
986 2791 1214 2860 solebat,
1261 2799 1323 2848 ut
1353 2808 1422 2847 ex
1466 2793 1578 2848 Deo
1633 2791 1808 2845 factus
1857 2789 1949 2856 sit,
1998 2803 2108 2842 non

531 2898 600 2937 ex
629 2884 742 2938 Deo
778 2889 956 2938 natus.
1007 2880 1112 2946 Qui
1142 2879 1188 2934 si
1231 2887 1390 2934 natus
1435 2888 1536 2946 est,
1576 2878 1744 2933 unius
1791 2875 2110 2931 substantiae

531 2978 614 3027 est
637 2989 648 3026 :
671 2969 720 3026 si
755 2971 930 3025 factus
958 2977 1058 3035 est,
1091 2983 1252 3022 verus
1272 2967 1466 3021 Fillius
1505 2983 1614 3020 non
1650 2975 1760 3031 est;
1793 2975 1847 3020 et
1873 2966 1917 3020 si
1948 2981 2110 3019 verus

536 3059 711 3115 Filius
753 3073 864 3113 non
911 3063 1011 3124 est,
1059 3070 1160 3110 nec
1209 3070 1370 3108 verus
1399 3056 1544 3110 Deus
1594 3061 1710 3118 est;
1757 3061 1850 3106 aut
1879 3052 1922 3106 si
1949 3068 2111 3106 verus

539 3147 684 3203 Deus
721 3152 822 3212 est,
853 3153 908 3200 et
935 3142 1003 3199 de
1044 3143 1201 3198 Patre
1239 3156 1349 3196 non
1393 3149 1492 3208 est,
1531 3141 1639 3196 duo
1669 3148 1796 3195 sunt
1848 3138 2113 3193 habentes

531 3233 816 3306 singulLet
857 3232 1169 3288 voluntates
1197 3229 1462 3301 proprias,
1509 3235 1562 3284 et
1601 3227 1828 3298 imperia
1852 3226 2108 3281 diversa:

531 3324 617 3380 vel
634 3323 677 3380 si
709 3322 1001 3382 concordia
1027 3329 1240 3378 tantum
1262 3330 1314 3377 et
1336 3319 1589 3375 societate
1616 3335 1788 3375 unum
1823 3323 1971 3384 sunt,
2003 3331 2113 3371 non

531 3422 710 3471 tamen
739 3422 792 3470 et
811 3414 1115 3470 substantia
1127 3429 1309 3477 verus,
1335 3419 1398 3467 ut
1413 3410 1527 3482 jam
1549 3410 1686 3476 dixi,
1706 3411 1851 3464 Deus
1880 3425 1990 3464 non
2010 3415 2110 3465 est.

600 3503 691 3559 Sic
720 3503 826 3558 erit
853 3506 1016 3570 Deus,
1046 3510 1109 3558 ut
1131 3503 1344 3573 Moyses
1374 3500 1641 3555 Pharaoni
1670 3499 1872 3569 (Exod.
1898 3516 1997 3564 v11,
2033 3496 2110 3568 1),

531 3599 814 3665 potestate,
845 3606 956 3645 non
997 3605 1188 3662 genere
1221 3607 1233 3645 :
1272 3589 1448 3644 Filius
1468 3605 1684 3660 quoque
1714 3588 1790 3644 ita
1811 3585 2114 3643 credendus

532 3683 655 3750 erit,
681 3689 744 3738 ut
773 3698 867 3754 per
894 3682 1086 3736 Isaiam
1117 3681 1318 3752 populo
1357 3680 1564 3738 dictum
1605 3687 1716 3736 est:
1767 3704 1786 3726 ι
1824 3677 2000 3734 Filios
2028 3692 2112 3749 ge-

533 3769 629 3826 nui
654 3777 708 3825 et
749 3767 988 3824 exaltavi
1027 3767 1162 3838 (Isa.
1192 3785 1229 3836 r,
1273 3768 1330 3839 2)
1376 3775 1470 3822 «et
1506 3767 1674 3823 alibi:
1707 3791 1725 3814 ι
1770 3766 1861 3821 Dii
1893 3765 2023 3821 estis
2061 3771 2114 3820 et

533 3857 636 3914 ﬁlii
660 3857 931 3914 Altissimi
952 3873 1141 3913 omnes
1164 3857 1337 3928 (Psal.
1362 3873 1556 3925 Lxxxr,
1579 3857 1660 3927 6).
1682 3880 1701 3904 ι
1739 3855 1843 3911 Sed
1863 3862 1916 3910 et
1936 3853 2113 3926 primo

534 3947 747 4020 genitus
763 3946 841 4004 ita
868 3946 1178 4013 habebitur,
1207 3945 1483 4020 quomodo
1523 3954 1574 4002 et
1602 3946 1766 4002 Israel
1793 3961 1823 4000 a
1863 3947 1976 4001 Deo
2005 3943 2113 4015 pri-

535 4037 839 4108 mogenitus
859 4035 1006 4090 ﬁlius
1043 4036 1344 4106 appellatus
1374 4044 1455 4091 est
1498 4037 1700 4107 (Exod.
1746 4052 1822 4102 1v,
1857 4034 1972 4102 22).
2005 4033 2115 4088 Nec

533 4141 644 4182 non
695 4130 751 4180 et
815 4123 1209 4194 primogentius
1281 4123 1449 4179 totius
1504 4131 1787 4189 creaturae,
1849 4119 2003 4192 quasi
2055 4119 2113 4174 in

534 4213 726 4270 ordine
761 4211 1030 4268 factorum
1065 4209 1463 4283 primogentius
1491 4211 1790 4277 habeatur;
1823 4217 1885 4264 ut
1936 4224 2005 4262 ex
2051 4222 2116 4263 eo

535 4303 726 4360 seriem
757 4299 1046 4375 quamdam
1068 4299 1317 4357 creandis
1346 4301 1538 4358 mundi
1557 4302 1718 4358 rebus
1746 4299 2043 4371 assignent.

604 4398 853 4472 Denique
901 4395 1115 4453 sublato
1167 4392 1456 4469 ὃμθςρὺσιον,
1511 4396 1569 4452 id
1625 4403 1704 4452 est
1759 4395 1923 4450 unius
1977 4393 2118 4451 sub-

533 4494 748 4554 stantiae
798 4492 1086 4562 vocabulo,
1138 4489 1450 4565 ὃμοιοὺσιον,
1493 4491 1549 4547 id
1592 4500 1671 4546 est
1726 4489 1985 4558 similem,
2040 4487 2117 4545 fa-

534 4584 671 4644 ctori
699 4599 817 4651 suo,
867 4588 1168 4654 posuerunt
1200 4582 1312 4653 (5);
1345 4596 1470 4638 cum
1501 4578 1649 4634 aliud
1675 4577 1745 4633 sit
1785 4575 2113 4644 similitudo,

535 4674 684 4731 aliud
727 4670 948 4728 veritas.
979 4671 1112 4726 Nam
1143 4677 1196 4725 et
1225 4669 1390 4726 homo
1415 4669 1481 4725 ad
1535 4667 1826 4738 imaginem
1870 4673 1924 4720 et
1966 4663 2115 4720 simi-

535 4763 822 4821 litudinem
861 4759 959 4816 Dei
1006 4759 1182 4816 factus
1235 4766 1316 4813 est
1343 4759 1516 4830 (Gen.
1553 4775 1592 4822 1,
1623 4757 1740 4827 27),
1787 4772 1886 4810 nec
1931 4763 2114 4809 tamen

535 4853 679 4908 Deus
705 4857 820 4906 est:
855 4864 955 4904 nec
983 4848 1131 4920 quod
1160 4849 1306 4903 Deus
1345 4855 1444 4914 est,
1493 4846 1659 4901 homo
1687 4845 1959 4900 exstitisse
1989 4858 2117 4898 cre-

535 4939 745 4996 dendus
772 4946 871 4994 est.
902 4938 982 4992 Ita
1029 4945 1082 4994 et
1135 4936 1340 4992 Filium
1389 4935 1486 4991 Dei
1532 4935 1767 4990 similem
1807 4933 2021 4998 volunt,
2054 4937 2116 4984 ut

534 5044 661 5084 eum
707 5027 928 5082 aliunde
979 5027 1238 5095 similem,
1283 5042 1391 5082 non
1435 5025 1502 5080 de
1545 5026 1659 5096 ipsa
1693 5040 1802 5078 una
1843 5030 2028 5076 sancta
2063 5026 2115 5074 et

535 5115 690 5172 beata
746 5116 923 5171 Patris
979 5116 1284 5172 substantia
1337 5117 1544 5173 dicant.
1580 5115 1685 5181 Qui
1741 5114 1787 5169 si
1839 5113 1903 5168 de
1942 5109 2116 5167 Patris

535 5211 840 5271 substantia
885 5228 995 5266 non
1059 5221 1156 5280 est,
1198 5206 1249 5275 ἑξ
1291 5212 1381 5266 οὐκ
1417 5207 1569 5265 ὄντων
1617 5220 1715 5278 est,
1769 5210 1824 5265 id
1882 5218 1980 5275 est,
2047 5224 2115 5263 ex

607 5319 689 5389 (2)
721 5318 858 5372 Tell.
889 5317 1009 5373 cod.
1046 5324 1101 5372 et
1129 5318 1372 5386 Amerb.,
1415 5335 1530 5388 qum
1567 5336 1689 5372 vera
1733 5316 1879 5389 ratio
1917 5315 2112 5370 existit.

608 5387 689 5459 (3)
726 5389 996 5456 Vigiliana
1027 5389 1398 5459 edit.,Spiritu
1423 5387 1603 5444 sancto
1635 5387 1898 5442 inundati.

609 5458 689 5532 (ᾇ)
743 5461 989 5532 Elogium
1038 5456 1330 5532 aliquando
1388 5460 1530 5516 idem
1587 5459 1878 5530 signiﬁcat,
1919 5472 1981 5512 ac
2007 5456 2113 5511 for-

535 5529 686 5584 mula
715 5530 958 5586 (raedam
982 5529 1472 5586 condemnationiz.

611 5600 804 5668 (5)1ta
852 5601 982 5655 edit.
1034 5602 1191 5657 llom.
1223 5610 1275 5657 et
1323 5601 1604 5666 Chiﬁlet.;
1655 5607 1764 5654 vet.
1822 5606 2000 5654 autem
2050 5613 2115 5653 ac

538 5683 692 5735 mss.,
724 5670 970 5726 vocabulo
1001 5671 1221 5728 similem
1243 5672 1434 5744 gestari
1460 5687 1553 5726 suo
1576 5675 1880 5742 posuerunt.

2219 1895 2399 1966 (Joan.
2443 1912 2560 1963 xvr,
2595 1896 2708 1967 15).
2742 1920 2762 1944 ιι

2286 1996 2362 2050 De
2388 1993 2492 2050 hoc
2521 2003 2574 2050 et
2603 1995 2971 2066 Evangelista:
3002 2018 3021 2041 ι
3049 1995 3110 2050 In
3136 1993 3430 2066 principio,
3463 1993 3665 2066 inquit,
3683 2001 3810 2052 erat

2217 2083 2483 2152 Verbum,
2530 2093 2584 2140 et
2618 2084 2858 2141 Verbum
2887 2093 3001 2140 erat
3029 2083 3172 2155 apud
3201 2085 3395 2151 Deum,
3425 2090 3480 2139 et
3507 2085 3651 2140 Deus
3683 2091 3809 2139 erat

2218 2171 2488 2228 Verbum.
2535 2174 2732 2242 omnia
2761 2191 2856 2246 per
2896 2173 3070 2246 ipsum
3107 2175 3249 2230 facta
3276 2180 3422 2239 sunt,
3453 2181 3510 2227 et
3535 2173 3652 2228 sine
3679 2171 3807 2244 ipso

2219 2259 2422 2314 factum
2487 2269 2567 2316 est
2625 2261 2766 2316 nihil
2817 2263 2995 2332 (Joan.
3029 2280 3068 2329 1,
3109 2263 3157 2329 1,
3202 2261 3281 2332 3).
3313 2285 3331 2308 ι
3373 2260 3544 2331 Igitur
3565 2261 3712 2334 quod
3744 2260 3806 2316 in

2219 2348 2490 2419 principio
2540 2358 2673 2418 erat,
2725 2367 2936 2422 semper
2981 2350 3148 2405 fuisse
3185 2349 3515 2406 credendum
3557 2357 3656 2404 est:
3703 2348 3807 2404 sed

2220 2451 2321 2490 nec
2373 2437 2595 2494 aliunde
2646 2456 2781 2506 esse,
2809 2455 2971 2511 quam
3002 2455 3071 2494 ex
3101 2455 3163 2492 eo
3191 2438 3286 2509 qui
3332 2437 3658 2508 principium
3686 2452 3808 2491 non

2220 2524 2405 2594 habet,
2438 2527 2494 2582 id
2513 2535 2614 2595 est,
2646 2529 2712 2584 de
2741 2529 2902 2585 corde
2926 2528 3134 2593 Patris;
3169 2527 3297 2598 quia
3344 2552 3362 2574 -
3399 2526 3686 2592 eructavit,
3718 2525 3811 2580 in-

2221 2615 2360 2684 quit,
2392 2632 2484 2670 cor
2535 2633 2717 2672 meum
2768 2617 3007 2674 Verbum
3034 2617 3239 2672 bonum
3272 2617 3444 2686 (Psal.
3471 2631 3621 2681 xuv,
3652 2614 3738 2684 2).
3776 2637 3798 2663 ι

2219 2701 2340 2756 Non
2368 2702 2514 2758 enim
2543 2705 2724 2761 dixit:
2757 2707 2818 2761 In
2845 2705 3118 2778 principio
3147 2705 3350 2760 factum
3389 2713 3470 2761 est
3506 2703 3754 2760 Verbum
3790 2719 3808 2770 ;

2223 2791 2315 2846 sed
2365 2815 2383 2838 α
2414 2792 2472 2848 in
2522 2794 2816 2866 principio,
2863 2795 3066 2868 inquit,
3113 2793 3565 2865 erat}Verbum.»
3605 2791 3815 2858 Quod-

2223 2895 2438 2951 cunque
2485 2882 2820 2954 principium
2869 2883 3037 2940 Verbi
3080 2882 3349 2956 assignare
3379 2880 3638 2946 volueris,
3671 2895 3812 2950 prai-

2216 2966 2525 3037 judicatum
2582 2969 2830 3040 habebis,
2891 2970 3022 3044 quia
3083 2995 3102 3018 ε
3149 2970 3208 3026 in
3268 2968 3560 3042 principio,
3600 2965 3812 3038 inquit.

2223 3063 2354 3110 erat.
2392 3080 2410 3102 ι

2302 3145 2446 3202 349
2474 3147 2594 3202 Non
2625 3145 2771 3218 quod
2801 3144 2910 3200 duo
2936 3143 3210 3215 principia
3235 3158 3304 3198 ex
3331 3158 3515 3197 rerum
3555 3140 3813 3198 diversi-

2225 3246 2336 3294 tate
2384 3239 2651 3302 dicamus,
2697 3234 2791 3290 sed
2845 3233 2974 3306 quia
3003 3233 3191 3288 Sermo
3218 3232 3391 3288 Filius
3423 3247 3639 3302 semper
3682 3248 3812 3287 cum

2222 3324 2380 3381 Patre
2421 3331 2522 3393 est,
2565 3329 2618 3378 et
2653 3322 2719 3378 de
2765 3321 2923 3377 Patre
2970 3329 3129 3377 natus
3153 3329 3253 3376 est.
3279 3321 3360 3375 Ac
3385 3320 3619 3390 proinde
3649 3319 3816 3391 cujus

2224 3413 2377 3486 origo
2425 3411 2760 3484 principium
2790 3427 2902 3466 non
2939 3408 3126 3477 habet,
3157 3410 3523 3479 sempiternus
3551 3424 3679 3463 cum
3713 3409 3813 3464 Pa-

2224 3511 2306 3559 tre
2354 3501 2657 3558 credendus
2705 3507 2822 3568 est;
2871 3498 3000 3572 quia
3046 3513 3146 3554 nec
3173 3498 3331 3554 Pater
3359 3504 3534 3569 potest
3561 3512 3814 3568 unquam

2225 3593 2346 3648 sine
2377 3591 2518 3647 Filio
2548 3589 2847 3657 nominari,
2891 3605 2993 3644 nec
3023 3588 3199 3644 Filius
3230 3588 3348 3643 sine
3392 3588 3549 3643 Patre
3579 3586 3768 3643 vocari
3795 3604 3810 3643 :

2223 3697 2285 3740 ac
2324 3697 2418 3752 per
2449 3679 2554 3735 hoc
2583 3695 2796 3750 semper
2832 3677 3027 3746 Filius,
3059 3677 3188 3749 quia
3227 3691 3437 3748 semper
3465 3676 3642 3731 Pater.

2307 3791 2326 3817 ι
2358 3770 2429 3825 Et
2459 3771 2622 3837 Deus,
2651 3767 2852 3839 inquit,
2886 3773 3000 3822 erat
3029 3764 3318 3822 Verbum»
3351 3763 3510 3833 Quod
3538 3765 3684 3819 Deus
3703 3769 3812 3831 est,

2222 3876 2434 3932 semper
2465 3867 2585 3925 est;
2646 3873 2716 3912 ne
2757 3857 2804 3912 si
2840 3871 3050 3927 semper
3091 3871 3202 3910 non
3248 3854 3434 3922 fuerit,
3470 3869 3632 3908 verus
3661 3853 3814 3907 Deus

2223 3965 2338 4004 esse
2385 3964 2494 4003 non
2539 3945 2733 4020 possit,
2785 3943 2951 4001 sicuti
2995 3952 3049 4000 et
3073 3943 3130 3999 in
3160 3943 3376 4016 Saphiaa
3403 3941 3646 4007 nomine,
3678 3939 3814 4012 quia

2225 4037 2527 4095 secundum
2585 4034 2910 4107 Apostolum
2971 4032 3088 4104 ipse
3153 4038 3234 4087 est
3304 4029 3582 4102 Sapientia
3629 4029 3813 4086 Patris

2228 4127 2287 4197 (I
2317 4126 2442 4182 Cor.
2474 4143 2513 4192 1,
2537 4123 2653 4195 24).
2700 4148 2718 4170 ε
2745 4123 2881 4194 Ego,
2923 4120 3125 4192 inquit,
3163 4135 3233 4174 ex
3257 4134 3349 4174 ore
3377 4118 3644 4173 Altissimi
3666 4133 3812 4188 pro-

2226 4213 2346 4270 divi
2378 4213 2576 4285 (Eccli.
2608 4228 2770 4280 xxrv,
2810 4211 2891 4281 5).
2923 4234 2942 4259 ι
2982 4210 3104 4266 Νοιι
3148 4223 3274 4280 ergo
3302 4205 3524 4262 aliunde
3549 4222 3710 4278 quam
3741 4204 3812 4261 de

2226 4304 2401 4370 Patre,
2457 4300 2585 4373 quia
2627 4313 2839 4370 semper
2884 4313 3010 4354 cum
3039 4296 3217 4352 Patre.
3251 4294 3321 4350 Et
3352 4293 3473 4350 ideo
3531 4291 3812 4364 Sapientia

2224 4391 2322 4446 Dei
2368 4389 2688 4461 appellatur,
2733 4393 2795 4441 ut
2837 4399 3115 4457 nunquam
3158 4383 3316 4438 Pater
3363 4381 3480 4438 sine
3504 4380 3806 4452 Sapientia,

2225 4480 2328 4536 hoc
2380 4488 2462 4535 est
2516 4479 2632 4534 sine
2680 4477 2824 4534 Filio
2869 4492 2990 4543 suo,
3040 4473 3210 4529 fuisse
3255 4471 3526 4528 credatur.
3569 4469 3695 4525 Haec
3727 4478 3810 4527 est

2225 4570 2320 4626 illa
2335 4570 2611 4642 Sapientia
2653 4566 2968 4634 ineﬁ‘abilis,
2991 4581 3108 4636 quae
3124 4561 3344 4617 initium
3365 4560 3446 4631 (7)
3471 4558 3686 4615 viarum
3706 4556 3808 4613 Dei

2225 4658 2365 4730 apud
2405 4659 2749 4713 Salomonem
2782 4656 2868 4710 vel
2889 4653 3131 4720 condita,
3164 4652 3248 4707 vel
3282 4650 3482 4722 genita,
3511 4648 3598 4704 vel
3627 4653 3811 4704 creata

2224 4747 2550 4805 describitur
2583 4747 2767 4815 (Prov.
2793 4759 2915 4810 vm,
2947 4741 3040 4811 22)
3063 4758 3078 4807 ;
3103 4755 3264 4812 quam
3295 4746 3475 4794 tamen
3513 4735 3593 4793 sic
3618 4734 3809 4793 condi-

2226 4845 2336 4892 tam
2368 4835 2525 4904 dicit,
2556 4841 2618 4890 ut
2648 4847 2860 4904 semper
2889 4846 3006 4886 eam
3036 4845 3161 4886 cum
3192 4829 3304 4884 Deo
3336 4826 3503 4882 fuisse
3533 4823 3805 4881 ostendat.

2224 4923 2381 4990 Quod
2437 4923 2583 4980 enim
2634 4919 2857 4976 initium
2901 4919 3014 4974 Deo
3059 4915 3238 4983 dabis,
3279 4922 3342 4970 ut
3379 4913 3603 4969 initium
3630 4910 3808 4984 possis

2183 5023 2188 5026 '
2225 5011 2514 5083 Sapientiae
2569 5006 2742 5081 ipsius
2788 5005 3108 5076 consignare
3134 5003 3162 5059 ?
3200 5003 3323 5060 Non
3369 5002 3515 5057 enim
3547 5001 3622 5056 ita
3659 5001 3809 5057 Deus

2225 5098 2554 5170 Sapientiam
2587 5111 2738 5151 suam
2770 5093 3040 5159 condidit,
3074 5089 3532 5164 quasialiquando
3549 5088 3666 5143 sine
3697 5087 3808 5142 Sa-

2224 5184 2621 5259 pientiafuerit:
2653 5182 2747 5238 sed
2767 5199 2888 5239 cum
2909 5181 3129 5236 initium
3151 5179 3363 5233 viarum
3391 5193 3610 5234 suarum
3634 5173 3804 5244 dicat,

2297 5295 2372 5362 (6)
2416 5294 2546 5348 Laet.
2595 5289 2743 5358 cod.,
2779 5289 3032 5344 vocabula
3059 5288 3218 5341 unius
3246 5285 3454 5341 deitatis
3483 5284 3803 5353 majestate":

2223 5369 2557 5418 monstraret.

2296 5440 2312 5500 (
2323 5438 2376 5505 7)
2417 5436 2543 5505 Mss.
2577 5431 2712 5505 Tell.
2758 5437 2812 5505 et
2856 5429 2998 5505 Lmt._
3023 5443 3235 5505 necnon
3265 5434 3374 5482 vet.
3407 5435 3460 5481 et
3475 5427 3651 5505 _edit_.,
3687 5441 3808 5505 qua;

2222 5498 2406 5570 initio;
2433 5512 2486 5558 et
2515 5503 2680 5572 intra,
2709 5501 2798 5558 sed
2824 5517 2940 5556 cum
2977 5499 3166 5564 initio;
3200 5500 3358 5554 ltom.
3391 5507 3444 5553 et
3475 5498 3672 5570 Vigil.,
3715 5499 3808 5556 sed

2220 5611 2334 5650 cum
2365 5591 2592 5649 initium.

3762 5767 3789 5786 λ
