3972 6360
119 366 254 424 585

1306 364 1402 421 DE
1439 364 1604 420 FIDE
1641 362 1922 422 CONTRA
1959 364 2286 422 ARIANOS.

3341 369 3449 430 886

119 495 377 552 initium
432 501 616 550 motus
671 493 852 566 operis
901 492 1135 566 alicujus
1191 492 1450 560 ostendit,
1508 499 1571 547 ut
1631 491 1740 548 hoc
1767 491 1819 550 A
1916 490 2030 546 Aut
2066 491 2112 548 si
2161 491 2284 548 ideo
2331 492 2731 550 nominandum
2775 509 2889 553 non
2935 504 3038 564 est,
3069 495 3200 569 quia
3240 511 3345 556 nec
3370 496 3450 554 ita

119 584 376 642 initium
406 583 604 642 habeat
631 583 910 656 Sapientia
935 583 1034 640 Dei
1065 581 1211 655 quod
1257 582 1325 639 de
1371 584 1484 639 Deo
1511 599 1740 655 proces-

120 675 205 730 sit
279 674 351 730 ad
406 673 640 730 creanda
694 672 898 739 omnia,
950 680 1059 728 tam
1118 672 1360 729 coelestia
1414 689 1577 745 quam
1634 679 1737 728 ter-

120 763 364 832 restria,
425 779 535 818 non
591 779 702 835 quo
756 761 980 835 coeperit
1037 778 1152 819 esse
1205 761 1264 817 in
1320 763 1451 818 Deo.
1543 761 1738 820 Creata

121 864 217 912 est
249 872 385 927 ergo
415 853 715 926 Sapientia,
766 853 878 910 imo
909 855 1109 926 genita,
1160 870 1271 909 non
1300 852 1406 909 sibi
1437 870 1555 927 quae
1585 871 1739 910 sem-

122 962 235 1018 per
272 952 412 1011 erat,
465 942 559 998 sed
601 941 689 998 his
739 959 860 1015 quae
915 941 981 997 ab
1028 958 1090 997 ea
1133 940 1253 996 ﬁeri
1299 941 1618 1014 oportebat;
1676 951 1738 998 ut

124 1035 273 1106 quia
306 1041 510 1106 quanta
556 1040 608 1087 et
651 1031 829 1104 qualis
882 1038 1021 1086 esset
1063 1030 1190 1087 sciri
1237 1047 1347 1087 non
1391 1039 1620 1102 poterat,
1670 1030 1737 1086 de

124 1123 345 1179 effectu
395 1137 622 1193 operum
677 1136 901 1176 suorum
958 1119 1134 1175 virtus
1185 1120 1301 1192 ejus
1370 1127 1424 1175 et
1494 1119 1738 1190 potentia

127 1218 503 1269 nosceretur:
567 1217 628 1266 ut
657 1207 805 1283 quod
851 1208 919 1265 de
955 1208 1196 1265 conditis
1239 1209 1576 1266 aestimamus
1627 1208 1732 1282 (8),

123 1309 276 1358 tunc
310 1299 481 1372 magis
511 1299 850 1369 timeremus,
881 1315 1006 1356 cum
1041 1299 1181 1354 facta
1211 1298 1497 1355 miramur.

209 1390 490 1448 Ceterum
537 1389 584 1446 si
613 1399 674 1447 tu
703 1389 780 1446 ita
827 1396 1062 1446 creatam
1093 1387 1428 1460 Sapientiam
1457 1387 1629 1454 dicas,
1675 1392 1738 1442 ut

127 1480 354 1537 Filium
386 1479 485 1537 Dei
521 1487 825 1537 creaturam
859 1478 1154 1550 intelligas,
1184 1477 1426 1534 occurrit
1445 1476 1548 1534 tibi
1577 1479 1737 1549 Apo-

131 1573 345 1638 stolus,
401 1569 776 1628 condemnans
837 1585 928 1626 eos
982 1568 1080 1640 qui
1141 1576 1444 1624 creaturam
1523 1567 1734 1634 colunt,

129 1660 336 1717 dicens
362 1679 374 1717 :
423 1686 441 1710 ι
476 1660 703 1732 Propter
734 1658 880 1732 quod
906 1657 1134 1715 tradidit
1163 1657 1292 1713 illos
1316 1658 1461 1714 Deus
1498 1655 1557 1711 in
1584 1654 1738 1711 desi-

127 1749 368 1807 derium
398 1748 583 1807 cordis
612 1765 801 1805 eorum
828 1748 885 1803 in
907 1745 1349 1803 immunditiam:
1383 1753 1444 1802 ut
1457 1754 1737 1802 contume-

1848 578 2221 636 credendum:
2273 580 2519 638 obtinuit
2563 582 2784 638 Arianae
2831 583 2970 641 labis
3017 584 3282 652 assertio,
3325 602 3447 659 qua

1848 669 1970 725 ideo
1999 670 2215 726 Patrem
2245 677 2299 726 et
2330 670 2535 727 Filium
2568 671 2734 728 unius
2776 671 3096 729 substantias
3134 673 3446 746 denegavit,

1847 759 1976 832 quia
2017 759 2223 816 Filium
2274 761 2372 816 Dei
2405 761 2569 818 modo
2615 778 2684 818 ex
2714 761 2912 830 nihilo,
2963 761 3234 819 modoex
3266 763 3444 832 Patre,

1847 848 1940 904 sed
1977 847 2045 903 ab
2086 848 2195 904 alia
2235 849 2560 919 substantia,
2594 850 2816 924 quando
2863 849 3043 907 voluit
3072 857 3127 907 et
3173 852 3448 923 quomodo

1846 936 2044 1004 voluit,
2094 946 2148 994 et
2190 937 2334 994 unde
2372 938 2552 994 voluit
2597 939 2805 995 factum
2855 938 3108 1008 inducit;
3148 939 3449 998 dummodo

1845 1022 2069 1080 aliunde
2101 1041 2248 1093 eum,
2272 1035 2326 1082 et
2354 1043 2465 1082 non
2494 1027 2562 1083 de
2597 1044 2660 1084 eo
2677 1027 2822 1101 quod
2849 1029 3011 1085 Pater
3041 1035 3143 1098 est,
3172 1028 3449 1087 exstitisse

1844 1113 2139 1186 conﬁngat.
2187 1115 2360 1182 Quem
2406 1117 2507 1173 etsi
2559 1125 2748 1173 natum
2795 1117 2956 1185 dicit,
3009 1118 3102 1176 sed
3148 1118 3256 1176 hoc
3297 1119 3447 1178 dicto

1844 1209 2024 1272 tenus,
2076 1209 2221 1267 350
2266 1205 2396 1278 quia
2434 1223 2653 1264 rursum
2694 1223 2856 1264 omne
2902 1209 3050 1281 quod
3096 1217 3288 1268 natum
3343 1217 3446 1280 est,

1844 1300 2049 1360 factum
2071 1304 2350 1378 intelligit,
2383 1322 2448 1363 eo
2477 1305 2624 1380 quod
2652 1315 2705 1364 et
2733 1323 2834 1364 nos
2865 1323 2896 1366 a
2925 1307 3038 1364 Deo
3065 1305 3236 1380 geniti
3264 1309 3448 1382 appel-

1844 1391 2041 1461 lemur,
2079 1410 2216 1467 quos
2244 1402 2459 1451 constat
2487 1411 2602 1452 esse
2633 1395 2929 1456 facturam.

1917 1481 2019 1539 Vel
2043 1483 2090 1538 si
2127 1484 2367 1541 Arianus
2396 1501 2509 1541 non
2555 1502 2631 1555 es,
2662 1494 2716 1542 et
2750 1502 2942 1547 verum
2985 1485 3190 1544 Filium
3221 1485 3288 1544 de
3315 1503 3448 1546 vero

1844 1568 2003 1625 Patre
2024 1578 2216 1629 natum
2236 1589 2348 1629 non
2381 1573 2589 1632 factum
2616 1575 2887 1648 agnoscis,
2909 1590 3010 1633 cur
3028 1590 3138 1632 non
3164 1590 3292 1632 eum
3319 1591 3445 1633 cum

1844 1657 2002 1716 Patre
2064 1676 2232 1719 unam
2289 1662 2653 1720 substantiam
2702 1663 2842 1722 dicis
2873 1661 2902 1721 ?
2959 1664 3184 1721 Frustra
3234 1665 3398 1723 times
3428 1708 3445 1736 ,

1845 1745 2035 1819 homo,
2076 1749 2324 1823 proﬁteri
2368 1751 2515 1826 quod
2556 1750 2767 1812 credis:
2823 1759 2877 1810 et
2912 1751 3117 1810 frustra
3162 1752 3363 1824 credis,
3399 1755 3447 1810 si

131 1843 233 1899 liis
266 1839 512 1898 afﬁciant
558 1854 788 1911 corpora
819 1853 915 1893 sua
945 1837 1002 1892 in
1032 1835 1381 1908 semetipsis;
1438 1835 1533 1910 qui
1572 1851 1734 1892 com-
1761 1854 1809 1918 Β
1846 1837 1924 1894 ita
1960 1854 2072 1894 non
2120 1839 2328 1910 credis,
2377 1849 2432 1898 et
2471 1842 2692 1899 merito-
2709 1841 3001 1902 haereticus
3039 1842 3335 1900 denotaris.
3376 1844 3450 1900 Et

127 1938 501 1988 mutaverunt
535 1927 820 1984 veritatem
857 1925 956 1982 Dei
987 1926 1043 1981 in
1075 1925 1442 1995 mendacium,
1476 1932 1530 1982 et
1554 1928 1735 1984 colue-

126 2029 276 2077 runt
319 2029 373 2077 et
407 2017 721 2076 servierunt
749 2024 1011 2074 creatura
1038 2017 1221 2088 potius
1267 2032 1429 2088 quam
1471 2014 1737 2087 Creatori,

130 2113 236 2186 qui
267 2123 349 2170 est
382 2109 706 2168 benedictus
734 2111 880 2166 Deus
909 2109 968 2166 in
996 2109 1196 2165 saecula
1246 2109 1420 2180 (Rom.
1457 2126 1498 2176 ι,
1535 2108 1674 2179 24).
1708 2133 1726 2157 ›

212 2202 346 2258 Haec
373 2209 472 2269 est,
504 2201 748 2273 inquam,
796 2199 894 2254 illa
949 2198 1227 2270 Sapientia
1258 2197 1379 2266 Dei,
1413 2214 1532 2270 quae
1561 2197 1735 2254 dicit:

149 2295 296 2367 «Ego
308 2310 377 2349 ex
400 2307 492 2348 ore
512 2291 785 2348 Altissimi
808 2288 1501 2362 prodivi(Eccli.xxIv,5),-
1517 2287 1738 2344 univer-

133 2385 325 2442 sitatis
371 2382 654 2441 conditrix
711 2390 764 2438 et
817 2380 1086 2448 effectrix,
1137 2377 1194 2434 id
1254 2387 1337 2435 est
1391 2380 1568 2435 Filius
1614 2379 1735 2448 Dei,

133 2491 238 2546 per
271 2490 433 2546 quem
465 2471 669 2540 omnia,
720 2480 773 2528 et
817 2471 875 2526 in
907 2488 1014 2544 quo
1045 2468 1252 2537 omnia,
1284 2469 1434 2540 quia,
1489 2479 1551 2526 ut
1580 2472 1740 2542 Apo-

134 2563 321 2620 stolus
349 2562 514 2619 dixit.
581 2587 599 2610 ι
629 2562 691 2618 In
723 2560 841 2634 ipso
871 2560 1177 2618 constituta
1220 2566 1350 2615 sunt
1377 2559 1634 2615 universa
1680 2557 1737 2614 in

141 2656 302 2713 caelis
327 2663 380 2712 et
410 2653 467 2709 in
493 2662 660 2719 terra,
681 2652 927 2708 visibilia
949 2659 1002 2708 et
1024 2650 1348 2718 invisibilia,
1373 2651 1488 2707 sive
1505 2650 1736 2721 Throni,

141 2747 268 2803 sive
297 2743 734 2811 Dominationes,
764 2741 881 2798 sive
912 2741 1178 2810 Virtutes,
1226 2741 1342 2796 sive
1371 2739 1736 2811 Principatus,

142 2835 266 2892 sive
297 2834 598 2890 Potestates
624 2849 635 2887 :
670 2830 857 2886 omnia
885 2847 981 2902 per
1010 2829 1190 2902 ipsum
1221 2837 1273 2884 et
1295 2829 1352 2884 in
1376 2827 1493 2901 ipso
1519 2829 1742 2886 condita

144 2932 301 2992 sunt,
337 2931 391 2979 et
423 2924 536 2995 ipse
565 2928 646 2978 est
675 2928 800 2978 ante
830 2919 1036 2988 omnia,
1082 2926 1136 2974 et
1170 2918 1357 2974 omnia
1387 2919 1443 2973 in
1471 2919 1588 2991 ipso
1615 2935 1740 2975 con-

145 3022 297 3070 stant
329 3013 560 3083 (Coloss.
588 3027 629 3076 ι,
663 3010 748 3076 16,
785 3009 898 3081 17).
923 3033 940 3054 ι
978 3008 1120 3063 Hinc
1149 3014 1203 3063 et
1229 3008 1486 3064 Salomon
1516 3025 1527 3062 :
1562 3032 1580 3055 ε
1603 3008 1740 3066 Cum

145 3103 244 3172 sit,
281 3103 482 3177 inquit,
515 3116 647 3168 una,
680 3097 866 3155 omnia
895 3104 1072 3169 potest
1096 3115 1110 3165 ;
1134 3106 1188 3153 et
1218 3113 1543 3169 permanens
1574 3097 1630 3152 in
1663 3114 1740 3167 se,

1849 1943 2160 2002 quanquam
2222 1930 2605 1988 immutaveris
2649 1930 2860 1992 dictum
2912 1932 2993 2004 (9)
3024 1974 3042 2002 ,
3089 1947 3197 2006 quo
3236 1934 3449 2006 putaris

1847 2016 2196 2088 prohibuisse
2240 2018 2339 2074 Dei
2382 2019 2586 2076 Filium
2647 2019 2957 2092 nuncupari
3002 2020 3306 2089 facturam;
3353 2020 3448 2078 sed

1847 2121 1973 2160 cum
2005 2105 2319 2177 subjungit:
2359 2106 2533 2164 Sicuti
2563 2107 2771 2181 aliquid
2802 2108 3022 2175 horum,
3057 2109 3205 2182 quod
3242 2108 3447 2165 factum

1849 2201 1951 2260 est,
1999 2209 2067 2249 ex
2116 2204 2304 2266 aperto
2349 2197 2595 2253 ostendis
2628 2213 2738 2252 non
2770 2198 2840 2254 ob
2888 2197 2995 2258 hoc
3024 2198 3288 2254 facturam
3337 2198 3448 2256 dici

1849 2283 2090 2339 noluisse
2134 2285 2153 2355 (
2163 2285 2273 2356 10),
2307 2286 2461 2358 quasi
2491 2303 2604 2342 non
2642 2287 2835 2344 debeat
2865 2289 3040 2346 factus
3067 2287 3324 2361 intelligi,
3354 2288 3450 2345 sed

1847 2388 1959 2426 non
2009 2372 2086 2428 ita
2140 2373 2345 2429 factum
2404 2375 2510 2443 vis,
2563 2377 2707 2433 sicut
2761 2377 2973 2450 aliquid
3032 2376 3253 2447 horum,
3303 2377 3450 2450 quod

1847 2460 2052 2516 factum
2100 2471 2202 2531 est,
2257 2463 2352 2520 sed
2401 2472 2584 2520 tamen
2634 2465 2861 2522 factum.
2895 2466 3074 2523 Aliter
3115 2467 3263 2522 enim
3310 2465 3451 2522 dicis

1849 2550 2054 2606 factum
2087 2594 2102 2620 ,
2157 2560 2345 2624 utpote
2389 2554 2682 2626 perfectam
2732 2563 3035 2610 creaturam
3069 2597 3084 2623 ,
3133 2571 3228 2626 per
3286 2570 3448 2627 quem

1849 2637 1992 2694 facta
2017 2648 2145 2695 sunt
2175 2640 2362 2696 omnia
2387 2659 2398 2696 :
2438 2641 2739 2698 dummodo
2767 2651 2820 2698 et
2846 2642 3026 2716 ipsum
3056 2642 3262 2699 factum
3288 2643 3448 2699 intel-

1849 2726 2005 2797 ligas,
2039 2728 2167 2783 licet
2186 2745 2296 2784 non
2322 2729 2399 2785 ita
2435 2737 2497 2785 ut
2523 2737 2736 2786 caetera.

1921 2815 2027 2872 Sed
2056 2827 2118 2873 ut
2145 2817 2213 2874 ad
2244 2817 2301 2875 id
2323 2828 2586 2890 revertar,
2617 2819 2764 2893 quod
2795 2819 2934 2877 dicis
2966 2819 3022 2876 in
3050 2820 3350 2894 Scripturis
3365 2819 3446 2880 di-

1852 2909 1998 2965 vinis
2038 2917 2328 2991 ὁμοούσιον,
2363 2911 2420 2968 id
2451 2920 2551 2982 est,
2570 2913 2736 2970 unius
2761 2912 3082 2970 substantia:
3113 2914 3443 2971 vocabulum

1851 3027 1961 3066 non
1985 3011 2245 3081 inveniri,
2278 3013 2420 3087 ﬁnge
2448 3014 2553 3072 hoc
2582 3015 2804 3072 interim
2837 3017 2916 3072 sic
2937 3016 3028 3085 sit,
3057 3031 3120 3071 eo
3152 3015 3299 3088 quod
3325 3014 3445 3072 ubi-

1851 3118 2066 3175 cunque
2113 3103 2420 3161 substantia
2454 3106 2674 3178 legitur,
2712 3123 2796 3162 res
2828 3106 2924 3162 Dei
2959 3123 3070 3162 non
3101 3108 3247 3163 Deus
3287 3105 3445 3164 acci-

146 3191 337 3248 omnia
368 3190 616 3256 innovat,
639 3196 693 3244 et
723 3203 815 3259 per
844 3186 1094 3242 nationes
1125 3185 1182 3240 in
1213 3186 1424 3242 animas
1452 3194 1666 3242 sanctas
1687 3201 1743 3242 se
1779 3216 1822 3276 ο
1853 3191 2037 3262 piatur
2068 3211 2082 3260 ;
2143 3209 2455 3267 quanquam
2518 3203 2569 3251 et
2625 3195 2776 3253 aliud
2828 3195 2975 3268 quod
3022 3196 3285 3268 scriptum
3331 3212 3445 3252 non

144 3279 409 3336 transfert
434 3279 692 3349 (Sap.vn,
716 3275 856 3346 27).»
894 3276 1050 3343 Quod
1072 3275 1404 3331 conﬁrmans
1425 3276 1739 3346 Apostolus,

148 3369 230 3426 ait
261 3367 318 3423 in
350 3367 610 3424 interiore
637 3365 864 3421 homine
907 3364 1153 3420 habitare
1189 3365 1470 3422 Christum
1522 3367 1740 3436 (Ephes.

152 3474 236 3526 III,
274 3457 361 3523 16,
396 3457 526 3528 17);
579 3463 640 3511 ut
670 3471 765 3528 per
792 3470 953 3527 quem
1005 3470 1037 3508 a
1070 3453 1345 3524 principio
1374 3454 1561 3508 omnia
1601 3454 1745 3510 facta

149 3553 301 3615 sunt,
334 3561 431 3618 per
461 3545 640 3618 ipsum
671 3553 725 3600 et
754 3542 812 3598 in
843 3542 952 3597 fine
980 3538 1180 3598 cuncta
1208 3543 1510 3598 salventur.

227 3640 454 3699 CAPUT
494 3641 588 3696 ΙΙΙ.
624 3668 690 3680 -
717 3637 821 3694 Sed
851 3636 990 3692 dicis
1022 3635 1182 3707 mihi,
1215 3644 1506 3717 δμοοὺσιον,
1544 3636 1601 3693 id
1637 3644 1739 3706 est,

151 3737 318 3797 unius
346 3735 666 3793 substantiae
696 3751 897 3791 nomen
927 3734 997 3791 ob
1026 3734 1132 3790 hoc
1161 3734 1346 3806 potius
1377 3749 1540 3807 quam
1570 3731 1743 3793 Crea-

158 3836 331 3884 torem
360 3825 608 3894 adorant,
659 3834 941 3881 servantes
971 3823 1165 3882 eadem
1195 3825 1386 3897 utique
1418 3839 1537 3896 quae
1581 3824 1744 3895 Apo-

153 3915 327 3972 stolus
357 3913 539 3970 dixit:
609 3937 628 3961 σ
674 3915 744 3970 Ut
775 3914 832 3969 in
863 3913 1087 3969 nomine
1116 3912 1246 3969 Jesu
1271 3927 1462 3968 omnes
1492 3911 1742 3984 genuﬂe-

156 4011 324 4073 ctant,
380 4002 710 4071 caelestium,
757 4001 1122 4072 terrestrium,
1183 4011 1238 4058 et
1263 4001 1630 4066 infernorum,
1688 4007 1742 4056 et

155 4094 332 4152 omnis
353 4093 540 4166 lingua
562 4091 1372 4163 confiteatur(Philipp.n,lO).»
1407 4091 1478 4146 Et
1494 4091 1736 4162 Moyses:

172 4209 190 4233 ε
211 4183 473 4252 Adorent,
495 4181 827 4256 inquit,eum
851 4197 1042 4237 omnes
1060 4181 1240 4253 angeli
1262 4181 1738 4253 Dei(Deut.xxxn,

157 4273 249 4346 43)
263 4296 298 4329 ,ι
323 4272 394 4327 Et
412 4270 589 4326 David
613 4288 626 4325 :
662 4295 679 4317 -
700 4270 904 4326 Omnes
923 4287 1074 4342 reges
1090 4269 1396 4352 adorabunt
1415 4287 1540 4326 eum
1563 4270 1741 4342 (Psal.

158 4377 308 4428 LXXI,
334 4357 470 4429 11).»
487 4357 646 4426 Quod
665 4358 887 4432 quidem
910 4359 966 4414 in
987 4359 1289 4431 Scripturis
1310 4376 1421 4416 non
1441 4360 1741 4429 diceretur,

159 4451 252 4510 sed
279 4449 405 4524 quia
434 4449 549 4522 ipse
577 4453 660 4504 est
683 4447 872 4504 Sermo
900 4447 1074 4503 Filius
1103 4447 1352 4504 omnium
1384 4449 1593 4522 opifex.

1853 3288 1952 3347 est,
1987 3281 2191 3352 pariter
2214 3283 2540 3354 proﬁtearis,
2565 3284 2620 3340 id
2650 3292 2750 3352 est,
2784 3286 2956 3340 Deum
2983 3301 3052 3339 ex
3081 3286 3212 3352 Deo,
3255 3284 3444 3341 lumen

1852 3384 1922 3423 ex
1960 3369 2170 3426 lumine
2196 3388 2208 3426 :
2242 3371 2376 3443 quid
2404 3372 2472 3428 ad
2502 3371 2619 3428 haec
2647 3372 2788 3428 dicis
2808 3373 2835 3428 τ
2872 3374 2984 3427 Aut
3016 3379 3194 3427 totum
3229 3388 3443 3427 mecum

1851 3465 1998 3525 tene,
2037 3466 2131 3514 aut
2176 3467 2353 3515 totum
2401 3461 2612 3516 omitte.
2647 3460 2703 3516 Si
2733 3459 2880 3515 enim
2929 3459 3096 3517 unius
3127 3459 3447 3516 substantias

1852 3547 2182 3602 vocabulum
2231 3547 2360 3604 inde
2402 3548 2562 3606 times
2607 3548 2808 3618 dicere,
2853 3548 2982 3622 quia
3020 3549 3285 3622 scriptum
3334 3565 3448 3622 non

1853 3647 1972 3708 est;
2027 3639 2222 3697 timere
2283 3640 2586 3698 identidem
2639 3641 2803 3703 debes
2849 3644 3026 3701 Deum
3081 3659 3151 3700 ex
3202 3645 3338 3713 Deo,
3395 3649 3450 3701 et

1854 3730 2040 3786 lumen
2070 3748 2140 3788 ex
2169 3732 2378 3790 lumine
2408 3733 2673 3807 proﬁteri.

1922 3820 2027 3877 Sed
2073 3838 2172 3896 ego
2219 3823 2390 3896 probo
2435 3826 2612 3881 Deum
2667 3822 2736 3881 de
2780 3823 2934 3893 Deo,
3003 3824 3190 3882 lumen
3238 3822 3306 3881 de
3352 3823 3452 3881 lu-

1852 3909 2024 3977 mine,
2037 3918 2092 3967 et
2119 3911 2287 3968 unius
2311 3912 2630 3971 substantia
2647 3912 2976 3972 vocabulum
2995 3913 3053 3969 in
3073 3913 3282 3969 divinis
3309 3912 3451 3971 Scri-

1851 4001 2028 4073 pturis
2059 4001 2178 4074 (11)
2210 4001 2505 4060 contineri.
2535 4003 2672 4062 Cum
2704 4003 2852 4060 enim
2875 4003 2990 4075 ipso
3013 4003 3112 4060 Dei
3133 4003 3328 4071 Filius,
3355 4018 3452 4078 qui

1849 4093 1996 4148 Deus
2038 4100 2138 4162 est,
2171 4092 2230 4149 in
2277 4094 2579 4165 Evangelio
2609 4109 2709 4153 suo
2746 4093 2928 4154 dicat:
2975 4115 2996 4143 ι
3025 4093 3142 4165 Ego
3187 4093 3255 4152 de
3292 4093 3453 4150 Patre

1851 4180 2002 4236 exivi
2035 4182 2216 4252 (Joan.
2239 4195 2358 4250 xn,
2390 4181 2483 4256 28)
2508 4200 2560 4250 ;i
2589 4183 2715 4255 jure
2743 4191 2798 4240 et
2825 4183 3023 4239 merito
3042 4184 3217 4240 Deum
3250 4181 3318 4238 de
3338 4184 3453 4240 Deo

1852 4267 2194 4340 proﬁtemur,
2236 4269 2368 4342 quia
2417 4269 2486 4326 de
2523 4271 2636 4326 Deo
2682 4271 2839 4328 Patre
2884 4270 3090 4329 Filium
3131 4269 3234 4330 Dei
3275 4273 3451 4328 Deum

1851 4373 2045 4418 verum
2076 4360 2144 4417 de
2190 4361 2304 4417 Deo
2340 4376 2472 4417 vero
2510 4369 2701 4421 natum
2740 4377 2857 4419 esse
2897 4361 3302 4435 cognoscimus.
3344 4360 3451 4417 Sed

1854 4465 1966 4506 non
2012 4465 2076 4506 eo
2125 4466 2340 4523 genere,
2387 4459 2450 4509 ut
2485 4468 2587 4510 nos
2623 4451 2703 4508 dii
2749 4469 2940 4511 sumus
2979 4453 3236 4526 appellati
3272 4453 3446 4524 (Psal.

231 4538 331 4596 Sed
358 4538 496 4596 dicis
525 4543 817 4618 ὁμοούσιον,
855 4535 1130 4592 nominari
1161 4553 1273 4593 non
1302 4545 1578 4610 oportere,
1616 4538 1745 4612 quia
1770 4573 1822 4636 Β
1858 4556 2052 4610 Lxxxr,
2097 4540 2154 4614 6)
2194 4542 2284 4598 vel
2314 4548 2377 4599 ut
2403 4542 2620 4615 Moyses
2647 4542 2946 4602 Pharaonis
2981 4541 3116 4600 deus
3157 4549 3240 4596 est
3267 4541 3450 4599 dictus

167 4639 220 4696 in
272 4636 568 4710 Scripturis
611 4635 818 4692 divinis
871 4652 982 4691 non
1029 4635 1396 4692 contineatur.
1447 4636 1644 4705 Quaero
1691 4645 1748 4695 et

166 4725 569 4800 ego,homo,qui
592 4725 696 4783 hoc
713 4724 969 4798 prohibes
995 4723 1061 4791 ;si
1081 4723 1204 4779 ideo
1225 4725 1501 4780 nominari
1524 4741 1634 4780 non
1656 4725 1745 4782 de-

164 4815 403 4888 bet,quia
431 4814 696 4887 scriptum
723 4830 834 4871 non
855 4821 1030 4880 est,an
1043 4812 1170 4886 quia
1183 4811 1747 4873 itacredinonliceat?

235 4904 385 4972 Quod
400 4905 446 4962 si
470 4903 546 4961 ita
557 4903 891 4962 credendum
907 4910 1111 4972 est,cur
1124 4919 1237 4958 non
1258 4901 1335 4958 ita
1348 4903 1747 4976 proﬁtendum?

181 4993 370 5052 «Corde
386 4991 1321 5066 enim,inquitApostolus,creditur
1343 4991 1409 5048 ad
1425 4992 1703 5064 justitiam
1729 5011 1742 5052 :

171 5100 261 5143 ore
287 5090 468 5141 autem
496 5083 768 5142 confessio
798 5081 861 5138 ﬁt
887 5081 956 5138 ad
983 5083 1216 5138 salutem
1262 5081 1438 5154 (Rom.
1471 5100 1530 5152 x,
1567 5083 1685 5157 10).
1715 5108 1734 5135 ι

201 5337 211 5348 .
243 5264 316 5337 (8)
357 5265 528 5338 Vigil.
559 5265 717 5335 edit.,
749 5271 809 5321 ut
835 5265 958 5320 dum
983 5265 1298 5321 conditorem
1339 5266 1402 5322 de
1427 5268 1741 5328 conditis....

174 5343 492 5479 ὴπξῖῧωῖξὶι.
525 5408 650 5467 cod.
684 5418 738 5468 et
766 5409 937 5539 Vigil.
984 5408 1140 5477 edit.,
1171 5425 1476 5480 quanquam
1502 5428 1608 5467 non
1633 5413 1746 5468 im—

174 5481 442 5536 mutaveris
471 5482 686 5539 dictum.
717 5483 837 5539 Hau
904 5490 1052 5537 recto
1081 5497 1264 5537 sensu.

172 5481 442 5536 mutaveris
471 5482 686 5539 dictum.
717 5481 872 5539 Haud
904 5490 1052 5537 recto
1081 5497 1264 5537 sensu.

244 5551 350 5623 (10)
393 5553 524 5610 Gill.
548 5562 604 5610 et
624 5555 781 5612 Rom.
797 5551 1228 5623 edit.,facturam
1247 5554 1352 5610 dici
1371 5555 1744 5613 voluisse.Per-

174 5638 367 5768 Wﬁlin).
395 5694 618 5766 Teller.,
646 5695 705 5753 in
733 5695 1028 5769 Scripturis
1051 5697 1350 5756 dominicis.

478 5793 720 5858 ΡΑτιιοι..
758 5796 937 5856 XVII.

1859 4632 2062 4704 (Exod.
2095 4648 2195 4700 vn,
2247 4633 2298 4704 1)
2324 4649 2338 4687 :
2369 4632 2464 4689 sed
2492 4633 2622 4706 quia
2665 4647 2830 4694 verus
2870 4639 2951 4688 est
2987 4630 3181 4699 Filius,
3221 4629 3288 4687 de
3317 4647 3449 4687 vero

1853 4722 2012 4777 Patre
2057 4730 2218 4778 natus
2245 4729 2327 4778 est
2368 4722 2484 4794 (12)
2521 4741 2536 4790 ;
2567 4737 2694 4778 vere
2740 4729 2793 4778 et
2829 4719 3167 4782 conﬁdenter
3208 4721 3353 4777 Deus
3380 4721 3450 4777 de

1855 4812 1968 4868 Deo
1998 4810 2284 4879 dicendus,
2317 4812 2397 4868 sic
2429 4812 2613 4869 lumen
2640 4827 2709 4866 ex
2740 4809 2969 4867 lumine.

1926 4901 2086 4971 Quod
2114 4903 2379 4976 scriptum
2401 4917 2512 4957 non
2542 4907 2643 4969 est,
2675 4915 2888 4956 mecum
2920 4897 3142 4974 quidem
3162 4897 3324 4969 dicis,
3354 4897 3451 4958 sed

1857 5011 2073 5051 mecum
2116 4993 2343 5052 omnino
2377 4993 2486 5066 (13)
2517 5008 2628 5048 non
2674 4991 2862 5048 sentis.
2899 4993 2971 5047 Et
3011 4992 3141 5066 quia
3182 4991 3448 5065 scriptum

1855 5092 1939 5141 est
1965 5084 2033 5142 de
2060 5085 2252 5142 Patre:
2295 5105 2315 5130 ι
2344 5084 2489 5139 Deus
2527 5081 2626 5138 lux
2654 5088 2736 5139 est
2776 5082 2835 5154 (Ι
2857 5082 3015 5140 Joan.
3047 5099 3089 5154 ι,
3127 5082 3210 5156 5),
3242 5108 3262 5134 ι
3301 5089 3357 5139 et
3383 5080 3452 5138 de

1957 5269 2046 5346 lg)
2066 5266 2235 5346 Yigil.
2267 5266 2423 5334 edit.,
2447 5265 2510 5322 de
2517 5283 2639 5346 pero
2659 5267 2818 5323 Patre
2835 5273 3015 5346 natus,
3035 5282 3142 5346 non
3156 5265 3328 5346 factus
3349 5269 3445 5346 est.

1957 5335 2041 5412 13)
2073 5335 2274 5412 omnes
2322 5338 2531 5395 exarati
2590 5346 2752 5412 atque
2803 5339 2938 5412 editi
2982 5338 3112 5412 cod.
3157 5335 3449 5412 Ambrosii

1854 5407 2055 5468 nomen
2103 5410 2474 5480 praeferentes,
2530 5428 2638 5464 non
2661 5407 2868 5479 'sentis,
2916 5417 2977 5465 ut
3019 5409 3149 5480 quia
3193 5407 3452 5478 scriptum

1854 5427 2055 5468 nomen
2143 5427 2474 5478 rzelerentes,
2530 5428 2638 5464 non
2681 5427 2868 5479 senm,
2916 5427 2977 5465 ut
3019 5427 3149 5480 quia
3193 5427 3451 5478 scriptum

1853 5491 1929 5539 est
1972 5483 2034 5537 de
2090 5427 2287 5539 Patre:
2325 5483 2466 5538 Deus
2511 5483 2607 5537 tua:
2654 5489 2728 5536 est
2773 5499 2891 5553 qua:
2935 5481 3205 5536 illuminat
3245 5493 3451 5553 omnem

1854 5555 2179 5610 hominem...
2228 5554 2286 5609 id
2327 5560 2420 5622 est,
2465 5553 2708 5610 Christus
2752 5550 2809 5607 in
2851 5554 2974 5609 calo
2998 5569 3018 5617 ,'
3058 5557 3107 5606 et
3161 5550 3449 5608 tenebrae...

1854 5629 1926 5682 Hi
1957 5626 2214 5682 scilicet...
2257 5625 2486 5681 homines
2521 5642 2629 5680 non
2663 5629 3030 5695 agnoverunt:
3051 5623 3140 5678 sed
3176 5623 3307 5695 ipse,
3340 5629 3447 5680 etc.

1853 5700 1964 5758 Nos
1989 5714 2121 5756 vero
2150 5697 2331 5755 locum
2359 5711 2431 5754 ex
2454 5695 2589 5756 edit.
2620 5694 2789 5769 Vigil.
2821 5694 3183 5754 restituimus.
