3972 6366
494 392 602 455 587

1514 394 1612 451 AD
1653 394 1899 453 OPERA
1938 394 1994 452 S.
2022 394 2357 453 AMBROSII
2391 394 2769 453 APPENDIX.

3586 376 3591 383 ’
3687 396 3804 456 ess

494 527 668 586 Filio:
710 551 729 576 ι
754 526 888 584 Erat
926 524 1026 582 lux
1062 539 1193 581 vera
1217 539 1338 597 qua
1380 523 1658 582 illuminat
1702 541 1920 583 omnem
1968 525 2082 583 ho-
2106 528 2158 588 A
2257 528 2404 584 Deus
2445 527 2669 597 etenim,
2712 525 2994 599 inquiunt,
3043 524 3212 583 eﬁicit
3248 533 3312 583 ut
3341 527 3415 585 sit
3456 527 3800 593 substantia.

505 618 712 676 minem
743 614 1057 674 venientem
1095 614 1153 670 in
1182 613 1332 671 hunc
1361 613 1629 671 mundum
1660 615 1839 687 (Ioan.
1869 633 1911 682 1,
1933 614 2020 687 9);
2053 640 2072 663 ι

494 716 575 765 et:
625 731 644 756 ι
673 706 796 763 Lux
844 705 992 762 lucet
1024 702 1084 760 in
1134 703 1395 773 tenebris,
1426 728 1445 751 ι
1488 704 1546 760 id
1595 710 1694 772 est,
1740 702 1989 761 Christus
2028 703 2086 760 in

495 798 697 854 saeculo
742 814 756 864 ;
829 818 848 844 ‹
913 800 967 850 et
1015 791 1250 850 tenebrae
1304 807 1422 850 eam
1479 809 1591 849 non
1638 801 1767 849 sunt
1827 800 2085 849 assecuta

497 884 661 958 (Ibid.
700 883 793 957 6):
828 906 848 932 .

498 976 691 1031 rantize
738 972 979 1031 tenebris
1027 973 1357 1030 obcaecatum
1405 980 1513 1042 est,
1563 972 1843 1031 Christum
1892 991 2085 1031 verum

493 1066 689 1132 Deum,
730 1071 785 1119 et
820 1079 1012 1120 verum
1051 1062 1151 1119 Dei
1189 1061 1393 1119 Filium
1423 1078 1534 1119 non
1576 1071 1935 1136 agnoverunt.
1980 1063 2086 1120 Sed

487 1152 606 1227 ipse
632 1151 939 1211 Dominus:
984 1174 1003 1199 ι
1032 1151 1149 1224 Ego
1183 1168 1325 1219 sum,
1366 1150 1566 1223 inquit,
1603 1152 1701 1207 lux
1730 1151 1955 1208 mundi:
1990 1150 2084 1224 qui

487 1259 575 1299 me
605 1250 824 1301 secutus
856 1239 1025 1298 fuerit
1069 1256 1181 1297 non
1214 1239 1318 1296 ibit
1348 1239 1408 1295 in
1438 1239 1709 1307 tenebris;
1740 1240 1833 1296 sed
1862 1239 2087 1295 habebit

487 1333 675 1390 lumen
728 1332 858 1389 vitae
909 1331 1092 1402 (Joan.
1142 1347 1267 1400 vm,
1307 1330 1421 1402 12).
1462 1354 1480 1378 ι
1533 1331 1678 1404 Ergo
1723 1330 1852 1403 quia
1898 1332 2084 1388 lumen

488 1421 666 1491 Pater,
696 1429 751 1479 et
779 1422 878 1477 lux
904 1420 1102 1486 Filius,
1134 1427 1281 1477 recte
1314 1421 1502 1477 lumen
1532 1419 1598 1476 de
1625 1420 1853 1477 lumine.

554 1510 659 1567 Sed
710 1511 895 1567 lumen
943 1526 1013 1567 ex
1047 1509 1239 1567 lunine
1281 1510 1360 1567 ita
1403 1509 1617 1579 asseris,
1650 1510 1806 1584 quasi
1853 1526 1885 1566 a
1927 1510 2085 1567 Patre

484 1599 580 1674 qui
606 1615 798 1658 verum
830 1600 1016 1656 lumen
1047 1606 1151 1669 est,
1182 1597 1335 1655 aliud
1364 1598 1551 1655 lumen
1578 1599 1650 1655 sit
1677 1598 1904 1669 factum,
1937 1599 2084 1672 quod

482 1688 549 1746 de
591 1689 709 1763 ipsa
754 1687 931 1745 Patris
959 1687 1266 1745 substantia
1303 1703 1417 1744 non
1453 1688 1552 1745 sit:
1595 1687 1689 1745 sed
1718 1688 1881 1746 sicuti
1930 1687 2083 1745 aliud

481 1778 768 1852 quodlibet
814 1777 1003 1835 lumen
1033 1820 1049 1848 ,
1099 1791 1411 1852 quanquam
1471 1792 1503 1833 a
1555 1778 1669 1833 Deo
1718 1778 1792 1834 sit
1843 1778 2082 1847 factum,

905 881 946 939 ii
985 881 1194 939 scilicet
1221 880 1474 939 homines
1511 898 1745 955 quorum
1800 899 1893 939 cor
1919 882 2087 955 igno-

2196 632 2309 673 non
2338 625 2521 674 tamen
2570 625 2632 674 ut
2674 616 2789 690 ipse
2818 617 2964 673 Deus
3012 615 3071 672 in
3099 615 3407 674 substantia
3454 618 3797 692 deputetur;

2194 706 2417 779 quippe,
2473 708 2650 776 aiunt,
2736 723 2863 764 cum
2922 706 3103 763 omnis
3160 706 3465 763 substantia
3514 706 3799 764 contraria

2192 794 2443 868 recipiat.
2493 798 2639 853 Deus
2667 812 2800 851 vero
2849 794 2945 869 qui
2987 794 3132 851 nihil
3164 795 3448 854 diversum
3500 795 3800 854 admittere

2194 897 2392 961 potest,
2426 890 2735 947 substantia
2763 888 2873 945 dici
2904 904 3016 944 non
3045 887 3225 946 debet.

2266 980 2609 1052 Ignoscerem
2641 980 2744 1053 tibi
2773 980 2820 1036 si
2860 978 2968 1037 hoc
2996 980 3327 1052 simpliciter
3354 980 3583 1051 diceres,
3613 980 3661 1038 si
3690 998 3797 1038 ra-

2192 1071 2399 1126 tionem
2431 1070 2509 1126 rei
2539 1070 2708 1126 velles
2737 1069 2897 1139 scire,
2958 1069 3003 1125 si
3034 1070 3189 1126 rudis
3234 1070 3300 1126 ad
3347 1070 3489 1128 hanc
3520 1071 3799 1144 quaestio—

2195 1175 2321 1215 nem
2348 1159 2651 1229 accederes,
2683 1159 2729 1214 si
2759 1175 2870 1214 non
2901 1158 3015 1230 ipse
3046 1175 3208 1227 esses,
3240 1158 3334 1231 qui
3365 1176 3577 1233 semper
3605 1161 3694 1216 vel
3720 1159 3798 1217 de

2195 1248 2303 1305 alia
2331 1248 2660 1315 substantia,
2686 1249 2775 1304 vel
2803 1249 2869 1305 de
2892 1248 3063 1304 nullis
3084 1250 3433 1306 exstantibus
3457 1250 3555 1306 Dei
3577 1250 3794 1305 Filium

2192 1337 2507 1394 asserebas:
2559 1345 2614 1392 at
2665 1353 2791 1393 cum
2841 1337 2987 1392 idem
3037 1338 3153 1411 ipse
3203 1340 3279 1396 sis
3323 1340 3419 1413 qui
3464 1339 3595 1395 hinc
3644 1355 3797 1411 saepe

2193 1427 2502 1495 convictus,
2556 1442 2697 1498 saepe
2754 1426 3055 1495 confessus,
3108 1445 3249 1500 saepe
3300 1428 3533 1499 negasti,
3584 1428 3797 1500 saepius

2191 1516 2352 1573 aliter
2381 1514 2728 1573 immutando
2759 1515 3050 1573 damnatus
3080 1534 3139 1573 es
3166 1535 3177 1572 :
3213 1518 3307 1590 qui
3337 1518 3503 1574 etiam
3534 1534 3686 1573 nunc
3704 1515 3795 1585 vi,

2192 1606 2495 1663 ambitione
2525 1614 2579 1663 et
2607 1606 2856 1678 potentia
2884 1605 3167 1679 exagitans
3188 1606 3321 1679 (15),
3348 1610 3535 1665 turbas
3556 1606 3754 1664 omnia
3780 1623 3794 1662 :

2191 1695 2475 1769 quomodo
2503 1705 2663 1769 putas
2692 1711 2778 1751 me
2811 1695 3093 1768 ignoscere
3123 1695 3224 1751 tibi
3253 1713 3409 1768 posse
3441 1695 3801 1769 frequentius

2192 1787 2381 1844 eadem
2412 1787 2781 1845 retractanti?
2827 1786 2932 1843 Sed
2961 1805 3029 1844 ne
3056 1786 3314 1842 videatur
3341 1785 3459 1844 haec
3500 1786 3801 1859 perversi-

481 1868 642 1940 longe
678 1874 870 1959 tamen
890 1866 1044 1924 aliud
1067 1867 1238 1959 sit-ab
1265 1883 1358 1959 eo,
1392 1866 1491 1959 qui
1502 1866 1739 1959 fecerit;
1772 1874 1825 1923 et
1847 1867 1975 1959 ideo
2001 1868 2081 1924 lu-
2110 1898 2156 1959 Β
2195 1882 2273 1933 tas
2324 1876 2679 1949 praejudicata
2722 1876 2895 1949 magis
2942 1893 3105 1949 quam
3150 1876 3463 1932 examinata
3506 1873 3795 1945 damnari,

481 1972 607 2013 men
636 1973 706 2013 ex
724 1955 966 2027 lumine,
992 1972 1106 2013 non
1135 1955 1202 2013 de
1224 1955 1435 2012 lumine
1460 1954 1599 2012 dicis
1620 1974 1631 2011 :
1652 1955 1788 2013 Cum
1815 1973 1941 2029 ergo
1961 1955 2078 2014 haec

479 2046 812 2119 praelocutus
840 2062 983 2115 sum,
1016 2046 1145 2103 licet
1174 2061 1388 2101 mecum
1427 2060 1538 2102 non
1569 2044 1864 2117 intelligas,
1894 2054 2076 2103 tamen

479 2134 981 2209 quomodocumque
1013 2135 1130 2208 ipsa
1170 2134 1514 2209 pronuntias,
1560 2150 1686 2191 cum
1725 2136 1925 2208 scripta
1964 2152 2076 2192 non

479 2224 611 2281 sint.
645 2224 735 2281 An
763 2239 877 2280 non
905 2231 959 2281 et
994 2223 1162 2281 unius
1189 2222 1512 2280 substantia;
1550 2223 1903 2294 vocabulum,
1930 2222 2077 2299 quod

479 2314 539 2370 in
593 2313 894 2387 Scripturis
936 2329 1049 2370 non
1089 2320 1248 2387 putas
1288 2312 1582 2383 contineri,
1621 2329 1835 2371 mecum
1874 2313 2078 2387 pariter

477 2402 787 2476 proﬁteris:
810 2402 919 2460 nisi
950 2403 1078 2477 quia
1097 2403 1216 2461 illic
1243 2402 1483 2460 habuisti
1517 2404 1792 2477 quomodo
1808 2403 2077 2477 malignos

477 2508 669 2549 sensus
717 2498 843 2549 tuos
873 2493 1088 2551 occulta
1118 2491 1309 2548 fraude
1338 2492 1397 2548 in
1440 2500 1675 2565 utroque
1720 2500 2071 2566 contegeres;

475 2590 540 2639 ut
586 2596 803 2639 mecum
832 2581 938 2637 hoc
981 2581 1161 2654 ipsum
1196 2595 1333 2637 sono
1376 2580 1532 2638 vocis
1576 2581 1934 2653 exprimeres,
1981 2580 2076 2639 sed

475 2683 686 2733 tament
714 2676 879 2749 longe
907 2674 1043 2733 dicti
1072 2675 1497 2749 intelligentiam
1526 2678 1841 2750 separares?

548 2765 723 2824 Sicuti
771 2773 826 2822 et
871 2764 956 2820 illi
1003 2762 1248 2822 haeretici
1278 2765 1373 2838 qui
1409 2765 1864 2823 resurrectionem
1894 2766 2074 2824 carnis

477 2863 698 2931 negant,
756 2857 825 2914 ad
878 2854 1230 2928 decipiendas
1289 2856 1499 2913 animas
1549 2855 1887 2929 simplicium
1920 2901 1936 2927 ,
1991 2874 2074 2914 vae

476 2947 672 3005 dicunt
703 2946 792 3003 his
819 2945 915 3019 qui
943 2945 1003 3001 in
1031 2961 1194 3002 carne
1234 2959 1346 3001 non
1388 2953 1698 3019 resurgunt.
1730 2946 1833 3003 Sed
1863 2946 1909 3003 si
1951 2946 2076 3004 dis-

476 3037 652 3095 cutias
694 3052 786 3093 eos
812 3051 912 3092 cur
938 3033 1043 3090 hoc
1087 3033 1354 3104 dixerint,
1385 3052 1510 3092 cum
1549 3036 1689 3092 scias
1723 3036 1849 3092 illos
1893 3038 2074 3095 carnis

478 3124 940 3184 resurrectionem
993 3122 1222 3180 omnino
1270 3140 1506 3197 negare,
1548 3124 1734 3182 dicent
1771 3123 1919 3184 tibi:
1976 3127 2073 3186 Vas

478 3216 672 3289 utique
722 3213 808 3269 illi
836 3214 941 3270 erit
985 3212 1128 3287 (14),
1158 3213 1255 3286 qui
1299 3213 1359 3270 in
1405 3229 1568 3271 carne
1609 3214 1916 3288 baptizatus
1960 3232 2073 3272 non

476 3304 666 3372 fuerit,
698 3312 762 3360 ut
784 3303 972 3359 anima
999 3301 1173 3375 ipsius
1200 3302 1332 3360 dum
1361 3302 1419 3359 in
1449 3319 1675 3377 corpore
1690 3314 1789 3374 est,
1817 3305 1886 3362 de
1902 3312 2077 3361 morte

478 3392 807 3450 delictorum
846 3407 1093 3461 suorum,
1142 3397 1205 3448 ut
1242 3392 1309 3447 de
1340 3392 1591 3465 sepulcro
1637 3393 1936 3451 criminum
1980 3410 2078 3468 per

477 3481 771 3556 baptisma,
822 3482 881 3538 in
920 3481 1109 3539 eadem
1147 3491 1412 3556 resurgat.
1460 3483 1643 3541 Solius
1689 3486 1835 3543 enim
1879 3486 2077 3542 anima)

476 3587 574 3645 per
614 3571 819 3629 lavacri
849 3571 1037 3627 vitalis
1067 3570 1295 3643 gratiam
1340 3572 1795 3630 resurrectionem
1827 3573 1887 3630 in
1914 3590 2077 3631 carne

480 3658 813 3717 defendunt:
866 3670 992 3714 nam
1041 3668 1095 3715 et
1129 3658 1331 3732 ispsius
1387 3661 1570 3717 carnis
1604 3663 1837 3720 salutem
1889 3664 2076 3719 exclu-

479 3748 639 3806 dunt.
668 3749 741 3805 Et
773 3747 833 3802 hi
873 3764 971 3820 per
999 3747 1358 3805 verisimilem
1386 3749 1787 3807 confessionem
1818 3752 2076 3808 innocen-

478 3837 624 3894 tium
656 3842 869 3894 mentes
914 3838 1132 3894 occulta
1181 3837 1374 3894 fraude
1417 3837 1699 3895 seducent.
1731 3837 1804 3895 Et
1843 3849 1907 3897 ut
1940 3841 2079 3897 solet

478 3926 685 3983 lethale
714 3927 978 3999 poculum
1004 3926 1188 3983 mellis
1216 3926 1510 3986 dulcedine
1540 3937 1928 4003 temperatum,
1957 3948 2076 3988 sua-

478 4017 655 4073 vitate
707 4016 953 4086 fallente,
1003 4016 1308 4091 perimere;
1357 4018 1438 4077 sic
1473 4027 1529 4076 et
1572 4019 1680 4077 hoc
1730 4022 1936 4077 malum
1983 4038 2079 4095 per

477 4105 923 4165 blandimentum
976 4106 1193 4162 aurium
1225 4149 1241 4175 ,
1294 4112 1432 4170 351
1493 4108 1834 4167 audientium
1888 4126 2079 4168 sensus

479 4204 714 4279 quadam
764 4201 885 4261 labe
913 4204 1299 4262 contaminans
1338 4205 1665 4278 contagione
1717 4206 1845 4264 vitii
1899 4205 2077 4263 adhae-

479 4294 653 4353 rentis
680 4294 879 4351 inﬁcit.

552 4384 781 4443 CAPUT
810 4382 906 4442 IV.
937 4411 1010 4426 —
1026 4382 1278 4456 Denique
1304 4391 1358 4441 et
1386 4397 1538 4441 nunc
1564 4394 1784 4458 possent
1806 4389 2080 4466 ὁμοουσιον

480 4482 645 4541 sicuti
686 4490 739 4539 et
768 4489 963 4540 caetera
989 4480 1158 4538 verbo
1195 4490 1353 4538 tenus
1394 4481 1701 4553 nominare,
1737 4483 1783 4540 si
1814 4482 2079 4540 haberent

481 4573 758 4648 quomodo
794 4572 937 4629 illud
1061 4571 1226 4628 aliam
1257 4571 1681 4677 intelligentiam
1710 4591 1889 4677 scaevo
1914 4589 2077 4677 sen‘su
2105 4617 2154 4677 Β

481 4669 889 4737 perverterent:
941 4661 1036 4718 sed
1088 4678 1213 4718 cum
1260 4662 1514 4719 viderent
1556 4678 1613 4719 se
1654 4664 1713 4719 in
1769 4663 1875 4721 hoc
1908 4664 2076 4720 verbo

482 4754 761 4822 concludi,
813 4751 1026 4809 nullam
1072 4751 1302 4808 omnino
1356 4752 1694 4809 mentionem
1741 4752 1910 4825 hujus
1958 4753 2081 4810 ﬁeri

483 4843 800 4912 voluerunt,
857 4859 927 4900 ne
972 4849 1069 4899 aut
1121 4842 1431 4915 proﬁtendo
1476 4842 1582 4900 hoc
1624 4843 1930 4914 crederent,
1987 4850 2082 4901 aut

484 4930 767 4987 credentes
807 4930 1039 5003 professi
1068 4930 1424 4989 viderentur:
1472 4930 1665 4988 subtili
1718 4932 1940 5003 ingenio
1988 4949 2082 4991 ex-

486 5029 759 5087 cusantes,
802 5022 949 5095 quod
986 5011 1081 5079 aut
1114 5024 1382 5097 scriptum
1428 5039 1540 5080 non
1570 5032 1729 5093 esset,
1774 5032 1870 5081 aut
1905 5025 2081 5085 Deum

487 5112 548 5167 in
577 5110 882 5167 substantia
907 5110 1019 5169 dici
1056 5126 1170 5169 non
1204 5122 1475 5186 oportere,
1495 5129 1566 5171 ne
1580 5128 1874 5188 corporeus
1901 5117 2082 5176 crede-

487 5210 658 5261 retur.

564 5346 680 5423 (14)
722 5346 1092 5423 Hunc_etiam
1119 5349 1301 5423 locum
1344 5350 1504 5408 nobis
1544 5351 1677 5423 edit.
1718 5352 1889 5423 Vigil.
1931 5350 2085 5407 resti-

487 5418 621 5487 tuit,
652 5418 775 5477 eum
827 5418 1123 5476 haberetur
1170 5420 1246 5475 im
1277 5437 1405 5477 mss.
1455 5430 1509 5478 et
1536 5422 1669 5479 edit.
1705 5418 2086 5479 Anibrosianis

489 5489 550 5544 in
578 5490 694 5547 haec
713 5491 898 5559 verba,
927 5493 1136 5549 animas
1162 5492 1502 5566 simplicium,
1524 5495 1722 5566 (dicunt
1757 5495 1838 5549 his
1870 5496 2001 5566 quia
2028 5496 2087 5549 in

490 5576 648 5642 carne
676 5579 780 5642 non
805 5564 1438 5635 resurgant......,dicent
1472 5565 1568 5619 tibi
1591 5583 1603 5621 :
1634 5566 1819 5637 Utique
1847 5564 1940 5622 ille
1964 5566 2086 5636 erit,

492 5638 616 5705 etc.
630 5638 839 5705 inepto,
854 5651 1037 5692 sensu.

526 5772 538 5784 α
569 5702 687 5774 (15)
719 5702 911 5784 Ambr.
959 5706 1092 5784 ed_i_t_.
1123 5723 1413 5784 cumLms.
1451 5705 1618 5784 Tel_l.,
1644 5723 1792 5784 nunc
1823 5708 1882 5763 in
1917 5707 2087 5784 umbi-

497 5775 635 5831 tione
661 5775 968 5846 exagitans:
1010 5778 1180 5851 Vigil.
1212 5779 1347 5837 edit.
1375 5793 1505 5839 cum
1531 5779 1667 5837 Lat.
1693 5778 1840 5852 cod.,
1872 5780 1948 5849 vi,
1976 5795 2087 5836 am-

2189 1964 2431 2022 breviter
2460 1966 2564 2022 tibi
2594 1966 2662 2023 de
2688 1967 2791 2024 hac
2819 1966 3165 2040 oppositione
3200 1963 3576 2037 respondeam.

2260 2056 2528 2115 Prohibes
2569 2058 2754 2131 itaque
2800 2057 2860 2114 in
2907 2059 3020 2114 Deo
3066 2056 3432 2115 substantiam
3483 2056 3791 2129 nominari,

2189 2146 2347 2219 quasi
2373 2164 2405 2203 o
2424 2164 2551 2204 mne
2576 2147 2724 2221 quod
2755 2147 3064 2205 substantia
3093 2146 3319 2214 dicitur,
3362 2162 3449 2202 res
3473 2147 3589 2220 ipsa
3616 2147 3793 2205 unius

2191 2236 2410 2309 generis
2443 2236 2734 2296 habeatur.
2781 2241 2869 2294 An
2899 2238 3118 2311 ignoras
3146 2238 3305 2295 aliter
3332 2235 3594 2306 coelestia,
3621 2237 3795 2294 aliter

2188 2334 2403 2384 terrena
2434 2336 2703 2399 constare,
2756 2326 2852 2384 sed
2900 2335 2954 2384 et
3002 2326 3061 2383 in
3090 2326 3225 2399 ipsis
3259 2325 3573 2384 coelestibus
3617 2326 3793 2385 rebus

2187 2425 2351 2489 atque
2408 2417 2713 2475 mundanis
2759 2432 3012 2490 magnam
3059 2416 3427 2474 diﬁ'erentiam
3467 2416 3794 2475 interesse?

2187 2505 2370 2562 Aliter
2399 2507 2548 2563 enim
2590 2506 2792 2580 angeli,
2842 2508 3004 2564 aliter
3053 2506 3284 2580 singula
3306 2507 3536 2563 virtutes
3573 2505 3792 2563 consti-

2186 2594 2473 2652 tutionum
2531 2613 2757 2654 suarum
2818 2596 3154 2654 substantias
3201 2602 3546 2669 acceperunt,
3608 2593 3792 2651 sicuti

2187 2685 2486 2757 Apostolus
2532 2685 2646 2742 ait:
2712 2708 2731 2734 ι
2762 2685 2889 2742 Alia
2930 2685 3151 2743 claritas
3197 2686 3350 2755 solis,
3406 2685 3515 2742 alia
3556 2682 3791 2741 claritas

2187 2774 2355 2844 lunae,
2383 2774 2492 2831 alia
2523 2774 2747 2833 claritas
2776 2776 3059 2832 stellarum
3098 2777 3157 2850 (Ι
3184 2776 3309 2833 Cor.
3340 2791 3437 2844 xv,
3468 2773 3583 2847 41).
3609 2797 3628 2822 ι
3687 2770 3791 2831 Sic

2185 2872 2239 2922 et
2269 2864 2328 2921 in
2371 2863 2477 2921 hoc
2505 2864 2734 2936 mundo,
2783 2873 2847 2922 ut
2887 2865 3105 2923 diversa
3142 2881 3339 2940 genera
3366 2880 3572 2934 rerum,
3620 2862 3702 2919 ita
3728 2869 3791 2920 et

2184 2954 2403 3012 diversa
2429 2972 2661 3029 corpora
2689 2955 3079 3026 animantium,
3109 2963 3163 3013 et
3191 2955 3449 3013 omnibus
3479 2953 3565 3011 sui
3596 2951 3791 3025 cujus-

2185 3061 2291 3119 que
2347 3043 2560 3118 generis
2614 3045 2940 3115 substantia,
3026 3045 3170 3103 sicut
3245 3044 3546 3119 Apostolus
3599 3040 3784 3101 dicit:

2200 3157 2220 3182 ι
2247 3134 2368 3190 Non
2406 3133 2588 3190 omnis
2614 3150 2740 3191 caro
2769 3133 2957 3190 eadem
2986 3149 3113 3191 caro
3145 3134 3309 3205 (Ibid.
3341 3134 3457 3207 39).
3490 3158 3508 3184 ι

2108 3256 2153 3318 C
2256 3224 2314 3280 Si
2336 3240 2463 3296 ergo
2483 3240 2544 3280 ea
2567 3240 2686 3297 quae
2708 3241 2739 3280 a
2757 3225 2871 3280 Deo
2895 3223 3038 3280 facta
3058 3232 3206 3293 sunt,
3225 3222 3468 3280 diversas
3489 3223 3792 3298 qualitates

2188 3312 2621 3370 substantiarum
2648 3330 2869 3370 suarum
2896 3312 3122 3383 habent,
3170 3320 3233 3370 tu
3269 3321 3428 3387 putas
3458 3312 3516 3370 in
3540 3315 3658 3371 Deo
3687 3323 3789 3372 ta-

2186 3403 2294 3460 lem
2322 3419 2437 3460 esse
2465 3402 2850 3472 substantiam,
2893 3404 3110 3476 qualem
3141 3402 3306 3460 habet
3335 3402 3549 3478 aliquid
3577 3405 3789 3463 horum

2188 3493 2336 3567 quod
2368 3494 2575 3551 factum
2605 3502 2687 3551 est
2716 3500 2778 3548 ut
2811 3491 2982 3567 possit
3008 3491 3285 3550 contraria
3312 3494 3555 3566 recipere
3575 3495 3604 3551 ‘i
3652 3494 3791 3552 Ab—

2187 3584 2279 3640 sit.
2310 3583 2442 3651 Quae
2474 3590 2553 3639 est
2573 3582 2718 3639 enim
2741 3582 3050 3641 substantia
3069 3584 3169 3640 Dei
3190 3584 3219 3641 ‘i
3247 3584 3431 3657 Ipsum
3463 3584 3608 3658 quod
3634 3585 3791 3642 Deus

2186 3681 2289 3741 est,
2328 3673 2586 3744 simplex,
2640 3673 2939 3745 singulare,
2972 3689 3194 3745 purum,
3245 3674 3401 3730 nulla
3429 3672 3793 3731 concretione

2187 3763 2534 3833 permistum,
2571 3762 2884 3833 limpidum,
2914 3762 3141 3832 bonum,
3176 3763 3502 3835 perfectum,
3532 3762 3788 3834 beatum,

2186 3851 2487 3924 integrum,
2519 3858 2765 3907 sanctum
2789 3858 2989 3907 totum.
3014 3852 3098 3906 An
3124 3858 3184 3907 tu
3208 3860 3367 3925 putas
3387 3853 3550 3909 inane
3568 3852 3792 3927 aliquid

2186 3958 2303 3998 esse
2352 3950 2405 3997 et
2453 3957 2711 4009 vacuum,
2764 3940 2911 4013 quod
2948 3948 3029 3997 est
3061 3942 3247 3997 Deus?
3298 3943 3416 3998 Hoc
3464 3941 3612 3998 enim
3666 3941 3765 4000 dic

2186 4029 2531 4102 blasphemia
2562 4037 2664 4097 est,
2694 4038 2757 4085 ut
2786 4024 2949 4085 inane
2979 4033 3221 4099 putetur,
3263 4045 3361 4100 per
3389 4045 3551 4100 quem
3581 4037 3792 4087 cuncta

2187 4119 2580 4187 constiterunt,
2613 4118 2708 4190 qui
2738 4117 2924 4172 omnia
2952 4117 3121 4172 verbo
3150 4116 3344 4185 edidit,
3390 4116 3607 4173 ratione
3637 4134 3791 4176 com-

2189 4205 2394 4280 posuit,
2426 4206 2632 4260 virtute
2663 4204 2911 4276 perfecit,
2952 4204 3109 4275 cujus
3139 4213 3280 4261 nutu
3308 4213 3362 4261 et
3392 4202 3632 4277 imperio
3662 4204 3793 4262 uni-

2187 4311 2345 4354 versa
2370 4303 2654 4367 reguntur,
2685 4303 2883 4353 cuncta
2910 4294 3250 4354 deserviunt.

2259 4397 2331 4451 Et
2360 4394 2497 4451 bene
2532 4394 2598 4451 de
2623 4396 2736 4451 Deo
2767 4395 2901 4467 legis
2930 4394 3195 4467 scriptum
3225 4412 3236 4451 :
3299 4418 3318 4443 ‹
3346 4392 3462 4467 Ego
3513 4409 3640 4451 sum
3689 4391 3795 4468 qui

2188 4499 2309 4540 sum
2374 4484 2577 4555 (Exod.
2632 4499 2714 4550 III,
2764 4483 2922 4555 14),:
2965 4491 3054 4539 et:
3126 4481 3281 4550 «Qui
3344 4490 3445 4553 est,
3509 4482 3646 4539 nisit
3700 4499 3797 4541 me

2164 4571 2399 4646 '(Ibid.).
2432 4597 2452 4621 ι
2514 4574 2586 4628 Et
2631 4573 2745 4646 ipse
2792 4573 3034 4629 salvator
3065 4573 3379 4629 Dominus:
3429 4596 3448 4621 ι
3500 4571 3630 4628 Haec
3682 4581 3792 4642 est,

2189 4662 2388 4735 inquit,
2437 4663 2555 4718 vita
2578 4669 2800 4730 aeterna,
2832 4670 2893 4718 ut
2923 4668 3254 4733 cognoscant
3296 4669 3353 4717 te
3380 4660 3557 4717 solum
3588 4676 3795 4718 verum

2187 4754 2382 4821 Deum,
2416 4759 2470 4808 et
2494 4769 2656 4825 quem
2686 4751 2888 4807 misisti
2917 4752 3103 4807 Jesum
3133 4750 3418 4809 Christum
3448 4750 3791 4822 (Joan.xvn,

2189 4842 2268 4914 3).
2301 4867 2321 4893 ι
2363 4843 2463 4897 Est
2490 4858 2617 4914 ergo
2648 4840 2707 4896 in
2737 4841 3046 4897 substantia
3074 4840 3310 4896 essentia
3339 4856 3438 4895 sua
3462 4837 3579 4911 (16)
3615 4840 3793 4910 Deus,

2189 4932 2347 5006 cujus
2376 4933 2619 5006 cognitio
2668 4932 2785 4989 vita
2818 4940 3019 4988 aeterna
3066 4939 3168 5000 est,
3213 4931 3308 5004 qui
3356 4939 3409 4987 et
3452 4936 3639 4986 tantus
3682 4940 3793 5000 est,

2190 5030 2429 5097 quantus
2457 5022 2568 5079 dici
2598 5039 2709 5078 non
2736 5029 2933 5094 potest.
2966 5019 3073 5088 Qui
3106 5029 3240 5077 tunc
3265 5019 3429 5091 digne
3457 5018 3794 5089 aestimatur,

2190 5129 2317 5172 cum
2348 5111 2752 5169 inaestimabilis
2783 5110 3009 5180 dicitur,
3041 5111 3233 5184 utique
3263 5110 3403 5165 velis
3435 5126 3498 5167 ac
3526 5108 3697 5166 nolis.

2261 5203 2406 5275 Ergo
2434 5204 2612 5274 ipsum
2644 5202 2790 5274 quod
2819 5207 2921 5269 est,
2953 5200 3059 5257 hoc
3089 5208 3170 5257 est
3196 5199 3507 5256 substantia
3535 5197 3657 5271 ejus
3684 5198 3793 5269 rei,

2194 5347 2414 5415 bitione;
2447 5345 2540 5402 sed
2572 5347 2687 5402 sola
2712 5344 2847 5401 edit.
2881 5345 3006 5416 Vig.
3041 5344 3195 5416 addit
3224 5350 3274 5398 et
3301 5343 3555 5416 potentia.

2267 5420 2383 5491 (16)
2423 5420 2505 5474 Ita
2528 5434 2718 5491 omnes
2749 5417 2880 5474 edit.
2914 5415 3118 5491 et’cod.
3153 5416 3286 5491 Laet.
3314 5423 3414 5491 gat
3442 5415 3612 5491 Vigil.
3640 5415 3785 5491 edit.

2194 5486 2429 5546 res'ecuit
2458 5490 2679 5545 essentia
2703 5506 2821 5555 sua,
2875 5505 2974 5559 pro
3005 5487 3206 5559 quibus
3238 5488 3374 5543 Tell.
3407 5486 3531 5559 cod.
3572 5486 3800 5543 substi—

2193 5562 2306 5617 tuit
2341 5568 2595 5616 sententia.
2642 5577 2760 5615 sua.
2809 5558 3037 5630 Verum’
3060 5567 3276 5630 recepta
3321 5558 3486 5615 lectio
3544 5575 3660 5614 non
3712 5567 3799 5616 est

2196 5632 2491 5689 mutanda:
2521 5632 2666 5688 idem
2696 5648 2758 5687 ea
2787 5629 3080 5701 signiﬁcat,
3100 5647 3161 5686 ac
3188 5629 3233 5686 si
3270 5630 3562 5700 scribatur,
3613 5630 3674 5687 in
3703 5647 3797 5688 or-

2196 5703 2326 5761 dine
2358 5703 2677 5761 substantiae
2705 5718 2800 5774 per
2827 5701 3119 5759 essentiam
3147 5716 3322 5759 suam.
