3972 6370
70 461 187 520 589

1246 463 1340 520 DE
1374 463 1539 522 FIDE
1580 464 1858 522 CONTRA
1898 463 2221 522 ARIANOS.

3268 470 3376 532 590

73 604 206 661 qua:
249 603 362 644 esse
409 587 758 657 defenditur;
799 587 947 662 quod
975 595 1160 645 tamen
1190 589 1305 662 jam
1337 589 1545 647 dictum
1577 597 1677 657 est,
1702 592 1752 651 A
1785 590 1990 646 Filium
2022 609 2153 647 vero
2182 591 2240 647 in
2266 591 2610 664 splendorem
2640 593 2907 652 claritatis
2935 595 3210 665 ostendas,
3229 598 3375 670 quod

73 684 352 748 quantum
392 685 444 733 et
474 679 632 750 quale
663 677 752 747 sit,
784 695 884 734 nec
913 688 1092 735 mente
1122 679 1358 751 concipi,
1392 696 1492 736 nec
1519 696 1681 735 sensu

75 764 370 834 aestimari,
404 783 503 823 nec
531 767 716 823 animo
744 766 965 823 definiri
991 776 1200 840 potest;
1233 767 1533 824 dummodo
1555 784 1680 823 con-

74 860 190 909 stet
239 871 373 922 esse,
407 856 554 928 quod
602 872 716 911 esse
745 855 1022 923 creditur;
1056 864 1117 911 ut
1160 855 1226 910 de
1267 873 1331 911 eo
1381 857 1496 928 ipso
1535 856 1682 929 quod

73 943 231 1000 Deus
259 952 361 1013 est,
397 945 523 1000 inde
552 945 625 1001 sit
658 944 854 1013 Filius,
891 953 954 1001 ut
983 962 1147 1001 verus
1177 946 1250 1000 sit
1276 945 1472 1011 Filius,
1503 953 1555 1001 et
1576 963 1682 1001 ve—

74 1047 177 1088 rus
209 1032 282 1088 sit
312 1033 471 1088 Pater
501 1034 556 1088 in
599 1034 761 1102 Filio,
808 1041 862 1088 et
902 1034 1076 1090 Filius
1112 1033 1169 1088 in
1200 1035 1374 1090 Patre.
1426 1036 1538 1091 Hoc
1581 1036 1684 1091 erit

75 1124 378 1200 ὁμοοῦσιος,
415 1121 472 1176 id
515 1130 616 1189 est,
665 1123 835 1178 unius
863 1123 1183 1178 substantim
1221 1140 1346 1179 cum
1381 1125 1554 1191 Patre,
1599 1124 1683 1179 si-

77 1227 180 1274 cut
209 1219 324 1291 ipse
352 1220 628 1276 Dominus
657 1221 769 1276 ait:
816 1242 834 1266 ‹
867 1219 984 1290 Ego
1014 1219 1069 1274 in
1112 1221 1286 1288 Patre,
1332 1229 1385 1276 et
1432 1223 1588 1276 Pater
1625 1221 1682 1275 in

82 1325 176 1364 me
217 1309 397 1380 (Joan.
449 1325 570 1378 xxv,
624 1310 713 1380 10)
741 1328 754 1376 ;
784 1334 803 1357 ι
867 1316 955 1364 et:
1011 1332 1028 1354 ι
1058 1311 1174 1380 Ego
1217 1317 1270 1364 et
1307 1311 1465 1365 Pater
1511 1327 1683 1365 unum

79 1416 278 1454 sumus
309 1399 490 1471 (Joan.
541 1416 597 1467 x,
631 1399 756 1470 30);
789 1423 808 1446 ι
869 1407 924 1454 et
959 1417 970 1454 :
1021 1424 1039 1446 ι
1070 1401 1185 1470 Ego
1227 1400 1293 1454 de
1343 1401 1500 1456 Patre
1533 1401 1684 1457 exivi

77 1489 275 1558 (Joan.
305 1505 422 1556 xw,
470 1489 604 1560 28);
642 1513 661 1537 ι
719 1497 808 1544 et:
885 1509 904 1534 ε
936 1486 1041 1554 Qui
1091 1504 1175 1542 me
1224 1488 1394 1557 videt,
1443 1489 1594 1545 videt
1633 1497 1686 1545 et

79 1578 302 1633 Patrem
331 1579 518 1647 (Joan.
555 1595 672 1646 xrv,
714 1579 794 1649 9).
828 1601 847 1624 ι

158 1667 281 1722 Non
313 1665 610 1735 immerito,
643 1667 772 1738 quia
792 1666 968 1723 Filius
995 1667 1094 1722 Dei
1115 1666 1182 1722 de
1209 1668 1318 1722 Deo
1345 1667 1504 1722 Patre
1525 1676 1686 1723 natus

82 1759 198 1819 est;
233 1761 286 1808 et
316 1753 439 1810 ideo
479 1755 546 1810 de
590 1755 803 1810 unitate
832 1755 1170 1823 substantiae,
1219 1763 1272 1811 et
1303 1755 1368 1811 de
1410 1755 1689 1827 majestate

82 1843 313 1899 idetatis
344 1860 519 1900 unum
546 1853 700 1913 sunt,
733 1844 897 1901 sicuti
926 1853 981 1901 et
1007 1845 1272 1900 Jeremias
1301 1845 1684 1917 prophetavit:

1791 680 1858 736 de
1888 698 1952 736 eo
1985 681 2258 754 Propheta
2288 681 2492 738 dixerit
2524 699 2536 737 :
2602 705 2620 730 ι
2663 681 2826 754 Apud
2874 691 2926 738 te
2966 691 3047 739 est
3075 684 3198 740 fons
3224 686 3372 753 vitae,

1791 773 1931 828 etin
1987 773 2196 828 lumine
2243 782 2337 828 tuo
2385 773 2696 828 videbimus
2737 773 2923 829 lumen
2972 775 3145 844 (Psal.
3196 792 3377 844 xxxv,

1795 863 1882 933 10)
1914 881 1927 930 ;
1968 886 1985 910 ι
2032 864 2116 919 vel
2163 863 2442 932 Salomon,
2473 881 2598 920 cum
2629 863 2767 920 dicit
2799 882 2810 919 :
2859 889 2878 912 ε
2925 864 3142 922 Candor
3168 873 3250 921 est
3279 865 3380 920 lu-

1791 951 1870 1007 cis
1913 959 2149 1019 aeternae,
2197 960 2250 1006 et
2294 954 2578 1024 speculum
2626 953 2744 1008 sine
2802 953 3014 1010 macula
3057 955 3157 1010 Dei
3203 955 3382 1026 maje-

1792 1039 1968 1106 statis,
1993 1048 2047 1094 et
2077 1040 2254 1111 imago
2283 1040 2547 1097 bonitatis
2576 1042 2728 1096 illius
2758 1043 2912 1113 (Sap.
2939 1060 3039 1110 vn,
3070 1043 3195 1116 26);
3231 1069 3250 1094 ι
3292 1044 3380 1099 vel

1792 1129 2088 1200 Apostolus
2155 1129 2245 1185 hic
2305 1129 2684 1201 praedicaverit
2745 1131 3083 1188 Salvatorem
3132 1141 3383 1189 nostrum

1795 1219 2089 1291 imaginem
2121 1235 2234 1274 esse
2278 1219 2578 1275 invisibilis
2617 1221 2738 1288 Dei,
2780 1236 2844 1276 eo
2874 1221 3020 1294 quod
3049 1222 3229 1295 imago
3261 1223 3378 1293 (18)

1795 1307 1926 1362 solis
1955 1308 2047 1362 lux
2071 1322 2170 1362 sua
2199 1308 2289 1376 sit,
2310 1325 2429 1381 quas
2451 1309 2516 1365 de
2538 1311 2727 1368 eodem
2745 1313 2858 1368 sole
2878 1311 3123 1385 procedit
3150 1313 3382 1383 (Coloss.

1799 1414 1835 1464 ι,
1871 1397 1981 1465 15).

1868 1502 1972 1558 Sed
2021 1513 2224 1575 quanta
2273 1505 2340 1559 ad
2399 1505 2515 1562 haec
2579 1507 2894 1579 responderi
2947 1513 3204 1579 possunt,
3262 1520 3382 1578 quae

1796 1591 1920 1646 lites
1952 1601 2227 1661 generant,
2284 1592 2429 1662 quod
2477 1596 2773 1664 Apostolus
2802 1595 3057 1670 prohibet
3105 1594 3194 1665 (ΙΙ
3243 1593 3382 1649 Tim.

1797 1695 1858 1746 ιι,
1891 1679 2007 1748 24),
2058 1680 2282 1751 longum
2331 1689 2411 1735 est
2464 1681 2686 1737 dicere:
2747 1683 2947 1754 quippe
2997 1699 3122 1739 cum
3172 1687 3386 1738 constet

1799 1769 1985 1824 lumen
2018 1769 2159 1824 illud
2183 1769 2331 1841 quod
2359 1772 2506 1826 Deus
2538 1778 2640 1839 est,
2683 1771 2965 1841 aestimari,
2995 1767 3383 1843 comprehendi

1798 1866 1852 1913 et
1880 1857 2100 1913 deﬁniri
2130 1875 2240 1914 non
2271 1876 2425 1930 posse
2455 1878 2466 1916 :
2519 1877 2620 1916 nec
2649 1876 2775 1916 vere
2806 1859 3016 1933 aliquid
3051 1877 3121 1915 ex
3151 1859 3238 1914 his
3266 1873 3386 1931 quae

96 1957 115 1978 ε
155 1933 293 2000 Ουίε
324 1933 490 2025 subii
529 1933 588 2025 il}
617 1933 925 1991 ευδεῐᾶηιίὸ
952 1934 1196 2002 Domini,
1237 1934 1528 2025 etAVidebil
1556 1935 1686 1992 Vel"
1725 1965 1772 2025 B
1802 1947 1860 2002 in
1901 1946 2006 2003 hoc
2044 1947 2249 2002 mundo
2297 1956 2444 2016 sunt,
2487 1948 2756 2019 majestati
2801 1948 3004 2004 divinae
3042 1945 3384 2018 comparari;

83 2023 225 2079 bum
268 2023 492 2079 Domini
531 2024 668 2096 (Jer.
719 2041 883 2093 χχιιι,
942 2025 1066 2097 18);
1099 2049 1119 2074 ι
1183 2025 1254 2079 Et
1297 2023 1533 2079 iterum:
1587 2049 1604 2072 ι
1632 2025 1689 2081 Si

85 2114 378 2170 stetissent
406 2113 461 2169 in
514 2113 821 2170 substantia
849 2130 987 2182 mea,
1038 2124 1092 2170 et
1128 2113 1175 2170 si
1209 2113 1489 2169 audissent
1527 2113 1692 2168 verba

87 2221 235 2273 mea,
301 2206 620 2260 avertissem
679 2221 771 2260 eos
815 2205 883 2261 ab
941 2204 1142 2260 studiis
1196 2220 1382 2260 eorum
1444 2202 1692 2274 pessimis

90 2295 262 2365 (Ibid.
297 2293 412 2364 22).
437 2319 453 2340 ι
517 2294 587 2349 Et
615 2293 760 2364 apud
807 2293 1103 2349 Salomon:
1153 2316 1171 2340 ι
1199 2292 1516 2348 Substantia
1553 2307 1690 2358 mea,

89 2382 332 2438 dulcedo
365 2398 483 2438 mea
511 2389 592 2437 est
624 2382 777 2453 (Sap.
809 2398 927 2449 xvr,
965 2381 1078 2452 21).
1117 2401 1144 2433 ››

169 2471 398 2528 CAPUT
430 2472 498 2527 V.
527 2501 597 2511 —
625 2470 764 2527 Cum
803 2486 930 2541 ergo
960 2470 1106 2527 hanc
1133 2470 1402 2527 unitatem
1431 2469 1696 2526 substan-

89 2562 189 2616 tia;
219 2561 278 2615 in
309 2562 468 2616 Patre
516 2568 569 2615 et
601 2559 742 2614 Filio
787 2575 898 2614 non
926 2559 1105 2615 solum
1147 2559 1485 2632 prophetica,
1517 2559 1610 2614 sed
1643 2565 1697 2614 et

91 2650 420 2721 evangelica
464 2649 792 2706 auctoritate
848 2653 995 2710 352
1033 2666 1360 2722 cognoscas;
1423 2647 1697 2721 quomodo

97 2748 246 2803 dicis
287 2748 343 2802 in
393 2746 692 2819 Scripturis
737 2747 948 2803 divinis
975 2752 1244 2828 ὁμοοῦσιον
1291 2761 1401 2799 non
1435 2743 1697 2812 inveniri,

95 2843 259 2918 quasi
298 2842 452 2897 aliud
501 2842 573 2897 sit
602 2849 870 2922 ὁμοούσιον
917 2859 1079 2914 quam
1125 2842 1271 2916 quod
1318 2841 1490 2898 dicit:
1537 2865 1554 2887 ι
1585 2841 1701 2912 Ego

95 2941 168 2997 de
201 2943 314 2996 Deo
341 2941 496 2995 Patre
525 2940 674 2994 exivi
708 2941 890 3012 (Joan.
924 2956 1045 3007 xvr,
1075 2940 1162 3006 27,
1194 2939 1311 3009 28),
1345 2961 1361 2984 ι
1404 2947 1491 2993 et:
1540 2961 1557 2983 ‹
1587 2937 1702 3007 Ego

100 3041 156 3086 et
205 3032 365 3085 Pater
413 3046 586 3084 unum
638 3045 828 3084 sumus
861 3031 1042 3100 (Joan.
1075 3045 1133 3096 x,
1181 3028 1313 3098 30);
1365 3052 1383 3075 ι
1441 3027 1525 3082 vel
1557 3024 1704 3097 quod

100 3121 387 3194 prephetae
419 3137 486 3174 ex
517 3128 704 3192 aperto
736 3119 1097 3175 substantiam
1127 3119 1226 3174 Dei
1258 3117 1585 3173 intimabant
1607 3118 1634 3172 ?

183 3221 309 3274 llmc
346 3225 426 3272 est
454 3226 637 3274 autem
670 3217 913 3273 nominis
941 3219 1100 3286 ratio,
1123 3226 1185 3273 ut
1216 3217 1275 3272 in
1302 3218 1459 3272 Patre
1480 3225 1536 3271 et
1564 3215 1706 3270 Filio

106 3309 382 3364 unitatem
415 3307 736 3362 substantiae
765 3307 972 3375 credas,

106 3405 192 3454 est
229 3397 634 3464 inenarrabilis,
667 3398 896 3452 deﬁnire
937 3414 1048 3452 non
1090 3398 1301 3468 possis;
1341 3403 1402 3451 ut
1448 3397 1563 3450 sive
1612 3397 1708 3450 lu-

107 3504 240 3542 men
275 3487 340 3542 de
376 3485 586 3542 lumine
615 3487 785 3555 dicas,
835 3487 952 3542 sive
981 3486 1212 3541 verbum
1243 3483 1310 3540 de
1353 3484 1542 3552 verbo,
1593 3483 1709 3539 sive

114 3575 378 3647 spiritum
427 3576 494 3630 de
551 3575 770 3645 spiritu,
827 3575 943 3629 sive
986 3573 1275 3629 dominum
1323 3572 1390 3628 de
1438 3572 1705 3640 domino;

107 3665 484 3738 quodcunque
531 3665 596 3718 de
643 3681 707 3719 eo
755 3663 984 3731 dixeris,
1030 3663 1196 3718 unius
1232 3671 1414 3719 tamen
1462 3661 1710 3718 essentia;

108 3756 330 3810 Patrem
375 3763 426 3808 et
459 3753 661 3808 Filium
694 3752 917 3808 credas:
953 3760 1005 3809 et
1030 3752 1095 3808 de
1126 3768 1189 3808 eo
1231 3753 1350 3824 ipso
1378 3752 1520 3826 quod
1554 3753 1712 3807 Pater

108 3855 219 3910 est,
276 3843 479 3897 Filium
532 3841 825 3914 intelligas.
875 3843 1011 3897 Nam
1060 3843 1105 3898 si
1143 3843 1382 3915 aliquam
1436 3856 1712 3913 compara-

111 3935 324 3988 tionem
377 3931 444 3986 de
494 3931 656 3986 rebus
690 3930 775 3985 his
817 3947 937 4003 quae
980 3930 1260 3999 videntur,
1307 3933 1365 3986 in
1411 3945 1475 3987 eo
1521 3931 1710 4000 facias,

110 4022 235 4092 ipsa
267 4019 724 4074 dissimilitudine
763 4035 944 4075 rerum
977 4037 1089 4076 non
1137 4023 1404 4076 rationem
1436 4021 1707 4089 ostendes,

108 4111 210 4167 sed
243 4111 650 4165 altercationem
699 4109 1135 4182 disputationum
1167 4111 1414 4179 induces,
1447 4121 1508 4168 ut
1555 4110 1712 4182 cujus

110 4215 253 4254 voce
301 4199 635 4270 descriptum
685 4208 766 4254 est
800 4199 951 4271 (17);
1001 4223 1018 4248 ‹
1050 4199 1152 4256 Cui
1201 4215 1287 4254 me
1324 4200 1712 4271 comparabitis

113 4291 256 4360 (Isa.
300 4304 452 4354 XLVI,
505 4289 560 4358 5)
588 4289 614 4343 i‘
646 4312 664 4336 ι
708 4290 788 4344 Ac
835 4288 1064 4360 proinde
1106 4290 1252 4344 Deus
1288 4290 1378 4345 cui
1421 4288 1711 4345 assimilari

111 4377 263 4432 nihil
313 4382 509 4445 potest,
571 4375 806 4432 sufﬁciat
854 4377 1026 4446 credi,
1089 4377 1236 4449 quod
1292 4377 1407 4448 ipse
1453 4378 1708 4446 sentitur,

115 4480 288 4540 quem
315 4464 428 4534 ipse
459 4464 608 4520 credi
638 4481 692 4520 se
721 4466 920 4534 voluit,
950 4483 1062 4521 non
1101 4466 1356 4522 indicari.

188 4562 440 4633 Denique
471 4561 517 4617 si
567 4561 634 4618 de
669 4562 772 4618 hoc
815 4563 931 4634 ipso
981 4563 1128 4637 quod
1172 4580 1386 4620 mecum
1417 4564 1709 4635 proﬁteris,

113 4651 184 4710 ad
216 4651 456 4724 aliquam
490 4652 916 4708 similitudinem
938 4654 1074 4709 velis
1105 4654 1162 4709 in
1188 4656 1300 4710 Deo
1329 4655 1597 4723 conferre,
1622 4672 1716 4711 ne-
1742 4681 1792 4739 D

114 4744 234 4800 scio
264 4757 333 4796 an
365 4742 511 4813 quod
554 4742 975 4813 comparaveris,
1023 4744 1196 4814 possis
1225 4744 1538 4815 expressius
1565 4743 1712 4801 deﬁ-

119 4835 282 4888 nire:
321 4839 381 4886 ut
423 4839 550 4903 puta
595 4849 719 4888 cum
751 4833 891 4887 dicis
935 4833 1118 4888 lumen
1156 4849 1225 4889 ex
1270 4834 1500 4901 lumine,
1552 4835 1598 4891 si
1645 4835 1714 4892 ad

118 4920 528 4992 explanandum
580 4920 717 4976 illud
751 4921 1070 4993 scrupulosa
1123 4921 1436 4978 narratione
1480 4923 1710 4995 cogaris,

119 5027 309 5084 quaero
338 5010 615 5082 quomodo
645 5010 830 5066 lumen
874 5027 941 5066 ex
984 5011 1193 5067 lumine
1232 5011 1418 5069 credas
1443 5012 1470 5067 ?
1521 5014 1711 5069 Utrum

119 5102 279 5175 quasi
311 5101 587 5156 lucernam
619 5117 686 5155 ex
717 5101 958 5168 lucerna,
992 5101 1078 5155 vel
1104 5104 1257 5173 quasi
1289 5103 1457 5157 solem
1480 5119 1546 5158 ex
1577 5103 1708 5168 sole;

123 5201 187 5248 ut
216 5200 310 5246 aut
355 5191 492 5245 duas
540 5191 809 5258 lucernas,
855 5197 950 5246 aut
995 5189 1132 5246 duos
1177 5191 1338 5258 soles,
1385 5193 1538 5263 quasi
1575 5195 1714 5249 duos

121 5282 255 5337 deos
304 5279 406 5335 sub
455 5279 559 5336 hoc
607 5279 860 5351 exemplo
901 5279 1171 5336 inducas?
1218 5280 1326 5335 Aut
1367 5281 1711 5352 splendorem

125 5369 356 5425 luminis
386 5369 628 5440 ejusdem
676 5371 930 5437 lucernae,
979 5370 1064 5423 vel
1115 5369 1420 5425 claritatem
1469 5371 1600 5426 solis
1646 5373 1712 5428 de

125 5460 315 5515 eodem
350 5459 461 5514 sole
492 5459 813 5532 fulgentem,
849 5459 1034 5516 lumen
1071 5459 1137 5514 de
1169 5459 1376 5514 lumine
1405 5459 1711 5532 cousignes,

125 5559 188 5606 ut
225 5549 283 5605 in
334 5549 616 5605 matricem
660 5549 886 5605 luminis
922 5547 1098 5605 Patris
1144 5548 1372 5620 ﬁguram
1423 5549 1712 5620 assimiles,

126 5728 520 5878 ptéiQ‘Yigil.
553 5729 685 5790 edit.
718 5730 876 5802 sola.,
919 5731 992 5790 Et
1019 5732 1147 5806 quia
1191 5748 1258 5791 ea:
1295 5751 1412 5791 voce
1445 5733 1544 5791 Dei
1585 5732 1713 5791 scri-

222 5823 274 5862 m
379 5846 396 5863 .

222 5823 274 5862 m
301 5823 396 5863 εει.

1800 2035 1928 2106 quia
1958 2035 2100 2090 nihil
2153 2036 2220 2091 de
2254 2035 2513 2092 omnibus
2554 2036 2674 2092 istis
2719 2052 2838 2109 quae
2867 2036 3127 2092 videntur
3167 2032 3262 2090 aut
3292 2032 3390 2088 di-

1799 2134 2020 2193 cuntur,
2081 2127 2383 2182 secundum
2438 2127 2494 2182 id
2561 2127 2708 2200 quod
2763 2131 2909 2183 Deus
2965 2134 3066 2197 est,
3119 2126 3391 2198 condigna

1801 2214 2168 2269 similitudine
2198 2216 2456 2270 aestimari
2489 2225 2686 2286 potest,
2733 2216 2934 2290 quippe
2973 2233 3100 2273 cum
3132 2217 3265 2288 ipsis
3293 2217 3391 2272 in-

1803 2303 2115 2359 tellectibus
2138 2312 2191 2359 et
2218 2304 2466 2361 sensibus
2500 2303 2674 2375 major
2704 2306 2794 2362 sit.

1875 2411 2003 2467 Ideo
2033 2411 2361 2483 praemonuit
2390 2420 2451 2467 ut
2478 2411 2827 2469 divinitatem
2857 2413 3177 2470 substantia
3201 2413 3391 2470 crede-

1805 2518 1910 2570 res,
1942 2510 1995 2557 et
2025 2515 2215 2558 verum
2266 2501 2467 2556 Filium
2517 2502 2584 2557 de
2629 2517 2760 2558 vero
2806 2503 2962 2560 Patre
2992 2519 3344 2574 cognosceres
3376 2520 3388 2559 :

1806 2592 1873 2648 de
1902 2592 2167 2663 qualitate
2196 2600 2377 2646 autem
2409 2591 2485 2646 rei
2517 2591 2793 2662 requirere
2827 2609 2937 2648 non
2970 2592 3228 2658 deberes;
3267 2591 3396 2664 quia

1807 2683 1965 2754 quale
1995 2689 2088 2736 aut
2119 2688 2384 2752 quantum
2424 2679 2514 2746 sit,
2556 2681 2694 2735 scire
2725 2697 2835 2736 non
2878 2682 3073 2753 possis.
3103 2682 3220 2737 Hoc
3245 2679 3394 2735 enim

1808 2769 2108 2842 prephetae,
2138 2769 2242 2826 hoc
2270 2769 2500 2841 apostoli
2530 2769 2916 2842 praedicarunt.

1882 2887 2108 2945 CAPUT
2140 2889 2233 2944 VI.
2265 2917 2336 2928 —
2365 2888 2612 2960 Denique
2657 2905 2754 2960 pro
2799 2889 2981 2960 captu,
3030 2904 3129 2960 pro
3162 2886 3394 2956 viribus,

1811 2995 1909 3050 pro
1939 2978 2045 3034 fide
2077 2987 2262 3034 nostra
2306 2978 2618 3035 intueamur
2656 2981 2799 3034 Deus
2829 2978 2963 3052 quid
2991 2978 3082 3046 sit,
3114 2986 3168 3034 et
3203 2977 3401 3032 videa-

1813 3085 1937 3123 mus
1966 3083 2033 3122 an
2065 3067 2115 3122 ei
2153 3067 2363 3139 aliquid
2403 3068 2572 3139 possit
2610 3069 2935 3139 comparari.
2977 3067 3133 3124 Certe
3171 3067 3262 3123 hic
3298 3075 3398 3135 est,

1814 3157 1880 3213 de
1927 3174 2034 3230 quo
2091 3163 2144 3212 et
2195 3173 2320 3228 cum
2375 3157 2596 3226 dicitur,
2658 3174 2768 3213 non
2822 3164 3000 3229 potest
3054 3155 3165 3212 dici
3207 3174 3218 3211 :
3275 3173 3401 3212 cum

1815 3247 2136 3313 aestimatur,
2169 3263 2281 3301 non
2312 3253 2487 3317 potest
2527 3246 2786 3302 aestimari
2821 3264 2831 3301 :
2875 3263 3002 3301 cum
3031 3251 3398 3316 comparatur,

1025 3308 1153 3363 hcet
1194 3322 1309 3406 τέω
1357 3322 1550 3406 'Psaf'"
1585 3321 1705 3406 qua
1739 3323 1782 3382 Ο
1817 3351 1927 3389 non
1959 3344 2135 3405 potest
2174 3335 2476 3406 comparari
2514 3352 2524 3388 :
2557 3351 2679 3390 cum
2713 3333 2992 3400 definitur,
3028 3333 3144 3404 ipsa
3171 3349 3268 3387 sua
3297 3331 3404 3386 de-

1819 3423 2070 3478 ﬁnitione
2102 3422 2316 3478 crescit.
2359 3423 2463 3489 Qui
2501 3423 2700 3478 coelum
2731 3439 2898 3476 manu
2927 3439 3024 3478 sua
3047 3420 3243 3491 operit,
3272 3436 3404 3492 pug-

1819 3528 1891 3566 no
1921 3527 2142 3567 omnem
2191 3511 2458 3566 ambitum
2505 3511 2697 3566 mundi
2736 3510 2961 3566 claudit.
3003 3510 3175 3577 Quem
3225 3516 3405 3564 totum

1820 3599 2005 3655 omnia
2031 3599 2306 3667 nesciunt,
2347 3609 2401 3655 et
2427 3599 2720 3654 metuendo
2749 3598 2950 3660 sciunt.
2993 3594 3161 3669 Cujus
3191 3597 3406 3653 nomini

1819 3697 1873 3744 et
1902 3688 2096 3743 virtuti
2128 3688 2426 3744 famulatur
2456 3686 2548 3744 hic
2577 3687 2746 3754 orbis,
2785 3696 2838 3743 et
2866 3687 2982 3758 ipsa
3009 3688 3407 3742 elementorum

1820 3776 1925 3833 sibi
1956 3777 2366 3834 succedentium
2399 3783 2780 3832 momentanea
2804 3773 3132 3831 vicissitudo
3153 3781 3405 3831 testatur.

1819 3866 1960 3924 Vide
2007 3883 2134 3939 ergo
2170 3869 2217 3923 si
2266 3873 2444 3940 potest
2491 3866 2702 3940 aliquid
2746 3883 2860 3924 esse
2907 3867 2998 3924 cui
3041 3867 3212 3939 possit
3253 3868 3410 3922 Pater

1820 3957 2124 4030 comparari
2153 3964 2208 4013 et
2249 3957 2459 4024 Filius;
2503 3956 2633 4031 quia
2658 3956 2785 4013 talis
2814 3964 2895 4013 est
2922 3956 3118 4024 Filius,
3148 3957 3328 4029 qualis
3357 3964 3410 4013 et

1819 4047 2016 4115 Pater;
2059 4063 2170 4103 non
2199 4047 2346 4104 enim
2390 4046 2501 4119 ipse
2530 4063 2587 4104 se
2629 4063 2802 4104 unum
2829 4063 2956 4104 cum
2994 4046 3151 4103 Patre
3181 4046 3408 4116 diceret,

1820 4137 1929 4195 nisi
1955 4138 2120 4194 talem
2151 4153 2228 4206 se,
2269 4136 2449 4211 qualis
2478 4146 2559 4194 est
2588 4137 2766 4206 Pater,
2796 4138 2981 4195 sciret.

1891 4263 2049 4320 Ratio
2075 4261 2323 4334 quaedam
2357 4267 2459 4328 est,
2490 4275 2610 4332 quae
2646 4260 2792 4334 apud
2821 4260 3041 4318 Graecos
3068 4266 3220 4342 λόγος
3256 4274 3411 4315 nun-

1820 4373 2070 4438 cupatur,
2103 4381 2222 4438 quae
2267 4364 2411 4422 inter
2438 4365 2654 4422 Patrem
2703 4371 2758 4420 et
2805 4362 3007 4420 Filium
3037 4379 3294 4434 personas
3322 4362 3410 4417 vel

1763 4521 1767 4526 ,
1820 4455 2090 4511 vocabula
2116 4453 2409 4526 distinguit
2436 4473 2449 4521 ;
2491 4455 2622 4527 quia
2654 4462 2708 4511 et
2736 4454 2852 4526 ipse
2885 4452 3062 4508 Filius
3090 4451 3230 4507 ratio
3260 4449 3414 4506 dici-

1822 4555 1930 4602 tur.
1972 4545 2103 4613 Quae
2127 4553 2309 4601 tamen
2340 4543 2480 4600 ratio
2505 4544 2696 4600 multis
2716 4543 3038 4598 nominibus
3066 4541 3371 4612 appellatur
3394 4553 3406 4593 :

1823 4634 1986 4690 modo
2015 4633 2265 4702 verbum,
2298 4633 2463 4690 modo
2494 4633 2690 4701 virtus,
2733 4631 2897 4687 modo
2925 4629 3212 4701 sapientia,
3247 4625 3410 4682 modo

1820 4723 2064 4792 dextera,
2117 4722 2282 4779 modo
2324 4721 2633 4789 brachium,
2681 4718 2844 4775 modo
2895 4717 3208 4790 margarita,
3243 4717 3409 4771 modo

1821 4811 2130 4880 thesaurus,
2164 4811 2328 4868 modo
2368 4812 2526 4878 retia,
2560 4808 2723 4866 modo
2771 4815 3034 4874 aratrum,
3068 4803 3233 4860 modo
3263 4804 3407 4873 fons,

1822 4901 1988 4956 modo
2033 4908 2205 4973 petra,
2254 4901 2416 4956 modo
2471 4900 2608 4970 lapis
2653 4895 2953 4968 angularis,
3007 4893 3170 4949 modo
3215 4909 3410 4965 agnus,

1823 4990 1989 5047 modo
2014 4991 2203 5056 homo,
2229 4989 2392 5045 modo
2408 4987 2671 5055 virtulus,
2694 4985 2858 5040 modo
2888 4983 3092 5056 aquila,
3120 4983 3284 5038 modo
3303 4984 3409 5049 leo,

1823 5079 1986 5135 modo
2015 5079 2127 5148 via,
2161 5079 2325 5134 modo
2355 5077 2577 5144 veritas,
2611 5075 2774 5130 modo
2804 5075 2937 5130 vita.
2981 5073 3052 5128 Et
3081 5073 3154 5128 ita
3183 5089 3308 5130 cum
3339 5071 3412 5128 sit

1820 5169 1966 5224 Deus
1999 5168 2184 5223 omnia
2229 5167 2287 5222 in
2326 5165 2604 5234 omnibus,
2636 5172 2697 5220 ut
2744 5180 2840 5237 per
2869 5163 2985 5220 haec
3022 5161 3289 5217 vocabula
3314 5159 3410 5216 di-

1823 5258 2078 5313 vinarum
2143 5257 2568 5330 dispositionum
2644 5253 2908 5328 mysteria
2967 5259 3363 5326 cognoscantur
3392 5292 3408 5318 ,

1821 5365 1933 5404 non
1991 5355 2051 5403 ut
2104 5349 2222 5420 ipsa
2275 5346 2530 5420 majestas
2585 5346 2715 5402 Filii
2763 5344 2862 5401 Dei
2920 5343 3139 5416 proprie
3184 5340 3411 5396 definita

1821 5443 2176 5492 monstretur.

1892 5543 2035 5611 Quid
2064 5553 2144 5601 est
2168 5543 2314 5600 enim
2345 5541 2522 5599 Filius
2550 5540 2618 5597 de
2647 5555 2711 5596 eo
2731 5537 2878 5612 quod
2906 5538 3065 5594 Pater
3087 5545 3170 5593 est
3189 5536 3217 5593 ‘i'
3251 5535 3412 5592 Alius

1891 5732 2014 5804 (18)
2055 5733 2335 5804 Voxrsolts
2373 5730 2430 5804 in
2468 5729 2602 5804 edit.
2635 5727 2993 5804 desideratur,
3028 5740 3250 5804 quamne
3283 5722 3410 5781 cod.

1822 5796 1959 5862 Tell.
1992 5796 2356 5873 restituimus,
2378 5801 2681 5874 integritati
2709 5815 2901 5858 sensus
2920 5813 3033 5856 non
3044 5796 3339 5855 inutilem.
