3972 6400
521 417 629 475 591

1513 425 1608 481 AD
1645 423 1880 482 OPERA
1917 423 1972 480 S.
2013 423 2348 483 AMBROSII
2385 423 2766 481 APPENDIX.

3722 426 3842 487 592

519 551 687 609 idem.
725 551 864 610 Nam
909 560 963 644 et
1011 552 1082 611 ob
1121 551 1228 612 hoc
1277 553 1521 614 Verbum
1571 559 1686 632 (19)
1733 563 2104 630 nuncupatur,
2135 559 2191 621 Α
2222 558 2368 613 Deus
2395 565 2476 614 est
2498 559 2677 628 Pater,
2697 583 2716 608 ι
2749 558 3120 630 utApostolus
3141 556 3311 628 dixit,
3347 583 3366 609 ι
3389 575 3460 617 ex
3480 576 3592 634 quo
3614 565 3835 644 omnia,

519 642 651 716 quia
678 658 746 699 ex
777 642 1000 716 proprio
1028 648 1172 707 353
1202 652 1395 711 divino
1425 672 1517 712 ore
1547 656 1830 728 processit,
1863 664 1916 713 et
1963 655 2110 712 nihil

519 739 682 798 Pater
710 739 828 798 sine
855 756 920 798 eo
965 748 1059 798 aut
1093 739 1281 814 jussit,
1313 752 1408 800 aut
1450 745 1600 802 fecit.
1643 746 1839 803 Virtus
1885 745 2107 814 dicitur,

519 830 650 902 quia
676 845 803 886 vere
831 829 899 887 de
927 831 1042 887 Deo
1080 838 1133 887 et
1171 849 1383 905 semper
1411 850 1536 890 cum
1575 836 1686 891 Deo
1715 842 1818 903 est,
1850 841 1903 890 et
1932 835 2112 891 omnis

517 925 756 991 potestas
783 919 959 976 Patris
990 920 1049 976 in
1089 919 1208 993 ipso
1237 922 1509 978 consistit.
1553 923 1832 996 Sapientia
1860 924 2113 996 appella—

520 1013 629 1076 tur,
663 1007 792 1080 quia
834 1007 900 1065 de
934 1009 1096 1066 corde
1126 1010 1302 1066 Patris
1341 1010 1659 1081 adveniens,
1699 1029 1898 1070 arcana
1939 1013 2112 1068 coele—

517 1097 623 1154 stia
677 1097 1028 1156 credentibus
1092 1103 1372 1158 reseravit.
1435 1105 1672 1160 Dextera
1737 1111 2107 1176 nuncupatur,

517 1189 648 1262 quia
692 1205 790 1262 per
834 1206 960 1246 eum
999 1191 1186 1248 omnia
1227 1209 1390 1265 opera
1431 1193 1622 1250 divina
1673 1195 1914 1267 perfecta
1959 1201 2106 1250 sunt.

516 1276 815 1336 Brachium
848 1280 1074 1351 dicitur,
1105 1282 1236 1355 quia
1269 1283 1336 1339 ab
1367 1285 1487 1356 ipso
1519 1284 1707 1340 omnia
1735 1285 2106 1343 continentur.

515 1367 808 1441 Margarita
837 1371 1162 1442 appellatur,
1194 1379 1256 1429 ut
1285 1372 1428 1428 nihil
1460 1374 1558 1430 illo
1584 1374 1878 1446 pretiosius
1902 1373 2111 1430 habea—

517 1465 629 1515 tur.
671 1457 984 1517 Thesaurus
1025 1459 1252 1527 dicitur,
1301 1471 1362 1518 ut
1400 1462 1460 1517 in
1501 1463 1621 1534 ipso
1663 1480 1853 1520 omnes
1899 1479 2028 1535 opes
2058 1472 2113 1520 et

517 1546 730 1604 divitia
771 1563 1064 1621 regnorum
1109 1549 1417 1606 cmiestium
1461 1550 1694 1606 conditae
1725 1559 2107 1623 agnoscantur.

516 1637 676 1694 Retia
706 1636 930 1706 dicitur,
979 1637 1109 1710 quia
1152 1654 1248 1710 per
1295 1639 1476 1711 ipsum
1518 1648 1572 1696 et
1604 1641 1663 1696 in
1714 1641 1832 1714 ipso
1864 1640 1931 1696 de
1972 1641 2111 1697 mari

518 1726 708 1784 saeculi
738 1726 956 1783 diversa
985 1727 1232 1798 gentium
1258 1729 1560 1786 multitudo
1582 1730 1726 1786 sicut
1753 1731 1986 1803 piscium
2017 1747 2114 1803 per

518 1831 715 1888 aquam
766 1815 1114 1888 baptismatis
1159 1815 1220 1873 in
1269 1819 1521 1876 Ecclesia
1577 1828 1957 1893 congregatur,
2014 1820 2112 1876 ubi

517 1906 792 1963 bonorum
837 1908 1220 1980 malorumque
1251 1907 1548 1966 discrimen
1587 1913 1924 1983 agnoscitur.
1965 1913 2113 1968 Ara-

518 2001 668 2052 trum
714 2003 1082 2068 nuncupatur,
1117 1997 1250 2069 quia
1290 1999 1446 2070 signo
1483 2000 1664 2057 crucis
1701 2018 1812 2057 suae
1850 2000 1986 2058 dura
2014 2017 2119 2074 pe-

520 2091 673 2143 ctora
716 2085 1105 2156 subjiciuntur,
1155 2094 1217 2142 ut
1263 2088 1567 2144 necessario
1596 2090 1794 2145 semini
1832 2090 1948 2162 ipsa
1997 2091 2115 2163 (20)

521 2181 920 2247 praeparentur.
957 2175 1102 2230 Fons
1131 2191 1284 2248 aquae
1333 2177 1476 2232 vivae
1515 2180 1842 2250 appellatur,
1891 2179 2019 2252 quia
2047 2195 2117 2234 ex

523 2278 589 2320 eo
619 2262 864 2319 sitientia
908 2264 1075 2320 corda
1119 2264 1355 2320 caelestis
1399 2282 1552 2338 aqua:
1596 2268 1767 2339 gratia
1795 2269 2112 2340 irrigantur.

521 2354 683 2411 Petra
711 2354 938 2422 dicitur,
970 2353 1098 2425 quia
1123 2352 1475 2411 credentibus
1505 2356 1912 2423 fortitudinem,
1943 2358 2115 2414 incre-

523 2442 672 2500 dulis
690 2442 950 2500 duritiam
975 2450 1213 2514 prastat.
1255 2443 1416 2515 Lapis
1440 2446 1716 2517 angularis
1738 2446 1963 2514 dicitur,
1988 2446 2117 2520 quia

522 2539 784 2605 utrosque
822 2530 1056 2604 parietes
1093 2528 1235 2587 Novi
1266 2538 1319 2586 et
1348 2531 1562 2588 Veteris
1605 2533 1939 2589 Testamenti
1971 2551 2115 2590 unus

522 2628 578 2676 et
606 2619 875 2676 mediator
897 2619 955 2674 in
985 2619 1275 2690 semetipso
1297 2620 1586 2678 continens
1607 2622 1906 2694 copulavit.
1925 2627 2115 2694 Agnus

525 2708 751 2778 dicitur,
784 2716 847 2765 ut
886 2708 1203 2766 innocentia
1232 2708 1438 2767 Christi
1478 2720 1531 2768 et
1573 2712 1752 2784 passio
1781 2711 2114 2770 demonstre-

521 2805 635 2857 tur.
678 2799 856 2855 Homo
883 2797 1109 2868 dicitur,
1150 2799 1279 2872 quia
1307 2799 1609 2856 secundum
1645 2817 1862 2857 carnem
1894 2811 2116 2875 propter

521 2906 626 2948 nos
641 2889 895 2946 homines
915 2887 1070 2945 nasci
1093 2888 1351 2962 dignatus
1363 2898 1463 2946 est.
1497 2889 1722 2947 Vitulus
1739 2891 1962 2961 dicitur,
1985 2894 2114 2966 quia

523 2988 747 3054 propter
767 2987 1010 3036 nostram
1037 2980 1270 3035 salutem
1299 2981 1412 3052 pati
1435 2980 1718 3038 sustinuit.
1763 2981 1964 3054 Aquila
1979 2982 2112 3039 dici-

524 3074 639 3136 tur,
672 3068 801 3141 quia
841 3073 962 3140 post
995 3067 1364 3123 venerabilem
1396 3069 1874 3137 resurrectionem,
1911 3077 1973 3124 ut
2015 3088 2112 3128 rex

525 3159 721 3218 alitum
775 3155 843 3212 ad
889 3156 1064 3221 Patris
1093 3157 1339 3228 pervolat
1386 3157 1569 3213 sedem
1613 3158 1755 3230 (21).
1795 3157 1903 3213 Leo
1933 3159 2113 3217 dictus

521 3259 624 3319 est,
655 3247 785 3322 quia
821 3245 939 3320 ipse
967 3253 1049 3304 est
1077 3263 1175 3303 rex
1213 3261 1423 3318 regum,
1456 3245 1552 3320 qui
1583 3255 1816 3304 mortem
1845 3264 1907 3305 ac
1935 3248 2112 3304 zabu—

519 3341 635 3396 lum
661 3337 886 3394 virtutis
913 3353 1024 3395 sua;
1047 3342 1317 3409 potestate
1337 3337 1686 3395 comminuit.
1730 3337 1835 3395 Via
1859 3346 1961 3404 est,
1985 3337 2114 3412 quia

517 3446 614 3505 per
641 3429 820 3502 ipsum
863 3443 1119 3485 ascensus
1167 3433 1267 3482 est.
1313 3425 1552 3495 Veritas,
1593 3427 1722 3501 quia
1762 3425 2111 3485 mendacium

516 3517 708 3578 nescit.
740 3518 871 3576 Vita
899 3525 1002 3587 est,
1033 3518 1162 3591 quia
1190 3517 1306 3589 ipse
1334 3515 1594 3572 universa
1622 3516 1892 3575 viviﬁcat.

587 3609 759 3668 Vides
779 3626 906 3683 ergo
927 3625 1022 3681 per
1043 3608 1163 3664 haec
1188 3606 1455 3664 vocabula
1477 3606 1521 3664 si
1529 3607 1917 3680 gnificationes
1937 3614 1990 3664 et
2004 3607 2115 3665 dis-

517 3699 858 3770 positionum
883 3705 937 3752 et
964 3713 1188 3768 operum
1220 3696 1539 3752 divinorum
1569 3707 1927 3768 praeostensas
1951 3716 1963 3753 :
2001 3714 2114 3753 non

517 3795 700 3843 tamen
751 3786 931 3858 ipsum
976 3787 1152 3840 Deum
1201 3785 1420 3857 proprie
1471 3783 1811 3841 deﬁnitum?
1848 3787 1946 3841 Est
1986 3803 2113 3858 ergo

519 3876 678 3932 Pater
703 3877 848 3932 Deus
875 3875 1198 3943 immensus,
1225 3883 1480 3943 mternus,
1512 3875 2110 3947 incomprehensibilis,

518 3963 940 4021 inaestimabilis.
982 3964 1082 4019 Est
1123 3971 1178 4019 et
1220 3963 1394 4019 Filius
1423 3962 1540 4034 ejus
1584 3966 1730 4020 Deus
1761 3971 1814 4021 et
1843 3965 2114 4021 Dominus

518 4059 724 4121 noster,
760 4059 968 4121 tantus,
999 4059 1236 4124 quantus
1279 4059 1361 4108 est
1409 4060 1463 4108 et
1491 4053 1650 4109 Pater
1680 4071 1692 4108 :
1741 4051 1835 4108 sed
1876 4069 1987 4108 non
2017 4052 2115 4108 ali-

517 4141 665 4198 unde
691 4157 857 4214 quam
887 4140 955 4198 do
983 4139 1142 4197 Patre
1174 4157 1188 4198 :
1238 4164 1258 4191 ι
1291 4139 1431 4207 Quia
1457 4157 1577 4213 ego,
1607 4142 1810 4215 inquit,
1860 4141 1927 4197 de
1957 4143 2114 4198 Patre

519 4231 672 4288 exivi
725 4230 907 4303 (Joan.
957 4243 1078 4302 xvr,
1127 4227 1244 4304 28),
1278 4256 1297 4281 ι
1366 4229 1472 4287 hoc
1517 4237 1600 4286 est
1655 4231 1847 4288 lumen
1904 4231 1972 4287 de
2019 4232 2116 4288 lu-

520 4324 690 4380 mine.

593 4411 822 4470 CAPUT
842 4409 965 4471 VII.
991 4439 1062 4451 —
1088 4407 1194 4465 Sed
1219 4425 1288 4465 ne
1316 4425 1382 4466 ex
1408 4424 1472 4465 eo
1500 4409 1841 4467 occasionem
1871 4412 2115 4485 aliquam

522 4499 816 4559 haereticus
843 4499 1042 4572 capiat,
1075 4515 1200 4556 cum
1237 4498 1348 4555 duo
1373 4498 1622 4568 nomina,
1653 4500 1739 4555 vel
1770 4500 1905 4558 duas
1934 4518 2114 4574 perso-

524 4607 643 4660 nas,
674 4589 732 4646 id
761 4598 863 4659 est,
885 4589 1062 4645 Patri:
1078 4596 1132 4644 et
1159 4588 1289 4644 Filii
1320 4595 1520 4658 statuo,
1545 4590 1699 4662 quasi
1722 4590 1860 4648 duos
1887 4592 2018 4648 deos
2034 4593 2115 4649 di-

2220 653 2275 702 et
2315 663 2416 703 nos
2444 663 2513 703 ex
2557 647 2715 719 ipso:
2755 654 2808 704 et
2848 664 2991 704 unus
3028 649 3300 706 Dominus
3342 651 3502 708 Jesus
3543 651 3839 716 Christus,

2219 737 2364 792 Deus
2384 737 2483 793 Dei
2506 738 2700 806 Filius,
2743 760 2761 784 ι
2784 754 2880 810 per
2893 755 3054 812 quem
3085 741 3294 811 omnia,
3327 749 3379 798 et
3398 758 3498 798 nos
3517 758 3617 814 per
3646 743 3838 815 ipsum

2225 827 2277 897 (1
2312 826 2436 882 Cor.
2471 844 2591 895 vm,
2626 827 2704 898 6).
2730 853 2749 876 ι

2289 917 2428 973 Nam
2455 935 2552 990 per
2567 918 2677 974 duo
2704 917 2838 991 quid
2859 918 3012 974 aliud
3036 919 3388 993 intelligitur,
3407 938 3570 996 quam
3589 923 3835 980 duorum

2221 1023 2318 1080 per
2372 1015 2558 1082 partes
2617 1007 2798 1064 divisa
2849 1008 3180 1079 substantia,
3230 1019 3284 1067 et
3330 1030 3456 1070 cum
3505 1012 3836 1070 nominibus

2223 1097 2358 1169 ipsis
2387 1097 2680 1155 dissociata
2717 1097 2834 1170 (22)
2890 1106 3086 1156 natura
3123 1101 3319 1175 agendi
3356 1119 3418 1158 ac
3451 1101 3685 1174 jubendi
3715 1111 3835 1159 tam

2220 1187 2502 1256 voluntas,
2535 1202 2700 1260 quam
2729 1188 2962 1258 imperia
2989 1188 3167 1246 divisa
3191 1190 3219 1247 ‘i’
3247 1190 3415 1248 Porro
3443 1192 3604 1250 Pater
3631 1207 3698 1248 ac
3728 1192 3836 1248 Fi-

2221 1277 2330 1332 lius
2362 1275 2462 1331 etsi
2509 1275 2632 1332 duas
2678 1292 2923 1348 personae
2953 1277 3278 1347 creduntur,
3316 1278 3528 1336 ratione
3557 1289 3748 1336 tamen
3780 1289 3836 1338 et

2219 1364 2529 1421 substantia
2573 1382 2748 1421 unum
2806 1374 2954 1422 sunt.
3004 1368 3141 1424 Nam
3187 1368 3543 1443 inaequalium
3597 1369 3836 1426 societas

2223 1455 2467 1512 melioris
2497 1455 2704 1512 offensa
2731 1464 2830 1523 est,
2863 1464 2917 1512 et
2954 1456 3013 1512 in
3054 1456 3318 1528 injuriam
3359 1458 3499 1531 ejus,
3531 1460 3626 1532 qui
3664 1475 3836 1517 verus

2220 1545 2366 1601 Deus
2405 1551 2512 1613 est,
2551 1561 2662 1601 non
2706 1561 2870 1602 verus
2897 1546 3040 1602 alius
3071 1557 3440 1619 comparatur.
3474 1548 3612 1605 Cum
3643 1555 3833 1607 autem

2219 1649 2319 1705 ego
2347 1633 2562 1690 Patrem
2591 1642 2646 1690 et
2683 1633 2889 1690 Filium
2919 1641 3122 1703 statuo,
3163 1637 3432 1693 unitatem
3455 1636 3675 1710 generis
3699 1637 3833 1694 assi-

2223 1739 2328 1795 gno
2360 1741 2370 1780 :
2406 1732 2461 1780 et
2499 1723 2544 1778 si
2576 1723 2727 1780 illam
2757 1723 2814 1778 in
2844 1725 3092 1796 personis
3121 1724 3335 1794 divido,
3366 1725 3735 1784 discretiones
3754 1734 3833 1783 ta-

2227 1829 2354 1870 men
2389 1829 2745 1885 personarum
2776 1829 2965 1869 rursus
2995 1813 3180 1870 eadem
3213 1815 3441 1872 nomina
3470 1816 3530 1871 in
3559 1814 3832 1873 unitatem

2149 1929 2196 1990 B
2224 1903 2310 1960 sui
2339 1903 2580 1959 naturali
2602 1902 2736 1975 legis
2763 1903 2967 1959 fcedere
2994 1904 3342 1975 consignant.

2301 1992 2456 2048 Unde
2484 1998 2538 2048 et
2557 1999 2742 2048 tantus
2761 2000 2842 2048 est
2861 1993 3054 2061 Filius,
3083 2001 3319 2066 quantus
3347 1993 3632 2051 videbitur
3645 1993 3831 2065 Pater,

2228 2088 2378 2136 totus
2408 2079 2475 2134 de
2503 2087 2640 2147 toto,
2675 2081 2884 2153 integer
2911 2081 2979 2138 de
3013 2081 3246 2154 integro,
3279 2081 3553 2154 perfectus
3582 2083 3651 2140 de
3689 2099 3831 2155 per—

2229 2171 2372 2228 fecta
2399 2180 2886 2244 consummataque
2908 2172 3134 2241 virtute,
3157 2174 3301 2229 sicut
3321 2174 3619 2244 Apostolus
3647 2173 3792 2231 dicit
3816 2194 3830 2233 :

2242 2283 2260 2309 ‹
2283 2263 2345 2318 In
2367 2277 2476 2334 quo
2503 2262 2683 2319 omnis
2711 2260 3001 2336 plenitudo
3030 2261 3345 2319 divinitatis
3365 2263 3836 2336 corporaliterha-

2226 2351 2367 2407 bitat
2398 2352 2627 2422 (Coloss.
2682 2369 2742 2420 II,
2795 2352 2870 2416 9).
2915 2376 2934 2401 ι
2983 2352 3118 2408 Nam
3169 2359 3224 2407 et
3275 2352 3535 2409 Jeremias
3583 2355 3706 2426 (23)
3749 2371 3836 2413 re-

2227 2441 2576 2512 ceptissimus
2604 2440 3016 2512 prophetarum,
3051 2439 3194 2496 hanc
3221 2441 3487 2498 unitatem
3509 2443 3836 2501 divinitatis

2227 2531 2285 2586 in
2322 2532 2480 2588 Patre
2510 2541 2564 2588 et
2602 2532 2745 2587 Filio
2774 2532 2950 2589 sciens
2989 2532 3100 2588 ait:
3151 2555 3169 2581 ι
3200 2533 3302 2590 Hic
3327 2541 3408 2588 est
3432 2535 3574 2588 Deus
3610 2541 3836 2602 noster,

2227 2627 2280 2675 et
2291 2636 2401 2675 non
2424 2619 2783 2692 deputabitur
2803 2620 2946 2677 alius
2964 2620 3167 2694 absque
3183 2622 3282 2678 illo
3306 2640 3318 2677 :
3343 2620 3435 2694 qui
3463 2620 3687 2678 invenit
3707 2639 3834 2680 om-

2224 2724 2350 2764 nem
2387 2709 2532 2764 viam
2565 2709 2892 2781 prudentiae,
2924 2716 2978 2764 et
3007 2708 3160 2766 dedit
3179 2726 3298 2766 eam
3327 2709 3492 2766 Iacob
3510 2726 3683 2782 puero
3703 2727 3832 2782 suo,

2226 2805 2280 2853 et
2308 2798 2473 2853 Israel
2505 2797 2708 2854 dilecto
2759 2814 2879 2854 suo.
2921 2799 3051 2854 Post
3091 2797 3210 2854 haec
3242 2799 3301 2854 in
3334 2798 3491 2856 terris
3533 2799 3688 2856 visus
3720 2809 3829 2871 est,

2226 2894 2279 2941 et
2307 2903 2433 2942 cum
2464 2885 2787 2943 hominibus
2833 2896 3191 2945 conversatus
3219 2894 3301 2944 est
3331 2888 3568 2961 (Βαναοὴ
3615 2906 3700 2958 III,
3733 2889 3827 2959 33,

2224 2974 2339 3047 36).
2400 2999 2419 3025 ›
2496 2977 2568 3031 Et
2625 2975 2790 3032 Isaias
2855 2977 2961 3034 hoc
3016 2976 3196 3049 ipsum
3257 2975 3521 3049 praedicat
3589 2977 3825 3033 dicens:

2239 3088 2258 3112 ι
2288 3065 2414 3121 Ηωο
2454 3063 2593 3120 dicit
2620 3065 2892 3122 Dominus
2933 3068 3115 3123 Deus:
3156 3065 3382 3138 fatigata
3419 3074 3500 3123 est
3523 3067 3826 3139 ngyptus,

2224 3161 2278 3208 et
2307 3153 2608 3224 negotiatio
2637 3154 2987 3227 IEthiopum,
3019 3163 3072 3211 et
3115 3156 3334 3226 Sabain,
3382 3159 3490 3214 viri
3521 3157 3727 3214 excelsi
3757 3155 3828 3213 ad

2225 3247 2278 3296 te
2301 3243 2591 3309 transient,
2621 3243 2707 3298 tui
2735 3251 2897 3299 erunt
2935 3245 3102 3313 servi,
3134 3253 3187 3300 et
3219 3255 3341 3317 post
3378 3255 3431 3303 te
3463 3245 3830 3302 ambulabunt

2222 3330 2398 3386 vincti
2430 3331 2808 3402 compedibus,
2847 3339 2900 3388 et
2947 3341 3001 3388 te
3053 3333 3517 3406 deprecabuntur;
3560 3333 3827 3409 quoniam

2227 3419 2284 3474 in
2316 3426 2369 3475 te
2401 3421 2545 3476 Deus
2574 3427 2675 3487 est,
2704 3427 2756 3475 et
2789 3437 2900 3476 non
2931 3429 3012 3478 est
3039 3422 3181 3478 alius
3218 3424 3364 3478 Deus
3414 3434 3615 3496 prater
3643 3433 3728 3483 te:
3760 3434 3824 3483 tu

2223 3525 2280 3566 es
2310 3509 2458 3564 enim
2488 3511 2632 3565 Deus
2668 3512 2801 3577 (Isa.
2827 3527 2945 3578 xxv,
2973 3511 3091 3583 14).
3133 3537 3152 3561 ι

2302 3606 2448 3662 354
2475 3599 2631 3667 Quod
2657 3614 2726 3652 ne
2755 3608 2913 3670 putes
2945 3616 3030 3655 me
3051 3616 3116 3655 eo
3139 3599 3434 3672 supercilio
3455 3599 3685 3670 dixisse,
3717 3618 3828 3675 quo

2223 3695 2493 3752 Sabellius
2525 3698 2717 3766 fertur,
2752 3699 2845 3770 qui
2892 3699 3071 3771 ipsum
3111 3700 3348 3769 Patrem,
3406 3699 3587 3772 ipsum
3620 3699 3829 3755 Filium

2223 3787 2536 3859 profitetur,
2570 3804 2679 3841 non
2729 3787 2804 3842 ita
2846 3804 2946 3843 nos
2978 3797 3152 3844 totum
3185 3789 3241 3844 in
3282 3806 3448 3845 unam
3490 3788 3827 3847 sententiam

2227 3877 2495 3948 cogimus,
2527 3884 2588 3931 ut
2617 3877 2850 3932 aliorum
2884 3877 3269 3934 haereticorum
3300 3879 3493 3935 fraude
3520 3879 3826 3952 capiamur.

2225 3964 2332 4023 Sed
2368 3965 2497 4038 quia
2526 3965 2582 4020 in
2613 3965 2732 4036 ipso
2762 3965 2986 4022 nomine
3016 3985 3369 4038 personarum
3400 3969 3700 4025 auctoritas
3730 3969 3831 4023 in-

2223 4055 2463 4111 discreta
2488 4056 2858 4126 cognoscitur,
2877 4065 2930 4112 et
2947 4056 3119 4112 Filius
3134 4073 3245 4112 non
3272 4073 3489 4128 genere,
3519 4057 3612 4113 sed
3644 4073 3831 4129 perso-

2225 4146 2426 4200 naliter
2472 4161 2502 4200 a
2558 4146 2715 4200 Patre
2763 4147 3115 4214 nominatur;
3161 4147 3395 4221 proinde
3440 4155 3620 4203 totum
3673 4147 3831 4202 Patri

2225 4235 2575 4299 ascribimus,
2609 4235 2755 4308 quod
2797 4243 2878 4292 est
2909 4236 3126 4305 Filius;
3157 4247 3211 4293 et
3251 4245 3429 4293 totum
3473 4237 3638 4305 Filio,
3679 4237 3831 4309 quod

2224 4324 2385 4380 Pater
2415 4331 2514 4382 est.
2544 4324 2695 4380 Nihil
2719 4342 2830 4380 non
2860 4326 3142 4384 videbitur
3161 4325 3358 4392 Patris,
3387 4327 3536 4400 quod
3551 4326 3830 4399 judicabi-

2223 4420 2317 4469 tur
2362 4413 2523 4470 Filii:
2579 4432 2680 4472 nec
2721 4417 2874 4484 Filii,
2915 4417 3062 4490 quod
3104 4416 3422 4472 defenditur
3467 4416 3666 4484 Patris,
3700 4417 3833 4490 quia

2223 4503 2406 4560 unitas
2450 4503 2753 4576 majestatis
2799 4523 2907 4562 non
2958 4507 3092 4562 sinit
3141 4506 3271 4563 deos
3319 4506 3523 4578 plurali
3555 4505 3832 4563 vocabulo

2227 4592 2528 4663 appellari:
2582 4594 2782 4666 quippe
2843 4611 2968 4652 cum
3019 4603 3230 4651 constet
3253 4595 3466 4650 Patrem
3518 4603 3572 4650 et
3620 4593 3832 4651 Filium

525 4659 748 4748 carn,ut
769 4678 852 4734 illi
872 4678 1089 4735 duosex
1104 4677 1422 4736 diversitate
1443 4659 1764 4752 confingunt
1783 4698 1796 4736 :
1816 4697 1917 4738 nos
1935 4689 2117 4738 autem
2145 4659 2196 4718 D
2229 4659 2394 4736 unius
2425 4697 2542 4738 esse
2571 4659 2916 4754 substantiae,
2953 4684 3098 4740 unde
3128 4692 3358 4758 uterque
3386 4700 3529 4739 unus
3567 4684 3718 4739 Deus
3751 4688 3837 4740 est

527 4772 744 4828 Patrem
774 4780 828 4827 et
856 4769 1062 4826 Filium
1091 4770 1169 4826 ita
1184 4771 1556 4841 nominamus,
1587 4780 1649 4827 ut
1674 4789 1848 4829 unum
1869 4776 2044 4831 Deum
2061 4775 2121 4832 in

529 4858 620 4915 his
637 4861 884 4932 personis
897 4869 952 4917 et
967 4860 1288 4918 nominibus
1304 4861 1708 4934 consignemus.
1729 4863 1984 4921 Viderint
2004 4865 2122 4937 phi-

532 4947 775 5019 losophi,
799 4949 1045 5007 viderint
1069 4948 1315 5008 baretici
1337 4950 1596 5023 discipuli
1619 4967 1828 5019 eorum,
1853 4953 1947 5026 qui
1977 4961 2126 5025 pote-

533 5041 736 5092 statum
783 5036 1100 5097 diversitate
1129 5039 1414 5098 variantur
1443 5057 1457 5100 :
1502 5064 1522 5090 ι
1549 5039 1720 5100 Nobis
1756 5048 1940 5098 tamen
1984 5059 2128 5100 unus

611 5233 728 5306 (l9)
759 5232 952 5306 Ambr.
999 5234 1158 5304 edit.,
1204 5237 1346 5294 Nam
1391 5245 1440 5294 et
1481 5239 1574 5295 hoc
1628 5240 1888 5299 Verbum:
1927 5242 2130 5299 meliuc

537 5303 715 5379 Vigil.
741 5315 795 5364 et
823 5305 998 5363 codex
1028 5303 1190 5377 Tell.,
1210 5309 1350 5367 Nam
1375 5317 1421 5366 et
1447 5311 1508 5366 ob
1541 5313 1654 5382 hoc,
1683 5312 1740 5368 id
1761 5321 1863 5380 est,
1894 5314 1963 5370 ob
1993 5315 2130 5371 haus

538 5395 651 5435 rem
709 5396 738 5434 e
803 5422 814 5434 .

613 5388 913 5576 (2’0)t?3dit.
957 5449 1146 5519 Amb.,
1193 5457 1252 5505 ut
1290 5453 1648 5510 necessariam
1676 5455 1733 5510 in
1762 5455 1920 5576 ipsa;
1957 5458 2130 5515 codex

539 5520 614 5576 Te
640 5523 702 5576 1..
751 5529 813 5576 ut
854 5523 1151 5576 necessaria
1197 5522 1255 5576 in
1301 5525 1465 5576 inm:
1509 5527 1716 5576 ontime
1817 5528 1932 5576 iail-
1974 5539 2036 5576 ut
2073 5530 2128 5576 in

539 5520 719 5648 geli,
751 5529 813 5578 ut
854 5523 1151 5579 necessaria
1197 5522 1255 5578 in
1301 5525 1465 5597 ipsa:
1509 5527 1716 5598 optime
1763 5520 1933 5600 Vigil.
1974 5539 2036 5586 ut
2071 5530 2132 5585 in

597 5608 635 5646 x
662 5609 720 5648 u.

614 5662 732 5734 (21)
767 5663 1275 5741 Ita_codex'_I'ell.e_t
1290 5664 1423 5723 edit.
1458 5666 1628 5741 Vigil.
1657 5687 1669 5726 :
1701 5670 1868 5728 Amb.
1899 5687 2052 5741 vero,
2075 5679 2137 5729 ut

539 5749 662 5805 vero
685 5751 793 5805 rex,
814 5735 982 5805 altam
1009 5737 1081 5791 ad
1107 5737 1311 5805 Patris,
1341 5744 1446 5794 etc.

613 5803 734 5876 (22)
766 5803 960 5863 Ambr.
991 5807 1126 5864 edit.
1157 5803 1437 5867 cum-cod.
1480 5809 1620 5869 Tell.
1652 5818 1708 5870 et
1743 5812 1904 5883 Laet.,
1932 5820 1982 5872 et
2018 5831 2136 5872 cum

2231 4768 2430 4826 dictus.

2304 4860 2449 4916 Illud
2472 4870 2598 4918 ante
2621 4870 2818 4918 cuncta
2838 4862 3316 4935 metuentes,-quia
3334 4861 3441 4917 nisi
3457 4861 3616 4917 Pater
3633 4860 3754 4935 (24)
3781 4872 3838 4920 et

2234 4950 2408 5006 Filius
2434 4967 2607 5007 unum
2640 4968 2751 5006 non
2772 4951 2902 5021 sint,
2937 4951 2996 5006 in
3026 4949 3293 5006 invidiam
3317 4959 3561 5007 recurrat
3586 4953 3838 5008 auctoris

2234 5041 2566 5115 interpolata
2595 5043 2892 5098 nativitas:
2945 5042 3051 5099 hoc
3099 5041 3248 5097 enim
3286 5043 3494 5115 placuit
3526 5041 3835 5115 haereticis,

2235 5241 2474 5300 omnibus
2517 5242 2623 5315 ipsi
2670 5242 2952 5300 dissoctata
2971 5261 2994 5310 ;
3039 5243 3207 5316 Vigil.
3263 5242 3612 5313 concinnius,
3665 5251 3730 5300 ut
3775 5242 3843 5300 in

2236 5325 2415 5372 textu.

2313 5388 2428 5459 (23)
2461 5389 2618 5444 Rom.
2652 5387 2784 5443 edit.
2817 5387 2947 5454 sola,
2980 5387 3119 5442 Nam
3143 5393 3191 5442 et
3210 5387 3446 5459 Bar-uch.
3470 5385 3574 5443 Sed
3597 5393 3652 5459 et
3684 5385 3847 5459 hunc

2239 5458 2487 5515 Jeremias
2533 5460 2756 5515 nomine
2780 5459 2985 5532 _etiam,
3032 5459 3100 5532 ab
3146 5458 3442 5532 Ambrosio
3497 5458 3659 5516 citari
3713 5458 3842 5532 jam

2241 5541 2366 5588 ante
2395 5548 2507 5587 non
2535 5532 2701 5588 semel
2732 5530 3013 5586 advertere
3042 5527 3219 5587 licuit.

2316 5603 2433 5674 (24)
2457 5603 2579 5659 Vet.
2606 5603 2760 5668 edit.,
2793 5603 2932 5671 quod
2956 5602 3044 5656 ubi
3059 5603 3220 5657 Pater
3236 5621 3249 5671 ;
3267 5601 3554 5674 Vigil.,ine
3573 5600 3621 5655 si
3646 5602 3845 5670 Pater;

2241 5673 2554 5753 mss.,'qu-ia_
2580 5674 2890 5753 ni_si_Pater.
2924 5675 3132 5753 Atseq.
3165 5673 3416 5753 {nemer
3426 5673 3523 5729 ubi
3532 5674 3846 5753 vet._edi_t..

2242 5761 2304 5801 ac
2333 5743 2488 5814 mss},
2533 5745 2739 5800 invidia
2766 5751 3030 5814 recurrat,
3074 5743 3249 5802 multo
3288 5745 3486 5802 melius
3532 5743 3739 5816 Vigil.,
3785 5747 3853 5801 in

2241 5816 2501 5872 inuidiam
2526 5822 2786 5874 recurrat.
