3972 6372
161 397 285 456 593

1339 407 1435 463 DE
1473 406 1636 463 FIDE
1673 405 1953 466 CONTRA
1990 409 2316 469 ABIANOS.

3383 422 3494 482 594

165 530 242 581 ut
272 526 434 617 Deus
456 525 551 584 ille
569 528 936 617 omnipotens,
955 530 1275 600 invisibilis,
1293 531 1595 589 immensus
1615 533 1770 605 dege-
1799 535 1849 596 A
1879 536 2157 606 videntur,
2185 554 2305 612 qua)
2333 555 2404 596 ex
2423 541 2534 597 alio
2552 550 2946 602 convertantur
2973 546 3033 603 in
3055 547 3230 617 aliud,
3256 557 3318 606 ut
3344 549 3492 610 desi-

167 622 395 670 neraret
419 614 478 671 in
511 616 674 686 Filio,
706 634 818 675 non
848 619 1012 676 modo
1057 627 1341 692 potestate,
1372 620 1466 677 sed
1523 621 1776 678 conditi-

167 716 284 758 one
317 701 436 774 (25)
471 712 698 774 mutata,
755 707 909 780 quasi
941 725 1050 764 non
1089 709 1330 781 potuerit
1374 710 1532 766 Pater
1572 711 1641 768 de
1695 727 1774 768 se-

168 793 416 866 metipso
444 796 609 853 talem
628 798 848 865 habere,
868 801 1047 872 qualis
1075 809 1128 857 et
1157 801 1270 873 ipse
1290 809 1390 858 est.
1416 803 1652 870 Proinde
1674 820 1773 860 nos

167 897 374 940 verum
408 885 613 942 Filium
642 887 709 944 de
727 905 859 944 vero
887 891 1063 958 Patre,
1095 890 1189 963 qui
1219 907 1432 962 semper
1450 892 1580 960 fuit,
1613 902 1666 949 et
1696 901 1776 949 est

165 974 348 1030 unius
398 977 717 1035 substantiae
754 997 883 1038 cum
937 981 1113 1048 Patre,
1146 981 1510 1038 defendimus.
1549 984 1618 1038 Et
1671 983 1776 1041 hoc

167 1072 283 1134 est,
312 1068 457 1140 quod
478 1068 650 1125 Graeci
681 1075 951 1148 ὁμοούσιον
983 1081 1280 1152 appellant,
1311 1081 1367 1136 id
1388 1089 1490 1151 est,
1515 1099 1638 1138 cum
1664 1100 1775 1139 uno

167 1163 332 1220 aliud
363 1165 542 1238 ipsum
578 1187 590 1224 :
623 1178 684 1224 ut
715 1187 958 1242 personae
981 1171 1258 1226 audientia
1279 1173 1623 1227 nominatum
1650 1173 1770 1244 (26)

169 1251 394 1322 ﬁerent,
425 1264 479 1311 et
503 1273 616 1313 non
659 1268 720 1316 ut
749 1260 1113 1316 substantiam
1143 1261 1409 1316 vocabula
1437 1269 1769 1333 separarent.

251 1350 484 1409 CAPUT
515 1356 660 1413 VIII.
691 1387 762 1398 —
789 1359 895 1415 Sed
925 1367 986 1414 ut
1005 1375 1166 1415 omne
1205 1358 1529 1431 mysterium
1554 1359 1776 1414 haeresis

167 1445 400 1501 Arianae
428 1445 732 1514 traducam,
782 1465 880 1503 cur
910 1448 1090 1504 nolint
1122 1449 1323 1504 Filium
1354 1449 1420 1504 de
1452 1448 1626 1504 Patris
1652 1449 1775 1504 sub-

167 1537 381 1594 stantia
393 1535 564 1606 credi,
584 1537 1129 1594 breviterintimabo.
1148 1537 1320 1593 Aiunt
1337 1538 1482 1593 enim
1505 1557 1516 1594 :
1543 1539 1678 1596 Cum
1707 1540 1777 1596 sit

168 1630 326 1686 Deus
356 1630 515 1684 Pater
543 1629 913 1701 omnipotens,
933 1628 1250 1697 invisibilis,
1314 1630 1773 1698 inconvertibilis,

168 1717 574 1784 immutabilis,
600 1719 895 1789 perfectus,
927 1734 1140 1788 semper
1170 1717 1334 1784 idem,
1368 1727 1640 1787 aeternus;
1676 1721 1778 1776 Fi-

169 1807 288 1864 lius
328 1824 459 1866 vero
490 1808 751 1876 visibilis,
787 1808 917 1880 quia
948 1824 1087 1878 saepe
1118 1807 1363 1879 patribus
1393 1808 1544 1863 visus
1573 1817 1690 1877 est;
1725 1817 1780 1866 et

1881 635 2016 683 nant
2052 643 2166 684 esse
2208 628 2354 701 quod
2398 639 2574 697 erant,
2607 638 2662 688 et
2703 630 2808 689 hoc
2852 632 2966 689 sint
3003 636 3152 708 quod
3189 645 3336 696 retro
3366 657 3479 698 non

1880 717 2116 786 fuerant,
2165 728 2228 776 ut
2278 719 2444 775 limus
2483 734 2610 776 cum
2648 720 2707 776 in
2755 720 3038 780 hominem
3087 724 3376 799 ﬁguratur,
3416 731 3484 787 li-

1883 824 2006 864 mus
2031 824 2145 864 esse
2168 808 2283 880 jam
2315 808 2520 866 desinit
2552 827 2564 866 :
2605 819 2702 866 aut
2729 810 2926 884 pisces,
2973 820 3070 870 aut
3099 830 3228 872 aves
3262 833 3388 876 cum
3413 819 3483 876 de

1881 912 2020 969 aqua
2048 897 2370 969 procedunt,
2401 914 2471 954 ex
2489 915 2554 954 eo
2567 898 2683 971 jam
2713 916 2823 956 non
2851 917 3012 976 aqua,
3041 902 3171 975 quia
3198 904 3353 961 aliud
3379 923 3391 962 :
3416 912 3479 962 ut

1883 987 2060 1042 lutum
2078 987 2233 1059 ﬁguli
2263 1003 2388 1044 cum
2413 989 2680 1045 solidatur
2708 989 2766 1045 in
2795 997 2993 1047 testam
3021 1009 3034 1048 :
3066 1001 3129 1049 ut
3162 993 3325 1066 lapis,
3357 1011 3485 1052 cum

1883 1076 2206 1134 dissolvitur
2215 1079 2471 1135 decoctus
2483 1079 2541 1134 in
2557 1079 2762 1136 calcem
2783 1097 2794 1136 :
2814 1087 2875 1136 ut
2891 1096 3075 1151 arena,
3098 1099 3224 1140 cum
3243 1092 3490 1144 mutatur

1884 1167 1943 1224 in
1983 1166 2209 1237 vitrum,
2250 1173 2305 1222 et
2341 1175 2554 1237 caetera,
2604 1184 2723 1240 quae
2771 1169 2996 1240 longum
3043 1178 3124 1228 est
3175 1187 3484 1232 recensere.

1881 1256 1985 1313 Sed
2014 1259 2249 1313 multum
2281 1258 2527 1327 interest,
2557 1259 2725 1315 stulte
2759 1259 3035 1329 haretice,
3068 1261 3213 1320 inter
3242 1279 3304 1320 ea
3345 1282 3468 1340 quae

1882 1347 2025 1405 facta
2045 1356 2194 1418 sunt,
2216 1355 2270 1405 et
2289 1365 2412 1404 eum
2434 1349 2527 1422 qui
2549 1350 2755 1418 omnia,
2786 1350 3252 1422 quemadmodum
3274 1356 3482 1426 voluit,

1884 1437 2033 1495 fecit.
2051 1439 2182 1506 Qua
2198 1439 2339 1495 facta
2353 1448 2503 1508 sunt,
2521 1439 2768 1512 ascripta
2789 1441 3098 1499 conditioni
3120 1443 3441 1503 deserviunt
3467 1463 3480 1503 :

1884 1537 1978 1610 qui
2009 1554 2139 1594 vero
2169 1538 2321 1606 fecit,
2353 1535 2498 1592 355
2528 1556 2637 1596 suae
2678 1541 2980 1598 voluntatis
3018 1551 3071 1597 et
3105 1543 3314 1616 proprii
3338 1543 3484 1616 juris

1885 1634 1984 1684 est.
2029 1629 2212 1701 Neque
2251 1635 2426 1700 potest
2468 1628 2524 1683 in
2567 1627 2740 1695 aliud,
2784 1645 2946 1702 quam
2977 1631 3124 1704 quod
3159 1639 3260 1701 est,
3295 1635 3482 1708 aliquo

1885 1724 2131 1790 cogente,
2165 1717 2367 1772 mutari
2397 1735 2408 1773 :
2442 1717 2535 1773 sed
2564 1725 2728 1790 prout
2753 1719 2896 1786 vult,
2927 1726 2981 1774 et
3010 1719 3102 1776 cui
3132 1723 3274 1790 vult,
3307 1739 3364 1779 se
3393 1722 3484 1779 de-

1887 1816 2172 1864 monstrat.
2204 1808 2342 1864 Nam
2380 1807 2424 1864 si
2467 1808 2645 1880 angeli
2690 1808 2749 1864 in
2794 1808 2968 1882 ﬁgura
3005 1810 3298 1869 hominum
3338 1829 3481 1886 saepe

167 1897 563 1954 convertibilis
599 1907 762 1970 atque
806 1896 1108 1964 mutabilis,
1141 1897 1270 1969 quia
1299 1898 1354 1952 in
1387 1898 1555 1953 variis
1584 1899 1774 1972 ﬁguris
1798 1898 1844 1958 B
1886 1907 2014 1955 sunt
2040 1898 2171 1964 visi,
2207 1905 2261 1954 et
2303 1905 2484 1954 tamen
2516 1898 2667 1954 aliud
2707 1915 2816 1955 non
2857 1907 3009 1967 sunt,
3043 1917 3206 1975 quam
3249 1901 3397 1976 quod
3425 1919 3484 1960 se

167 1985 488 2059 quibusque
526 2001 640 2042 sese
669 1986 1035 2042 monstravit:
1070 1984 1165 2058 qui
1200 1985 1245 2041 si
1274 1985 1340 2041 de
1373 1986 1564 2055 Patris,
1598 1987 1777 2061 inqui-

168 2081 300 2142 unt,
352 2082 494 2130 esset
567 2075 896 2144 substantia,
957 2091 1237 2146 nunquam
1292 2075 1411 2129 ﬁeri
1473 2084 1652 2147 posset
1716 2085 1778 2135 ut

169 2171 306 2221 ante
333 2164 514 2222 carnis
542 2165 971 2236 assumptionem
993 2172 1087 2219 aut
1109 2163 1346 2220 visibilis
1374 2173 1468 2220 aut
1496 2166 1777 2223 mutabilis

170 2262 516 2322 cerneretur,
549 2254 683 2327 quin
716 2254 900 2325 potius
929 2253 985 2307 in
1016 2253 1323 2324 aequalitate
1351 2269 1457 2324 qua
1486 2254 1642 2309 Pater
1671 2262 1772 2324 est,

169 2345 584 2416 permansisset,
615 2361 684 2400 ex
713 2344 873 2414 cujus
893 2343 1198 2400 substantia
1227 2350 1340 2399 erat
1365 2361 1376 2398 :
1397 2344 1526 2416 quia
1545 2345 1692 2417 quod
1708 2346 1774 2401 de

169 2434 336 2490 Patre
365 2443 466 2502 est,
522 2450 623 2491 nec
681 2434 881 2501 videri,
931 2450 1032 2490 nec
1095 2433 1316 2502 mutari,
1374 2450 1475 2493 nec
1525 2436 1772 2492 converti

171 2536 335 2595 posse
363 2523 696 2578 credendum
733 2531 832 2577 est.

249 2614 554 2671 Acceditad
567 2630 805 2681 causam,
826 2613 954 2686 quia
970 2629 1095 2668 cum
1115 2614 1342 2686 illapsus
1357 2621 1435 2669 est
1449 2613 1506 2669 in
1521 2615 1771 2686 Mariam,

167 2717 302 2758 cum
324 2703 570 2776 Virginis
600 2710 817 2758 uterum
853 2702 1117 2773 opplevit,
1149 2702 1300 2756 aliud
1339 2703 1528 2773 utique
1555 2719 1622 2758 ex
1654 2704 1771 2773 illa,

161 2807 332 2864 quam
364 2793 508 2866 quod
529 2799 776 2858 venerat,
806 2800 997 2846 natum
1029 2798 1128 2846 est.
1155 2790 1306 2846 Unde
1322 2789 1456 2861 jam,
1489 2789 1768 2862 inquiunt,

155 2888 424 2951 corrupta
454 2879 763 2936 substantia
792 2885 992 2934 statum
1040 2879 1207 2934 vertit
1236 2920 1254 2943 ,
1288 2877 1537 2932 ordinem
1567 2879 1767 2950 perdit,

156 2971 432 3027 continuo
475 2970 864 3026 immutatione
896 2970 1012 3042 ipsa
1041 2970 1360 3026 formandus
1409 2972 1526 3042 (27)
1560 2971 1626 3026 de
1655 2973 1769 3027 Deo

157 3059 224 3116 in
245 3059 623 3129 hominem,de
641 3061 840 3133 spiritu
855 3061 912 3116 in
930 3076 1170 3116 carnem.
1189 3061 1258 3114 Et
1274 3061 1462 3133 utique
1481 3061 1768 3117 translatio

157 3149 346 3206 omnis
375 3150 727 3222 interemptio
754 3158 834 3206 est
860 3151 1099 3222 pristini.
1127 3154 1206 3206 Ac
1233 3166 1329 3222 per
1354 3151 1459 3206 hoc
1476 3151 1634 3207 aiunt
1661 3169 1672 3207 :
1709 3151 1766 3206 Si

1887 2005 2001 2045 esse
2017 1994 2240 2055 norunt,
2263 2003 2438 2061 neque
2458 1987 2819 2044 substantiam
2842 1996 3076 2057 mutant,
3098 2007 3225 2047 cum
3247 1991 3482 2050 formam

1887 2079 2113 2136 humani
2144 2078 2390 2152 corporis
2417 2086 2674 2146 sumunt;
2708 2087 2913 2152 quanto
2942 2080 3114 2153 magis
3147 2080 3262 2154 ipse
3291 2083 3482 2139 Domi-

1884 2185 1989 2225 nus
2017 2177 2201 2226 noster
2229 2169 2324 2242 qui
2354 2169 2540 2224 omnia
2568 2169 2719 2237 fecit,
2746 2169 2841 2242 qui
2873 2169 3006 2242 ipsis
3034 2171 3242 2245 angelis
3279 2180 3345 2229 ut
3375 2173 3484 2233 hoc

1884 2267 2125 2334 possent,
2157 2275 2256 2316 sua
2284 2257 2636 2315 institutione
2664 2259 2934 2317 concessit
2957 2260 2970 2315 l

1955 2353 2074 2408 Huc
2101 2350 2311 2409 accedit
2336 2349 2484 2424 quod
2516 2350 2597 2408 sic
2625 2348 2831 2406 Filium
2869 2349 2993 2421 Dei,
3026 2357 3088 2408 ut
3118 2349 3234 2426 jam
3265 2352 3479 2412 dictum

1883 2449 1983 2512 est,
2015 2442 2196 2497 visum
2236 2458 2268 2497 a
2292 2439 2546 2497 Patribus
2565 2438 2948 2513 approbamus,
2979 2448 3043 2497 ut
3071 2457 3184 2498 non
3212 2449 3392 2499 totum
3420 2442 3480 2500 in

1883 2533 2002 2601 illo,
2030 2531 2176 2604 quod
2205 2532 2351 2586 Deus
2380 2539 2479 2598 est,
2514 2529 2796 2585 videretur
2821 2546 2833 2584 :
2858 2529 2952 2585 sed
2981 2529 3372 2603 dispositiones
3396 2549 3479 2591 re-

1881 2638 2004 2677 rum
2023 2621 2354 2688 futurarum,
2371 2635 2493 2692 qua
2513 2619 2627 2675 suis
2644 2619 2950 2692 quibusque
2969 2620 3311 2691 temporibus
3330 2637 3478 2679 com-

1880 2711 2093 2784 plendas
2118 2717 2292 2777 erant,
2321 2709 2377 2764 in
2399 2708 2496 2763 illo
2513 2707 2917 2780 perimaginem
2940 2717 3312 2766 cernerentur.
3337 2711 3474 2767 Nam

1881 2800 2006 2873 quis
2031 2799 2234 2854 Filium
2262 2798 2362 2855 Dei
2387 2797 2574 2852 videre
2601 2796 2800 2868 potuit,
2825 2806 3114 2870 antequam
3135 2798 3474 2871 conspicabi-

1880 2891 1987 2946 lem
2016 2887 2319 2955 materiam,
2351 2886 2494 2943 sicut
2517 2885 2566 2941 ei
2588 2886 2814 2958 placuit,
2845 2886 3159 2959 assumpsit,
3182 2887 3271 2944 vel
3292 2887 3471 2960 ipsum

1879 2980 2159 3038 hominem
2192 2977 2420 3035 induere
2449 2977 2707 3049 dignatus
2733 2976 2858 3033 est?
3217 3023 3222 3026 _

1949 3071 2054 3139 Qui
2084 3069 2186 3125 etsi
2214 3066 2449 3124 Abrahae
2492 3065 2643 3122 visus
2671 3072 2753 3122 est
2785 3065 2939 3138 (Gen.
2979 3081 3142 3134 xvm,
3176 3063 3256 3137 1),
3285 3063 3381 3121 sed
3411 3065 3470 3121 in

1876 3161 2052 3218 forma
2104 3158 2334 3216 humani
2369 3156 2614 3231 corporis
2651 3156 2804 3213 visus
2841 3163 2941 3225 est,
2982 3171 3094 3228 quo
3130 3153 3341 3212 scilicet
3378 3171 3469 3228 po-

155 3238 342 3295 Ρίιίαδ
375 3238 442 3295 de
472 3237 648 3296 Ρδῐΐίε
678 3238 986 3296 substantia
1020 3247 1178 3307 9539‘s
1197 3237 1310 3310 iam
1341 3246 1394 3294 θῐ
1420 3239 1460 3294 Ρ
1461 3247 1633 3295 “rem
1661 3239 1761 3296 mi'
1791 3257 1834 3318 G
1870 3251 2088 3311 stremis
2117 3246 2459 3321 temporibus
2488 3245 2546 3301 in
2575 3244 2799 3301 homine
2828 3251 3096 3300 venturus
3127 3260 3242 3301 esse
3273 3251 3468 3301 osten-

157 3343 358 3384 norem
380 3327 556 3384 videri
583 3329 904 3385 substantia)
925 3345 1035 3384 suae
1057 3329 1142 3384 vel
1167 3328 1482 3396 traditione,
1505 3329 1591 3384 vel
1613 3329 1722 3385 ﬁne
1746 3348 1758 3386 :

156 3424 217 3473 et
248 3416 478 3491 proinde
505 3419 710 3475 Filium
735 3435 803 3474 ex
832 3419 939 3475 alia
966 3419 1270 3476 substantia
1299 3419 1516 3476 credere
1546 3419 1765 3474 malue-

156 3513 314 3574 runt,
348 3508 495 3580 quod
527 3507 794 3574 converti,
840 3515 893 3562 et
947 3507 1167 3573 mutari,
1215 3515 1270 3563 et
1324 3508 1498 3563 videri
1553 3509 1760 3580 possit;

155 3595 292 3668 quia
319 3595 425 3653 hoc
453 3597 520 3652 de
546 3597 722 3652 Patris
751 3597 1058 3652 substantia
1087 3595 1236 3652 credi
1261 3613 1374 3651 non
1403 3597 1581 3653 liceat.

235 3684 363 3740 Haec
387 3691 467 3740 est
495 3701 656 3740 causa
685 3684 906 3751 erroris,
939 3683 1056 3740 haec
1085 3684 1237 3755 origo
1268 3683 1490 3740 haeresis
1521 3683 1759 3753 Arianae,

153 3774 296 3830 dum
329 3791 439 3830 non
457 3775 778 3847 intelligunt
799 3773 1058 3830 virtutem
1083 3775 1203 3843 Dei,
1231 3791 1407 3847 neque
1433 3775 1568 3830 tanti
1590 3792 1762 3832 sacra-

158 3863 338 3920 menti
369 3863 788 3937 dispositionem
836 3873 1158 3937 agnoscunt,
1209 3873 1270 3920 ut
1299 3867 1472 3921 Deum
1506 3865 1762 3923 humanis

153 3951 578 4009 conditionibus
615 3961 952 4026 comparent.
987 3953 1197 4020 Quibus
1226 3955 1404 4025 primo
1434 3955 1759 4028 responden-

153 4043 291 4100 dum
331 4046 388 4102 in
420 4048 540 4103 loco
596 4046 798 4103 Filium
839 4046 955 4118 (28)
1006 4045 1105 4102 Dei
1143 4061 1254 4101 non
1313 4044 1390 4100 ita
1436 4046 1640 4115 visum,
1697 4054 1757 4103 ut

151 4133 308 4192 Deus
336 4144 472 4204 erat,
503 4136 596 4193 sed
626 4145 686 4192 ut
734 4135 900 4190 homo
936 4151 1125 4207 capere
1154 4142 1365 4207 poterat
1394 4134 1461 4190 de
1488 4137 1601 4191 Deo
1625 4153 1637 4192 :
1671 4135 1760 4192 de-

153 4228 288 4285 inde
312 4224 482 4281 variis
528 4225 718 4298 ﬁguris
761 4241 872 4281 non
903 4224 1224 4280 mutabilem
1254 4233 1308 4280 et
1341 4226 1756 4282 convertibilem

152 4315 339 4388 ipsum
369 4329 506 4378 esse,
539 4313 632 4368 sed
665 4313 770 4370 hoc
816 4329 931 4368 esse
981 4313 1238 4384 potentiae
1267 4313 1386 4382 Dei,
1421 4322 1482 4370 ut
1524 4331 1649 4370 cum
1703 4331 1758 4370 se

148 4403 409 4477 singulis,
440 4411 604 4473 prout
629 4403 769 4470 vult,
787 4403 1028 4458 revelare
1057 4403 1334 4474 dignatur,
1367 4403 1617 4460 habitum
1643 4421 1758 4460 mu-

149 4502 253 4563 tet,
280 4507 390 4548 non
419 4490 782 4547 substantiam
814 4498 988 4546 vertat
1013 4508 1024 4546 :
1050 4506 1152 4546 nec
1173 4491 1559 4562 proprietatem
1581 4492 1756 4564 quali-

1872 3345 2112 3402 deretur.

1942 3438 2108 3496 Jacob
2129 3435 2292 3492 etiam
2315 3434 2447 3491 alibi
2477 3433 2533 3488 in
2553 3431 2747 3504 angelo
2775 3431 2929 3503 (Gen.
2953 3447 3157 3502 xxvm,
3192 3433 3306 3506 i3),
3329 3433 3465 3491 alibi

1873 3545 2024 3603 aeque
2053 3526 2274 3582 videtur
2301 3525 2360 3580 in
2389 3522 2633 3578 homine.
2677 3519 2783 3589 Qui
2816 3519 2937 3576 ideo
2966 3537 3022 3577 se
3049 3520 3108 3576 in
3135 3522 3328 3594 angelo
3358 3522 3465 3580 de-

1873 3616 2222 3682 monstravit,
2251 3621 2312 3669 ut
2333 3610 2590 3669 nuntium
2613 3627 2670 3667 se
2697 3609 2877 3682 magni
2903 3608 3122 3666 consilii
3153 3609 3458 3668 indicaret:

1871 3708 1930 3764 in
1968 3707 2193 3763 homine
2220 3722 2370 3771 vero,
2401 3720 2525 3760 cum
2561 3719 2668 3775 quo
2707 3708 2761 3757 et
2789 3700 3118 3757 colluctatus
3159 3699 3328 3756 fuisse
3356 3699 3462 3757 de-

1871 3798 2159 3864 scribitur;
2194 3803 2254 3850 ut
2285 3793 2577 3866 imaginem
2609 3791 2807 3847 futurae
2837 3789 3267 3858 colluctationis,
3296 3806 3459 3862 quam

1870 3903 1995 3944 cum
2026 3885 2188 3942 Israel
2220 3882 2510 3939 habiturus
2532 3889 2665 3948 erat,
2690 3894 2814 3936 cum
2843 3878 3146 3935 secundum
3175 3877 3458 3934 hominem

1870 3975 2199 4040 advenisset,
2247 3971 2519 4045 praecipue
2566 3969 2852 4025 indicaret.
2899 3967 3002 4024 Sed
3056 3973 3118 4023 ut
3157 3965 3460 4024 Dominum

1869 4067 2134 4132 crederet,
2159 4079 2282 4120 cum
2313 4078 2421 4136 quo
2449 4067 2603 4116 tanto
2633 4059 2929 4116 certamine
2948 4056 3049 4113 sub
3078 4056 3252 4129 ﬁgura
3282 4056 3458 4114 homi-

1869 4155 1958 4210 nis
2004 4152 2335 4219 luctabatur,
2369 4149 2554 4217 Israel,
2601 4147 2657 4203 id
2697 4154 2778 4203 est
2824 4146 2991 4202 homo
3029 4145 3224 4204 videns
3259 4148 3456 4216 Deum,

1870 4259 2070 4299 nomen
2099 4241 2307 4314 accepit
2339 4240 2494 4312 (Gen.
2527 4253 2710 4305 χχχιι,
2739 4235 2830 4301 24,
2861 4235 2977 4308 28).
3017 4258 3036 4284 ι
3071 4235 3221 4305 Vidi,
3255 4236 3456 4311 inquit,

1867 4335 2043 4390 Deum
2101 4331 2238 4388 facie
2290 4329 2357 4386 ad
2415 4327 2629 4394 faciem,
2669 4333 2724 4382 et
2771 4325 2923 4382 salva
2972 4325 3116 4382 facta
3157 4333 3238 4383 est
3273 4327 3461 4383 anima

1869 4438 1988 4478 mea
2018 4421 2178 4493 (Ibid.
2212 4419 2328 4491 30).
2362 4441 2381 4468 ι
2424 4419 2495 4474 Ει
2528 4416 2718 4489 utique
2755 4414 2985 4488 ﬁguram
3017 4415 3260 4472 hominis
3293 4415 3458 4472 vide-

1867 4519 1972 4579 rat,
1995 4527 2158 4585 quam
2187 4511 2331 4566 Deus
2361 4507 2461 4564 Dei
2492 4506 2668 4562 Filius
2696 4505 2968 4561 induerat.

151 4582 285 4642 tatis
310 4581 548 4674 ὃῐηίῐιᾶῑδ
582 4579 674 4635 sed
700 4578 1154 4674 Δ,ῖιυίξεξμξῐιθτίῐιιιῖλ
1208 4579 1444 4635 Videnti-‘3
1478 4589 1758 4674 Ῥέωρθτδ-
1790 4617 1836 4674 ι)
1938 4578 2114 4672 Moysi
2159 4599 2217 4654 in
2264 4597 2404 4653 rubo
2432 4597 2489 4652 in
2527 4595 2748 4650 ﬂamma
2787 4592 2931 4665 ignis
2959 4591 3211 4662 apparuit
3249 4590 3453 4661 (Exod.

151 4682 401 4730 mentum
443 4669 743 4742 majestatis
771 4668 1029 4725 adhibeat
1063 4688 1076 4737 ;
1109 4669 1224 4741 ipse
1262 4676 1444 4724 tamen
1473 4669 1639 4738 idem,
1694 4679 1757 4725 ut

150 4778 368 4834 semper
405 4769 506 4828 est,
541 4761 599 4815 in
649 4759 969 4815 substantiae
1005 4775 1117 4814 suae
1166 4759 1494 4831 proprietate
1531 4775 1754 4831 perma-

151 4860 298 4920 neat,
326 4852 469 4909 sicut
499 4849 766 4922 scriptum
787 4857 869 4907 est
902 4868 913 4906 :
964 4875 982 4898 ε
1011 4849 1247 4906 Mutabis
1275 4866 1366 4906 eos
1383 4858 1437 4906 et
1466 4849 1752 4906 mutabun-

151 4950 246 4998 tur
271 4959 283 4997 :
315 4949 376 4996 tu
407 4947 589 4996 autem
610 4939 757 4994 idem
783 4938 897 5011 ipse
917 4955 994 5007 es,
1027 4946 1080 4994 et
1100 4938 1230 4994 anni
1262 4939 1344 4995 tui
1359 4955 1470 4995 non
1496 4939 1753 4997 deﬁcient

155 5033 329 5102 (Psal.
364 5048 434 5099 cr,
471 5030 586 5103 28).
618 5053 637 5076 ι

222 5119 358 5176 Nam
383 5119 486 5175 etsi
519 5119 694 5175 multa
721 5123 871 5185 sunt,
905 5133 973 5172 ex
1006 5116 1093 5172 his
1121 5134 1240 5190 quae
1285 5117 1342 5172 in
1373 5116 1478 5173 hoc
1535 5117 1746 5173 mundo

229 5261 346 5334 (25)
379 5262 460 5334 Ita
479 5260 611 5316 edit.
636 5259 806 5330 Vigil.
831 5275 956 5334 cum
977 5259 1030 5334 in
1049 5258 1172 5334 aliis
1202 5275 1264 5314 ac
1287 5276 1413 5334 mss.
1441 5259 1706 5315 habeatur
1733 5277 1746 5314 :

152 5331 271 5390 Non
310 5333 460 5386 modo
492 5337 658 5403 potest
687 5348 790 5385 esse
821 5331 881 5384 de
901 5331 1228 5403 conditione,
1253 5331 1406 5385 nullo
1435 5347 1618 5386 sensu.

227 5405 344 5475 (26)
379 5402 506 5460 νειξ
550 5402 707 5470 edit.,
741 5409 800 5456 ut
839 5402 1367 5475 personmraudientis
1399 5402 1752 5466 nominatim;

153 5474 324 5547 Vigil.
356 5482 411 5547 et
436 5490 591 5547 mss.,
623 5481 933 5547 utpersonte
960 5474 1231 5547 audientia
1254 5475 1562 5547 _nominum;
1595 5489 1745 5540 mss.,

152 5545 512 5623 nominatim.
564 5545 722 5611 Quod
769 5551 949 5601 autem
1007 5545 1073 5600 ad
1130 5545 1431 5600 dictionem
1484 5550 1751 5623 ὁμοοὺσιον

154 5622 609 5704 auctorexplicat
629 5640 744 5704 cum
766 5641 869 5704 uno
883 5625 1035 5679 aliud
1052 5625 1228 5704 ipsum
1253 5642 1264 5690 ;
1301 5624 1405 5680 hoc
1429 5622 1751 5704 Ambrosius

192 5697 318 5751 aulo
347 5694 525 5767 fusius
553 5694 780 5750 exhibet
808 5696 904 5751 lib.
941 5713 978 5752 ιι
1028 5694 1088 5750 de
1143 5697 1244 5767 ﬁde
1293 5713 1409 5767 cap.
1462 5697 1558 5767 15,
1590 5711 1744 5750 ιιιιιιι.

192 5714 318 5751 ειιιιο
347 5714 525 5750 ιιιδιιιδ
553 5714 780 5750 εχιιιυθι
809 5714 904 5751 ιιι),
941 5714 978 5752 II
1028 5714 1088 5750 ae
1143 5714 1244 5767 [me
1462 5714 1547 5762 Π),
1590 5714 1744 5750 IlllIIl.

155 5714 278 5837 £26,
311 5783 474 5840 quem
510 5766 694 5823 locum
719 5783 750 5822 a
778 5767 980 5823 Basilio
1013 5767 1360 5840 desumptum
1389 5766 1565 5824 videri
1583 5767 1750 5824 adno-

1867 4709 1951 4759 ιιι,
1992 4691 2049 4761 2)
2093 4699 2155 4746 ιιι
2202 4692 2388 4746 lumen
2426 4683 2794 4750 credentibus,
2840 4681 3140 4737 incredulis
3177 4679 3452 4753 judicium

1867 4781 2294 4846 demonstraret;
2329 4777 2458 4851 quia
2490 4773 2740 4832 Christus
2780 4770 3132 4828 credentibus
3168 4771 3314 4828 salus
3351 4779 3454 4842 est,

1867 4887 1978 4927 non
2025 4869 2372 4928 credentibus
2421 4881 2598 4940 poena,
2640 4872 2702 4920 ut
2738 4861 3034 4935 Apostolus
3071 4861 3150 4918 ait
3191 4879 3204 4918 :
3259 4883 3279 4910 ι
3312 4862 3456 4920 Aliis

1867 4959 2003 5016 odor
2047 4959 2176 5016 vitae
2225 4959 2282 5014 in
2326 4957 2516 5021 vitam,
2546 4952 2672 5008 aliis
2713 4951 2849 5008 odor
2885 4951 3079 5007 mortis
3119 4950 3180 5007 in
3223 4958 3454 5008 mortem

1868 5049 1952 5119 (ΙΙ
1982 5049 2102 5105 Cor.
2137 5065 2198 5115 ιι,
2226 5046 2338 5115 16).
2371 5065 2390 5091 ι

1938 5138 2207 5208 Populum
2237 5133 2398 5190 Israel
2423 5131 2480 5188 in
2505 5131 2764 5190 columna
2782 5129 2947 5188 nubis
2975 5146 3071 5204 per
3099 5129 3269 5202 diem,
3289 5139 3346 5188 et
3360 5146 3457 5204 per

1865 5254 2276 5388 uigiliam.
2308 5313 2439 5388 edit.
2459 5321 2512 5370 et
2531 5311 2653 5388 cod.
2676 5311 2809 5388 Lact.
2828 5309 3004 5388 statim
3021 5312 3175 5388 vertit
3194 5309 3455 5388 ordinem,

1859 5381 2299 5460 perdit'continuo
2323 5387 2754 5460 inmutationem,
2777 5384 2894 5455 ipsa
2912 5381 3196 5460 formando
3226 5382 3247 5436 ί
3269 5383 3454 5460 Tell...

1868 5454 2202 5514 Mutationem
2244 5459 2414 5528 ipsam
2465 5454 3061 5528 for-mando;secunda
3107 5469 3294 5518 manu,
3341 5454 3458 5525 ipsa

1864 5530 2138 5601 formandi
2172 5549 2181 5586 :
2217 5526 2396 5601 aptius
2425 5529 2556 5584 edit.
2584 5527 2759 5601 _V'igi_|,
2791 5533 2850 5580 ut
2879 5526 3254 5601 in_contex_tu_.

1939 5603 2054 5674 (28)
2078 5602 2212 5658 Tell.
2237 5595 2357 5658 cod.
2387 5599 2640 5674 etHVAigil.
2669 5595 2829 5664 edit,
2861 5596 3061 5665 Quibus
3075 5596 3243 5669 primi
3264 5595 3322 5652 in
3345 5597 3454 5653 loco

1867 5671 2284 5747 respondendum
2307 5680 2384 5728 est
2412 5671 2742 5740 Filium,etc.
