3972 6362
647 254 675 271 ν

540 389 647 449 595

1544 387 1640 444 AD
1679 385 1914 445 OPEBA
1951 383 2008 441 S.
2051 380 2386 441 AMBROSII
2426 380 2814 439 APPENDIX.

3754 386 3864 444 596

542 525 758 575 noctem
778 515 838 573 in
859 516 1116 573 columna
1136 516 1279 589 ignis
1302 514 1457 589 quasi
1486 515 1602 574 dux
1621 517 1835 585 itineris
1854 516 2121 590 praecede-
2157 511 2208 570 A
2239 519 2507 569 cacatur:
2539 521 2594 570 et
2639 513 2826 568 lumen
2855 509 3016 583 illud,
3052 510 3200 586 quod
3229 519 3348 571 toto
3401 512 3533 572 orbe
3578 513 3860 572 diffusum

540 607 637 665 bat
665 607 868 681 (Exod.
908 624 1031 676 xm,
1074 607 1200 679 2i);
1236 615 1298 664 ut
1326 606 1585 679 baptismi
1622 609 1848 681 gratiam
1885 624 1982 680 per
2014 623 2133 663 nu-

542 697 689 765 bem,
720 704 773 752 et
801 695 1008 753 donum
1038 696 1209 753 sancti
1249 695 1485 769 Spiritus
1522 712 1616 769 per
1647 697 1828 770 ignem
1870 696 2134 753 ostende—

543 783 627 843 ret
662 802 673 840 :
706 783 836 857 quia
860 785 1138 856 apostolus
1172 784 1374 841 Paulus
1401 784 1460 841 in
1490 786 1635 842 ιιώθ
1662 793 1841 858 patres
1881 785 2135 858 baptiza-

544 883 629 933 tos
657 874 849 931 scribit
884 876 942 946 (I
987 875 1112 931 Cor.
1143 892 1204 944 x,
1237 876 1318 947 2),
1363 884 1418 932 et
1446 875 1710 947 Spiritum
1761 876 1905 932 sicut
1950 875 2127 949 ignem

545 980 660 1023 esse
688 963 1057 1036 apostolorum
1086 965 1223 1020 Acta
1251 963 1535 1020 declarant
1565 963 1710 1037 (Act.
1745 981 1806 1033 ιι,
1838 964 1920 1035 3).

616 1062 788 1120 Vides
812 1077 939 1134 ergo
959 1078 1054 1134 per
1082 1061 1288 1131 omnia,
1317 1061 1592 1131 haeretice,
1622 1061 1964 1119 characteres
1992 1057 2136 1116 divi-

546 1168 742 1209 narum
771 1151 1174 1223 Scripturarum
1199 1151 1258 1207 in
1290 1150 1554 1207 honorem
1584 1152 1687 1208 Dei
1714 1149 1962 1223 patribus
1987 1166 2138 1222 prae-

548 1250 791 1298 ostensos
814 1259 827 1309 ;
860 1257 971 1296 non
991 1249 1175 1296 tamen
1195 1240 1375 1312 ipsum
1404 1242 1602 1309 Deum,
1626 1247 1689 1295 ut
1716 1247 1797 1297 est
1818 1237 2038 1312 proprie
2056 1254 2138 1294 re-

547 1330 810 1385 velatum.
846 1328 1094 1402 Denique
1122 1345 1247 1386 cum
1279 1328 1496 1401 Moyses
1524 1335 1705 1384 oraret
1724 1335 1786 1383 ut
1808 1326 2007 1384 faciem
2038 1326 2138 1383 Dei

547 1434 683 1490 pure
702 1418 934 1486 videret,
950 1417 1084 1490 quid
1103 1416 1173 1473 ad
1191 1417 1353 1473 illum
1373 1416 1639 1473 continuo
1652 1417 1797 1472 Deus
1809 1415 1838 1471 ?
1870 1439 1889 1461 ι
1908 1415 2031 1471 Νοιι
2047 1431 2138 1487 po-

549 1508 702 1576 teris,
728 1506 931 1579 inquit,
962 1505 1151 1561 videre
1179 1504 1377 1575 faciem
1407 1520 1583 1561 meam
1617 1522 1630 1560 :
1660 1519 1775 1560 non
1804 1503 1954 1559 enim
1988 1502 2138 1559 vide-

548 1596 633 1653 bit
651 1596 819 1652 homo
838 1594 1032 1651 faciem
1049 1610 1248 1663 meam,
1269 1600 1323 1651 et
1341 1593 1493 1649 vivet
1515 1593 1719 1665 (Exod.
1737 1607 1943 1660 χχχιιι,
1965 1591 2081 1664 20).
2105 1617 2124 1641 ι

550 1687 667 1743 Hoc
695 1685 814 1757 ipso
842 1683 989 1756 quod
1017 1690 1247 1755 negatur
1265 1691 1537 1755 aspectus,
1567 1680 1785 1738 claritas
1809 1680 2134 1752 assignatur,

549 1791 669 1847 quae
699 1772 911 1829 scilicet
930 1779 1083 1827 tanta
1100 1779 1181 1827 est
1200 1778 1405 1844 quanta
1431 1770 1702 1828 credenda
1728 1777 1829 1840 est,
1857 1787 1977 1843 quae
1998 1770 2139 1825 invi-

2241 605 2389 664 claro
2419 606 2705 680 splendore
2731 615 2929 665 cuncta
2971 605 3275 679 perfundit,
3326 623 3497 679 parvo
3544 607 3857 665 admodum

2243 696 2523 754 obstaculo
2552 697 2718 753 nubis
2756 696 3080 766 includitur,
3139 713 3252 754 non
3311 696 3608 754 aufertur:
3658 697 3749 754 sic
3809 707 3862 759 et

2245 787 2410 845 homo
2437 788 2539 849 ille
2559 805 2720 861 quem
2758 786 3028 844 Dominus
3052 779 3233 856 Iesus,
3258 788 3623 863 Salvatorque
3640 798 3859 859 noster,

2246 880 2304 937 id
2358 888 2459 948 est,
2506 882 2651 937 Deus
2705 881 2913 953 Deique
2961 881 3136 936 Filius
3163 879 3378 947 induit;
3429 883 3606 939 Deum
3657 890 3857 938 tamen

2247 972 2305 1028 in
2331 971 2429 1027 illo
2462 972 2576 1044 (3|)
2609 989 2720 1027 non
2752 972 3065 1044 intercepit,
3096 971 3190 1027 sed
3221 971 3531 1029 abscondit.

2316 1062 2563 1136 Denique
2591 1079 2719 1119 cum
2749 1063 2807 1119 in
2836 1071 3023 1119 monte
3052 1079 3109 1118 se
3154 1063 3442 1134 paululum
3472 1071 3631 1120 extra
3667 1062 3856 1136 ipsum

2247 1151 2527 1208 hominem
2554 1151 2864 1220 extulisset,
2920 1152 3135 1224 fulgore
3164 1151 3395 1209 luminis
3424 1152 3543 1225 ejus
3572 1169 3717 1226 pene
3747 1152 3859 1209 ob-

2247 1245 2431 1302 caecati
2460 1244 2692 1316 apostoli
2729 1245 2788 1299 in
2847 1252 3044 1300 terram
3077 1243 3278 1316 quippe
3309 1244 3562 1301 homines
3621 1243 3857 1300 cecide-

2247 1341 2378 1389 runt
2407 1333 2618 1406 (Matth.
2648 1350 2790 1402 xvn,
2830 1332 2911 1406 6),
2945 1332 3240 1405 periclitati
3268 1333 3461 1402 vitam,
3494 1333 3603 1389 nisi
3635 1333 3719 1388 eis
3749 1334 3857 1389 Do-

2247 1423 2433 1479 minus
2485 1440 2796 1496 compresso
2839 1440 3059 1480 rursum
3107 1423 3410 1496 majestatis
3469 1440 3581 1480 suae
3636 1423 3857 1481 honore

2248 1520 2310 1569 ut
2335 1513 2646 1570 misericors
2694 1514 3063 1583 subvenisset,
3100 1514 3402 1572 secundum
3433 1513 3586 1569 illam
3615 1521 3857 1572 senten—

2246 1601 2380 1657 tiam
2416 1620 2427 1659 :
2476 1628 2495 1650 ι
2519 1604 2689 1659 Nemo
2718 1602 2860 1659 vidit
2902 1605 3097 1672 Deum,
3126 1613 3180 1660 et
3224 1603 3370 1659 vixit
3401 1604 3609 1675 (Exod.
3643 1620 3854 1675 xxxiii,

2247 1690 2363 1761 20).
2398 1716 2416 1739 ι
2457 1692 2527 1748 Ut
2582 1708 2710 1764 ergo
2763 1692 2983 1749 claritas
3030 1694 3185 1760 solis,
3215 1711 3340 1750 cum
3386 1711 3500 1750 non
3562 1711 3741 1767 usque
3785 1694 3854 1751 ad

2249 1789 2465 1838 nostros
2497 1782 2613 1854 (32)
2642 1782 2840 1839 emicat
2875 1784 3051 1853 visus,
3085 1783 3191 1840 sibi
3214 1785 3366 1841 salva
3396 1792 3477 1840 est
3506 1802 3519 1851 ;
3551 1784 3685 1856 quia
3702 1784 3853 1857 quod

547 1863 725 1920 Sibilis
745 1862 1040 1919 indicatum
1065 1861 1203 1919 Cum
1225 1878 1352 1934 θῖεο
1375 1863 1591 1934 Μοιεθε
1611 1862 1703 1934 qui
1726 1869 1781 1918 θῐ
1800 1860 1967 1917 Situm
1989 1860 2135 1930 0031i.
2170 1869 2219 1932 B
2249 1888 2360 1928 non
2390 1872 2628 1943 videtur,
2660 1872 3000 1930 inﬁrmitatis
3028 1883 3109 1931 est
3136 1885 3357 1944 nostrai,
3390 1890 3629 1948 quorum
3661 1876 3851 1932 oculos

548 1961 602 2009 et
631 1951 852 2008 ordines
882 1949 1096 2019 mundi,
1127 1957 1182 2007 et
1210 1952 1608 2008 elementorum
1638 1952 1809 2020 vices,
1840 1951 2013 2008 totius
2041 1950 2139 2006 de-

549 2042 718 2116 nique
748 2041 897 2098 orbis
920 2048 1241 2098 ornamenta
1267 2040 1578 2114 digesserit,
1610 2041 1893 2107 indicarit,
1923 2056 2141 2112 expres-

548 2132 703 2202 serit,
736 2132 824 2188 cui
864 2132 979 2204 ipse
1007 2131 1279 2189 Dominus
1313 2131 1691 2188 testimonium
1728 2129 2008 2203 perhibuit
2041 2129 2139 2185 di-

548 2242 677 2283 cens
704 2242 717 2282 :
759 2248 777 2271 σ
808 2226 978 2281 Nemo
1002 2223 1108 2281 erit
1122 2240 1192 2280 ex
1213 2220 1495 2294 prophetis
1517 2227 1578 2276 ut
1597 2236 1787 2276 servus
1816 2235 1970 2275 meus
1987 2220 2138 2291 Moy-

548 2330 653 2382 ses,
705 2313 795 2370 cui
840 2313 981 2370 facie
1017 2312 1086 2369 ad
1131 2311 1347 2378 faciem,
1391 2324 1485 2365 ore
1532 2308 1602 2365 ad
1643 2325 1704 2364 os
1753 2309 1970 2365 locutus
2014 2325 2137 2366 sum

549 2404 735 2474 (Num.
779 2420 882 2472 xu,
930 2404 981 2472 7,
1012 2403 1105 2473 8);
1139 2424 1157 2447 ι
1200 2401 1374 2457 Deum
1416 2405 1598 2453 tamen
1632 2413 1766 2470 pure
1802 2397 1989 2455 videre
2026 2415 2137 2455 non

546 2493 745 2565 potuit.
761 2493 958 2550 Merito
974 2490 1196 2565 quidem
1216 2488 1503 2562 prophetia
1517 2487 1668 2544 omni
1684 2488 1901 2561 dignus,
1915 2487 2010 2544 sed
2026 2504 2138 2544 non

544 2599 717 2656 usque
743 2583 878 2639 adeo
906 2590 968 2638 ut
997 2580 1201 2636 intueri
1229 2581 1404 2636 Deum
1434 2579 1661 2648 valeret,
1691 2595 1798 2651 qua
1825 2577 1992 2634 homo
2020 2586 2136 2634 tan-

543 2671 830 2729 tummodo
853 2676 1012 2727 esset.

613 2770 686 2826 Et
737 2767 928 2840 utique
978 2766 1098 2823 haec
1140 2764 1327 2822 omnia
1370 2764 1501 2822 Filii
1547 2762 1714 2820 verba
1766 2763 2133 2833 defendimus,

543 2876 705 2935 quem
732 2859 791 2915 in
834 2864 1019 2914 monte
1053 2856 1184 2914 Sina
1212 2873 1339 2914 cum
1371 2856 1558 2928 Moyse
1598 2855 1845 2911 locutum
1876 2870 1991 2910 esse
2019 2853 2138 2911 sci-

543 2969 669 3009 mus
698 2950 900 3025 (Exod.
931 2966 1094 3016 xxxx,
1138 2948 1254 3019 l8),
1297 2948 1393 3021 qui
1432 2946 1657 3020 agendis
1686 2945 2136 3018 explicandisque

541 3040 705 3097 rebus
749 3055 783 3095 a
830 3038 988 3095 Patre
1019 3036 1315 3093 advenerat
1357 3054 1369 3092 :
1414 3036 1545 3109 quia
1581 3034 1768 3092 omnia
1795 3050 1827 3089 a
1861 3027 2134 3106 principio

541 3143 639 3201 per
665 3126 844 3200 ipsum
873 3133 929 3182 et
955 3124 1222 3193 ordinari,
1253 3132 1306 3180 et
1334 3121 1621 3196 explicari,
1650 3131 1705 3180 et
1733 3139 1953 3179 manere
1989 3139 2134 3180 con-

2247 1963 2480 2020 nubium
2504 1965 2641 2021 texit
2669 1965 2973 2022 obscuritas
3007 1984 3017 2022 :
3052 1966 3350 2043 ita_probat
3377 1982 3435 2022 se
3462 1983 3577 2023 non
3604 1983 3706 2022 suo
3730 1966 3847 2038 (33)

2247 2053 2578 2111 detrimento
2607 2056 2814 2128 proprii
2846 2056 3067 2112 latuisse
3094 2056 3347 2127 fulgoris,
3396 2055 3491 2112 sed
3518 2056 3723 2122 carnis,
3790 2065 3853 2110 ut

2248 2142 2389 2211 dixi,
2414 2143 2704 2213 beneﬁcio,
2732 2145 2890 2218 cujus
2917 2161 3080 2202 causa
3107 2144 3284 2200 Filius
3306 2144 3408 2201 Dei
3427 2144 3576 2201 filius
3604 2143 3852 2201 hominis

2247 2249 2361 2289 esse
2390 2234 2672 2290 sustinuit.

2315 2322 2520 2396 Nempe
2562 2324 2710 2380 enim
2760 2323 2827 2379 de
2865 2323 3074 2396 Spiritu
3120 2323 3221 2380 Dei
3252 2322 3422 2396 Virgo
3458 2323 3735 2396 concepit,
3801 2334 3853 2381 et

2246 2412 2393 2486 quod
2422 2413 2696 2486 concepit,
2750 2413 2857 2471 hoc
2904 2414 3134 2486 peperit,
3167 2413 3223 2470 id
3271 2421 3373 2482 est,
3420 2415 3593 2471 Deum
3626 2413 3853 2470 homini

2245 2520 2366 2571 suo,
2391 2511 2453 2559 ut
2479 2501 2591 2575 jam
2622 2503 2763 2570 dixi,
2787 2504 3074 2571 sociatum,
3098 2503 3243 2559 sicut
3267 2503 3380 2576 ipse
3406 2502 3548 2558 dixit
3572 2520 3586 2557 :
3636 2526 3657 2550 ι
3685 2502 3852 2570 Quod

2245 2581 2492 2648 nascitur
2520 2592 2587 2648 de
2638 2608 2821 2661 carne,
2866 2609 2993 2650 caro
3021 2600 3129 2650 est:
3180 2601 3234 2650 et
3284 2592 3428 2666 quod
3479 2592 3739 2649 nascitur
3787 2594 3853 2650 de

2246 2681 2467 2754 spiritu,
2496 2681 2723 2754 spiritus
2751 2690 2832 2738 est
2859 2682 3041 2755 (Joan.
3072 2700 3154 2750 ιιι,
3185 2682 3242 2754 6)
3271 2701 3284 2751 ;
3317 2707 3337 2732 ι
3377 2681 3506 2755 quia
3543 2682 3697 2738 Deus
3726 2682 3853 2754 spi-

2243 2770 2385 2827 ritus
2407 2777 2509 2840 est,
2538 2778 2591 2827 et
2628 2770 2695 2828 de
2742 2773 2856 2827 Deo
2886 2779 3048 2828 natus
3075 2780 3173 2828 est.
3201 2771 3355 2827 Sicut
3397 2778 3452 2826 et
3502 2770 3732 2841 angelus
3783 2769 3852 2825 ad

2242 2860 2471 2918 Mariam
2502 2860 2789 2933 Virginem
2819 2860 3001 2917 dixit:
3075 2885 3095 2909 ι
3127 2859 3364 2932 Spiritus
3392 2857 3493 2915 Dei
3534 2856 3728 2913 veniet
3791 2857 3848 2913 in

2244 2961 2317 3020 te,
2356 2960 2411 3007 et
2452 2951 2632 3007 virtus
2682 2950 2960 3007 Altissimi
3015 2948 3367 3007 obumbrabit
3417 2954 3492 3005 te.
3550 2947 3848 3019 Propterea

2243 3044 2390 3116 quod
2414 3052 2667 3100 nascetur
2710 3059 2780 3099 ex
2827 3051 2882 3100 te
2909 3051 3178 3112 sanctum,
3209 3041 3499 3101 vocabitur
3527 3039 3708 3098 Filius
3747 3039 3846 3097 Dei

2245 3132 2394 3203 (Luc.
2421 3150 2462 3200 ι,
2484 3133 2599 3205 35).
2632 3157 2652 3181 .

540 3223 786 3285 venerat,
814 3222 877 3271 ut
904 3214 1144 3305 habendi
1172 3212 1444 3305 Filiihazc
1462 3211 1738 3305 praecipua
1751 3212 1902 3305 ratio
1923 3220 2133 3305 consta-
2163 3233 2206 3294 ο
2314 3230 2481 3287 Vides
2509 3246 2637 3303 ergo
2686 3232 2867 3305 ipsum
2897 3229 3185 3303 spiritum,
3232 3229 3292 3286 id
3325 3237 3410 3287 est
3460 3229 3667 3288 Filium
3722 3231 3842 3299 Dei,

539 3312 642 3363 ret.
662 3306 734 3361 Et
747 3311 930 3361 tamen
949 3304 1029 3360 sic
1043 3303 1195 3360 visus
1210 3303 1498 3375 accipitur,
1522 3309 1583 3357 ut
1599 3301 1833 3374 alicujus
1854 3302 2129 3375 conspica-

536 3394 686 3464 bilis,
719 3404 782 3452 ut
809 3393 950 3462 dixi,
980 3393 1223 3450 materiai
1245 3391 1605 3465 dispositione
1625 3400 1903 3464 assumpta
1921 3391 2129 3448 videre-

535 3491 649 3555 tur,
679 3484 833 3541 salva
858 3482 1072 3541 scilicet
1094 3480 1480 3538 invisibilitate
1509 3479 1647 3552 ejus,
1671 3496 1834 3552 quam
1857 3496 1889 3535 a
1907 3496 2129 3552 conspe-

535 3581 630 3630 ctu
658 3572 908 3630 omnium
939 3570 1192 3643 majestas
1220 3570 1489 3626 interfusa
1526 3568 1789 3642 seposuit.
1827 3569 1949 3625 Non
1979 3569 2128 3625 enim

535 3659 616 3716 sic
643 3658 901 3715 humanis
930 3658 1240 3730 aspectibus
1267 3659 1542 3714 revelatus
1571 3666 1672 3725 est,
1704 3664 1767 3712 ut
1795 3664 1913 3712 tota
1942 3655 2000 3711 in
2030 3656 2128 3712 illo

535 3746 719 3821 deitas
737 3753 1018 3819 appareret
1050 3762 1062 3801 :
1093 3746 1188 3801 sed
1215 3744 1285 3801 ad
1311 3745 1490 3802 vicem
1519 3744 1729 3817 speculi
1760 3761 1887 3801 cum
1921 3761 2129 3801 conce-

534 3844 658 3910 ptos
671 3836 819 3893 intra
832 3835 1012 3892 lucem
1027 3849 1182 3891 suam
1197 3833 1386 3889 vultus
1401 3832 1555 3906 quasi
1571 3833 1639 3888 ad
1657 3832 1872 3905 plenam
1892 3834 2125 3906 eﬂigiem

533 3926 780 3984 hominis
804 3925 1043 3983 includit
1072 3942 1084 3982 :
1116 3924 1195 3981 ita
1221 3923 1521 3997 majestatis
1551 3923 1670 3997 ejus
1695 3932 1975 3996 praeeunte
2005 3926 2126 3982 ful-

535 4031 682 4088 gore,
713 4014 860 4071 intra
884 4013 945 4071 id
970 4014 1152 4071 visum
1179 4022 1261 4070 est
1293 4014 1432 4086 (29),
1461 4013 1610 4087 quod
1643 4015 1936 4087 imaginem
1968 4014 2125 4074 veri-

530 4104 685 4176 tatis,
714 4122 825 4162 non
854 4105 1033 4180 ipsum
1062 4106 1235 4163 Deum
1266 4105 1488 4178 proprie
1506 4105 1926 4181 demonstraret.

604 4210 696 4268 Sic
731 4217 787 4268 et
822 4226 948 4268 cum
990 4210 1273 4267 hominem
1311 4210 1539 4267 induere
1573 4209 1830 4284 dignatus
1865 4219 1967 4280 est,
2009 4229 2119 4270 non

531 4298 711 4357 labem
759 4298 1053 4357 aeternitati
1113 4299 1327 4368 intulit,
1377 4308 1440 4356 ut
1487 4299 1742 4371 spiritum
1795 4300 1855 4358 in
1899 4318 2117 4361 carnem

531 4398 787 4460 mutaret,
835 4389 931 4446 sed
979 4396 1042 4447 ut
1085 4396 1337 4462 suscepto
1379 4388 1594 4447 homini
1646 4391 2116 4451 immortalitatem

528 4485 692 4553 atque
746 4470 1105 4535 aeternitatem
1160 4478 1397 4535 coalestis
1447 4477 1576 4534 vitae
1630 4488 1929 4551 praestaret.
1978 4483 2113 4539 Nam

2238 3319 2456 3376 venisse
2484 3320 2553 3377 ad
2578 3320 2886 3393 Virginem,
2919 3329 2974 3376 et
3015 3320 3145 3377 inde
3196 3319 3297 3376 Dei
3351 3327 3407 3375 et
3460 3319 3709 3376 hominis
3758 3320 3844 3376 Fi-

2240 3408 2377 3464 lium
2406 3409 2768 3481 processisse;
2813 3425 2915 3466 nec
2951 3416 3135 3466 tamen
3183 3408 3301 3481 ipso
3350 3408 3679 3465 indumento
3728 3425 3840 3465 car-

2208 3497 2325 3554 ,nis
2353 3499 2453 3554 Dei
2481 3499 2685 3555 Filium
2716 3516 2832 3556 esse
2875 3506 3167 3568 mutatum,
3197 3499 3293 3555 sed
3342 3497 3598 3554 eumdem
3659 3497 3839 3569 ipsum

2239 3602 2354 3643 esse
2384 3587 2443 3642 in
2470 3587 2715 3658 homine,
2747 3588 2843 3662 qui
2872 3588 3051 3644 fuerat
3102 3596 3228 3645 ante
3257 3586 3525 3643 mundum
3572 3603 3700 3643 cum
3730 3587 3840 3643 Pa-

2236 3683 2318 3732 tre
2348 3693 2361 3743 ;
2395 3693 2492 3749 per
2519 3694 2681 3750 quem
2712 3678 2855 3734 facta
2908 3686 3037 3734 sunt
3065 3676 3272 3745 omnia,
3328 3683 3383 3732 et
3418 3675 3539 3731 sine
3595 3691 3707 3747 quo
3759 3674 3836 3730 fa-

2235 3772 2381 3822 ctum
2411 3775 2493 3822 est
2517 3765 2685 3835 nihil,
2721 3767 2864 3822 sicut
2892 3765 3225 3838 evangelista
3251 3765 3331 3821 ait
3357 3782 3370 3821 :
3410 3787 3430 3812 ‹
3469 3762 3712 3820 Mundus
3744 3780 3840 3837 per

2236 3853 2413 3926 ipsum
2459 3855 2634 3912 factus
2687 3865 2787 3925 est,
2837 3864 2891 3912 et
2942 3853 3182 3911 mundus
3217 3870 3347 3911 eum
3402 3869 3516 3911 non
3574 3855 3840 3928 cognovit

2237 3943 2419 4015 (Joan.
2454 3961 2494 4014 ι⁹
2538 3945 2652 4017 10).
2692 3969 2713 3994 ι

2303 4045 2574 4103 Caeterum
2619 4045 2851 4101 amentis
2905 4052 2985 4102 est
3038 4043 3259 4101 credere
3308 4043 3377 4100 ab
3405 4059 3471 4100 eo
3498 4058 3655 4116 posse
3701 4042 3838 4099 libe.

2232 4142 2361 4209 rari,
2396 4140 2489 4213 qui
2521 4148 2584 4196 ut
2610 4140 2885 4208 liberaret,
2918 4140 3153 4196 amissus
3190 4147 3311 4196 est:
3372 4148 3435 4196 ut
3496 4145 3837 4206 nasceretur,

2229 4246 2515 4301 oppressus
2544 4237 2625 4284 est
2675 4247 2686 4285 :
2720 4237 2782 4285 ut
2810 4228 3280 4285 immortalitatem
3323 4228 3609 4300 reciperet,
3638 4234 3840 4281 trans—

2229 4318 2334 4375 ivit
2359 4318 2425 4375 ad
2454 4325 2707 4374 mortem.
2744 4317 2849 4374 Sed
2877 4317 3040 4387 absit,
3076 4317 3356 4386 haeretice,
3387 4325 3450 4373 ut
3491 4332 3691 4373 sensus
3723 4323 3838 4371 tum

2227 4406 2535 4481 iniquitatis
2572 4423 2604 4463 a
2631 4405 2918 4463 catholicis
2946 4406 3305 4474 admittatur;
3345 4422 3445 4462 nos
3481 4404 3629 4461 enim
3660 4401 3840 4460 credi-

2224 4512 2348 4552 mus
2376 4495 2777 4552 immutabilem
2834 4502 2888 4551 et
2918 4493 3420 4552 inconvertibilem.
3469 4492 3719 4550 Verbum
3782 4497 3841 4548 et

522 4565 634 4625 etsi
676 4565 973 4657 Apostolus
1009 4566 1370 4657 semetipsum
1414 4566 1726 4657 exinanisse
1772 4568 1910 4625 dicit
1949 4588 1961 4627 :
2006 4572 2117 4628 for-
2150 4586 2200 4646 ι)
2228 4585 2502 4657 spiritum,
2548 4584 2607 4640 id
2635 4593 2716 4640 est
2761 4583 2965 4640 Filium
3024 4583 3145 4651 Dei,
3205 4583 3299 4656 qui
3355 4599 3481 4639 cum
3544 4581 3839 4637 hominem

529 4670 676 4711 mam
704 4654 849 4712 servi
880 4654 1248 4728 suscipiendo,
1288 4671 1401 4712 non
1429 4656 1622 4728 utique
1659 4657 1740 4714 sic
1773 4658 2120 4718 exinanitum

527 4742 853 4817 accipimus,
882 4750 944 4800 ut
987 4742 1140 4800 aliud
1168 4759 1333 4817 quam
1361 4744 1509 4818 quod
1533 4745 1732 4815 fuerat,
1763 4746 1910 4803 idem
1937 4748 2122 4822 Spiri-

526 4848 619 4897 tus
646 4840 801 4901 ﬁeret
839 4843 956 4918 (30)
993 4862 1004 4901 :
1051 4840 1196 4899 356
1224 4843 1319 4901 sed
1351 4850 1414 4899 ut
1457 4844 1694 4916 seposito
1732 4843 1955 4903 interim
1993 4864 2120 4904 ma-

524 4926 739 4999 jestatis
786 4948 898 4989 sum
946 4932 1178 5003 honore,
1235 4932 1541 4989 humanum
1591 4948 1792 5007 corpus
1844 4936 2117 5007 indueret,

529 5032 640 5089 quo
695 5029 966 5093 suscepto,
1019 5024 1166 5079 salus
1214 5022 1461 5096 gentium
1504 5022 1677 5080 ﬁeret.
1728 5024 1799 5081 Ut
1844 5026 1993 5083 enim
2035 5028 2117 5084 sol

527 5120 655 5161 cum
693 5105 841 5164 nube
875 5109 1097 5182 tegitur,
1142 5111 1363 5168 claritas
1400 5110 1518 5184 ejus
1559 5104 2118 5187 comprimitur,.non

602 5235 879 5312 (29)_Vet_.
911 5236 1043 5293 edit.
1078 5245 1132 5294 et
1172 5254 1302 5294 mss.
1343 5239 1502 5312 Tell.,
1544 5241 1624 5297 ita
1650 5240 1898 5311 majestas
1934 5241 2113 5312 ejus...

526 5307 674 5365 intra
699 5307 775 5385 id
808 5309 980 5364 visum
1019 5315 1145 5385 esset
1181 5326 1198 5364 :
1227 5310 1401 5385 magis
1438 5307 1708 5385 cancinne
1732 5307 2111 5385 'Vigillfedit.

526 5395 653 5460 cum
712 5380 865 5460 Laat._
903 5396 1031 5449 ms.,
1053 5459 1058 5460 γ
1080 5382 1159 5437 ita
1187 5380 1519 5460 fitajéstatis
1551 5384 1708 5460 dus.
1746 5428 1758 5441 .
1792 5380 2006 5460 .'_ii_itra
2062 5385 2115 5441 id

526 5452 697 5576 υὲἓξὶη
729 5459 819 5520 est,
852 5452 958 5509 hoc
987 5459 1087 5521 est,
1121 5452 1223 5509 sub
1242 5452 1330 5511 his
1358 5452 1773 5512 conditionibus
1801 5455 1944 5512 visio
1972 5472 2116 5512 con-

526 5537 557 5576 c
631 5539 643 5575 Ι
676 5540 758 5576 lll‘.

525 5529 758 5579 ceditur.

601 5591 716 5664 (30)
746 5594 884 5670 (ξιιμ
905 5603 959 5651 et
986 5596 1146 5670 Rom.
1176 5596 1333 5665 edit.,
1366 5596 1766 5670 idern-immixtus
1786 5600 1960 5670 ﬁeret;
1992 5600 2113 5656 alite

527 5675 613 5740 ac.
638 5665 965 5743 mss.,‘idem
998 5666 1231 5743 spiritus
1274 5670 1439 5740 ﬁeret.
1462 5668 1700 5743 Minime
1740 5665 1918 5736 male;
1950 5665 2116 5743 supra

528 5735 675 5788 enim
705 5735 969 5807 scriptum
998 5735 1251 5809 legimus,
1274 5735 1355 5794 ἰιι
1388 5739 1637 5812 spiritum
1663 5739 1721 5795 in
1748 5735 1956 5798 carnem
1985 5735 2115 5797 niu—

2231 4673 2436 4742 induit,
2468 4689 2580 4729 non
2617 4680 2819 4729 statum
2873 4673 3063 4740 vertit,
3095 4688 3207 4728 non
3262 4671 3514 4728 ordinem
3563 4669 3839 4743 perdidit,

2228 4778 2340 4817 non
2387 4761 2751 4818 substantiam
2788 4760 3137 4817 immutavit:
3172 4760 3266 4817 sed
3317 4759 3540 4816 illuvias
3583 4758 3841 4830 ejusdem

2227 4852 2471 4924 corporis
2521 4861 2727 4908 interno
2759 4850 3033 4907 claritatis
3080 4867 3191 4907 suae
3224 4850 3433 4907 lumine
3487 4849 3837 4916 illustravit;

2225 4948 2289 4996 ut
2317 4940 2385 4996 ad
2423 4957 2522 4997 nos
2563 4956 2661 5013 per
2707 4939 2985 4996 tramitem
3032 4939 3278 5012 corporis
3331 4939 3449 5013 ejus
3501 4938 3603 4993 lux
3651 4938 3841 4994 sancti

2226 5030 2483 5102 Spiritus,
2513 5038 2568 5086 et
2594 5036 2809 5085 aatemze
2838 5028 2965 5084 vitae
2986 5027 3157 5100 gratia
3186 5026 3537 5083 redundaret.

2295 5120 2467 5188 Quem
2511 5117 2611 5175 etsi
2669 5133 2888 5190 passum
2942 5116 3218 5175 credimus
3272 5123 3328 5173 et
3383 5117 3686 5190 sepultum,
3737 5116 3841 5173 sed

2226 5250 2377 5300 taret.

2298 5316 2413 5385 (31)
2448 5315 2616 5387 Vigil.
2648 5314 2804 5387 edit.,
2839 5313 3165 5370 divinitatem
3193 5313 3251 5368 in
3282 5313 3398 5369 iuo.

2296 5384 2413 5460 (32)
2457 5384 2650 5460 ᾼιιιίιιο.
2684 5386 2818 5460 edit.
2852 5402 2916 5443 ac
2946 5402 3100 5460 mss.,_
3126 5402 3243 5460 cum
3271 5401 3433 5455 usque
3459 5384 3539 5460 ad
3560 5391 3787 5460 nostra;
3820 5406 3835 5455 ;

2222 5455 2401 5529 Vigil.
2427 5459 2557 5514 edit.
2612 5457 2953 5530 negationem
2993 5455 3202 5526 adjicit,
3251 5472 3415 5528 quam
3448 5456 3675 5529 quidem
3710 5458 3839 5515 illic

2222 5528 2527 5587 necessario
2556 5528 2745 5585 sensus
2772 5528 2963 5598 exigit.

2296 5602 2419 5673 (33)
2447 5601 2615 5673 Vigil.
2649 5599 2805 5673 edit.,
2837 5597 2912 5653 ita
2942 5605 2989 5653 et
3019 5597 3267 5673 majestas
3307 5599 3408 5654 illa
3444 5599 3651 5661 divina.
3685 5618 3835 5671 qum,

2302 5670 2441 5740 dixi,
2470 5670 2659 5743 corpus
2686 5670 2951 5737 induerat,
2979 5670 3175 5741 probat
3208 5687 3261 5725 se
3288 5687 3394 5726 non
3419 5687 3536 5739 suo,
3565 5678 3675 5728 etc.
