3972 6366
94 2158 99 2162 ‘
190 2142 313 2214 29).
342 2168 361 2191 ι
407 2145 479 2200 Et
517 2144 718 2201 iterum
761 2162 773 2201 :

204 379 313 437 597

1610 384 2021 443 ADMONITIO.

3386 394 3495 453 598

203 508 375 567 homo
411 509 507 567 ille
554 527 741 585 passus
785 521 889 583 est,
946 529 1107 588 quem
1154 514 1329 572 Filius
1382 515 1484 573 Dei
1534 516 1793 591 suscepit,
1825 524 1875 583 Α
1902 515 2092 590 utique
2125 515 2271 590 quod
2300 524 2383 574 est
2412 516 2607 588 Filius,
2636 518 2768 593 quia
2816 527 2870 577 et
2911 520 3088 579 Filius
3124 522 3192 582 de
3238 540 3304 582 eo
3345 525 3494 600 quod

203 616 369 675 quem
422 603 622 673 induit,
664 622 826 678 quem
864 607 1124 679 portavit.
1183 607 1288 663 Sed
1334 609 1464 681 quia
1504 616 1682 666 totum
1728 612 1798 668 ad

201 698 483 750 auctorem
525 694 863 753 referebatur
893 696 1164 771 quidquid
1201 696 1369 753 homo
1417 698 1512 755 ille
1543 700 1798 771 patieba-

199 792 319 854 tur,
357 784 483 842 ideo
520 803 668 844 mors
703 796 757 844 et
794 790 973 862 passio
1012 788 1235 846 Domini
1267 788 1550 860 judicatur
1590 809 1602 847 :
1668 808 1795 848 nam

200 885 423 935 constat
452 877 763 934 immortale
785 894 918 947 esse,
938 879 1084 953 quod
1102 879 1201 936 Dei
1223 886 1305 936 est
1327 897 1339 935 :
1363 880 1626 949 hominis,
1650 881 1796 954 quod

199 967 494 1025 caducum.

276 1060 456 1116 Tertia
489 1075 707 1134 quoque
736 1061 827 1117 die
853 1062 1158 1118 resurrexit
1186 1077 1299 1119 non
1336 1063 1483 1120 Deus
1510 1063 1571 1120 in
1602 1063 1793 1120 homi—

199 1165 353 1219 nem,
384 1149 477 1205 sed
510 1150 678 1205 homo
710 1151 893 1222 potius
922 1152 981 1207 in
1008 1153 1205 1208 Deum.

273 1239 539 1296 Ascendit
571 1240 628 1295 in
657 1241 841 1309 caelos,
875 1241 1076 1297 obtulit
1106 1241 1252 1297 Patri
1294 1258 1393 1297 suo
1424 1240 1704 1298 hominem
1729 1242 1795 1298 il-

197 1327 318 1383 lum
345 1328 715 1400 gratissimum
744 1347 964 1399 munus,
997 1330 1246 1386 consedit
1274 1330 1343 1386 ad
1369 1331 1653 1387 dexteram
1699 1333 1793 1389 Pa-

195 1417 323 1485 tris,
355 1416 655 1473 secundum
683 1419 829 1491 quod
860 1420 1123 1491 scriptum
1152 1428 1263 1474 est:
1303 1443 1321 1467 ‹
1340 1420 1496 1475 Dixit
1524 1420 1796 1476 Dominus

195 1506 438 1562 Domino
491 1523 612 1564 meo
654 1524 666 1563 :
727 1508 863 1564 Sede
919 1508 987 1565 ad
1044 1508 1325 1565 dexteram
1382 1525 1558 1566 meam
1618 1510 1791 1582 (Psal.

193 1609 313 1663 CIX,
349 1595 425 1668 1).
459 1620 478 1644 ι

269 1691 421 1751 Misit
450 1693 611 1751 nobis
636 1694 901 1768 Spiritum
944 1703 1192 1753 sanctum
1225 1694 1291 1751 de
1322 1697 1542 1769 propria
1580 1713 1697 1766 sua,
1742 1705 1795 1753 et

192 1782 317 1857 ipsa
340 1800 451 1840 una
478 1784 788 1841 substantia
834 1800 948 1852 sua,
998 1792 1382 1856 protectorem,
1432 1787 1793 1843 sanctiﬁcato-

1904 606 2062 664 Pater
2087 614 2187 663 est.

1972 697 2192 754 Exinde
2219 696 2491 769 praeﬁnito
2521 703 2766 771 tempore
2794 705 3081 769 venturus,
3125 700 3285 758 vivos
3333 720 3493 761 mor—

1902 793 2134 859 tuosque
2152 785 2503 858 judicaturus
2527 805 2542 855 ;
2577 796 2641 843 ut
2669 786 2859 844 reddat
2878 788 3227 847 credentibus
3245 792 3488 865 praemia,

1902 893 2015 933 non
2044 877 2394 933 credentibus
2421 893 2553 933 vero
2578 878 2869 950 supplicia.

1974 965 2145 1037 Cujus
2172 982 2398 1039 regnum
2430 974 2718 1033 aeternum,
2749 968 3082 1035 immortale,
3123 985 3226 1027 nec
3261 970 3491 1029 initium

1902 1055 2088 1124 habet,
2120 1072 2220 1113 nec
2247 1058 2583 1115 terminum:
2637 1058 2730 1116 cui
2779 1066 2861 1115 est
2908 1059 3086 1117 honor
3129 1068 3186 1118 et
3222 1061 3395 1135 gloria
3432 1063 3493 1121 in

1903 1148 2102 1204 saecula
2131 1149 2478 1205 saculorum.

1974 1236 2379 1294 CONCLUSIO.
2410 1270 2481 1281 —
2508 1238 2636 1298 Haec
2664 1241 2760 1315 qui
2798 1242 2953 1314 legis,
2986 1257 3081 1315 per
3116 1243 3291 1300 Deum
3323 1242 3492 1300 obse-

1903 1341 2017 1394 cro,
2040 1344 2107 1383 ne
2127 1328 2535 1401 simplicitatem
2562 1347 2753 1388 sensus
2781 1332 2839 1387 in
2869 1332 3186 1404 ambiguum
3212 1340 3487 1406 torqueas,

1902 1423 1997 1470 aut
2028 1417 2162 1473 alias
2186 1432 2349 1489 quam
2379 1419 2525 1477 dicta
2552 1429 2703 1489 sunt,
2736 1421 2957 1490 trahas;
2987 1422 3117 1496 quia
3144 1438 3245 1479 nos
3273 1423 3489 1480 Patrem

1904 1522 2097 1561 verum
2147 1508 2360 1565 Patrem
2407 1511 2753 1582 confitemur,
2795 1520 2849 1568 et
2896 1513 3097 1568 Filium
3146 1513 3246 1570 Dei
3298 1529 3491 1570 verum

1903 1594 2107 1651 Filium
2154 1596 2274 1664 Dei,
2326 1606 2380 1653 et
2433 1598 2698 1670 Spiritum
2737 1609 2987 1657 sanctum
3042 1617 3169 1658 vere
3223 1601 3492 1675 Spiritum

1903 1696 2152 1743 sanctum
2182 1688 2455 1746 credimus
2488 1709 2500 1747 :
2534 1699 2645 1748 tres
2676 1708 2932 1764 personas
2954 1693 3122 1751 unius
3148 1694 3487 1767 substantiae,

1903 1781 2148 1837 et‘unius
2177 1781 2487 1840 divinitatis
2514 1784 2854 1843 conﬁtentes.
2908 1787 3133 1844 Sabellii
3178 1797 3382 1859 autem,
3435 1798 3492 1849 et

191 1890 340 1943 rem,
368 1882 422 1929 et
450 1874 805 1931 deductorem
838 1874 896 1929 iu
923 1875 1093 1930 vitam
1124 1882 1402 1944 aeternam,
1453 1877 1595 1934 sicut
1648 1879 1794 1935 scri-
1821 1890 1867 1950 B
1901 1872 2148 1942 Photini,
2183 1890 2396 1931 necnon
2425 1874 2546 1931 Arii
2574 1885 2799 1945 sectam,
2841 1884 2896 1933 et
2939 1878 2986 1933 si
3034 1894 3141 1952 qua
3183 1878 3293 1935 alia
3338 1887 3489 1949 sunt,

190 1970 356 2035 ptum
394 1970 477 2018 est
528 1979 598 2019 ex
636 1978 770 2021 voce
817 1963 917 2019 Dei
960 1981 972 2021 :
1030 1986 1048 2012 ι
1103 1963 1399 2020 Effundam
1460 1966 1527 2023 de
1583 1967 1793 2039 Spiritu

191 2067 322 2107 meo
350 2068 513 2125 super
540 2068 726 2109 servos
776 2068 926 2109 meos
972 2060 1025 2108 et
1067 2052 1295 2109 ancillas
1328 2070 1475 2111 meas
1522 2057 1678 2127 (Joel.
1725 2075 1789 2124 II,

832 2168 851 2192 ι
888 2143 1125 2217 Spiritus
1163 2160 1233 2200 ex
1259 2161 1346 2201 me
1374 2146 1620 2218 prodibit
1651 2148 1783 2219 (Isa.

191 2247 333 2301 Lvn,
364 2232 475 2305 16).
508 2256 528 2282 ι
569 2233 643 2288 Et
689 2233 803 2306 ipse
844 2232 1115 2289 Dominus
1156 2233 1513 2308 Salvatorque
1563 2242 1785 2292 noster:

205 2344 226 2370 ι
256 2323 339 2378 De
360 2339 501 2392 meo,
536 2322 737 2396 inquit,
768 2322 1001 2395 accipiet
1056 2322 1237 2395 (Joan.
1268 2340 1388 2392 xvr,
1424 2323 1551 2396 i5);
1603 2341 1672 2380 ex
1721 2340 1786 2381 eo

1901 1979 2020 2036 quae
2045 1972 2238 2020 contra
2262 1967 2507 2037 regulam
2550 1965 2799 2024 veritatis
2844 1966 3095 2037 veniunt,
3149 1968 3491 2026 condemna-

1898 2067 2040 2107 mus.
2072 2051 2305 2108 Nicaenze
2333 2061 2514 2110 autem
2542 2056 2741 2127 synodi
2779 2065 3071 2114 tractatum
3128 2059 3283 2114 omni
3316 2059 3490 2116 animi

1896 2145 2025 2201 nisu
2070 2161 2141 2201 ex
2194 2153 2311 2202 tota
2359 2145 2467 2203 ﬁde
2507 2155 2807 2219 servantes,
2867 2150 3290 2223 amplectimur;
3340 2150 3491 2209 hunc

1896 2236 2044 2293 enim
2082 2242 2375 2293 tractatum
2404 2237 2611 2294 scimus
2660 2246 2853 2298 contra
2898 2257 3089 2299 omnes
3134 2239 3366 2299 haereses
3407 2242 3489 2299 in-

1894 2325 2045 2383 victa
2072 2325 2306 2384 veritate
2334 2328 2671 2401 oppositum.

323 2628 457 2713 IN
548 2629 1234 2718 LIBELLUM
1322 2633 1482 2719 DE
1590 2628 2311 2717 DlGNITATE
2398 2629 3358 2721 SACERDOTALI

1602 2800 2076 2871 ADMONITIO.

258 3043 385 3103 Non
416 3041 645 3101 omnino
673 3041 1045 3117 perfunctorie
1072 3042 1217 3100 hanc
1245 3043 1480 3117 opellam
1511 3043 1828 3119 dispicienti
1848 3042 2169 3118 ambiguum
2189 3059 2303 3101 non
2326 3042 2434 3101 erit
2460 3060 2580 3102 eam
2604 3051 2794 3103 sancto
2821 3044 3117 3103 Ambrosio
3141 3049 3483 3122 suppositam

187 3133 395 3192 fuisse:
428 3132 595 3207 idque
624 3150 737 3191 non
765 3135 945 3191 solum
974 3133 1123 3208 quod
1151 3133 1350 3192 habeat
1377 3135 1691 3192 versionem
1724 3134 2068 3208 Hieronymi,
2110 3142 2164 3193 et
2189 3141 2468 3192 senatores
2510 3134 2815 3193 noscendos
2852 3152 2966 3193 non
3013 3137 3125 3193 lato
3169 3138 3348 3210 clavo,
3388 3141 3485 3198 sed

184 3223 483 3297 chlamyde
519 3231 742 3294 asserat,
793 3232 856 3281 ut
897 3223 1151 3283 observat
1200 3224 1524 3283 Blondellus
1570 3227 1673 3300 (De
1720 3226 1884 3298 form.
1934 3242 2081 3297 regit.
2136 3225 2265 3282 Chr.
2295 3242 2415 3298 cap.
2449 3225 2549 3298 7);
2604 3233 2659 3281 at
2701 3227 2880 3281 multo
2925 3226 3098 3300 magis
3140 3228 3290 3300 quod
3337 3229 3478 3287 nihil

182 3314 466 3373 contineat
493 3315 563 3371 ab
586 3313 869 3373 Ambrosii
895 3323 950 3372 et
979 3315 1202 3389 ingenio
1231 3325 1284 3373 et
1312 3317 1516 3374 saeculo
1546 3332 1659 3372 non
1687 3316 1951 3373 alienum.
1984 3316 2378 3373 Verumtamen
2410 3315 2469 3371 in
2498 3313 2759 3371 omnibus
2789 3315 3029 3387 Operum
3068 3317 3246 3372 sancti
3276 3317 3481 3375 docto-

182 3406 262 3462 ris
291 3405 630 3463 editionihus
668 3405 814 3461 idem
842 3404 1065 3462 libellus
1103 3406 1285 3463 locum
1319 3406 1584 3474 obtinuit,
1618 3414 1672 3462 et
1696 3405 1753 3462 in
1783 3404 2003 3477 scriptis
2049 3404 2213 3460 etiam
2258 3403 2563 3471 codicibus,
2612 3402 2661 3458 si
2708 3419 2881 3459 unum
2915 3402 3217 3476 exceperis,
3250 3406 3480 3478 praeﬁxo

180 3496 465 3553 Ambrosii
488 3495 713 3551 nomine
740 3495 1071 3551 illustratur.
1106 3495 1245 3553 Cum
1276 3511 1408 3552 vero
1438 3502 1625 3551 tantus
1664 3495 1735 3551 sit
1778 3509 1968 3551 eorum
2021 3508 2318 3550 consensus
2357 3492 2416 3548 in
2461 3499 2682 3548 auctore
2720 3490 3212 3564 pseudepigrapho,
3268 3493 3474 3551 mirum

180 3594 266 3643 est
302 3594 506 3659 quanta
544 3586 616 3641 sit
641 3584 959 3640 eorumdem
1000 3585 1059 3640 in
1090 3584 1389 3641 indicando
1433 3576 1625 3657 Operis
1680 3592 2001 3656 argumento
2027 3583 2282 3640 varietas.
2311 3582 2534 3639 Etenim
2582 3598 2709 3639 cum
2756 3591 2868 3639 tam
2915 3581 3228 3655 frequentes
3277 3600 3481 3641 occur-

182 3684 311 3733 rant
341 3676 398 3731 in
427 3674 803 3742 bibliothecis,
844 3674 990 3729 utin
1018 3676 1135 3730 sola
1166 3675 1431 3731 Vaticana
1475 3672 1888 3747 quatuordecim
1937 3674 2189 3729 invenire
2230 3673 2324 3741 sit,
2368 3673 2480 3729 fere
2524 3672 2754 3730 totidem
2798 3672 2916 3744 ejus
2973 3674 3229 3746 leguntur
3283 3673 3480 3730 inscri-

177 3767 417 3839 ptiones,
451 3773 584 3838 quot
614 3765 997 3837 manuscripti.
1029 3764 1181 3820 Alibi
1211 3766 1413 3839 quippe
1442 3765 1639 3822 titulus
1669 3764 1754 3821 illi
1792 3762 2112 3837 prmﬁgitur,
2162 3763 2319 3818 Liber
2359 3763 2683 3828 Pastoralis,
2726 3762 2844 3818 sive
2885 3762 2962 3818 De
2998 3778 3131 3817 cura
3164 3763 3433 3835 pastorali
3458 3780 3480 3827 ;

178 3855 337 3923 alibi,
363 3855 441 3910 De
468 3855 799 3909 observantia
831 3856 1232 3926 episcoporum;
1261 3854 1448 3923 modo,
1488 3855 1564 3911 De
1592 3854 1703 3909 vita
1731 3861 1783 3909 et
1806 3854 2141 3910 ordinatione
2177 3853 2557 3924 episcoporum,
2606 3860 2656 3908 et
2697 3852 2999 3909 Simoniaca
3045 3851 3232 3908 hwresi
3249 3870 3272 3918 ,'
3315 3852 3479 3909 modo

180 3946 363 4001 Sermo
423 3945 486 3999 de
540 3945 791 4016 episcopis
845 3951 892 3999 et
945 3944 1319 4000 sacerdotibus.
1376 3945 1450 4000 De
1500 3945 1752 4016 Apostolo
1798 3945 1856 4000 in
1903 3946 2031 4010 loco,
2073 3942 2164 3997 ubi
2200 3942 2326 3998 ait:
2372 3941 2570 3998 Fidelis
2610 3959 2800 4010 sermo,
2851 3949 2955 3999 etc.
2993 3959 3005 3998 :
3048 3957 3476 4015 nonnunquam,

181 4034 363 4090 Sermo
409 4035 471 4088 de
508 4035 852 4105 pastoribus;
897 4034 1195 4103 interdum,
1237 4036 1417 4090 Sermo
1464 4035 1526 4090 de
1569 4037 1875 4105 mysteriis;
1919 4034 2122 4091 alicubi
2167 4034 2354 4102 etiam,
2404 4035 2481 4090 De
2529 4024 2863 4089 ordinatione
2907 4032 3133 4106 episcopi
3172 4049 3272 4106 per
3309 4033 3480 4089 simo-

177 4122 346 4178 niam.
399 4121 505 4178 Sed
562 4124 631 4178 ab
673 4123 798 4178 aliis
841 4122 1015 4178 codex
1064 4122 1326 4178 Ecclesiae
1369 4121 1544 4178 sancti
1583 4122 1852 4181 Martialis
1903 4124 2048 4198 apud
2088 4124 2404 4181 Lemovices
2452 4124 2638 4179 minus
2680 4122 2748 4179 ab
2793 4122 2916 4178 aliis
2961 4122 3168 4179 recedit
3213 4122 3476 4185 materiae,

178 4228 345 4285 quam
401 4212 641 4269 auctoris
691 4212 1124 4283 signiﬁcatione;
1176 4212 1255 4269 sic
1305 4212 1452 4269 enim
1496 4213 1717 4285 praefert
1765 4231 1776 4269 :
1850 4215 2030 4271 Sermo
2079 4213 2302 4270 Gilberti
2340 4212 2661 4284 philosophi,
2720 4213 2884 4284 Papa:
2937 4212 3086 4268 urbis
3139 4213 3336 4281 Romw,
3385 4212 3479 4283 qui

174 4301 576 4372 cognominatus
602 4307 676 4355 est
705 4303 969 4371 Silvester,
1003 4304 1065 4357 de
1087 4302 1473 4373 Informatione
1501 4304 1883 4374 episcoporum.
1923 4301 2084 4357 Hunc
2121 4300 2374 4356 libellum
2404 4316 2474 4355 ex
2509 4298 2701 4355 eodem
2748 4298 2937 4356 codice
2977 4300 3317 4372 exscriptum
3351 4301 3477 4359 Ma-

176 4390 454 4446 billonius
500 4398 686 4445 noster
730 4407 830 4463 pro
875 4407 1126 4448 sermone
1172 4392 1419 4448 nondum
1476 4394 1720 4465 vulgato,
1767 4412 1807 4450 ιι
1834 4399 1987 4466 parte
2022 4392 2414 4449 Aualectorum
2445 4390 2536 4446 edi
2563 4389 2798 4457 curavit,
2839 4389 2988 4447 haud
3011 4389 3179 4446 dubie
3207 4406 3351 4446 nova
3379 4390 3478 4448 illa

176 4481 442 4551 deceptus
481 4479 860 4553 inscriptione.
891 4481 1284 4538 Verumtamen
1325 4482 1382 4538 in
1434 4481 1714 4538 hocbene
1757 4480 1988 4539 meritus
2032 4489 2114 4536 est
2158 4477 2227 4536 de
2272 4479 2524 4548 eruditis,
2575 4478 2723 4552 quod
2759 4478 2971 4551 primus
3025 4478 3186 4535 illum
3241 4478 3344 4535 sub
3381 4495 3474 4535 au.

174 4569 348 4627 cteris
376 4566 543 4639 hujus
568 4568 795 4623 nomine
824 4569 883 4623 in
920 4568 1100 4624 lucem
1130 4567 1303 4623 misit.
1345 4567 1544 4624 Omnia
1586 4570 1829 4640 profecto
1858 4579 1913 4627 et
1940 4586 2185 4643 personae
2214 4577 2269 4626 et
2298 4569 2533 4641 tempori
2572 4569 2705 4625 satis
2750 4574 3065 4640 congruunt
3114 4567 3258 4639 (cap.
3294 4568 3345 4634 1,
3377 4566 3472 4622 sub

173 4658 323 4732 βψ).
354 4658 661 4730 Episcopus
690 4657 839 4713 enim
868 4658 1081 4715 ordinis
1107 4658 1193 4714 sui
1219 4657 1370 4715 viros
1407 4658 1486 4714 ibi
1521 4659 1842 4731 alloquitur,
1890 4660 2144 4735 idemque
2188 4662 2451 4717 saeculum
2500 4658 2620 4715 labe
2670 4656 2982 4715 Simoniaca
3028 4656 3269 4713 maxime
3308 4656 3474 4713 labo-

174 4764 322 4805 rasse
349 4749 700 4822 exploratum
732 4756 833 4805 est.
867 4750 940 4805 At
977 4749 1348 4806 nihilominus
1373 4763 1500 4807 cum
1538 4751 1947 4823 manuscriptus
1975 4751 2069 4807 ille
2096 4751 2166 4808 ab
2194 4750 2321 4808 aliis
2350 4749 2609 4807 omnibus
2637 4763 2752 4805 non
2787 4746 2847 4804 in
2892 4762 3060 4803 sensu
3089 4746 3343 4819 quidem,
3375 4747 3470 4804 sed

173 4839 446 4895 tamenin
477 4838 789 4896 elocutione
818 4848 1083 4913 perpetuo
1129 4839 1411 4910 dissideat,
1459 4840 1705 4898 revocari
1754 4851 1932 4915 potest
1977 4842 2035 4898 iu
2075 4842 2307 4899 dubium
2355 4857 2589 4898 verusne
2637 4838 2756 4911 ejus
2801 4844 2991 4894 auctor
3037 4836 3228 4894 haberi
3276 4837 3472 4895 debeat

174 4927 323 4985 idem
354 4928 637 4998 Silvester,
667 4946 737 4986 an
772 4930 975 5003 aliquis
1003 4930 1363 5003 interpolator
1396 4949 1408 4987 :
1443 4930 1592 5003 quod
1645 4947 1745 4988 nos
1788 4932 2053 4989 lectorum
2080 4931 2294 5003 judicio
2322 4929 2708 4987 definiendum
2748 4927 3143 5002 permittimus.
3200 4928 3369 4985 Porro
3398 4943 3469 4983 ex

174 5017 346 5073 variis
384 5018 498 5074 illis
540 5017 792 5076 codicum
836 5036 1004 5075 manu
1052 5026 1400 5075 exaratorum
1450 5018 1630 5077 titulis
1673 5020 1890 5078 abunde
1916 5021 2284 5093 cognoscitur
2334 5020 2449 5076 duo
2494 5018 2718 5076 tractari
2760 5017 2867 5075 hoc
2913 5017 2975 5074 in
3018 5018 3217 5091 Opere,
3257 5017 3469 5074 scilicet

176 5110 321 5182 (cap.
353 5110 405 5178 2,
439 5111 473 5167 3
502 5119 555 5167 et
583 5110 643 5184 4)
670 5111 1033 5185 episcopalem
1062 5112 1328 5168 declarari
1364 5112 1800 5187 ampliﬁcarique
1830 5110 2174 5181 dignitatem,
2212 5117 2267 5166 et
2309 5109 2451 5181 (cap.
2478 5110 2513 5164 5
2538 5108 2671 5181 seq.)
2721 5107 2973 5164 simonias
3012 5108 3224 5165 crimen
3268 5108 3469 5165 acriter

174 5199 509 5271 impugnari.
539 5200 678 5258 Cum
708 5218 841 5257 vero
884 5201 1029 5258 idem
1076 5209 1340 5258 tractatus
1382 5201 1441 5257 in
1485 5203 1799 5259 memoratis
1836 5199 2122 5257 codicibus
2167 5198 2368 5272 partim
2419 5196 2707 5266 sermonis,
2757 5196 2959 5269 partim
3007 5196 3189 5254 libelli
3236 5196 3466 5253 nomine

173 5288 493 5345 inveniatur
530 5288 852 5361 inscriptus,
900 5289 956 5345 in
1004 5290 1438 5346 controversiam
1480 5292 1622 5347 forte
1665 5290 1881 5347 venerit
1926 5298 2115 5347 utrum
2163 5271 2493 5345 vocabulum
2540 5287 2715 5361 magis
2763 5294 2899 5359 apte.
2927 5284 3103 5344 eidem
3149 5271 3464 5343 conveniat.

173 5376 481 5433 Fatendum
545 5378 768 5451 quidem
824 5387 906 5435 est
957 5380 1014 5435 in
1072 5379 1243 5450 priori
1301 5388 1457 5451 parte
1522 5380 1670 5436 haud
1723 5398 1895 5454 pauca
1949 5397 2106 5447 esse,
2172 5396 2294 5453 qua)
2351 5380 2620 5436 sermonis
2678 5378 2915 5452 speciem
2974 5378 3110 5435 satis
3177 5378 3462 5445 referant;

173 5466 268 5522 sed
321 5482 450 5523 cum
512 5466 615 5524 sub
666 5467 832 5524 finem
890 5475 1073 5540 aperte
1126 5467 1447 5524 nominetur
1503 5468 1742 5538 libellus,
1799 5471 1980 5542 ipsum
2028 5469 2172 5526 inter
2228 5468 2448 5526 libellos
2500 5469 2618 5526 sive
2678 5474 2941 5527 tractatus
2986 5467 3249 5525 exhibere
3294 5467 3468 5525 satius

173 5554 457 5611 duximus.

171 5674 579 5746 (Maurinoram
605 5675 832 5732 Patrum
859 5674 1284 5733 Admonitionem
1303 5674 1990 5749 Aresecarejnoluimusiat
2006 5675 2253 5749 libellum
2280 5677 2474 5749 ipsum,
2507 5676 2600 5749 qui
2631 5673 2870 5733 Gerberti
2904 5680 2999 5743 est,
3036 5673 3284 5732 Gerberto
3316 5675 3469 5731 resti-

1232 5747 1447 5804 tuimus.
1484 5747 1607 5808 Vide
1637 5753 1759 5805 tom.
1796 5747 2090 5817 CXXXIX,
2113 5749 2212 5805 col.
2249 5747 2407 5822 169.)
