3972 6368
1558 417 1655 474 AD
1694 415 1932 475 OPERA
1969 412 2026 470 S.
2067 411 2402 473 AMBROSII
2439 414 2820 472 APPENDIX.

2642 557 3845 570 —____—————————__—.-—————

535 411 644 471 599

1057 736 1173 820 IN
1249 733 1926 834 SEQUENTEM
1997 733 2549 820 LIBELLUM
2615 736 3288 824 ADMONITIO.

602 1039 666 1095 In
695 1037 801 1094 hoc
826 1041 1064 1092 tractatu
1101 1033 1257 1107 Virgo
1287 1035 1508 1104 Devota,
1549 1034 1608 1090 id
1637 1042 1738 1104 est,
1780 1033 2156 1108 virginitatem
2201 1035 2417 1109 publice
2463 1038 2724 1110 professa,
2764 1040 2832 1096 ab
2879 1038 3169 1095 hominum
3217 1037 3562 1096 secularium
3621 1055 3735 1095 usu
3782 1047 3849 1095 et

530 1127 907 1184 familiaritate
935 1125 1261 1193 deterretur,
1291 1131 1345 1180 et
1375 1124 1442 1181 iis
1473 1123 1676 1198 quibus
1701 1123 1827 1180 talis
1853 1125 2192 1182 consuetudo
2229 1129 2458 1200 pra-texi
2495 1129 2654 1198 solet,
2687 1131 2949 1202 explosis,
2979 1131 3256 1203 simulque
3286 1129 3437 1186 illius
3468 1129 3743 1203 periculis
3773 1147 3843 1189 ac

531 1216 747 1273 damnis
777 1214 883 1288 ipsi
913 1213 983 1270 ob
1013 1214 1200 1270 oculos
1231 1213 1444 1286 positis,
1477 1214 1748 1269 nonnulla
1773 1213 1842 1270 de
1871 1213 2173 1272 virtutibus
2200 1216 2267 1272 ab
2297 1231 2359 1271 ea
2386 1216 2623 1273 maxime
2651 1232 2735 1272 am
2745 1218 3047 1289 plectendis
3077 1218 3470 1292 adjunguntur.
3504 1220 3576 1274 Et
3599 1218 3712 1277 hoc
3729 1229 3838 1290 est,

531 1322 631 1363 cur
657 1306 895 1362 editores
924 1303 1156 1362 Romani
1185 1303 1360 1360 solitae
1390 1301 1739 1375 inscriptioni
1773 1301 1914 1359 hanc
1943 1303 2306 1375 przemiserint
2333 1322 2343 1358 :
2384 1304 2462 1359 De
2491 1305 2713 1376 virginis
2742 1305 2922 1375 forma
2950 1305 3176 1362 vivendi.
3220 1307 3482 1373 Quamvis
3527 1319 3720 1366 autem
3773 1326 3841 1366 ea

531 1396 759 1468 scriptio
788 1395 848 1452 in
875 1395 1136 1452 omnibus
1163 1394 1446 1452 Ambrosii
1477 1395 1716 1466 Operum
1744 1393 2084 1451 editionibus
2114 1393 2259 1451 beati
2299 1392 2541 1450 doctoris
2589 1409 2791 1450 nomen
2840 1395 2897 1450 in
2943 1395 3123 1451 fronte
3161 1405 3330 1468 gerat,
3371 1397 3590 1454 nullum
3640 1405 3838 1456 tamen

533 1483 686 1540 illius
715 1483 1151 1557 manuscriptum
1187 1482 1348 1540 licuit
1370 1482 1630 1556 reperire,
1668 1481 1813 1538 unde
1842 1482 2118 1554 intelligas
2148 1483 2295 1540 haud
2327 1485 2521 1552 multa,
2567 1491 2630 1539 ut
2674 1483 2967 1541 Ambrosio
3010 1484 3370 1553 tribueretur,
3427 1485 3598 1541 fuisse
3657 1502 3839 1559 argu-

531 1585 738 1635 menta.
768 1579 848 1634 De
875 1584 1096 1635 auctore
1125 1577 1295 1649 igitur
1324 1576 1429 1633 hoc
1459 1592 1630 1633 unum
1663 1576 1922 1648 colligere
1952 1592 2108 1649 posse
2137 1573 2300 1630 nobis
2338 1573 2614 1642 videmur,
2659 1590 2785 1630 eum
2828 1574 3080 1632 ascetisz
3132 1575 3261 1630 vitai
3304 1573 3475 1630 fuisse
3515 1573 3832 1645 addictum,

529 1682 655 1722 cum
685 1666 765 1723 sic
795 1668 1051 1740 loquatur
1074 1666 1247 1722 :Absit
1278 1671 1336 1720 ut
1362 1672 1418 1720 tu
1445 1664 1575 1719 mihi
1602 1681 1758 1720 soror
1781 1665 2000 1734 dicaris,
2033 1681 2149 1735 qua:
2175 1680 2292 1718 cum
2321 1663 2516 1718 talibus
2543 1663 2892 1720 conversaris.
2932 1667 3006 1720 At
3043 1663 3110 1720 de
3149 1664 3324 1736 Opere
3359 1663 3480 1736 ipso
3519 1663 3834 1722 certissime

528 1755 798 1810 afﬁrmare
827 1771 1116 1826 possumus
1144 1753 1285 1811 illud
1309 1753 1376 1809 ab
1405 1753 1770 1810 Ambrosiana
1797 1755 2112 1828 eloquentia
2139 1761 2193 1809 et
2219 1751 2530 1809 eruditione
2558 1753 2750 1825 procul
2778 1752 2984 1810 abesse.
3023 1755 3210 1826 Ipsum
3246 1751 3521 1812 contende
3549 1770 3681 1812 cum
3710 1753 3833 1828 ejus

527 1842 674 1900 veris
704 1842 863 1899 libris
894 1843 957 1900 de
991 1843 1312 1916 Virginibus,
1343 1851 1396 1900 et
1424 1843 1697 1900 calculum
1726 1851 1885 1900 tuum
1916 1844 2035 1900 sine
2061 1843 2231 1900 dubio
2261 1843 2421 1933 nobis
2452 1844 2724 1902 conferes.

708 2168 1015 2341 AD
1137 2166 2307 2340 VIRGINEM
2423 2168 3609 2346 DEVOTAM.

605 2573 930 2634 357-365
985 2575 1213 2637 CAPUT
1260 2573 1551 2633 PRIMUM,
1607 2603 1678 2615 —
1725 2573 1899 2646 (Psal,
1953 2590 2106 2642 μιν,
2137 2569 2190 2630 Α
2217 2565 2510 2635 desideras,
2543 2569 2746 2626 nescio.
2789 2569 2846 2626 Si
2897 2585 3115 2639 aurum,
3163 2579 3463 2643 argentum,
3511 2570 3561 2628 si
3611 2572 3832 2644 vitam,

527 2671 615 2735 11,
649 2668 761 2740 12.)
806 2691 825 2716 ι
856 2666 1025 2737 Audi,
1058 2667 1196 2732 ﬁlia,
1228 2673 1281 2722 et
1307 2665 1470 2721 vide:
1505 2662 1710 2720 inclina
1729 2679 1914 2719 aurem
1940 2671 2112 2732 tuam,
2227 2657 2273 2713 si
2315 2667 2521 2714 vestem
2565 2658 2944 2731 splendidam;
2984 2658 3090 2717 hoc
3130 2660 3234 2717 tibi
3281 2678 3389 2717 non
3438 2661 3648 2734 placuit
3694 2681 3830 2720 cum

524 2768 577 2816 et
609 2758 933 2817 obliviscere
963 2758 1227 2831 populum
1257 2763 1438 2824 tuum,
1465 2761 1518 2810 et
1545 2753 1772 2809 domum
1802 2753 1972 2826 patris
2009 2753 2112 2822 tui,

522 2849 782 2923 quoniam
833 2848 1154 2920 concupivit
1197 2849 1312 2905 Rex
1360 2842 1594 2917 speciem
1628 2850 1778 2898 tuam
1809 2861 1822 2911 ;
1855 2842 2115 2914 quoniam

520 2939 635 3012 ipse
664 2947 746 2996 est
773 2940 1046 2996 Dominus
1070 2939 1214 2993 Deus
1242 2942 1390 3004 tuus,
1424 2941 1477 2990 et
1505 2932 1810 2990 adorabunt
1828 2949 1952 2988 eum
1971 2933 2101 3003 (1).»

519 3029 697 3102 Ipsius
721 3036 776 3084 te
805 3026 1079 3085 devovisti
1109 3040 1223 3081 esse
1252 3039 1530 3096 sponsam,
1560 3021 1758 3078 devota
1801 3022 1913 3076 Deo
1953 3020 2115 3076 dice-

519 3120 616 3176 ris.
673 3119 820 3188 Quid
878 3117 981 3174 tibi
1035 3132 1161 3173 cum
1219 3114 1542 3171 hominibus
1595 3111 1971 3180 saecularibus,
2019 3118 2114 3167 aut

520 3225 682 3282 quem
728 3214 1020 3264 tractatum
1064 3203 1231 3259 habes
1275 3219 1400 3258 cum
1447 3201 1607 3258 illis?
1653 3199 1798 3268 Quid
1844 3200 1929 3256 vis
1975 3199 2113 3256 scire

519 3315 645 3355 cum
689 3295 865 3370 ipsis?
913 3293 1305 3360 Perditionem,
1337 3307 1499 3364 quam
1530 3290 1633 3363 ipsi
1672 3298 1976 3364 sequuntur
1996 3289 2024 3346 ?
2054 3288 2112 3345 Si

517 3390 823 3447 castitatem
866 3386 1087 3460 quaeris,
1116 3385 1260 3442 hanc
1291 3385 1375 3442 illi
1407 3401 1518 3440 non
1563 3383 1766 3440 habent
1803 3401 1814 3440 :
1863 3386 1910 3440 si
1946 3383 2110 3440 ﬁdem

519 3479 741 3553 quaeris,
773 3477 897 3550 quis
925 3485 1006 3532 est
1034 3476 1213 3533 ﬁdelis
1245 3477 1302 3532 in
1331 3475 1462 3544 illis,
1499 3491 1661 3548 quem
1700 3482 1762 3531 tu
1798 3473 2111 3532 comitahe-

519 3571 598 3625 ris
618 3569 646 3624 ?
673 3566 731 3624 Si
755 3573 936 3622 autem
968 3566 1249 3625 Christum
1280 3565 1500 3638 quaeris,
1531 3581 1641 3620 non
1674 3572 1857 3620 manet
1886 3563 1943 3619 in
1974 3563 2106 3619 illis.

519 3657 713 3714 Nescio
759 3655 893 3727 quid
940 3671 1170 3728 quaeras,
1216 3655 1403 3727 quales
1449 3653 1720 3710 amicitias
1773 3654 1858 3708 vel
1925 3653 2112 3726 quales

518 3745 732 3803 fabulas
759 3744 957 3802 habeas
993 3759 1119 3801 cum
1161 3744 1295 3802 illis.
1340 3743 1627 3802 Devovisti
1675 3743 1914 3799 animam
1958 3751 2110 3800 tuam

519 3834 591 3891 ad
653 3831 983 3890 destruenda
1048 3833 1236 3890 omnia
1299 3849 1420 3908 quae
1484 3839 1615 3889 sunt
1664 3831 1827 3904 hujus
1871 3832 2106 3890 saeculi:

2226 2749 2360 2816 Deo,
2392 2749 2496 2804 hoc
2523 2750 2669 2806 Deus
2694 2766 2805 2805 non
2833 2749 3157 2819 admiratur,
3189 2752 3284 2808 sed
3310 2768 3406 2808 cor
3433 2752 3746 2810 contritum
3776 2763 3835 2810 et

2227 2837 2581 2896 humiliatum
2631 2841 2807 2912 (Psal.
2858 2858 2912 2909 L,
2963 2841 3075 2912 19).
3125 2841 3270 2908 Quid
3317 2841 3517 2914 quaeris
3565 2841 3830 2900 homines

2225 2929 2460 2998 saeculi,
2520 2947 2656 3004 quos
2702 2938 2925 2986 sanctus
2979 2931 3256 3003 apostolus
3307 2931 3523 3003 judicat
3577 2932 3826 3002 Paulus,

2225 3017 2448 3076 dicens:
2495 3041 2513 3066 ι
2563 3020 2809 3087 Quorum
2854 3022 3004 3076 Deus
3049 3029 3240 3077 venter
3287 3030 3387 3090 est,
3439 3029 3493 3076 et
3540 3021 3720 3094 gloria
3767 3023 3826 3078 in

2225 3107 2494 3177 pudendis
2551 3107 2816 3179 ipsorum,
2873 3109 2967 3180 qui
3025 3117 3237 3164 terrena
3288 3109 3564 3182 sapiunt:
3632 3117 3826 3166 nostra

2223 3207 2403 3253 autem
2451 3200 2797 3255 conversatio
2852 3199 2911 3254 in
2965 3201 3117 3256 coelis
3174 3207 3256 3256 est
3306 3202 3576 3274 (Philipp.
3611 3219 3699 3272 ιιι,
3734 3203 3820 3271 19,

2225 3286 2363 3358 20)?
2394 3312 2412 3336 ι
2455 3287 2511 3344 Si
2540 3304 2666 3361 ergo
2712 3289 3184 3346 conversationem
3231 3289 3291 3346 in
3339 3291 3479 3349 ccelo
3528 3289 3820 3360 habemus,

2223 3392 2342 3448 quae
2373 3393 2590 3433 sursum
2639 3386 2767 3434 sunt
2809 3395 3050 3453 quaerere
3088 3378 3370 3449 debemus,
3419 3379 3516 3436 ubi
3564 3380 3822 3440 Christus

2222 3481 2323 3540 est,
2357 3489 2467 3528 non
2496 3490 2616 3548 quae
2658 3490 2819 3547 super
2856 3484 3056 3531 terram
3100 3477 3328 3548 (Coloss.
3375 3493 3458 3545 ιιι,
3511 3477 3589 3548 1).
3643 3479 3819 3549 Rogo,

2222 3577 2394 3632 soror,
2425 3561 2518 3635 qui
2549 3572 2676 3620 sunt
2707 3563 2800 3620 isti
2828 3563 3080 3621 homines
3120 3564 3287 3638 hujus
3328 3565 3560 3623 saeculi?
3598 3568 3819 3624 Fratres

2222 3653 2345 3704 tuos
2387 3649 2658 3721 spiritales
2704 3649 2956 3708 homines
3003 3667 3115 3708 non
3157 3654 3420 3726 sequeris,
3471 3661 3526 3711 et
3570 3655 3819 3727 sequeris

2222 3739 2511 3794 carnales:
2563 3740 2658 3812 qui
2711 3741 2758 3796 si
2815 3758 2925 3796 non
2973 3750 3308 3812 saturentur,
3365 3743 3814 3799 murmurabunt.

2222 3823 2418 3880 Misisti
2449 3827 2765 3898 margaritas
2794 3836 2915 3884 tuas
2947 3837 3072 3885 ante
3101 3846 3314 3902 porcos,
3355 3829 3450 3904 qui
3487 3831 3816 3888 conculcent

519 3925 796 3999 quomodo
823 3933 1005 3982 autem
1035 3924 1235 4000 quatis
1271 3924 1556 3992 saeculum,
1600 3922 1690 3979 cui
1735 3923 2112 3981 renuntiasti?
2142 3933 2188 3994 Β
2221 3929 2311 3969 eas
2339 3914 2570 3986 pedibus
2612 3916 2746 3985 suis,
2778 3923 2832 3972 et
2859 3919 3111 3974 conversi
3163 3919 3371 3976 elidant
3415 3928 3488 3976 te.
3532 3920 3656 3976 Non
3702 3937 3816 3977 au-

520 4015 740 4072 Reverti
768 4015 854 4072 vis
882 4015 951 4072 ad
976 4015 1249 4073 vomitum
1278 4022 1436 4071 tuum
1475 4014 1618 4070 sicut
1647 4013 1818 4082 canis,
1861 4021 1956 4070 aut
1985 4014 2112 4069 vel-

518 4120 582 4168 ut
608 4128 700 4168 sus
727 4111 840 4167 lota
865 4110 1067 4169 iterum
1113 4111 1190 4166 in-
1213 4111 1637 4180 volutationem,
1671 4111 1815 4168 sicut
1841 4111 2107 4184 scriptum

516 4211 598 4260 est
645 4204 736 4275 (II
763 4203 908 4260 Petr.
940 4220 1000 4272 ιι,
1042 4202 1160 4274 22),
1208 4203 1425 4260 dicente
1469 4205 1768 4275 Apostolo:
1824 4223 1844 4253 ι
1888 4203 1946 4260 Si
1987 4220 2107 4276 quae

517 4291 786 4360 destruxi,
827 4291 1028 4348 iterum
1066 4291 1429 4361 remdiﬁcabo,
1469 4291 1942 4365 praevaricatorem
1974 4291 2108 4364 legis

516 4397 604 4438 me
643 4381 920 4439 constituo
956 4383 1163 4455 (Galat.
1199 4398 1259 4450 ιι,
1295 4382 1407 4453 18).
1458 4405 1479 4430 ι
1537 4381 1740 4438 lterum
1784 4383 1898 4455 ipse
1943 4399 2108 4455 repe-

516 4473 584 4532 tit
614 4475 696 4547 (2)
736 4474 924 4532 dicens
950 4490 972 4544 ,ε
1017 4495 1038 4524 ι
1077 4473 1354 4546 Quidquid
1388 4473 1446 4530 in
1474 4476 1674 4531 saeculo
1702 4484 1802 4545 est,
1830 4476 2104 4550 concupi-

512 4564 722 4622 scentia
753 4563 935 4622 carnis
981 4568 1084 4633 est,
1130 4572 1186 4620 et
1229 4564 1672 4638 concupiscentia
1716 4567 2000 4622 oculorum
2053 4569 2110 4638 (Ι

510 4652 670 4709 Joan.
707 4669 770 4721 ιι,
807 4651 920 4725 16),
970 4672 991 4704 ι
1032 4651 1179 4725 quod
1209 4667 1319 4709 non
1348 4661 1430 4709 est
1460 4653 1529 4709 de
1555 4654 1689 4722 Deo,
1742 4653 1838 4710 sed
1883 4655 1951 4711 de
1998 4653 2105 4711 hoc

511 4741 721 4799 mundo
778 4750 877 4799 est.
923 4742 1062 4800 ltam
1105 4740 1239 4799 alibi
1273 4741 1454 4800 dicit:
1500 4764 1521 4792 ι
1574 4741 1632 4798 Si
1687 4743 1810 4816 quis
1863 4743 2103 4800 voluerit

509 4831 720 4888 amicus
741 4846 858 4888 esse
886 4829 1053 4904 hujus
1079 4831 1294 4901 mundi,
1322 4831 1582 4890 inimicus
1609 4831 1709 4888 Dei
1737 4833 2102 4890 constituetur

513 4918 657 4990 (Jac.
696 4936 774 4988 ιν,
807 4919 889 4991 Is).
920 4943 939 4968 ι
992 4919 1138 4988 Quid
1184 4920 1345 4990 dicis,
1384 4922 1584 4979 devota
1628 4923 1791 4980 Deo?
1837 4923 1970 4996 quid
2016 4923 2102 4980 vis

509 5007 830 5067 hominibus
851 5011 1064 5084 placere
1085 5013 1112 5070 ἲ
1137 5012 1272 5085 quid
1293 5013 1585 5082 desideras,
1607 5015 1697 5070 vel
1717 5013 1851 5087 quid
1870 5013 2100 5086 quaeris?

506 5097 563 5154 Si
615 5102 792 5157 Deum
834 5101 1053 5174 quaeris,
1092 5097 1276 5160 tecum
1321 5113 1446 5160 est:
1495 5103 1543 5160 si
1587 5111 1770 5161 autem
1816 5103 2098 5161 hominem

505 5190 727 5264 quaeris,
778 5207 890 5249 non
937 5191 1042 5250 hoc
1082 5192 1376 5251 devovisti.
1429 5194 1574 5264 Quid
1620 5203 1750 5252 sunt
1799 5194 2098 5252 homines?

2221 4002 2398 4059 disti:
2472 4026 2491 4054 ι
2561 4006 2738 4062 Vitate
2797 4022 2958 4064 canes
2989 4049 3006 4077 ,
3069 4009 3239 4066 vitate
3303 4009 3477 4066 malos
3533 4009 3817 4082 operarios

2222 4092 2481 4166 (Philipp.
2516 4113 2599 4163 ιιι,
2633 4096 2742 4167 2)?
2788 4121 2806 4146 ι
2851 4097 2956 4164 Qui
2994 4106 3125 4154 sunt
3155 4098 3298 4156 isti?
3339 4099 3600 4156 Homines
3643 4099 3817 4172 hujus

2215 4183 2421 4249 saeculi,
2468 4183 2561 4256 qui
2607 4201 2717 4239 non
2762 4195 3066 4259 sequuntur
3106 4187 3338 4262 vestigia
3383 4188 3608 4246 Christi.
3659 4190 3815 4262 Rogo

2217 4278 2288 4340 te,
2333 4272 2466 4343 quid
2510 4272 2611 4329 tibi
2657 4273 3064 4342 demonstrant;
3115 4277 3205 4333 dic
3253 4277 3412 4334 mihi.
3465 4277 3812 4348 Castitatem,

2215 4375 2375 4431 quam
2407 4377 2517 4416 non
2544 4361 2794 4421 habent?
2823 4364 3013 4432 Quid?
3043 4364 3230 4436 ﬁdem,
3275 4383 3440 4441 quam
3483 4383 3596 4424 non
3641 4368 3816 4425 inve-

2215 4449 2377 4506 niunt
2397 4451 2424 4507 ?
2453 4451 2778 4522 doctrinam,
2802 4471 2965 4527 quam
2986 4471 3097 4511 non
3127 4467 3451 4530 sequuntur,
3481 4458 3590 4514 nisi
3619 4457 3815 4515 diabo-

2216 4543 2374 4600 licam
2425 4547 2746 4618 sapientiam
2795 4547 2960 4620 hujus
3003 4551 3189 4606 saeculi
3221 4551 3248 4607 ?
3309 4550 3608 4622 jejunium,
3658 4553 3814 4625 quod

2213 4633 2449 4691 odiunt?
2473 4635 2882 4704 abstinentiam,
2907 4653 3070 4710 quam
3095 4637 3388 4710 judicant?
3409 4639 3810 4710 humilitatem,

2212 4739 2373 4796 quam
2423 4727 2788 4799 opprimunt?
2834 4727 3204 4798 sobrietatem,
3251 4747 3413 4804 quam
3461 4731 3754 4803 negligunt
3785 4733 3814 4789 ?

2211 4815 2479 4873 sinceram
2505 4827 2766 4887 mentem,
2809 4835 2971 4892 quam
3019 4836 3130 4876 non
3177 4821 3400 4890 habent,
3449 4821 3557 4877 nisi
3608 4821 3814 4894 dupli-

2209 4921 2325 4961 cem
2348 4907 2376 4963 ?
2406 4906 2814 4976 verecundiam,
2857 4924 3019 4980 quam
3051 4908 3351 4982 projiciunt
3387 4927 3419 4966 a
3458 4925 3513 4966 se
3535 4909 3563 4966 ?
3607 4910 3811 4966 Nescio

2208 5001 2390 5050 autem
2420 4995 2554 5068 quid
2589 4995 2675 5052 vis
2701 4996 2919 5054 studere
2948 5015 3072 5054 cum
3104 4999 3257 5071 ipsis.

2287 5107 2432 5166 366
2463 5111 2689 5169 CAPUT
2719 5113 2786 5168 II.
2817 5142 2889 5154 —
2929 5113 3034 5170 Sed
3063 5114 3197 5187 quid
3226 5113 3409 5172 dicis?
3456 5115 3572 5187 Ego
3614 5123 3807 5173 autem

2205 5210 2469 5257 converto
2494 5218 2586 5258 eos
2615 5203 2682 5259 ad
2712 5218 2818 5258 me.
2851 5202 2908 5259 Si
2938 5211 3118 5259 autem
3167 5203 3235 5260 ad
3281 5213 3336 5260 te
3363 5205 3617 5262 conversi
3667 5206 3809 5262 fue—

504 5279 766 5338 Homines
807 5281 975 5355 hujus
1016 5283 1202 5343 saeculi
1234 5301 1245 5341 :
1291 5306 1312 5332 ι
1353 5284 1427 5341 Et
1472 5285 1732 5342 saeculum
1781 5286 1998 5354 transit,
2048 5293 2102 5342 et
2132 5292 2174 5353 C.
2204 5289 2335 5358 rint,
2369 5307 2480 5348 non
2509 5291 2613 5348 tibi
2642 5292 2884 5364 expedit.
2915 5291 3062 5359 Quid
3091 5292 3286 5366 quaerit
3311 5295 3472 5367 lupus
3487 5296 3807 5368 cumagno?

499 5373 944 5446 concupiscentia
971 5373 1124 5445 ejus:
1156 5374 1252 5447 qui
1280 5384 1461 5432 autem
1491 5376 1684 5433 fecerit
1728 5394 1848 5450 quae
1895 5377 2098 5449 scripta.
2205 5380 2290 5434 vel
2321 5379 2453 5452 quid
2483 5381 2678 5454 quaerit
2715 5381 2885 5449 canis,
2935 5381 3044 5436 nisi
3091 5397 3285 5453 panem
3315 5383 3344 5439 ?
3387 5382 3563 5450 Quare
3610 5392 3805 5440 autem

497 5469 649 5530 sunt,
707 5471 892 5522 manet
941 5463 999 5520 in
1037 5470 1302 5520 aeternum
1348 5465 1413 5532 (I
1453 5465 1610 5520 Joan.
1647 5483 1711 5532 ιι,
1746 5467 1858 5538 17).
1888 5491 1907 5516 ι
1949 5465 2094 5534 Quid
2202 5468 2346 5540 rugit
2386 5468 2470 5524 leo
2523 5469 2658 5540 (Isa.
2703 5485 2864 5537 χχχι,
2911 5469 2993 5540 li),
3043 5469 3151 5525 nisi
3197 5487 3296 5542 pro
3343 5471 3565 5544 praada?
3612 5471 3698 5527 Tu
3744 5481 3805 5528 te

2268 5683 2349 5755 (2)
2381 5682 2588 5755 Eadem
2615 5683 2773 5755 Boni.
2800 5681 2932 5738 edit.
2974 5684 3173 5739 Iterum
3210 5684 3347 5755 idem
3384 5685 3671 5755 reperitur.
3724 5688 3802 5746 Et

567 5674 648 5746 (1)
674 5677 836 5752 Bom.
869 5679 1173 5752 edit.r_sola,
1212 5684 1259 5752 et
1297 5679 1408 5752 ipse
1453 5679 1712 5739 Dominus
1758 5683 1900 5740 Deus
1948 5689 2086 5749 tuus,

2197 5753 2362 5823 infra,
2391 5757 2466 5812 Et
2492 5753 2624 5810 alibi
2651 5753 2849 5809 dicitur
2873 5771 2885 5810 :
2916 5755 2973 5812 Si
2997 5754 3116 5828 quis
3146 5754 3392 5822 voluerit,
3423 5753 3528 5814 etc.

493 5746 795 5805 adorabunt
820 5764 936 5806 eum
962 5750 1088 5822 [ilice
1124 5746 1270 5822 Tyri.
