3972 6362
206 402 318 461 601
1415 397 1512 454 AD
1550 395 1774 455 VIRGH‘

1943 395 2305 453 DEVOTAM.
3143 397 3153 404 ’
3405 391 3511 452 602

210 530 394 602 ipsam
415 533 622 584 castam
653 524 890 594 custodi,
937 525 984 581 si
1038 530 1212 597 potes.
1271 521 1416 592 Quid
1460 523 1547 578 vis
1605 520 1803 578 docere
1831 523 1884 583 Α
1917 537 2052 577 nos:
2094 527 2189 576 aut
2215 519 2378 578 facite
2433 520 2682 578 arborem
2736 521 2960 589 malam,
3007 527 3062 577 et
3118 519 3338 578 fructus
3392 518 3515 594 ejus

209 618 366 693 quod
391 625 453 674 tu
481 618 599 690 ipsa
617 633 730 673 non
754 615 890 672 facis
909 615 1098 672 ?sicut
1129 612 1269 671 dicit
1288 613 1587 686 Apostolus
1613 631 1624 668 :
1661 613 1808 668 c'No-
1914 611 2106 666 malos.
2139 611 2487 684 Unaquaeque
2515 610 2678 666 arbor
2715 626 2786 666 ex
2816 609 3002 666 fructu
3039 625 3140 666 suo
3207 609 3516 683 cognosci-

211 707 317 765 lite
345 707 499 763 omni
531 705 751 778 spiritui
782 704 1021 774 credere,
1053 703 1151 761 sed
1205 702 1433 777 probate
1483 702 1733 775 spiritus,
1761 701 1808 758 si
1915 707 2008 757 tur
2038 700 2247 771 (Matth.
2287 715 2386 766 xn,
2417 699 2528 773 33).
2557 723 2576 746 ι
2619 730 2691 741 -
2728 721 2749 746 ι
2770 698 3097 771 Quicunque
3135 706 3326 756 autem
3363 705 3512 766 367

211 813 290 855 ex
316 800 430 854 Deo
457 803 586 853 sunt
617 795 674 867 (Ι
718 796 875 851 Joan.
926 812 1008 860 Iv,
1042 795 1121 866 1).
1153 816 1171 842 ι
1236 792 1294 849 Si
1338 800 1520 848 autem
1577 792 1646 848 ab
1677 791 1810 864 ipsis
1919 799 2096 873 qualis
2119 798 2304 868 fuerit,
2336 815 2462 856 cum
2490 797 2588 854 tali
2617 814 2676 855 se
2712 796 2900 870 jungit
2933 794 3132 868 (Eccti.
3167 813 3293 866 xui,
3328 797 3448 870 20).
3479 822 3500 848 ι

212 887 528 946 doctrinam
561 885 816 957 accipias,
843 884 1119 942 docebunt
1171 890 1250 952 te,
1277 883 1425 956 quod
1454 881 1686 950 faciunt,
1720 882 1810 937 vel
1919 889 2187 947 Columba
2214 887 2441 944 dimissa
2477 888 2545 944 de
2575 904 2743 944 manu
2788 885 3056 954 hominis,
3088 885 3274 942 statim
3297 902 3518 945 reversa,

213 975 370 1048 quod
396 982 724 1048 sequuntur,
773 972 1302 1046 concupiscentiam,
1359 970 1807 1039 fornicationem,
1919 985 2000 1034 est
2029 977 2095 1032 ad
2113 993 2250 1049 eum
2287 977 2346 1032 in
2379 993 2559 1034 arcam
2584 995 2595 1033 :
2623 992 2750 1032 nam
2780 991 2980 1032 corvus
3009 973 3274 1032 dimissus
3291 990 3516 1033 carnem

216 1064 536 1134 libidinem,
568 1065 880 1132 avaritiam,
913 1063 1187 1132 fraudem,
1238 1061 1676 1131 immunditiam,
1696 1062 1812 1118 im-
1920 1074 2138 1123 secutus
2165 1075 2246 1123 est
2269 1068 2423 1138 (Gen.
2458 1083 2582 1135 vm,
2612 1066 2694 1137 7),
2727 1081 2890 1138 quem
2947 1071 3010 1121 tu
3038 1080 3256 1137 quoque
3282 1065 3369 1120 vis
3421 1080 3517 1122 se-

216 1153 570 1226 pudicitiam,
622 1153 923 1222 luxuriam,
982 1153 1322 1221 ebrietatem,
1379 1152 1810 1225 improbitatem,
1920 1157 2036 1230 qui;
2071 1166 2128 1214 ut
2158 1174 2270 1213 non
2295 1157 2591 1214 revertaris
2621 1156 2688 1212 ad
2712 1156 2941 1229 januam
2995 1155 3226 1214 Christi.
3279 1156 3381 1212 Est
3414 1153 3518 1212 tibi

217 1243 647 1317 ῑιιΐΡίιοίίιιίιιωτ
729 1242 1044 1311 εἲιιῙῐίῑίδω,
1124 1241 1412 1310 maleﬁcia,
1490 1241 1809 1309 homicidia,
1921 1250 2266 1307 conversatio
2316 1265 2443 1305 cum
2483 1247 2680 1304 bestiis
2729 1247 2846 1320 agri
2901 1254 2955 1303 et
3006 1262 3133 1304 cum
3191 1243 3519 1302 volatilibus

219 1333 383 1400 imm,
415 1332 618 1400 rixam.
650 1338 705 1387 θῑ
731 1347 951 1388 omnem
1004 1331 1294 1388 malimm-
1329 1331 1476 1398 Quid
1506 1331 1665 1399 diois,
1698 1329 1814 1385 mi-
1922 1339 2084 1396 caeli:
2119 1339 2258 1396 sicut
2285 1345 2340 1395 et
2385 1355 2606 1406 corvus,
2638 1354 2751 1394 non
2821 1335 3144 1393 memoraris
3189 1335 3515 1404 Dominum,

219 1441 362 1493 sera,
397 1425 485 1480 vel
545 1421 680 1495 quid
710 1438 940 1478 excusas
961 1421 990 1478 ?
1043 1419 1329 1478 Devovisti
1369 1421 1609 1476 animam
1638 1428 1787 1475 tuam

1946 1429 2018 1501 [ui
2045 1437 2098 1484 te
2128 1429 2195 1485 de
2228 1428 2442 1484 diluvio
2471 1428 2730 1484 liberavit
2755 1445 2767 1483 :
2791 1443 2902 1483 non
2926 1426 3125 1501 quaeris
3143 1424 3324 1483 cubile
3358 1432 3514 1480 tuum

220 1521 287 1572 ut
305 1512 372 1570 ab
397 1512 532 1587 ipsis
563 1510 885 1568 hominibus
919 1510 1236 1568 recederes:
1280 1527 1428 1569 nunc
1469 1519 1652 1568 autem
1682 1510 1816 1583 quid
1923 1519 2245 1575 umbrosum
2277 1527 2330 1575 et
2368 1518 2595 1585 bonum,
2628 1517 2725 1573 ubi
2754 1517 3000 1590 requiem
3035 1515 3392 1588 temporalem
3425 1511 3520 1569 ha-

221 1607 476 1681 quaeris?
506 1607 680 1679 Rogo,
713 1621 824 1661 non
879 1603 1258 1672 confundaris,
1302 1602 1523 1676 quando
1551 1601 1619 1658 de
1646 1610 1700 1658 te
1730 1601 1816 1657 illi
1923 1607 2116 1664 buisti.
2166 1607 2288 1663 Non
2340 1607 2445 1663 tibi
2476 1614 2602 1663 ante
2645 1607 2833 1664 oculos
2859 1613 2942 1662 est
2986 1612 3302 1678 tempestas,
3357 1609 3522 1676 atque

221 1695 333 1753 sibi
380 1695 597 1752 fabulas
651 1695 884 1764 faciunt,
930 1693 1208 1750 dicentes:
1264 1694 1406 1750 Ecce
1437 1693 1636 1749 devota
1680 1693 1789 1747 Deo

1951 1700 2100 1758 pblita
2126 1717 2182 1757 es
2230 1698 2554 1758 charitatem
2612 1696 2842 1766 Christi,
2882 1703 2937 1752 et
2988 1705 3140 1753 tenes
3195 1693 3519 1752 charitatem

222 1803 346 1862 qum
378 1803 480 1844 nos
507 1785 796 1860 sequitur;
837 1784 1136 1858 dereliquit
1181 1783 1331 1840 enim
1363 1783 1510 1839 viam
1549 1798 1723 1851 suam,
1764 1791 1819 1839 et
1927 1790 2215 1847 hominum
2246 1789 2412 1862 hujus
2439 1788 2648 1856 saeculi,
2680 1786 2776 1858 qui
2805 1802 2917 1844 non
2948 1784 3153 1842 habent
3195 1783 3522 1842 charitatem

222 1899 322 1956 per
339 1881 609 1938 terminos
631 1880 746 1951 agri
776 1879 862 1936 sui
892 1877 1116 1946 erravit,
1141 1879 1290 1933 viam
1321 1875 1682 1933 habitationis
1701 1893 1812 1934 suae
1848 1887 1896 1948 Β
1927 1881 1984 1936 in
2015 1897 2090 1949 se,
2122 1879 2230 1936 nisi
2264 1877 2628 1934 diabolicam:
2658 1876 2742 1932 illi
2765 1883 2950 1932 autem
2983 1875 3149 1930 aliam
3177 1888 3398 1932 carnem
3425 1887 3524 1929 se-

223 1987 340 2030 non
370 1969 609 2027 invenit.
640 1968 860 2038 Venite,
894 1983 1342 2041 praaoccupemus
1369 1983 1511 2035 eam,
1537 1973 1592 2022 et
1643 1965 1822 2023 duce-
1927 1978 2195 2045 quuntur,
2225 1977 2280 2024 et
2308 1985 2420 2024 non
2475 1967 2737 2024 desinunt
2769 1964 3127 2039 quoadusque
3188 1963 3518 2020 moriantur.

225 2076 353 2117 mus
381 2058 440 2116 in
469 2058 615 2114 viam
648 2066 912 2116 nostram.
945 2054 1232 2124 Cecidisti,
1256 2056 1474 2123 misera,
1510 2057 1569 2111 in
1599 2057 1690 2110 via
1715 2056 1822 2111 lata
1929 2059 2158 2128 Recede,
2187 2058 2404 2125 misera,
2437 2057 2505 2113 de
2537 2055 2651 2112 illis
2670 2054 3010 2121 hominibus;
3067 2069 3136 2110 ne
3167 2069 3358 2110 carnes
3402 2061 3525 2131 tuas

226 2157 285 2207 et
312 2148 570 2222 spatiosa,
601 2163 723 2220 quas
751 2145 906 2202 ducit
921 2144 991 2201 ad
1018 2153 1271 2202 mortem.
1296 2144 1534 2202 Videtur
1573 2143 1677 2200 tibi
1706 2160 1822 2200 esse
1930 2151 2128 2207 electas
2156 2147 2466 2214 comedam,
2495 2147 2636 2202 talos
2672 2151 2798 2200 tuos
2844 2151 3114 2212 evertant,
3143 2150 3198 2199 et
3233 2142 3527 2214 relinqua-

225 2239 394 2306 bona,
427 2254 548 2311 qua:
569 2237 713 2292 mala
740 2244 821 2292 est
847 2253 860 2292 :
892 2234 1140 2308 sequeris
1167 2251 1262 2291 eos
1300 2250 1509 2302 amenS,
1539 2241 1594 2289 ei
1644 2233 1823 2289 nescis
1931 2240 2010 2295 ris
2038 2238 2205 2307 nuda,
2235 2245 2290 2294 et
2319 2237 2571 2310 spoliata,
2623 2235 2766 2290 sicut
2796 2233 2856 2289 in
2914 2233 3311 2291 cucumerario.
3362 2231 3526 2289 Modo

227 2327 491 2402 quoniam
531 2332 680 2382 recta
736 2324 796 2380 in
852 2323 1069 2380 foveam
1124 2322 1295 2380 cadis-
1353 2323 1563 2380 Memor
1605 2338 1720 2378 non
1768 2338 1825 2379 es
1932 2341 2115 2388 autem
2145 2329 2278 2404 quid
2302 2329 2491 2398 facies,
2519 2327 2650 2401 quia
2675 2324 2825 2382 nuda
2855 2340 2911 2382 es
2945 2332 3000 2381 et
3021 2323 3296 2398 spoliata?
3316 2321 3427 2379 Ibis
3455 2320 3526 2378 ad

227 2422 437 2473 arctam
467 2422 521 2470 et
553 2419 840 2486 angustam
869 2426 984 2468 esse
1015 2411 1184 2479 Viam,
1215 2428 1336 2486 quae
1368 2410 1523 2468 ducit
1551 2411 1620 2468 ad
1650 2412 1824 2467 Vitam
1933 2421 2147 2478 vicinos
2167 2429 2310 2487 tuos,
2343 2435 2480 2493 quos
2508 2425 2633 2474 ante
2662 2415 2874 2485 oderas,
2904 2422 3096 2487 petens
3125 2412 3194 2469 ab
3224 2411 3356 2485 ipsis
3387 2425 3529 2482 ope-

231 2503 453 2574 (Matth.
483 2501 697 2570 vu,i3,
736 2501 1194 2573 ili)?Laboriosa
1248 2501 1351 2558 tibi
1413 2501 1634 2558 videtur
1685 2517 1799 2557 esse

1953 2511 2232 2568 -imentum
2245 2508 2472 2583 pudoris
2497 2507 2611 2562 :illi
2641 2515 2825 2562 autem
2848 2504 2977 2560 dare
3003 2504 3223 2570 nolunt,
3242 2501 3521 2557 dicentes:

233 2607 357 2664 qua:
385 2589 529 2647 bona
557 2597 639 2646 est
670 2606 682 2645 :
719 2589 892 2646 oblita
919 2604 978 2644 es
1003 2590 1215 2647 dictum
1241 2590 1411 2648 fuisse
1447 2608 1460 2646 :
1501 2614 1519 2639 ι
1564 2589 1704 2658 Quia
1731 2607 1827 2663 per
1949 2626 1968 2652 ι
2021 2601 2126 2658 Ubi
2179 2607 2259 2656 est
2293 2599 2685 2654 vestimentum
2725 2603 2882 2650 tuum
2942 2591 3320 2665 splendidum,
3379 2587 3527 2662 quod

205 2737 210 2740 ,
232 2681 436 2738 multas
457 2678 844 2735 tribulationes
869 2695 970 2735 nos
997 2687 1211 2751 oportet
1235 2680 1292 2736 in
1317 2695 1545 2752 regnum
1562 2679 1826 2735 ccelorum
1935 2696 2060 2744 ante
2090 2694 2306 2760 portare
2317 2685 2529 2741 solebas
2549 2685 2578 2740 τ
2605 2708 2622 2730 ι
2657 2683 2803 2749 Quid
2833 2680 2995 2748 dicis,
3010 2689 3064 2735 et
3086 2677 3219 2750 quid
3231 2677 3528 2749 respondes

236 2768 471 2826 introire
502 2767 644 2838 (Act.
704 2783 824 2835 xiv,
868 2767 1013 2838 2i)?
1041 2791 1061 2816 ι
1124 2769 1284 2826 Nunc
1311 2776 1494 2826 autem
1551 2770 1804 2824 voluntat

1959 2781 2006 2848 ei,
2048 2797 2209 2853 quam
2236 2779 2410 2852 frigus
2459 2775 2782 2849 obligavit?
2815 2775 3175 2832 Gratulantur
3228 2781 3411 2829 autem
3466 2771 3527 2829 in

238 2865 349 2915 tuae
390 2855 476 2912 vis
503 2854 743 2911 studere.
775 2855 898 2910 Non
923 2854 1102 2927 legisti
1132 2855 1479 2914 Salomonem
1502 2857 1820 2916 dicentem:
1939 2870 2098 2926 malis
2149 2869 2279 2937 tuis,
2338 2884 2458 2941 qua;
2507 2867 2610 2922 tibi
2661 2872 2952 2922 venerunt.
3001 2863 3156 2920 Tunc
3200 2869 3253 2918 te
3302 2861 3526 2933 planges

255 2981 274 3005 ι
304 2955 473 3014 Bonis
497 2954 641 3010 bona
670 2961 851 3010 creata
880 2958 1011 3008 sunt
1039 2949 1106 3007 ab
1137 2948 1326 3018 initio,
1351 2948 1613 3005 similiter
1639 2947 1830 3021 impiis
1937 2959 2203 3017 dicendo;
2236 2960 2356 3015 Heu
2401 2957 2539 3014 mihi
2596 2957 2828 3024 miserae,
2877 2955 2966 3012 cui
3031 2953 3165 3010 talia
3207 2950 3518 3008 venerunt!

237 3053 296 3103 et
324 3042 707 3117 peccatoribus
734 3043 882 3100 bona
909 3049 962 3098 et
993 3043 1144 3100 mala,
1165 3041 1359 3112 (Eccti.
1392 3055 1595 3108 xxxix,
1625 3039 1717 3111 30)
1741 3039 1769 3095 ?
1796 3063 1805 3087 ι

1957 3050 2084 3118 )uid
2115 3049 2252 3105 mihi
2281 3048 2490 3122 profuit
2518 3048 2613 3103 illa
2643 3045 2960 3118 captivitas,
2994 3060 3115 3118 quas
3152 3057 3239 3098 me
3269 3039 3525 3112 captiva-

239 3140 378 3196 Item
409 3138 528 3210 ipso
556 3135 773 3194 dicente
800 3152 812 3191 :
856 3158 875 3182 ι
903 3133 1134 3190 Initium
1163 3133 1292 3190 vita
1321 3131 1568 3188 hominis
1613 3130 1831 3204 spirita-
1939 3139 2024 3194 vit
2052 3139 2307 3194 miseram
2346 3146 2400 3194 et
2430 3136 2706 3193 infelicem
2725 3135 2753 3192 ?
2795 3157 2814 3182 ι
2841 3133 2960 3202 Quo
2999 3131 3092 3187 ibo
3122 3146 3153 3186 a
3172 3127 3383 3203 Spiritu
3404 3133 3522 3195 tuo,

237 3228 368 3286 liter
396 3235 656 3300 arguatur
682 3226 762 3297 (3)
814 3224 976 3297 (Ibid.
1013 3223 1128 3296 3i).
1165 3246 1184 3270 ι
1242 3245 1261 3270 ι
1309 3221 1584 3295 spiritalis
1642 3220 1828 3277 omnia
1862 3251 1906 3310 ο
1941 3238 1994 3285 et
2016 3246 2048 3284 a
2099 3228 2234 3284 facie
2265 3237 2359 3284 tua
2379 3243 2488 3300 quo
2516 3225 2722 3299 fugiam
2743 3225 2771 3281 γ
2799 3223 2858 3281 Si
2887 3221 3182 3280 ascendere
3213 3220 3272 3275 in
3300 3217 3526 3310 coelum,

231 3317 467 3392 judicat,
501 3317 616 3390 ipse
643 3324 827 3374 autern
881 3331 912 3371 a
940 3313 1162 3371 nemine
1184 3313 1466 3386 judicatur
1515 3314 1574 3385 (I
1601 3314 1728 3370 Cor.
1763 3329 1826 3381 ιι,
1867 3302 1905 3310 ν
1935 3325 1997 3373 ιιι
2026 3316 2238 3374 illices:
2289 3317 2335 3373 si
2390 3315 2721 3372 descendere
2768 3313 2837 3369 ad
2885 3313 3189 3379 infernum,
3248 3307 3396 3364 ades.
3463 3302 3522 3360 Si

241 3407 356 3478 15),
391 3425 414 3456 ι
457 3405 561 3463 Ubi
592 3423 669 3476 es,
699 3407 813 3462 Deo
864 3403 1062 3460 devota
1081 3402 1110 3458 ?
1158 3401 1433 3474 Spiritalis
1480 3401 1702 3474 quidem
1761 3400 1828 3456 de
1937 3423 2219 3480 sumpsero
2247 3423 2452 3480 pennas
2486 3423 2632 3463 meas
2661 3415 2786 3462 ante
2817 3406 3018 3471 lucem,
3041 3409 3095 3457 et
3120 3399 3441 3456 habitavero
3468 3392 3526 3449 in

237 3495 366 3552 aliis
383 3493 659 3567 judicans,
692 3501 755 3549 in
788 3493 906 3564 ipsa
929 3490 1217 3563 judicaris-
1278 3490 1424 3558 Quid
1452 3491 1652 3563 quaeris
1701 3505 1828 3546 cum
1938 3504 2186 3554 extremo
2234 3496 2438 3563 maris;
2490 3496 2692 3552 etenim
2744 3494 2878 3550 illuc
2908 3507 3102 3548 manus
3153 3497 3249 3546 tua
3291 3485 3526 3543 deducet

238 3585 398 3642 “"8?
443 3609 462 3633 ε
490 3584 622 3653 Qua
652 3597 778 3655 Pars
814 3580 966 3638 ﬁdeli
995 3596 1122 3637 cum
1149 3579 1368 3636 inﬁdeli
1421 3581 1510 3652 (Π
1559 3581 1685 3637 σοι’-
1746 3595 1826 3647 νῐ,
1941 3603 2047 3655 me,
2081 3595 2135 3642 et
2170 3585 2377 3642 tenebit
2407 3601 2494 3641 me
2528 3586 2754 3642 dextera
2782 3591 2876 3640 tua
2906 3583 3081 3654 (Psat.
3147 3593 3421 3644 cxxxvm,
3456 3574 3529 3630 7-

242 3679 382 3750 15)?
409 3702 430 3726 ι
473 3678 562 3732 vel
618 3692 739 3748 quae
767 3691 891 3748 pars
941 3672 1116 3730 sancti
1148 3671 1392 3729 hominis
1452 3672 1520 3728 ad
1566 3672 1832 3729 carnem?
1944 3676 2057 3748 10).
2089 3701 2107 3723 ι
2147 3675 2300 3732 Tunc
2320 3675 2500 3732 dices:
2544 3699 2563 3724 ι
2591 3674 2801 3733 Vadam
2841 3681 2895 3730 et
2923 3677 3168 3728 revertar
3224 3668 3292 3724 ad
3337 3664 3525 3721 virum

241 3765 413 3838 Virgo
451 3772 604 3838 potes
623 3781 738 3821 esse
767 3778 1018 3837 corpore,
1047 3762 1141 3818 sed
1179 3777 1292 3818 non
1323 3769 1507 3817 mente
1549 3769 1828 3832 corrupta.
1943 3781 2124 3821 meum
2157 3765 2515 3836 primarium;
2551 3764 2679 3836 quia
2709 3763 2908 3820 melius
2937 3761 3077 3817 mihi
3109 3765 3226 3816 erat
3252 3766 3386 3813 tunc
3415 3769 3527 3809 ma-

241 3852 405 3911 Oculi
435 3860 620 3909 autem
651 3853 734 3909 tui
767 3853 1026 3908 obcaecati
1055 3857 1186 3908 sunt
1213 3850 1388 3906 nimio
1418 3851 1615 3906 ardore
1647 3849 1831 3906 libidi-
1943 3854 2044 3926 gis,
2076 3870 2240 3926 quam
2289 3853 2453 3910 modo
2512 3855 2662 3925 (Osee
2689 3870 2750 3921 ιι,
2786 3852 2864 3925 7),
2931 3875 2948 3899 ι
3017 3849 3114 3923 qui
3167 3845 3307 3902 mihi
3364 3842 3530 3899 dabat

241 3941 353 4011 nis,
385 3941 443 3998 in
472 3942 674 4015 quibus
706 3942 856 3997 trabs
885 3940 1130 4012 subjacet
1150 3956 1162 3995 :
1185 3955 1344 3995 aures
1368 3947 1479 3995 tuae
1504 3940 1678 4012 plena
1701 3946 1834 3994 sunt
1944 3943 2271 3998 vestimenta
2313 3959 2452 4012 mea,
2502 3951 2556 3999 et
2584 3943 2768 3999 oleum
2812 3955 2995 3997 meum
3025 3939 3084 3994 in
3130 3944 3374 4008 tempore
3404 3947 3524 3988 suo.

241 4031 398 4088 omni
428 4031 694 4104 spurcitia
722 4030 876 4085 virili
901 4047 913 4086 :
947 4029 1112 4102 pedes
1140 4043 1273 4084 vero
1303 4027 1386 4084 tui
1411 4029 1630 4087 veloces
1676 4034 1829 4096 sunt,
1945 4031 2106 4088 Modo
2125 4039 2307 4086 autem
2338 4031 2474 4104 quid
2502 4032 2644 4089 facio
2664 4032 2692 4088 ?
2719 4032 2873 4088 Tunc
2905 4024 3197 4085 reverteris
3226 4025 3285 4080 in
3300 4024 3528 4081 domum

241 4128 300 4176 et
323 4135 434 4176 non
458 4129 588 4176 sunt
637 4118 780 4192 pigri
808 4118 877 4174 ad
896 4118 1124 4190 januam
1155 4117 1310 4174 foris.
1367 4117 1471 4174 Ubi
1520 4118 1784 4174 sanctitas
1808 4119 1836 4174 ?
1947 4131 2094 4180 tuam
2135 4141 2259 4182 cum
2283 4123 2434 4192 ﬂetu,
2467 4123 2614 4180 unde
2663 4123 2874 4179 exieras
2903 4120 3162 4195 gaudens.
3212 4113 3436 4174 Sedebis
3471 4109 3532 4167 in

241 4207 340 4265 ubi
369 4207 705 4264 verecundia
726 4208 754 4264 ?
783 4207 881 4263 ubi
910 4207 1180 4263 sobrietas
1205 4206 1234 4262 ?
1267 4205 1364 4262 ubi
1417 4207 1658 4278 gravitas
1679 4208 1708 4264 ?
1738 4207 1836 4264 ubi
1945 4214 2145 4285 angulo
2175 4213 2370 4270 domus
2400 4222 2508 4270 tuae
2570 4214 2762 4285 lugens
2807 4219 2861 4268 et
2908 4209 3252 4276 contristata,
3309 4205 3532 4278 plorans

241 4296 509 4355 castitas?
533 4296 628 4352 ubi
657 4296 968 4352 modestia?
999 4295 1095 4352 ubi
1129 4295 1263 4351 ﬁdes
1281 4296 1309 4352 ?
1337 4295 1431 4351 ubi
1454 4297 1837 4353 continentia?
1945 4301 2034 4358 die
2057 4321 2118 4360 ac
2147 4313 2326 4372 nocte,
2359 4319 2608 4376 quaerens
2638 4302 2733 4376 qui
2763 4301 2929 4357 simul
2959 4308 3142 4356 tecum
3173 4294 3533 4354 contristetur

206 4386 344 4445 'ubi
371 4401 508 4459 pura
537 4401 691 4441 mens
711 4386 740 4443 ?
770 4385 874 4442 Ubi
903 4395 1031 4443 sunt
1051 4386 1148 4442 illa
1176 4386 1378 4456 omnis,
1405 4401 1503 4459 pro
1534 4388 1734 4462 quibus
1761 4387 1838 4444 ﬁ-
1945 4402 1999 4448 et
2031 4409 2143 4448 non
2179 4393 2284 4449 erit
2317 4411 2328 4450 :
2363 4403 2418 4450 et
2447 4392 2793 4450 consolantes
2823 4398 2897 4457 te,
2930 4397 2985 4446 et
3023 4405 3134 4445 non
3163 4383 3431 4442 invenies.
3461 4380 3535 4436 Et

243 4477 372 4534 dem
402 4483 552 4532 tuam
591 4490 941 4548 opposueras,
998 4492 1162 4549 quam
1193 4475 1526 4549 perdidisti?
1568 4503 1587 4526 ι
1641 4479 1838 4535 Melius
1946 4481 2156 4539 dabunt
2203 4482 2306 4539 tibi
2348 4481 2777 4554 eleemosynam,
2823 4496 2961 4553 quos
3013 4484 3139 4534 ante
3185 4475 3423 4531 oderas:
3476 4474 3534 4525 et

243 4568 396 4626 enim
426 4567 604 4623 fuerat
631 4574 685 4622 te
715 4583 827 4622 non
856 4566 1076 4623 vovisse
1095 4577 1150 4624 et
1180 4567 1377 4636 facere,
1411 4585 1574 4642 quam
1612 4586 1834 4638 vovere,
1870 4613 1913 4668 Ο
1947 4572 2248 4628 movebunt
2273 4572 2452 4645 capita
2485 4587 2584 4628 sua
2622 4585 2788 4642 super
2809 4577 2882 4636 te,
2919 4567 3163 4624 dicentes
3188 4581 3199 4620 :
3244 4564 3384 4618 Ecce
3409 4572 3531 4632 quae

243 4667 302 4716 et
331 4673 441 4713 non
471 4657 648 4713 facere
672 4657 868 4730 (Eccte.
903 4675 962 4723 v,
994 4657 1074 4728 li).
1099 4681 1118 4705 ι
1150 4687 1222 4698 -
1254 4682 1272 4705 ε
1291 4657 1413 4713 Non
1440 4667 1593 4730 potes
1621 4659 1838 4716 duobus
1873 4646 1913 4668 υ
1945 4668 2060 4717 erat
2095 4661 2295 4717 devota
2318 4664 2453 4731 Deo,
2485 4659 2648 4716 modo
2678 4659 2820 4715 facta
2847 4664 2924 4713 est
2957 4663 3018 4711 ut
3047 4663 3288 4710 stercora
3329 4650 3389 4705 in
3415 4646 3528 4714 via,

243 4746 490 4804 dominis
518 4745 745 4812 servire,
785 4751 880 4801 aut
908 4747 1044 4814 Deo,
1091 4752 1184 4802 aut
1224 4761 1570 4814 mammona,
1603 4771 1622 4796 ι
1695 4746 1838 4802 sicut
1945 4757 1999 4806 et
2031 4750 2176 4806 sicut
2214 4749 2410 4808 civitas
2463 4766 2583 4822 quae
2612 4755 2981 4820 expugnatur.
3013 4743 3117 4801 Ubi
3173 4749 3254 4798 est
3305 4735 3530 4796 castitas

243 4836 511 4908 scriptum
538 4843 620 4891 est
659 4834 874 4906 (Matth.
907 4852 984 4903 vr,
1014 4834 1130 4906 24).
1168 4860 1187 4881 ι
1215 4834 1354 4893 Cum
1403 4853 1658 4908 perverso
1713 4835 1838 4891 sub-
1947 4837 2147 4896 illius?
2197 4840 2299 4897 Ubi
2331 4848 2459 4896 sunt
2512 4837 2700 4894 omnia
2748 4837 2862 4902 illa,
2921 4851 3041 4908 quae
3069 4847 3188 4888 eam
3218 4825 3534 4902 sequeban-

245 4925 480 4982 verteris
509 4925 684 4996 (Psal.
719 4941 861 4992 xvu,
895 4923 1011 4997 27).
1041 4949 1060 4972 ι
1119 4954 1193 4966 -
1235 4949 1254 4974 ι
1278 4925 1399 4982 Non
1453 4934 1632 4999 potest
1677 4941 1839 4984 com-
1947 4930 2083 4986 tur?
2111 4929 2532 5001 Dereliquerunt
2583 4926 2730 4982 enim
2757 4925 2930 4994 illam,
2963 4923 3092 4997 quia
3140 4919 3365 4978 castitas
3415 4921 3533 4974 erat

245 5017 397 5074 mitti
426 5032 668 5090 pannum
698 5025 859 5074 vetus
906 5033 1032 5074 cum
1072 5034 1254 5086 novo;
1310 5019 1459 5076 tollit
1491 5020 1638 5076 enim
1670 5019 1839 5077 forti-
1948 5020 2065 5078 dux
2093 5037 2284 5076 eorum
2311 5037 2322 5075 :
2352 5018 2590 5092 perdidit
2610 5017 2939 5084 castitatem,
2972 5023 3026 5071 et
3056 5014 3316 5086 fugerunt
3345 5005 3534 5066 omnia

244 5106 499 5166 tudinem
531 5106 669 5180 ejus,
698 5115 752 5164 et
779 5106 934 5180 pejor
952 5107 1189 5164 scissura
1216 5108 1280 5165 ﬁt
1307 5109 1521 5179 (Matth.
1565 5111 1824 5182 1x,16).»
1949 5115 2064 5170 illa.
2099 5112 2258 5168 Modo
2287 5119 2467 5168 autem
2501 5109 2636 5185 quid
2691 5109 2877 5177 facies,
2930 5107 3129 5165 misera
3151 5106 3180 5164 ?
3234 5103 3340 5162 Ubi
3401 5107 3531 5158 sunt

246 5196 514 5255 Volatilia
542 5195 611 5252 ad
640 5196 747 5253 sibi
777 5196 986 5253 similia
1014 5197 1390 5267 conveniunt;
1444 5207 1499 5255 et
1534 5201 1741 5256 veritas
1770 5197 1838 5256 ad
1949 5202 2052 5269 illi,
2089 5217 2226 5276 quos
2255 5198 2676 5273 insequebaris?
2725 5199 3021 5255 Redimant
3072 5206 3126 5254 te
3186 5195 3232 5252 si
3280 5199 3530 5268 possunt.

247 5303 363 5356 eos,
385 5288 479 5361 qui
505 5295 808 5361 operantur
822 5304 963 5357 eam,
986 5295 1311 5346 revertetur.
1335 5289 1494 5346 Absit
1519 5299 1579 5347 ut
1618 5298 1677 5346 tu
1699 5291 1838 5346 mihi
1948 5293 2122 5361 Quam
2154 5299 2306 5364 potes
2326 5291 2454 5348 dare
2494 5291 2982 5348 commutationem
3035 5305 3133 5362 pro
3170 5287 3354 5343 anima
3411 5291 3528 5353 tua,

245 5395 404 5438 soror
431 5395 546 5436 esse
594 5379 820 5449 dicaris,
851 5396 973 5453 quae
1034 5395 1162 5437 cum
1214 5380 1418 5437 talibus
1471 5382 1834 5439 conversaris.
1948 5400 2110 5456 quam
2143 5381 2407 5438 fraudasti
2463 5398 2558 5454 per
2594 5381 3025 5439 inobedientiam
3080 5386 3252 5443 tuam;
3300 5383 3362 5432 ut
3418 5389 3532 5430 non

261 5496 282 5517 -
317 5471 430 5526 Aut
479 5468 644 5527 facite
671 5469 922 5526 arborem
948 5469 1171 5539 bonam,
1213 5479 1269 5551 et
1316 5471 1532 5528 fructus
1560 5469 1678 5544 ejus
1730 5471 1837 5527 bo-
1947 5474 2164 5530 audires
2195 5473 2387 5528 fratres
2417 5481 2560 5538 tuos,
2601 5473 2687 5529 vel
2717 5487 2952 5540 sorores,
2983 5484 3103 5542 quae
3132 5466 3236 5524 tibi
3265 5465 3534 5523 demons-

324 5631 416 5712 (ξ)
443 5628 647 5710 Eadem
703 5631 1068 5712 Rom._edit.,
1095 5639 1145 5712 et
1181 5634 1551 5712 peccatoribus
1577 5637 1718 5689 mata
1739 5638 1834 5690 εν...
1942 5639 2301 5712 peccatoribus
2367 5643 2730 5694 convertentur
2787 5636 2870 5712 in_
2911 5636 3072 5712 mata.
3136 5633 3257 5712 fita
3302 5631 3528 5690 hominis

249 5701 478 5787 initia":
503 5701 674 5755 omnis
700 5704 1016 5787 necessitatis
1040 5703 1110 5787 ad
1139 5701 1300 5787 vitam
1327 5706 1552 5787 hominis
1584 5724 1754 5787 _aqua
1794 5714 1841 5787 et
1942 5701 2103 5768 Etiam
2131 5711 2447 5786 spiritaliter
2474 5716 2748 5784 urguetur,
2777 5706 2906 5785 quia
2933 5705 3220 5785 spiritalis,
3260 5713 3367 5766 etc.

251 5773 409 5849 ignis,
444 5772 654 5846 ferrum
700 5779 750 5830 et
779 5775 883 5842 sat,
910 5782 1016 5834 etc.
1044 5775 1235 5836 Omnia
1261 5776 1370 5834 hac
1425 5777 1533 5856 piis
1580 5772 1736 5852 bona,
1767 5779 1839 5834 sic
