3972 6360
491 374 597 435 603

1495 376 1591 432 AD
1631 375 1864 434 OPERA
1901 375 1956 432 S.
1997 373 2329 432 AMBROSII
2365 373 2746 431 APPENDIX.

3687 363 3809 423 θοι

493 501 728 568 trahant,
759 515 830 556 ne
854 507 908 556 te
951 498 1210 572 jungeres
1262 515 1388 559 cum
1419 499 1741 558 hominibus
1787 498 2086 557 smculari-
2113 503 2163 562 A
2186 499 2258 554 sit
2285 499 2367 571 (4)
2399 515 2576 555 sermo
2605 507 2734 556 tuus
2766 517 2778 556 :
2807 499 2928 568 Est,
2957 499 3218 568 est,Non,
3239 511 3354 553 non
3377 513 3390 554 :
3417 493 3568 569 quod
3597 499 3804 551 autem

490 591 595 650 bus
613 592 642 647 ‘i
668 591 828 648 Nunc
853 598 1037 646 autem
1066 589 1199 662 quid
1231 590 1496 648 faciemus
1517 591 1621 648 tibi
1650 591 1737 648 vel
1769 589 1903 662 quid
1937 588 2084 645 dice-

490 697 634 749 mus,
661 696 798 754 quos
835 680 1028 737 audire
1054 679 1320 748 noluisti;
1355 680 1464 736 nisi
1495 688 1556 736 ut
1605 697 1706 736 nos
1736 681 1880 751 ipsos
1916 679 2084 750 plan-

491 786 680 844 gamus
707 785 871 842 super
899 776 972 837 te,
1004 769 1280 826 dicentes:
1339 770 1524 838 Parce,
1558 769 1814 836 Domine,
1862 785 2021 840 parce
2055 767 2084 824 ?

489 860 596 928 Qui
623 860 764 917 forte
792 859 981 916 ﬂetum
1009 868 1258 916 nostrum
1288 867 1342 914 et
1393 859 1658 932 gemitum
1691 857 1956 914 exaudire
1987 857 2086 914 di-

489 957 706 1024 gnetur,
751 956 814 1006 ut
842 949 934 1006 det
960 949 1063 1004 tibi
1099 949 1346 1005 animum
1403 949 1764 1006 convertendi
1795 947 1864 1004 ad
1899 949 2081 1020 ipsum

489 1037 708 1107 denuo;
779 1046 842 1094 ut
918 1054 1246 1095 rememores
1309 1045 1530 1111 peccata
1604 1045 1719 1107 tua,
1798 1037 2076 1094 dicendo:

501 1151 524 1178 ‹
551 1127 784 1197 Quantis
811 1127 1044 1202 panibus
1073 1127 1398 1185 mercenarii
1429 1129 1602 1200 patris
1639 1128 1746 1184 mei
1776 1127 2078 1195 abundant,

489 1231 588 1287 ego
628 1223 810 1273 autem
857 1216 1000 1273 fame
1029 1217 1240 1290 pereo?
1279 1217 1507 1288 Surgam
1548 1217 1755 1288 itaque,
1797 1223 1849 1271 et
1880 1214 2077 1269 vadam

488 1307 557 1364 ad
585 1315 792 1380 patrem
839 1323 1047 1374 meum,
1091 1316 1145 1364 et
1168 1307 1348 1364 dicam
1379 1308 1500 1364 illi:
1548 1309 1726 1376 Pater,
1761 1305 1980 1380 peccavi
2014 1307 2074 1360 in

487 1397 688 1454 caelum
741 1403 795 1453 et
823 1415 1008 1454 coram
1039 1407 1122 1466 te;
1167 1398 1283 1471 jam
1313 1415 1427 1454 non
1481 1416 1602 1455 sum
1670 1399 1838 1472 digna
1894 1397 2080 1454 vocari

487 1483 607 1542 ﬁlia
638 1493 752 1555 tua,
783 1487 1002 1558 suscipe
1032 1504 1118 1543 me
1157 1488 1301 1544 sicut
1353 1504 1520 1544 unam
1579 1504 1648 1544 ex
1677 1489 1898 1544 ancillis
1943 1489 2078 1554 tuis,

489 1583 551 1632 ut
581 1575 766 1632 vivam
791 1576 942 1647 (Luc.
999 1594 1096 1647 xv,
1131 1578 1355 1650 17-19).
1388 1601 1407 1625 ι
1449 1566 1596 1646 Quid
1622 1578 1668 1633 si
1700 1578 1844 1634 forte
1901 1594 1998 1649 pro
2029 1585 2082 1633 te

488 1664 752 1721 occiderit
781 1665 1025 1721 vitulum
1073 1670 1220 1730 368
1275 1665 1436 1721 illum
1467 1665 1774 1738 saginatum
1807 1666 1835 1722 ?
1888 1665 2082 1721 Zelans

486 1761 634 1818 enim
682 1770 735 1818 te
793 1764 985 1819 zelor:
1041 1787 1062 1811 ι
1121 1765 1457 1836 Desponsavi
1513 1764 1662 1820 enim
1695 1772 1749 1820 te
1807 1763 1907 1819 uni
1955 1763 2080 1818 viro

2189 589 2426 661 amplius
2468 597 2571 657 est,
2601 605 2632 645 a
2660 590 2804 646 malo
2859 597 2940 645 est
2968 589 3181 662 (Matth.
3231 605 3288 656 v,
3319 585 3534 658 34-37).
3569 609 3589 633 ι
3666 585 3808 640 Ira-

2189 695 2358 746 scere,
2391 687 2445 734 et
2464 679 2578 735 noli
2609 695 2831 751 peccare
2864 679 3048 748 (Ps-al.
3081 695 3161 746 ιν,
3197 677 3281 748 5),
3329 675 3398 732 ad
3443 671 3810 732 excusandas

2189 771 2566 828 excusationes
2604 771 2662 828 in
2692 770 2930 844 peccatis
2976 787 3105 828 cum
3130 768 3452 826 hominibus
3508 762 3807 840 aperanti-

2187 859 2292 915 bus
2318 859 2666 932 iniquitatem
2698 860 2873 932 (Psal.
2908 875 3033 928 (ιιι,
3087 857 3170 932 ιι).
3221 857 3469 914 Humilia
3513 865 3590 924 te,
3645 853 3804 922 ﬁlia,

2189 958 2314 1005 ante
2339 949 2658 1019 Dominum,
2691 949 2954 1022 quoniam
3001 973 3020 997 ε
3067 951 3213 1006 Deus
3243 945 3494 1021 superbis
3550 943 3803 1011 resistit,

2187 1039 2493 1096 humilibus
2550 1048 2732 1097 autem
2790 1041 2884 1097 dat
2922 1039 3150 1110 gratiam
3205 1039 3268 1112 (Ι
3312 1039 3460 1096 Pctr.
3515 1055 3579 1107 v,
3633 1036 3728 1108 5).
3761 1059 3783 1082 ι

2187 1129 2397 1185 Accede
2413 1129 2480 1185 ad
2509 1131 2827 1198 Dominum,
2867 1139 2930 1187 ut
2957 1128 3237 1186 illumiuet
3273 1135 3346 1196 te,
3395 1135 3450 1184 et
3481 1143 3599 1182 non
3661 1141 3800 1183 eru-

2186 1219 2370 1276 besces
2400 1223 2456 1277 in
2489 1230 2781 1294 conspectu
2812 1222 2962 1278 illius
2995 1223 3170 1292 (Psat.
3203 1237 3407 1289 χχχιιι,
3460 1219 3542 1292 6).
3573 1217 3802 1276 Recede

2187 1314 2254 1370 de
2285 1315 2562 1388 voluptate
2592 1315 2800 1382 saeculi,
2826 1322 2879 1370 et
2909 1313 3076 1370 indue
3102 1323 3156 1371 te
3186 1313 3500 1372 constantia
3529 1311 3798 1368 virtutis.

2186 1404 2406 1474 Depone
2437 1405 2763 1461 vestimenta
2792 1403 2957 1476 hujus
2985 1404 3196 1472 saeculi,
3235 1412 3290 1460 et
3319 1403 3489 1460 indue
3519 1409 3572 1457 te
3588 1400 3798 1458 tunica

2189 1495 2586 1565 perpetuitatis.
2662 1495 2992 1567 Derelinque
3045 1494 3199 1550 cibos
3253 1493 3415 1549 istius
3461 1491 3679 1559 saeculi,
3741 1498 3799 1546 et

2187 1584 2371 1655 accipe
2387 1584 2489 1640 tibi
2510 1584 2706 1642 Sancta
2736 1592 3050 1642 sanctorum
3075 1585 3181 1657 (ὅ).
3205 1584 3508 1640 Memorare
3529 1578 3792 1648 Sidracb,

2186 1671 2413 1740 Misach,
2462 1673 2780 1745 Abdenago,
2842 1681 2896 1730 et
2924 1673 3117 1730 Daniel
3174 1687 3454 1728 recusasse
3507 1685 3710 1726 carnes
3737 1676 3795 1726 et

2189 1761 2382 1816 vinum
2409 1762 2729 1832 gentilium,
2747 1770 2801 1818 et
2823 1763 3092 1834 accepisse
3119 1761 3228 1818 sibi
3255 1761 3405 1816 olera
3420 1766 3475 1816 et
3493 1758 3784 1832 legumina

485 1849 757 1922 virginem
796 1862 1001 1909 castam
1062 1851 1325 1908 exhibere
1381 1852 1622 1909 Christo.
1682 1851 1874 1908 Timeo
1929 1852 2076 1908 enim
2109 1867 2152 1927 Β
2190 1851 2354 1922 (Παη.
2389 1867 2429 1918 ι,
2459 1851 2636 1921 8-12).
2667 1849 3324 1908 MementoMachabaaam
3347 1855 3576 1921 propter
3593 1863 3792 1904 carnes

485 1954 574 2007 ne,
649 1939 792 1996 sicut
854 1956 1078 2013 serpens
1145 1942 1326 1996 Evam
1378 1941 1600 1998 seduxit
1679 1940 1884 1997 astutia
1959 1957 2076 2011 sua,

486 2026 566 2084 sic
631 2027 712 2084 tui
795 2045 987 2084 sensus
1051 2037 1500 2101 corrumpantur,
1583 2035 1638 2084 et
1705 2027 1970 2085 excidant
2049 2043 2081 2082 a

487 2114 751 2172 charitate
807 2133 928 2189 quae
985 2125 1066 2174 est
1111 2119 1171 2174 in
1231 2118 1452 2176 Christo
1497 2119 1625 2175 Jesu
1681 2119 1773 2189 (Il
1823 2117 1948 2174 Cor.
1995 2132 2075 2185 ιιι,

486 2205 540 2274 2,
572 2206 652 2278 3).
685 2231 703 2254 .

558 2294 786 2352 CAPUT
824 2297 919 2353 IlI.
949 2328 1020 2338 —
1053 2296 1196 2354 Vide
1223 2313 1350 2370 ergo
1370 2305 1422 2353 et
1451 2313 1584 2354 cave
1611 2296 1678 2353 de
1733 2295 1854 2353 istis
1899 2293 2078 2352 homi-

488 2385 676 2454 nibus,
695 2393 755 2442 ut
784 2387 924 2442 mihi
957 2404 1112 2444 soror
1137 2395 1193 2444 et
1221 2387 1447 2444 domina
1489 2385 1814 2444 nomineris.
1858 2411 1876 2434 ι
1933 2387 2080 2442 Intra

484 2473 546 2532 in
573 2476 914 2546 cubiculum,
946 2477 1132 2533 clauso
1151 2477 1293 2534 ostio
1308 2493 1404 2534 ora
1424 2477 1640 2533 Patrem
1661 2483 1821 2532 tuum
1852 2477 2072 2547 (Matth.

491 2584 565 2634 γι,
597 2567 676 2638 6),
715 2592 734 2615 ι
783 2574 846 2623 ιιι
871 2567 962 2623 det
987 2566 1088 2623 tibi
1123 2575 1365 2624 mentem
1394 2567 1597 2624 bonam
1627 2573 1681 2622 et
1702 2565 2072 2634 intellectum,

485 2662 548 2713 ut
574 2656 714 2713 scias
766 2671 902 2729 quos
931 2655 1128 2714 debeas
1185 2657 1362 2732 sequi,
1399 2664 1454 2712 et
1477 2673 1616 2730 quos
1674 2656 1891 2724 vitare;
1949 2654 2079 2728 quia

485 2746 647 2803 multi
673 2754 804 2802 sunt
832 2746 928 2821 qui
956 2746 1175 2819 ﬁngunt
1197 2763 1254 2803 se
1291 2762 1406 2802 esse
1433 2745 1581 2820 quod
1629 2760 1742 2800 non
1771 2751 1920 2814 sunt,
1981 2743 2078 2800 sed

485 2835 866 2894 mentiuntur:
895 2845 950 2894 et
973 2835 1151 2893 nescis
1179 2836 1442 2910 quoniam
1472 2835 1542 2893 de
1589 2834 1774 2891 anima
1799 2841 1896 2889 tua
1949 2832 2078 2906 agi-

484 2934 610 2996 tur;
641 2943 709 2983 ne
735 2927 942 2984 ducant
966 2933 1021 2984 te
1066 2928 1365 3000 captivam,
1415 2927 1561 2984 sicut
1619 2925 1821 2982 bovem
1866 2923 1962 2997 qui
2007 2924 2079 2982 ad

483 3015 814 3074 occisionem
844 3015 1102 3073 ducitur:
1129 3023 1225 3073 aut
1253 3017 1409 3073 velut
1449 3031 1664 3084 canem,
1701 3021 1764 3070 ut
1792 3013 2070 3085 alligetur.

483 3105 562 3163 Ne
592 3104 816 3162 festines
843 3106 988 3163 sicut
1011 3106 1130 3162 avis
1157 3105 1216 3162 in
1245 3105 1522 3178 laqueum.
1543 3103 1692 3160 Audi
1718 3119 1827 3169 me,
1851 3117 2076 3159 remove

2188 1941 2440 2013 porciuas
2479 1957 2689 2013 passam
2722 1941 2912 2009 fuisse,
2939 1948 2994 1997 et
3023 1936 3172 1996 ﬁlios
3229 1939 3404 2012 ipsius
3427 1946 3642 1994 assatos
3695 1937 3788 1994 vel

2185 2033 2360 2088 frixos
2387 2033 2445 2089 in
2471 2035 2591 2090 oleo
2624 2035 2714 2105 (ΙΙ
2736 2035 2908 2092 Much.
2941 2051 3044 2102 vn,
3077 2035 3104 2088 1
3137 2032 3294 2104 seq.).
3329 2029 3590 2100 Ambula,
3627 2029 3775 2099 ﬁlia,

2189 2121 2246 2177 in
2275 2121 2468 2178 habitu
2494 2129 2704 2191 sancto,
2734 2139 2860 2178 cum
2886 2121 3241 2189 verecundia,
3271 2127 3327 2176 et
3382 2119 3700 2189 sobrietate,
3733 2129 3793 2178 et

2187 2211 2471 2283 gravitate.
2533 2213 2756 2283 Depone
2784 2211 3158 2276 mendacium,
3217 2209 3442 2282 loquere
3489 2209 3788 2266 veritatem

2186 2317 2310 2358 cum
2343 2300 2601 2371 proximo
2651 2309 2765 2357 tuo.
2797 2301 2926 2369 Ora,
2982 2301 3118 2368 ﬁlia,
3169 2299 3288 2356 sine
3336 2297 3788 2366 intermissione;

2181 2387 2370 2460 jejuna
2398 2389 2732 2462 frequenter,
2763 2399 2819 2447 et
2854 2391 2925 2446 da
2980 2390 3408 2462 eleemosynam,
3453 2411 3473 2438 ι
3517 2387 3790 2463 quoniam

2185 2480 2534 2552 eleemosyna
2561 2496 2592 2536 a
2639 2487 2814 2536 morte
2872 2479 3094 2547 liberat,
3125 2485 3180 2534 et
3207 2493 3321 2534 non
3350 2476 3557 2550 patitur
3610 2475 3698 2531 ire
3729 2473 3794 2530 in

2185 2571 2434 2628 tenebras
2466 2572 2622 2644 (Tob.
2681 2571 2908 2643 1v,11).
2949 2595 2968 2619 ι
3013 2571 3215 2628 Munus
3238 2568 3441 2626 bonum
3493 2573 3577 2622 est
3633 2567 3795 2623 elee-

2186 2675 2436 2732 mosyna,
2468 2677 2590 2734 qua)
2617 2668 2814 2734 purgat
2841 2677 3062 2717 omnem
3091 2659 3307 2716 sordem
3359 2665 3416 2714 et
3441 2655 3789 2729 squalorem.

2183 2748 2349 2804 Beata
2377 2751 2502 2818 eris,
2535 2750 2584 2806 si
2609 2749 2726 2808 hac
2755 2749 2943 2806 omnia
2969 2766 3095 2806 cum
3125 2747 3343 2821 legeris,
3369 2745 3560 2803 facias.
3592 2745 3793 2802 Zelare

2165 2839 2332 2914 .quod
2358 2840 2566 2896 bonum
2595 2849 2698 2909 est,
2727 2847 2790 2897 ut
2840 2840 2990 2914 quod
3020 2841 3348 2897 malum-est
3405 2835 3784 2894 obliviscaris.

2185 2927 2482 2986 Benedicat
2527 2938 2581 2987 te
2609 2931 2788 3000 Pater,
2827 2938 2882 2987 et
2909 2929 3111 2998 Filius,
3161 2935 3217 2986 et
3243 2927 3483 3001 Spiritus
3536 2933 3785 2995 sanctus,

2183 3017 2567 3076 benedictione
2599 3035 2706 3093 qua
2734 3026 2915 3092 patres
2928 3026 3148 3076 nostros
3162 3016 3493 3074 benedicere
3513 3014 3788 3088 dignatus

2183 3115 2264 3163 est
2295 3107 2599 3177 Abraham,
2629 3109 2799 3176 Isaac,
2831 3116 2885 3165 et
2930 3106 3118 3164 Iacob.
3168 3107 3278 3164 Ora
3320 3122 3422 3179 pro
3452 3120 3559 3174 me,
3618 3102 3782 3170 ﬁlia;

485 3196 677 3270 pedem
719 3204 872 3254 tuum
927 3197 996 3254 de
1022 3195 1159 3264 illis,
1214 3195 1342 3252 sede
1377 3193 1570 3250 sedula
1624 3193 1684 3250 in
1741 3192 1906 3283 domo
1943 3199 2070 3283 tua,
2104 3222 2147 3283 ρ
2181 3196 2312 3270 quia
2339 3205 2394 3254 et
2425 3213 2526 3269 ego
2574 3198 2846 3254 sollicitus
2905 3213 3028 3254 sum
3056 3196 3125 3253 de
3175 3204 3250 3267 te,
3309 3195 3455 3253 sicut
3508 3194 3780 3266 scriptum

481 3302 704 3360 operare
737 3285 995 3344 manibus
1023 3285 1135 3343 tuis
1171 3283 1319 3358 quod
1356 3283 1566 3340 bonum
1601 3289 1683 3338 est
1703 3299 1718 3350 ;
1755 3289 1818 3338 ut
1869 3281 2074 3338 habeas

482 3376 628 3434 unde
668 3377 1078 3434 communicare
1134 3372 1309 3447 possis
1346 3372 1726 3430 necessitatem
1784 3371 2074 3428 sustinen-

478 3467 649 3524 tibus.
684 3468 792 3524 Ora
805 3467 926 3524 sine
957 3462 1388 3532 intermissione,
1410 3478 1513 3519 nec
1543 3461 1723 3519 facilis
1743 3461 1989 3518 videaris
2014 3460 2074 3516 in

477 3557 694 3630 plateis.
733 3557 894 3614 Certa
920 3554 1127 3610 bonum
1159 3561 1456 3622 certamen,
1485 3569 1645 3610 curre
1694 3553 1979 3618 velocius;
2013 3557 2075 3606 ut

477 3645 930 3718 comprehendas,
963 3643 1024 3699 in
1077 3660 1186 3716 quo
1245 3643 1639 3716 comprehensa
1684 3660 1742 3699 es
1794 3641 2074 3699 aChristo

481 3737 744 3809 (Philipp.
777 3754 861 3804 ιιι,
898 3735 1010 3808 12).
1043 3735 1290 3791 Audiant
1319 3743 1371 3790 te
1409 3733 1684 3802 homines,
1715 3741 1770 3790 et
1816 3734 2074 3790 laetentur

477 3825 544 3882 de
571 3826 716 3882 bono
754 3825 977 3891 animo;
1011 3831 1064 3881 et
1093 3825 1160 3880 de
1191 3833 1375 3880 mente
1407 3841 1515 3897 qua
1544 3824 1709 3880 vivis.
1761 3850 1778 3872 ε
1807 3827 1887 3880 Da
1921 3825 2074 3879 elee—

478 3930 788 3986 mosynam,
820 3921 875 3970 et
923 3929 1046 3970 ecce
1091 3913 1279 3970 omnia
1305 3913 1514 3970 munda
1567 3920 1730 3968 erunt
1758 3912 1861 3978 tibi
1921 3913 2069 3982 (Luc.

476 4020 556 4071 ιιι,
588 4003 704 4075 41).
735 4029 753 4050 ι
798 4003 918 4060 Νοιι
948 4011 1001 4059 te
1049 4003 1226 4076 pigeat
1252 4003 1477 4060 visitare
1516 4002 1800 4069 inﬁrmos;
1860 4018 1929 4057 ex
1983 3999 2071 4056 his

477 4091 626 4147 enim
660 4091 717 4148 in
729 4091 1368 4149 dilectioneﬁrmaberis.
1407 4117 1425 4139 ι
1445 4093 1566 4148 Non
1582 4090 1794 4162 jurabis
1818 4090 2066 4158 omnino,

476 4200 654 4257 neque
710 4200 806 4256 per
865 4201 1080 4253 verum,
1135 4200 1314 4257 neque
1380 4199 1476 4256 per
1523 4182 1914 4242 mendacium:
1975 4181 2071 4237 sed

549 4347 630 4420 (4)
660 4348 818 4404 Rom.
852 4347 1010 4417 edit.,
1067 4365 1229 4420 neque
1251 4365 1348 4420 per
1373 4348 1576 4416 cwlum,
1614 4364 1776 4418 neque
1826 4363 1925 4418 per
1971 4351 2068 4400 ter-

477 4436 632 4474 ram:
667 4421 754 4476 sed
783 4420 871 4488 sit,
904 4429 1010 4478 etc.

2181 3293 2295 3342 est:
2340 3309 2359 3333 ε
2389 3286 2554 3344 Orate
2583 3303 2680 3359 pro
2712 3286 2953 3344 invicem
2981 3287 3122 3356 (Jac.
3150 3303 3208 3354 v,
3243 3285 3358 3357 16).
3388 3307 3410 3333 ι
3471 3283 3630 3351 Item,
3661 3283 3780 3340 fra-

2181 3381 2264 3430 ter
2292 3373 2518 3432 fratrem
2547 3375 2814 3448 adjuvaus
2839 3375 3175 3432 exaltabitur
3203 3373 3395 3447 (Prov.
3444 3388 3614 3436 ινιιι,
3652 3372 3773 3442 19).

2180 3468 2402 3524 Exaltet
2431 3475 2484 3524 te
2512 3469 2782 3525 Dominus
2809 3466 2868 3522 in
2914 3467 3261 3524 sanctitatem
3291 3471 3347 3522 et
3392 3461 3778 3530 dilectionem,

2181 3557 2324 3614 sicut
2350 3557 2618 3629 scriptum
2667 3565 2782 3616 est:
2827 3580 2846 3605 ι
2901 3555 3007 3624 Qui
3065 3553 3252 3626 diligit
3305 3552 3532 3609 fratrem
3584 3565 3776 3618 suum,

2181 3647 2354 3716 legem
2396 3646 2650 3718 implevit
2681 3646 2857 3718 (Rom.
2886 3661 3012 3712 xm,
3040 3644 3122 3716 8).
3154 3666 3173 3692 ι
3205 3672 3278 3685 -
3340 3666 3360 3690 ι
3383 3640 3614 3714 Impleat
3666 3641 3776 3696 Do-

2181 3734 2367 3790 minus
2388 3751 2580 3791 omnes
2608 3733 2900 3806 petitiones
2927 3742 3049 3791 tuas
3079 3732 3259 3804 (Psal.
3290 3747 3412 3799 xxx,
3437 3729 3518 3802 7).
3551 3753 3570 3779 ι
3604 3730 3778 3787 Prais-

2182 3831 2259 3878 tet
2288 3824 2392 3880 hoc
2430 3823 2532 3880 tibi
2563 3825 2706 3880 Deus
2734 3823 2893 3878 Pater
2921 3837 3017 3894 per
3045 3821 3232 3877 Iesum
3261 3819 3547 3878 Christum
3559 3819 3774 3876 Filium

2179 3931 2365 3982 suum,
2397 3913 2695 3969 Dominum
2729 3919 2782 3968 et
2813 3913 3012 3980 Deum,
3041 3927 3247 3983 regem,
3275 3909 3546 3983 judicem,
3575 3909 3777 3964 salva-

2180 4011 2374 4069 torem,
2409 4004 2917 4074 redemptoremque
2970 4008 3246 4069 nostrum,
3277 3999 3479 4073 quiest
3525 3997 3770 4054 benedi-

2177 4099 2299 4147 ctus
2324 4109 2449 4148 cum
2481 4091 2689 4164 Spiritu
2716 4099 2926 4159 sancto,
2960 4105 3056 4162 per
3078 4089 3266 4145 Omnia
3297 4087 3497 4146 saecula
3519 4087 3769 4144 saculo-

2178 4199 2323 4251 rum,
2355 4198 2535 4238 amen.

2253 4345 2333 4413 (5)
2379 4344 2580 4400 Eadem
2637 4345 2796 4402 Rom.
2852 4344 3010 4413 edit.,
3073 4343 3168 4400 tibi
3219 4359 3389 4399 escam
3441 4347 3796 4398 sanctorum:

2179 4416 2334 4471 Iiuud
2367 4416 2681 4472 infeliciter.

2555 4560 2804 4571 ——_

1647 4740 1776 4822 IN
1875 4735 2593 4823 SERMONES

1280 4915 1648 4974 HACTENUS
1687 4916 1816 4972 SUB
1855 4916 2190 4973 AMBROSII
2229 4913 2498 4970 NOMINE
2535 4911 2957 4970 EVULGATOS

1850 5059 2378 5135 ADMONITIO.

544 5391 894 5457 Sermonum,
927 5403 1065 5460 quos
1085 5387 1144 5442 in
1175 5385 1586 5460 antiquioribus
1617 5383 1892 5440 Ambrosii
1942 5380 2118 5438 nostri
2147 5377 2484 5437 editionibus
2512 5374 2823 5448 persolvere
2848 5379 2950 5441 est,
3012 5369 3351 5460 mentionem
3399 5384 3572 5460 prope
3629 5370 3769 5428 fecit

477 5497 658 5548 nemo,
680 5481 773 5554 qui
805 5459 1015 5552 partem
1041 5495 1229 5535 eorum
1266 5459 1414 5534 haud
1447 5476 1781 5532 mediocrem
1814 5473 1990 5530 eidem
2019 5479 2211 5528 sancto
2264 5471 2385 5525 viro
2413 5482 2695 5540 perperam
2725 5462 2976 5531 attribui,
3007 5469 3061 5517 et
3091 5460 3237 5518 inter
3264 5459 3516 5554 aliorum
3539 5459 3770 5554 Patrum

477 5570 672 5640 Opera,
696 5548 937 5625 inanimo
966 5585 1097 5624 vero
1125 5567 1271 5625 beati
1301 5566 1528 5623 Maximi
1567 5562 1912 5621 circumferri
1939 5579 2052 5618 non
2081 5561 2385 5633 agnoverit.
2440 5561 2685 5614 Romana
2723 5553 2895 5610 editio
2925 5551 3128 5608 nedum
3161 5549 3474 5606 mederetur
3501 5548 3638 5607 huic
3668 5550 3772 5607 in-

476 5657 785 5725 commodo,
809 5659 946 5714 alios
976 5658 1199 5729 insuper
1231 5655 1474 5727 adjectos
1520 5652 1698 5709 voluit
1737 5653 1805 5710 ab
1837 5653 2058 5725 ingenio
2103 5651 2356 5723 styloque
2387 5645 2754 5704 Ambrosiano
2781 5642 2954 5715 magis
2982 5641 3360 5710 abhorrentes,
3395 5656 3560 5714 quam
3593 5641 3769 5714 primi

479 5747 586 5807 illi.
628 5744 733 5802 Sed
785 5763 896 5806 non
951 5749 1174 5805 unicum
1205 5746 1447 5822 ejusdem
1506 5744 1766 5802 editionis
1794 5745 1851 5802 in
1905 5761 1968 5802 ea
2014 5759 2072 5800 re
2131 5743 2236 5802 hoc
2270 5748 2550 5817 peccatum
2597 5747 2680 5797 est
2732 5745 2992 5810 praeterea
3019 5735 3165 5793 enim
3208 5741 3263 5792 et
3317 5748 3601 5791 sermones
3644 5749 3768 5792 non
