3972 6358
250 388 359 448 605
796 391 1165 453 SERMONES
1202 391 1260 449 S.
1298 389 1653 449 AMBROSIO
1694 389 2062 449 HACTENUS
2101 390 2437 447 ASCRIPTI.
2475 421 2545 433 —
2582 391 3005 448 ADMONITIO.
3440 387 3544 444 606

249 533 457 591 paucos
482 519 551 577 ab
582 520 819 578 aliorum
847 524 1019 579 classe
1048 522 1267 578 avulsos
1293 519 1352 576 in
1388 518 1594 575 alienas
1645 516 1801 573 sedes
1844 516 2179 586 amandavit,
2211 527 2265 574 et
2293 520 2466 575 multa
2505 535 2630 574 cum
2662 519 2718 573 in
2749 518 2950 587 titulis,
3003 526 3120 574 tum
3162 518 3220 573 in
3266 516 3386 589 ipso
3413 532 3541 572 con-

254 615 436 679 textu,
469 626 578 683 quo
607 611 927 669 viderentur
954 613 1127 685 magis
1154 608 1527 678 Ambrosiani,
1559 607 1784 681 propria
1811 605 2129 665 immutavit
2164 609 2518 676 auctoritate;
2552 609 2697 665 unde
2724 608 2957 681 contigit
2985 608 3043 663 in
3070 624 3308 664 errorem
3341 604 3537 664 induci

249 694 509 755 homines
543 699 749 774 alioqui
782 701 1178 774 sagacissimos.

325 785 671 862 Quapropter
701 798 761 846 ut
790 792 847 846 in
879 798 1156 864 posterum
1192 791 1421 847 lectores
1466 788 1532 844 ab
1580 784 1902 859 bujusmodi
1941 785 2131 841 fraude
2187 788 2561 857 liberaremus,
2596 805 2785 845 omnes
2814 791 3105 846 Sermones
3134 785 3229 859 qui
3260 781 3542 840 Ambrosii

250 892 456 934 nomen
483 879 544 935 in
584 880 921 953 quibuslibet
948 880 1285 938 editionibus
1313 896 1425 952 prae
1454 894 1510 934 se
1537 878 1745 944 ferunt,
1778 877 1846 933 ad
1876 891 2104 932 examen
2132 878 2336 947 placuit
2366 895 2619 935 revocare
2655 898 2666 935 :
2704 895 2812 951 qua
2858 877 2915 934 in
2966 892 3198 933 censura
3236 880 3358 946 post
3387 869 3542 928 adhi-

247 963 449 1037 bitam,
484 985 591 1041 qua
624 969 884 1043 majorem
911 986 1022 1027 non
1060 970 1356 1038 valuimus,
1388 967 1735 1039 diligentiam
1780 975 1832 1022 et
1865 966 2232 1032 severitatem,
2254 969 2569 1023 eorumdem
2599 968 2947 1034 Sermonum,
2978 964 3228 1037 exceptis
3259 960 3538 1019 concioni-

247 1050 357 1109 bus
385 1064 639 1128 quatuor,
670 1057 934 1115 nimirum
966 1061 1032 1117 In
1066 1058 1252 1129 funere
1287 1054 1664 1117 Valentiniani,
1696 1054 1761 1108 1n
1789 1053 1975 1124 funere
2022 1056 2318 1123 Theodosii,
2349 1057 2426 1110 De
2464 1056 2693 1111 basilicis
2731 1074 2836 1110 non
2885 1055 3174 1121 tradendis,
3224 1069 3287 1109 ac
3315 1052 3391 1106 De
3419 1048 3543 1105 reli-

248 1142 394 1212 quiis
421 1150 722 1200 sanctorum
756 1147 996 1203 Gervasii
1024 1154 1072 1202 et
1101 1146 1359 1214 Protasii,
1407 1160 1542 1217 quas
1573 1141 1850 1197 edidimus
1879 1142 2116 1214 propriis
2165 1147 2317 1212 locis,
2342 1147 2558 1201 nullum
2593 1147 2823 1201 omnino
2858 1144 3344 1217 deprehendimus,
3376 1154 3540 1212 quem

248 1250 380 1290 cum
415 1236 599 1310 aliqua
618 1239 735 1294 veri
765 1240 944 1312 specie
973 1257 1037 1298 ac
1060 1238 1425 1296 similitudine
1456 1234 1683 1293 attribui
1715 1234 2008 1290 Ambrosio
2056 1252 2209 1305 posse
2256 1235 2666 1291 arbitraremur.
2717 1234 3015 1290 Enimvero
3054 1234 3173 1291 illic
3208 1232 3393 1289 omnia
3422 1237 3539 1285 tan-

249 1328 439 1393 topere
467 1340 499 1379 a
533 1326 707 1382 sancti
744 1326 983 1383 doctoris
1013 1329 1323 1385 elocutione
1376 1342 1438 1382 ac
1492 1324 1767 1381 tractandi
1796 1326 2009 1380 ratione
2049 1324 2412 1395 discrepantia
2444 1326 2604 1381 nobis
2630 1325 2749 1380 visa
2785 1332 2935 1393 sunt,
2969 1330 3029 1379 ut
3056 1323 3197 1379 nulli
3224 1321 3541 1378 dubitemus
3612 1371 3623 1375 -

248 1416 496 1467 nostram
547 1411 605 1467 in
676 1416 1005 1473 sententiam
1066 1424 1335 1489 quotquot
1392 1413 1611 1470 eosdem
1638 1456 1654 1482 ,
1725 1429 1832 1485 qua
1886 1429 1985 1483 par
2043 1423 2143 1483 est,
2205 1414 2505 1471 attentione
2555 1414 2973 1483 examinabunt,
3029 1412 3262 1486 pedibus
3319 1423 3537 1466 conces-

247 1511 428 1555 8111‘03.

321 1587 479 1656 Quod
507 1590 676 1663 igitur
703 1591 1060 1650 Cassiodorus
1088 1591 1210 1665 (lib.
1242 1593 1320 1648 De
1350 1592 1517 1648 instit.
1554 1592 1721 1648 divin.
1754 1594 1881 1648 Litt.
1915 1609 2033 1665 cap.
2066 1594 2125 1664 5)
2158 1602 2314 1651 aetate
2363 1611 2459 1650 sua
2484 1594 2743 1651 homilias
2789 1611 2886 1651 seu
2942 1609 3220 1651 sermones
3265 1590 3541 1648 exstitisse

245 1678 510 1750 afﬁrmat,
543 1682 637 1755 qui
670 1683 953 1739 Ambrosii
984 1700 1183 1739 nomen
1218 1682 1276 1737 in
1292 1683 1472 1737 fronte
1502 1690 1770 1754 gererent,
1819 1682 1925 1737 nisi
1965 1683 2219 1739 credatur
2249 1684 2512 1738 memoria
2543 1700 2640 1739 sua
2661 1685 2747 1738 vel
2776 1684 2912 1739 falsa
2939 1682 3245 1755 cujuspiam
3275 1680 3540 1736 relatione

244 1767 508 1843 deceptus
546 1787 681 1840 esse,
729 1771 1025 1829 dicendum
1056 1773 1162 1829 erit
1184 1771 1300 1843 jam
1331 1771 1540 1828 dudum
1590 1771 1863 1828 excidisse
1894 1772 1988 1827 illa
2019 1774 2373 1844 exemplaria.
2415 1772 2572 1839 Quod
2603 1790 2733 1828 vero
2763 1772 2830 1828 ad
2861 1788 2923 1828 ea
2953 1771 3153 1844 quibus
3184 1770 3542 1825 continentur

244 1856 292 1913 ii
317 1875 617 1929 sermones,
650 1860 745 1933 qui
767 1860 944 1917 eidem
972 1861 1199 1916 Praesuli
1230 1876 1378 1917 nunc
1410 1860 1754 1928 tribuuntur,
1788 1860 1997 1916 nullius
2025 1863 2369 1918 auctoritatis
2400 1863 2495 1917 illa
2528 1870 2800 1934 putamus.
2834 1864 3097 1934 Namque,
3130 1868 3193 1915 ut
3215 1858 3538 1931 plurimum,

242 1955 345 2002 aut
368 1949 731 2005 recentiorem
760 1951 1064 2023 praeferunt
1092 1965 1338 2017 manum,
1370 1957 1465 2005 aut
1506 1950 1634 2006 libri
1664 1951 1820 2009 fuere
1848 1953 1973 2011 usui
2004 1953 2213 2010 chorali
2254 1954 2635 2021 inservientes,
2668 1953 2931 2008 nimirum
2961 1950 3303 2007 lectionuarii
3345 1956 3399 2004 et
3429 1948 3542 2002 ho-

243 2035 500 2105 miliarii,
532 2055 766 2112 quorum
815 2046 1156 2095 momentum
1179 2034 1521 2094 levissimum
1548 2056 1663 2096 esse
1706 2042 1925 2114 negabit
1951 2060 2133 2100 nemo.
2182 2045 2286 2100 Sed
2334 2060 2402 2099 ne
2432 2043 2828 2099 vetustioribus
2870 2042 3092 2116 quidem
3124 2039 3407 2097 codicibus
3437 2037 3542 2093 hac

242 2123 308 2179 in
338 2142 396 2182 re
430 2126 597 2182 fidem
638 2128 839 2184 habere
868 2127 1000 2185 satis
1033 2136 1216 2184 tutum
1257 2136 1356 2183 est.
1390 2128 1610 2184 Etenim
1643 2129 1802 2186 docet
1844 2132 2201 2204 experientia,
2226 2150 2335 2206 quo
2366 2132 2538 2203 magis
2570 2134 2654 2188 illi
2701 2133 2897 2188 ﬁerent
2924 2130 3254 2197 vendibiles,
3294 2127 3541 2184 homiliis

244 2224 343 2273 aut
371 2219 717 2275 sermonibus
746 2219 945 2293 quibus
973 2219 1317 2286 constabant,
1350 2234 1545 2291 magna
1573 2220 1801 2279 nomina
1829 2241 1968 2295 saepe
1997 2224 2196 2296 szepius
2248 2225 2316 2279 ab
2362 2225 2687 2298 antiquariis
2735 2224 3010 2295 inscripta
3051 2237 3185 2278 esse.
3216 2221 3332 2276 Iloc
3360 2219 3540 2291 ipsum

242 2311 306 2367 in
339 2310 427 2367 his
456 2313 799 2369 sermonibus
826 2320 1010 2386 aperte
1038 2312 1387 2387 cognoscitur
1412 2330 1427 2380 ;
1460 2328 1586 2369 cum
1619 2312 1767 2369 enim
1796 2313 2109 2386 antiquiora
2142 2314 2385 2386 ipsorum
2416 2315 2754 2387 exemplaria
2783 2314 2943 2369 nulla
2982 2311 3282 2368 habeamus
3311 2308 3539 2366 condice

243 2401 625 2474 Lugdunensi,
673 2401 829 2474 cujus
874 2401 1055 2457 varias
1102 2401 1363 2457 lectiones
1411 2400 1702 2457 clarissimi
1741 2401 1951 2456 Baluzii
1982 2403 2239 2459 amicitiae
2270 2402 2551 2471 debemus,
2602 2410 2657 2459 et
2683 2402 2911 2459 condice
2940 2398 3206 2464 Gallensi,
3233 2413 3393 2472 quem
3423 2413 3455 2452 a
3484 2412 3540 2453 se

248 2499 541 2548 tractatum
565 2499 726 2565 atque
754 2508 1044 2549 excussum
1074 2498 1305 2548 testatur
1321 2489 1679 2547 Mabillonius
1704 2499 1889 2547 noster
1926 2500 2051 2548 ante
2083 2493 2237 2549 mille
2266 2510 2438 2549 annos
2467 2500 2752 2549 exaratum
2783 2507 2919 2560 esse,
2952 2489 3327 2546 nihilominus
3350 2495 3536 2543 tamen

253 2581 455 2637 horum
486 2590 713 2655 uterque
750 2597 1027 2637 sermones
1056 2581 1303 2636 continet
1327 2580 1599 2637 Gallensis
1628 2581 1849 2655 quidem
1868 2582 2261 2655 Augustinum,
2294 2581 2676 2654 Lugdunensis
2706 2597 2836 2636 vero
2867 2577 3223 2635 Ambrosium
3248 2582 3529 2631 auctorem

246 2668 391 2726 falso
422 2678 776 2738 ostentantes,
808 2678 861 2727 et
889 2670 1189 2727 maximam
1220 2678 1431 2743 partem
1462 2678 1650 2726 sancto
1687 2671 1933 2728 Maximo
1989 2673 2376 2742 restituendos,
2422 2681 2482 2728 ut
2528 2672 2595 2727 de
2641 2670 2987 2729 Gallensibus
3031 2666 3389 2725 Mabillonius
3420 2666 3535 2737 ipse

257 2757 565 2830 proﬁtetur.
597 2760 685 2815 Ex
729 2758 928 2815 borum
958 2774 1189 2815 censura
1236 2758 1304 2816 de
1351 2759 1705 2832 Lugdunensi
1757 2766 1962 2817 statuas
2018 2762 2164 2831 licet,
2222 2778 2347 2819 cum
2380 2769 2612 2835 utroque
2662 2760 2851 2818 codice
2899 2757 3072 2815 iidem
3134 2754 3532 2830 propemodum

250 2862 533 2905 sermones
559 2847 943 2905 exhibeantur.

318 2938 506 3011 Neque
536 2955 667 2995 vero
687 2938 1054 2995 admirabitur
1081 2938 1370 3012 quisquam
1406 2936 1565 2993 beato
1618 2936 1861 2994 Maximo
1898 2945 1981 2994 tot
2017 2954 2301 2996 sermones
2342 2939 2563 3009 ascribi,
2623 2936 3068 3012 quandoquidem
3107 2952 3221 2992 non
3251 2935 3534 3007 ignoratur

254 3035 498 3099 quantus
522 3028 580 3084 in
608 3027 987 3085 concionando
1016 3026 1108 3084 hic
1150 3033 1370 3084 sanctus
1398 3027 1693 3083 exstiterit.
1722 3028 1879 3096 Quod
1904 3037 2086 3085 autem
2131 3048 2200 3086 ex
2240 3030 2358 3102 ejus
2412 3032 2757 3087 sermonibus
2786 3046 2909 3103 pars
2941 3045 3054 3085 non
3083 3027 3316 3083 minima
3347 3033 3535 3081 trans-

243 3118 426 3191 cripta
458 3120 533 3175 sit
572 3119 629 3175 in
662 3118 943 3175 Ambrosii
974 3134 1195 3187 nomen,
1224 3124 1421 3191 preter
1449 3127 1776 3174 memoratas
1818 3120 2143 3192 scriptorum
2166 3122 2405 3191 fraudes,
2452 3122 2508 3177 id
2560 3121 2725 3176 etiam
2776 3120 2908 3177 hinc
2954 3118 3134 3191 potuit
3187 3116 3529 3187 contingere,

247 3208 396 3280 quod
425 3225 551 3264 cum
577 3209 755 3283 Opera
783 3209 959 3267 sancti
988 3207 1229 3265 doctoris
1259 3208 1431 3264 nostri
1456 3208 1648 3264 sedulo
1677 3210 1967 3277 evolverit,
2004 3227 2307 3284 magnaque
2336 3211 2641 3282 fragmenta
2686 3227 2755 3266 ex
2798 3209 3003 3265 eisdem
3035 3225 3097 3265 ac
3124 3206 3472 3279 potissimum
3501 3221 3531 3261 e

243 3297 654 3355 Commentario
675 3300 734 3355 in
764 3300 967 3356 Lucam
995 3299 1062 3355 ad
1092 3299 1319 3356 verbum
1350 3309 1606 3373 excerpta
1634 3299 1917 3366 indiderit,
1951 3300 2187 3356 incautis
2248 3300 2487 3356 librariis
2538 3298 2753 3354 errandi
2818 3294 3113 3370 praebuerit
3164 3293 3527 3360 occasionem,

237 3386 374 3443 Inde
404 3387 661 3445 similiter
689 3388 959 3462 conjicere
984 3389 1170 3444 forsan
1200 3389 1362 3444 liceat
1399 3406 1509 3445 non
1559 3389 1728 3447 alium
1759 3397 2037 3447 auctorem
2083 3388 2241 3444 libris
2279 3405 2373 3444 seu
2406 3388 2752 3444 sermonibus
2777 3387 2853 3442 De
2893 3383 3237 3442 sacramentis
3269 3396 3528 3454 quaeren-

239 3478 373 3536 dum
410 3497 545 3550 esse,
579 3498 741 3554 quam
772 3481 1025 3537 eumdem
1055 3480 1358 3536 Maximum
1394 3497 1405 3534 :
1438 3480 1526 3536 cui
1557 3479 1885 3551 conjecturae
1918 3482 2068 3536 locus
2094 3496 2156 3535 ac
2185 3486 2401 3551 tempus
2431 3478 2866 3550 patrocinantur.

311 3568 441 3636 Quae
470 3577 599 3625 sunt
632 3587 664 3625 a
691 3569 850 3625 nobis
886 3569 1149 3625 hactenus
1177 3567 1343 3637 dicta,
1380 3569 1603 3640 planum
1650 3568 1862 3624 faciunt
1920 3568 2063 3623 solos
2111 3583 2409 3634 sermones,
2465 3582 2534 3621 ex
2565 3564 2763 3638 quibus
2793 3563 2853 3617 in
2889 3562 3154 3618 librorum
3194 3558 3427 3613 formam
3456 3554 3524 3611 ab

234 3656 532 3713 Ambrosio
567 3657 685 3729 ipso
715 3656 971 3726 redactis,
1002 3664 1187 3712 tomus
1233 3657 1385 3728 prior
1420 3663 1568 3713 totus
1602 3657 1712 3712 fere
1746 3657 2116 3730 componitur,
2164 3664 2217 3712 et
2245 3671 2441 3727 magna
2488 3670 2702 3727 quoque
2748 3668 2872 3724 pars
2915 3648 3252 3723 posterioris,
3277 3645 3523 3701 Ambro-

237 3746 423 3802 sianos
452 3754 602 3803 certo
634 3747 838 3803 vocari.
880 3749 991 3805 Nos
1035 3746 1206 3820 igitur
1230 3754 1434 3802 temere
1474 3747 1664 3803 fecisse
1697 3764 1804 3803 non
1837 3748 2173 3816 videbimur,
2205 3747 2351 3820 quod
2379 3746 2594 3801 nullum
2625 3762 2813 3800 eorum
2853 3758 2989 3815 quos
3015 3739 3109 3795 hic
3136 3735 3519 3810 expendimus,

238 3835 384 3891 inter
401 3838 576 3909 Opera
602 3839 775 3896 sancti
805 3838 1059 3895 Doctoris
1089 3854 1218 3894 vera
1251 3845 1304 3893 et
1333 3838 1618 3909 explorata
1668 3838 2022 3896 ediderimus.
2054 3837 2190 3895 Cum
2226 3844 2407 3892 autem
2439 3853 2508 3892 ex
2538 3836 2628 3891 his
2676 3834 2773 3889 alii
2808 3849 2923 3889 non
2953 3831 3061 3887 nisi
3090 3828 3235 3902 apud
3278 3824 3524 3883 Ambro-

235 3924 403 3994 sium,
436 3927 531 3982 alii
562 3944 694 3985 vero
724 3929 890 3984 etiam
917 3928 1052 3984 alibi
1091 3926 1301 4000 vulgati
1342 3935 1580 3996 exstent,
1627 3928 1838 3999 priores
1895 3937 2103 3983 tantum
2131 3925 2536 3993 exhibebimus,
2568 3940 2634 3979 ne
2664 3923 2904 3995 pondere
2936 3921 3121 3975 minus
3148 3914 3283 3973 utili
3313 3922 3521 3970 crescat

234 4015 519 4073 volumen.
562 4019 821 4075 Attamen
867 4028 930 4076 ut
964 4018 1135 4091 magis
1165 4025 1345 4089 pateat
1392 4034 1492 4074 nos
1543 4017 1792 4074 liberiori
1832 4031 2061 4073 censura
2108 4015 2530 4086 haudquaquam
2576 4030 2723 4081 usos,
2756 4011 3025 4083 cujusque
3058 4005 3326 4064 sermonis
3355 4001 3521 4074 capiti

233 4107 470 4163 strictim
500 4110 897 4180 praemittemus
943 4126 1033 4166 eas
1060 4110 1316 4176 rationes,
1352 4110 1507 4180 queis
1550 4125 1619 4164 ne
1650 4108 1807 4164 illum
1836 4105 2259 4162 Ambrosianum
2285 4103 2696 4170 arbitraremur,
2744 4100 2966 4156 adducti
2996 4114 3205 4154 sumus.
3239 4096 3349 4151 Nec
3382 4109 3521 4165 pro-

232 4200 417 4266 pterea
459 4195 888 4267 obluctabimur,
935 4197 981 4253 si
1028 4197 1155 4271 quis
1201 4198 1467 4254 lectorum
1511 4195 1731 4253 eosdem
1778 4211 2054 4253 sermones
2094 4193 2428 4267 argumentis
2471 4190 2780 4265 potioribus
2814 4186 3107 4244 Ambrosio
3136 4192 3324 4241 nostro
3354 4181 3520 4237 iverit

235 4282 597 4339 vindicatum.

305 4368 462 4435 Quod
496 4387 656 4441 porro
684 4372 752 4427 ad
780 4387 871 4428 eas
900 4372 1215 4441 conciones,
1244 4389 1364 4446 quae
1393 4373 1451 4428 in
1489 4372 1727 4429 aliorum
1769 4374 1990 4430 Patrum
2039 4374 2297 4446 operibus
2347 4374 2835 4440 circumferuntur,
2884 4387 3010 4428 cum
3056 4386 3167 4441 pra:
3218 4364 3427 4422 caeteris
3456 4379 3519 4419 eo

231 4473 450 4531 quoque
481 4457 804 4530 praejudicio
834 4459 960 4515 solae
1000 4459 1266 4527 laborent,
1297 4460 1445 4533 quod
1492 4476 1603 4515 non
1641 4462 1814 4534 magis
1845 4464 2159 4532 Ambrosio,
2210 4481 2371 4537 quam
2402 4465 2487 4520 vel
2518 4462 2760 4520 Maximo
2789 4462 2878 4516 vel
2930 4459 3096 4516 alicui
3123 4457 3279 4513 alteri
3307 4453 3519 4526 adjudi-

230 4554 365 4604 catae
391 4556 542 4616 sunt,
594 4548 779 4604 minus
816 4548 1011 4605 timide
1053 4548 1198 4621 ipsas
1229 4548 1545 4606 recidimus.
1576 4550 1654 4605 Ne
1684 4568 1815 4609 vero
1841 4556 2118 4625 negotium
2152 4555 2390 4627 cuipiam
2417 4555 2646 4612 facessat
2676 4555 2771 4611 illa
2800 4551 3053 4619 mutatio,
3088 4550 3304 4623 gemino
3335 4545 3518 4602 indice

230 4635 635 4707 providebitur.
686 4636 933 4704 Quorum
962 4637 1021 4692 in
1050 4638 1230 4710 primo
1264 4654 1540 4695 sermones
1570 4640 1763 4696 omissi
1793 4643 2211 4701 collocabuntur
2239 4646 2333 4700 tali
2381 4645 2594 4714 ordine,
2624 4652 2686 4699 ut
2716 4659 2824 4698 non
2858 4643 3036 4697 solum
3084 4655 3247 4712 quam
3278 4636 3514 4710 quisque

228 4726 413 4782 sedem
451 4733 613 4783 antea
640 4725 699 4782 in
730 4725 1067 4783 editionibus
1109 4726 1487 4783 Ambrosianis
1535 4727 1854 4798 obtinuerit,
1910 4747 2103 4788 verum
2143 4734 2306 4790 etiam
2361 4734 2505 4807 apud
2560 4750 2722 4807 quem
2770 4732 2993 4787 Patrum
3044 4727 3368 4800 reperiatur,
3401 4740 3514 4780 uno

229 4814 441 4871 intuitu
479 4815 764 4872 advertere
795 4816 888 4872 sit.
920 4817 982 4871 In
1010 4815 1249 4873 secundo
1271 4816 1453 4873 indice
1491 4816 1693 4890 triplex
1723 4819 1887 4873 series
1917 4836 2107 4877 eorum
2139 4839 2475 4892 sermonum,
2514 4840 2651 4896 quos
2702 4822 3023 4886 retinemus,
3063 4818 3137 4874 ita
3166 4822 3512 4882 contexetur,

227 4911 291 4961 ut
321 4921 512 4961 omnes
540 4903 918 4962 Ambrosianze
952 4905 1243 4972 editiones,
1273 4907 1512 4981 antiquae
1541 4906 1819 4976 videlicet,
1854 4910 2116 4980 Romana,
2142 4922 2194 4969 et
2227 4931 2370 4969 nova
2398 4921 2581 4969 nostra
2611 4931 2639 4969 e
2670 4912 2894 4983 regione
2914 4909 3154 4966 invicem
3187 4905 3291 4963 sibi
3323 4902 3515 4979 positae

225 5002 630 5068 comparentur.
664 4994 769 5051 Sed
799 4994 955 5067 prius
984 4995 1233 5068 quaedam
1254 4996 1322 5052 ad
1347 4997 1582 5053 omissos
1602 5013 1879 5053 sermones
1911 5000 2191 5071 speciatim
2225 5001 2557 5074 pertinentia
2585 4997 2900 5055 annotanda
2927 5004 3077 5054 sunt.

301 5086 572 5142 Sermones
600 5085 662 5141 de
698 5087 969 5158 Tempore.
1010 5116 1081 5126 —
1106 5085 1321 5142 Priores
1349 5086 1482 5156 duo,
1522 5089 1782 5145 Romana:
1813 5090 2024 5147 scilicet
2066 5092 2326 5148 editionis
2355 5093 2568 5165 primus
2599 5108 2662 5148 ac
2703 5091 2921 5158 tertius,
2959 5089 3017 5144 in
3046 5086 3285 5145 Gallensi
3325 5083 3511 5142 codice

224 5171 537 5246 Augustino
566 5172 968 5242 attribuuntur,
1002 5173 1095 5230 sed
1127 5174 1184 5229 in
1216 5174 1533 5233 Corbeiensi
1576 5194 1640 5234 ac
1677 5177 2055 5248 Germanensi,
2089 5181 2321 5254 aliisque
2356 5182 2608 5253 pluribus
2657 5180 2860 5237 dantur
2908 5178 3168 5246 Maximo,
3211 5191 3371 5250 quem
3404 5172 3509 5227 toti

224 5262 454 5334 spirant.
486 5263 634 5319 Idem
668 5264 830 5321 etiam
864 5263 932 5320 de
959 5263 1210 5336 sequenti
1233 5264 1413 5323 dicere
1444 5268 1591 5337 licet,
1624 5268 1785 5341 cujus
1814 5270 2229 5342 inscriptionem
2257 5270 2431 5327 codex
2449 5270 2831 5343 Lugdunensis
2859 5286 3044 5326 veram
3077 5268 3219 5322 hanc
3249 5262 3503 5336 praefert:

222 5352 514 5409 Dicendum
539 5360 660 5410 ante
681 5354 874 5411 Natale
903 5353 1141 5410 Domini.

294 5442 533 5509 Quartus
559 5443 912 5513 amissorum,
946 5443 1041 5517 qui
1070 5450 1259 5500 sextus
1308 5452 1389 5500 est
1421 5445 1679 5502 Romanae
1717 5448 2001 5517 editionis,
2034 5448 2091 5503 in
2139 5445 2459 5517 Appendice
2509 5446 2910 5517 Augustiniana
2940 5440 3176 5499 Caesario
3205 5437 3503 5495 addicitur.

221 5532 364 5590 Huic
394 5532 643 5606 opinioni
676 5533 823 5591 haud
866 5535 1246 5604 reclamamus,
1281 5535 1629 5594 admonuisse
1667 5555 1860 5613 nempe
1886 5539 2130 5597 contenti
2163 5536 2598 5609 comparationes
2639 5537 2696 5591 in
2728 5551 2790 5590 eo
2821 5550 2956 5597 esse,
2987 5546 3106 5603 qua:
3153 5545 3280 5586 cum
3312 5529 3508 5599 legan-

221 5632 315 5680 tur
344 5622 401 5677 in
431 5623 778 5681 sermonibus
809 5642 971 5698 supra
1012 5628 1352 5697 memoratis,
1384 5627 1862 5700 interpolationem
1896 5628 2157 5684 videntur
2185 5641 2432 5699 arguere.
2481 5624 2798 5680 Sermonem
2830 5620 3031 5695 pariter
3062 5626 3183 5691 post
3212 5617 3312 5675 hos
3343 5618 3505 5673 omis-

220 5730 365 5781 sum,
392 5708 450 5766 id
482 5721 583 5781 est,
616 5712 1004 5773 duodecimum
1036 5716 1199 5774 dictae
1228 5717 1495 5774 editionis
1524 5717 1710 5773 eadem
1742 5719 2032 5792 Appendix
2072 5718 2271 5774 tribuit
2314 5718 2547 5775 Czesario
2587 5732 2598 5770 :
2654 5712 2945 5769 Ambrosio
2975 5727 3103 5767 sane
3131 5728 3256 5767 eum
3295 5710 3391 5783 qui
3434 5710 3507 5765 le.

224 5803 387 5878 gerit,
408 5817 573 5860 nemo
602 5803 826 5863 tribuet.
843 5792 955 5866 Nec
970 5806 1081 5866 alio
1106 5806 1276 5865 modo
1297 5806 1365 5865 de
1393 5807 1769 5881 subsequenti,
1789 5825 1950 5881 quem
1970 5808 2030 5866 in
2050 5809 2370 5884 Appendice
2385 5822 2696 5866 sermonem
2716 5803 3014 5880 Augustini
3043 5803 3208 5862 etiam
3240 5799 3497 5875 reperias,
