  <div class='ocr_page' id='page_1' title='image "/cluster/home/n/w/nwhite01/storage/ocr_20150623/17/umn.31951002477311b/311.png"; bbox 0 0 3972 6362; ppageno 0'>
   <div class='ocr_carea' id='block_1_1' title="bbox 495 358 3826 424">
    <p class='ocr_par' dir='ltr' id='par_1_1' title="bbox 495 358 3826 424">
     <span class='ocr_line' id='line_1_1' title="bbox 495 358 3826 424; baseline 0.001 -4"><span class='ocrx_word' id='word_1_1' title='bbox 495 360 599 420; x_wconf 83' lang='grc'><strong>607</strong></span> <span class='ocrx_word' id='word_1_2' title='bbox 1497 362 1594 418; x_wconf 81' lang='grc' dir='ltr'><strong>ΑΙ)</strong></span> <span class='ocrx_word' id='word_1_3' title='bbox 1633 361 1867 418; x_wconf 85' lang='lat' dir='ltr'><strong>OPERA</strong></span> <span class='ocrx_word' id='word_1_4' title='bbox 1905 360 1961 418; x_wconf 94' lang='lat' dir='ltr'><strong>S.</strong></span> <span class='ocrx_word' id='word_1_5' title='bbox 2005 358 2339 418; x_wconf 82' lang='lat' dir='ltr'><strong>AMBROSII</strong></span> <span class='ocrx_word' id='word_1_6' title='bbox 2374 358 2756 418; x_wconf 83' lang='lat' dir='ltr'><strong>APPENDIX.</strong></span> <span class='ocrx_word' id='word_1_7' title='bbox 3693 365 3826 424; x_wconf 85' lang='lat'><strong>608</strong></span> 
     </span>
    </p>
   </div>
   <div class='ocr_carea' id='block_1_2' title="bbox 491 484 3825 562">
    <p class='ocr_par' dir='ltr' id='par_1_2' title="bbox 491 484 3825 562">
     <span class='ocr_line' id='line_1_2' title="bbox 491 484 3825 562; baseline 0.002 -20"><span class='ocrx_word' id='word_1_8' title='bbox 491 485 918 560; x_wconf 75' lang='lat' dir='ltr'><strong>disputabimus.</strong></span> <span class='ocrx_word' id='word_1_9' title='bbox 974 488 1111 545; x_wconf 88' lang='lat' dir='ltr'><strong>Nam</strong></span> <span class='ocrx_word' id='word_1_10' title='bbox 1167 502 1294 546; x_wconf 90' lang='lat' dir='ltr'><strong>cum</strong></span> <span class='ocrx_word' id='word_1_11' title='bbox 1333 486 1836 560; x_wconf 86' lang='lat' dir='ltr'><strong>manuscriptorum</strong></span> <span class='ocrx_word' id='word_1_12' title='bbox 1890 484 2114 559; x_wconf 88' lang='lat' dir='ltr'><strong>quidam</strong></span> <span class='ocrx_word' id='word_1_13' title='bbox 2148 485 2464 556; x_wconf 83' lang='lat' dir='ltr'><strong>Ambrosio,</strong></span> <span class='ocrx_word' id='word_1_14' title='bbox 2495 485 2720 559; x_wconf 88' lang='lat' dir='ltr'><strong>quidam</strong></span> <span class='ocrx_word' id='word_1_15' title='bbox 2759 485 3072 560; x_wconf 78' lang='lat' dir='ltr'><strong>Augustino</strong></span> <span class='ocrx_word' id='word_1_16' title='bbox 3105 487 3269 545; x_wconf 92' lang='lat' dir='ltr'><strong>illum</strong></span> <span class='ocrx_word' id='word_1_17' title='bbox 3322 488 3624 562; x_wconf 86' lang='lat' dir='ltr'><strong>ascribant,</strong></span> <span class='ocrx_word' id='word_1_18' title='bbox 3695 507 3825 549; x_wconf 86' lang='lat' dir='ltr'><strong>nos</strong></span> 
     </span>
    </p>
   </div>
   <div class='ocr_carea' id='block_1_3' title="bbox 491 575 1554 636">
    <p class='ocr_par' dir='ltr' id='par_1_3' title="bbox 491 575 1554 636">
     <span class='ocr_line' id='line_1_3' title="bbox 491 575 1554 636; baseline -0.003 -2"><span class='ocrx_word' id='word_1_19' title='bbox 491 592 619 634; x_wconf 90' lang='lat' dir='ltr'><strong>cum</strong></span> <span class='ocrx_word' id='word_1_20' title='bbox 649 576 968 636; x_wconf 87' lang='lat' dir='ltr'><strong>Corbeiensi</strong></span> <span class='ocrx_word' id='word_1_21' title='bbox 997 575 1209 632; x_wconf 89' lang='lat' dir='ltr'><strong>nemini</strong></span> <span class='ocrx_word' id='word_1_22' title='bbox 1235 577 1554 632; x_wconf 83' lang='lat' dir='ltr'><strong>astruimus.</strong></span> 
     </span>
    </p>
   </div>
   <div class='ocr_carea' id='block_1_4' title="bbox 563 661 3811 742">
    <p class='ocr_par' dir='ltr' id='par_1_4' title="bbox 563 661 3811 742">
     <span class='ocr_line' id='line_1_4' title="bbox 563 661 3811 742; baseline 0.001 -20"><span class='ocrx_word' id='word_1_23' title='bbox 563 665 669 734; x_wconf 89' lang='lat' dir='ltr'><strong>Qui</strong></span> <span class='ocrx_word' id='word_1_24' title='bbox 698 665 800 723; x_wconf 91' lang='lat' dir='ltr'><strong>hos</strong></span> <span class='ocrx_word' id='word_1_25' title='bbox 826 667 1056 740; x_wconf 86' lang='lat' dir='ltr'><strong>excipit,</strong></span> <span class='ocrx_word' id='word_1_26' title='bbox 1102 666 1161 722; x_wconf 92' lang='lat' dir='ltr'><strong>in</strong></span> <span class='ocrx_word' id='word_1_27' title='bbox 1212 667 1529 741; x_wconf 91' lang='lat' dir='ltr'><strong>Appendice</strong></span> <span class='ocrx_word' id='word_1_28' title='bbox 1555 666 1754 739; x_wconf 65' lang='lat' dir='ltr'><strong>sapius</strong></span> <span class='ocrx_word' id='word_1_29' title='bbox 1782 665 1948 724; x_wconf 89' lang='lat' dir='ltr'><strong>citata</strong></span> <span class='ocrx_word' id='word_1_30' title='bbox 1976 664 2154 720; x_wconf 92' lang='lat' dir='ltr'><strong>solum</strong></span> <span class='ocrx_word' id='word_1_31' title='bbox 2183 661 2380 734; x_wconf 89' lang='lat' dir='ltr'><strong>incipit</strong></span> <span class='ocrx_word' id='word_1_32' title='bbox 2408 662 2476 718; x_wconf 91' lang='lat' dir='ltr'><strong>ab</strong></span> <span class='ocrx_word' id='word_1_33' title='bbox 2507 663 2626 720; x_wconf 86' lang='lat' dir='ltr'><strong>istis</strong></span> <span class='ocrx_word' id='word_1_34' title='bbox 2646 663 2831 722; x_wconf 88' lang='lat' dir='ltr'><strong>verbis</strong></span> <span class='ocrx_word' id='word_1_35' title='bbox 2859 683 2870 722; x_wconf 92' lang='lat'>:</span> <span class='ocrx_word' id='word_1_36' title='bbox 2910 665 3055 722; x_wconf 91' lang='lat' dir='ltr'><strong>Dicit</strong></span> <span class='ocrx_word' id='word_1_37' title='bbox 3082 665 3344 723; x_wconf 78' lang='lat' dir='ltr'><strong>Dominus</strong></span> <span class='ocrx_word' id='word_1_38' title='bbox 3372 667 3431 723; x_wconf 89' lang='lat' dir='ltr'><strong>in</strong></span> <span class='ocrx_word' id='word_1_39' title='bbox 3459 667 3811 742; x_wconf 86' lang='lat' dir='ltr'><strong>Evangelia,</strong></span> 
     </span>
    </p>
   </div>
   <div class='ocr_carea' id='block_1_5' title="bbox 492 753 3818 827">
    <p class='ocr_par' dir='ltr' id='par_1_5' title="bbox 492 753 3818 827">
     <span class='ocr_line' id='line_1_5' title="bbox 492 753 3818 827; baseline 0.001 -15"><span class='ocrx_word' id='word_1_40' title='bbox 492 762 598 812; x_wconf 87' lang='lat' dir='ltr'><strong>etc.</strong></span> <span class='ocrx_word' id='word_1_41' title='bbox 627 755 772 812; x_wconf 90' lang='lat' dir='ltr'><strong>Eum</strong></span> <span class='ocrx_word' id='word_1_42' title='bbox 802 755 1060 814; x_wconf 85' lang='lat' dir='ltr'><strong>similiter</strong></span> <span class='ocrx_word' id='word_1_43' title='bbox 1081 756 1354 813; x_wconf 89' lang='lat' dir='ltr'><strong>Gallensis</strong></span> <span class='ocrx_word' id='word_1_44' title='bbox 1400 757 1575 814; x_wconf 88' lang='lat' dir='ltr'><strong>codex</strong></span> <span class='ocrx_word' id='word_1_45' title='bbox 1610 756 1688 812; x_wconf 89' lang='lat' dir='ltr'><strong>ita</strong></span> <span class='ocrx_word' id='word_1_46' title='bbox 1739 754 1963 822; x_wconf 87' lang='lat' dir='ltr'><strong>dividit,</strong></span> <span class='ocrx_word' id='word_1_47' title='bbox 1996 759 2055 809; x_wconf 90' lang='lat' dir='ltr'><strong>ut</strong></span> <span class='ocrx_word' id='word_1_48' title='bbox 2085 753 2216 808; x_wconf 84' lang='lat' dir='ltr'><strong>novi</strong></span> <span class='ocrx_word' id='word_1_49' title='bbox 2249 754 2517 810; x_wconf 89' lang='lat' dir='ltr'><strong>sermonis</strong></span> <span class='ocrx_word' id='word_1_50' title='bbox 2546 755 2734 812; x_wconf 90' lang='lat' dir='ltr'><strong>eadem</strong></span> <span class='ocrx_word' id='word_1_51' title='bbox 2765 754 2932 812; x_wconf 91' lang='lat' dir='ltr'><strong>verba</strong></span> <span class='ocrx_word' id='word_1_52' title='bbox 2959 756 3070 813; x_wconf 92' lang='lat' dir='ltr'><strong>sint</strong></span> <span class='ocrx_word' id='word_1_53' title='bbox 3099 757 3413 814; x_wconf 79' lang='lat' dir='ltr'><strong>exordium.</strong></span> <span class='ocrx_word' id='word_1_54' title='bbox 3439 757 3618 827; x_wconf 88' lang='lat' dir='ltr'><strong>Quam</strong></span> <span class='ocrx_word' id='word_1_55' title='bbox 3658 776 3818 816; x_wconf 87' lang='lat' dir='ltr'><strong>vero</strong></span> 
     </span>
    </p>
   </div>
   <div class='ocr_carea' id='block_1_6' title="bbox 493 842 3809 920">
    <p class='ocr_par' dir='ltr' id='par_1_6' title="bbox 493 842 3809 920">
     <span class='ocr_line' id='line_1_6' title="bbox 493 842 3809 920; baseline 0.002 -20"><span class='ocrx_word' id='word_1_56' title='bbox 493 842 680 916; x_wconf 88' lang='lat' dir='ltr'><strong>inepta</strong></span> <span class='ocrx_word' id='word_1_57' title='bbox 701 844 773 901; x_wconf 86' lang='lat' dir='ltr'><strong>sit</strong></span> <span class='ocrx_word' id='word_1_58' title='bbox 810 844 933 902; x_wconf 62' lang='lat' dir='ltr'><strong>hac</strong></span> <span class='ocrx_word' id='word_1_59' title='bbox 960 845 1184 914; x_wconf 88' lang='lat' dir='ltr'><strong>divisio,</strong></span> <span class='ocrx_word' id='word_1_60' title='bbox 1216 863 1286 902; x_wconf 91' lang='lat' dir='ltr'><strong>ex</strong></span> <span class='ocrx_word' id='word_1_61' title='bbox 1314 848 1494 920; x_wconf 89' lang='lat' dir='ltr'><strong>primo</strong></span> <span class='ocrx_word' id='word_1_62' title='bbox 1531 853 1752 918; x_wconf 91' lang='lat' dir='ltr'><strong>aspectu</strong></span> <span class='ocrx_word' id='word_1_63' title='bbox 1781 859 2106 916; x_wconf 82' lang='lat' dir='ltr'><strong>cognoscere</strong></span> <span class='ocrx_word' id='word_1_64' title='bbox 2143 851 2240 898; x_wconf 89' lang='lat' dir='ltr'><strong>est.</strong></span> <span class='ocrx_word' id='word_1_65' title='bbox 2278 843 2439 902; x_wconf 85' lang='lat' dir='ltr'><strong>Hunc</strong></span> <span class='ocrx_word' id='word_1_66' title='bbox 2462 861 2622 917; x_wconf 91' lang='lat' dir='ltr'><strong>porro</strong></span> <span class='ocrx_word' id='word_1_67' title='bbox 2653 845 2796 902; x_wconf 88' lang='lat' dir='ltr'><strong>sicut</strong></span> <span class='ocrx_word' id='word_1_68' title='bbox 2840 854 2895 902; x_wconf 93' lang='lat' dir='ltr'><strong>et</strong></span> <span class='ocrx_word' id='word_1_69' title='bbox 2932 853 3270 920; x_wconf 88' lang='lat' dir='ltr'><strong>sequentem,</strong></span> <span class='ocrx_word' id='word_1_70' title='bbox 3303 849 3400 920; x_wconf 90' lang='lat' dir='ltr'><strong>qui</strong></span> <span class='ocrx_word' id='word_1_71' title='bbox 3428 850 3809 906; x_wconf 82' lang='lat' dir='ltr'><strong>continuatio</strong></span> 
     </span>
    </p>
   </div>
   <div class='ocr_carea' id='block_1_7' title="bbox 493 930 3812 1008">
    <p class='ocr_par' dir='ltr' id='par_1_7' title="bbox 493 930 3812 1008">
     <span class='ocr_line' id='line_1_7' title="bbox 493 930 3812 1008; baseline 0.001 -17"><span class='ocrx_word' id='word_1_72' title='bbox 493 932 612 1006; x_wconf 88' lang='lat' dir='ltr'><strong>ejus</strong></span> <span class='ocrx_word' id='word_1_73' title='bbox 639 950 755 992; x_wconf 84' lang='lat' dir='ltr'><strong>esse</strong></span> <span class='ocrx_word' id='word_1_74' title='bbox 792 934 1033 1002; x_wconf 90' lang='lat' dir='ltr'><strong>videtur,</strong></span> <span class='ocrx_word' id='word_1_75' title='bbox 1065 937 1274 1008; x_wconf 91' lang='lat' dir='ltr'><strong>optimo</strong></span> <span class='ocrx_word' id='word_1_76' title='bbox 1300 935 1426 1008; x_wconf 88' lang='lat' dir='ltr'><strong>jure</strong></span> <span class='ocrx_word' id='word_1_77' title='bbox 1453 935 1697 992; x_wconf 87' lang='lat' dir='ltr'><strong>Maximo</strong></span> <span class='ocrx_word' id='word_1_78' title='bbox 1725 933 2045 1006; x_wconf 87' lang='lat' dir='ltr'><strong>adjudicant</strong></span> <span class='ocrx_word' id='word_1_79' title='bbox 2077 949 2089 988; x_wconf 91' lang='lat'><strong>:</strong></span> <span class='ocrx_word' id='word_1_80' title='bbox 2141 930 2235 987; x_wconf 91' lang='lat' dir='ltr'><strong>sed</strong></span> <span class='ocrx_word' id='word_1_81' title='bbox 2285 931 2378 988; x_wconf 92' lang='lat' dir='ltr'><strong>ille</strong></span> <span class='ocrx_word' id='word_1_82' title='bbox 2443 950 2660 1008; x_wconf 91' lang='lat' dir='ltr'><strong>quoque</strong></span> <span class='ocrx_word' id='word_1_83' title='bbox 2716 951 2878 1008; x_wconf 90' lang='lat' dir='ltr'><strong>quem</strong></span> <span class='ocrx_word' id='word_1_84' title='bbox 2936 936 3184 992; x_wconf 85' lang='lat' dir='ltr'><strong>Romana</strong></span> <span class='ocrx_word' id='word_1_85' title='bbox 3227 935 3401 993; x_wconf 84' lang='lat' dir='ltr'><strong>editio</strong></span> <span class='ocrx_word' id='word_1_86' title='bbox 3451 936 3812 995; x_wconf 85' lang='lat' dir='ltr'><strong>vicesimum</strong></span> 
     </span>
    </p>
   </div>
   <div class='ocr_carea' id='block_1_8' title="bbox 493 1023 2345 1098">
    <p class='ocr_par' dir='ltr' id='par_1_8' title="bbox 493 1023 2345 1098">
     <span class='ocr_line' id='line_1_8' title="bbox 493 1023 2345 1098; baseline -0.002 -18"><span class='ocrx_word' id='word_1_87' title='bbox 493 1031 751 1096; x_wconf 89' lang='lat' dir='ltr'><strong>quartum</strong></span> <span class='ocrx_word' id='word_1_88' title='bbox 780 1032 1051 1093; x_wconf 81' lang='lat' dir='ltr'><strong>numerat,</strong></span> <span class='ocrx_word' id='word_1_89' title='bbox 1071 1024 1400 1098; x_wconf 84' lang='lat' dir='ltr'><strong>jamdudum</strong></span> <span class='ocrx_word' id='word_1_90' title='bbox 1428 1025 1606 1082; x_wconf 90' lang='lat' dir='ltr'><strong>eidem</strong></span> <span class='ocrx_word' id='word_1_91' title='bbox 1637 1023 1874 1080; x_wconf 87' lang='lat' dir='ltr'><strong>antistiti</strong></span> <span class='ocrx_word' id='word_1_92' title='bbox 1905 1023 2218 1079; x_wconf 87' lang='lat' dir='ltr'><strong>vindicatus</strong></span> <span class='ocrx_word' id='word_1_93' title='bbox 2244 1031 2345 1078; x_wconf 89' lang='lat' dir='ltr'><strong>est.</strong></span> 
     </span>
    </p>
   </div>
   <div class='ocr_carea' id='block_1_9' title="bbox 562 1111 3798 1189">
    <p class='ocr_par' dir='ltr' id='par_1_9' title="bbox 562 1111 3798 1189">
     <span class='ocr_line' id='line_1_9' title="bbox 562 1111 3798 1189; baseline 0.001 -19"><span class='ocrx_word' id='word_1_94' title='bbox 562 1114 808 1170; x_wconf 90' lang='lat' dir='ltr'><strong>Duorum</strong></span> <span class='ocrx_word' id='word_1_95' title='bbox 838 1115 1183 1189; x_wconf 88' lang='lat' dir='ltr'><strong>sequentium</strong></span> <span class='ocrx_word' id='word_1_96' title='bbox 1215 1117 1364 1188; x_wconf 91' lang='lat' dir='ltr'><strong>prior</strong></span> <span class='ocrx_word' id='word_1_97' title='bbox 1392 1117 1526 1172; x_wconf 91' lang='lat' dir='ltr'><strong>olim</strong></span> <span class='ocrx_word' id='word_1_98' title='bbox 1567 1113 2050 1188; x_wconf 86' lang='lat' dir='ltr'><strong>quinquagesimus</strong></span> <span class='ocrx_word' id='word_1_99' title='bbox 2076 1119 2262 1168; x_wconf 85' lang='lat' dir='ltr'><strong>sextus</strong></span> <span class='ocrx_word' id='word_1_100' title='bbox 2293 1111 2438 1168; x_wconf 90' lang='lat' dir='ltr'><strong>inter</strong></span> <span class='ocrx_word' id='word_1_101' title='bbox 2465 1112 2896 1185; x_wconf 84' lang='lat' dir='ltr'><strong>Augustinianos</strong></span> <span class='ocrx_word' id='word_1_102' title='bbox 2922 1113 3320 1184; x_wconf 81' lang='lat' dir='ltr'><strong>collocabatur,</strong></span> <span class='ocrx_word' id='word_1_103' title='bbox 3352 1130 3504 1173; x_wconf 92' lang='lat' dir='ltr'><strong>nunc</strong></span> <span class='ocrx_word' id='word_1_104' title='bbox 3533 1115 3798 1174; x_wconf 69' lang='lat' dir='ltr'><strong>Caesario</strong></span> 
     </span>
    </p>
   </div>
   <div class='ocr_carea' id='block_1_10' title="bbox 491 1201 3806 1279">
    <p class='ocr_par' dir='ltr' id='par_1_10' title="bbox 491 1201 3806 1279">
     <span class='ocr_line' id='line_1_10' title="bbox 491 1201 3806 1279; baseline 0.001 -19"><span class='ocrx_word' id='word_1_105' title='bbox 491 1203 778 1260; x_wconf 89' lang='lat' dir='ltr'><strong>restitutus</strong></span> <span class='ocrx_word' id='word_1_106' title='bbox 805 1212 907 1273; x_wconf 88' lang='lat' dir='ltr'><strong>est,</strong></span> <span class='ocrx_word' id='word_1_107' title='bbox 944 1205 1102 1279; x_wconf 89' lang='lat' dir='ltr'><strong>cujus</strong></span> <span class='ocrx_word' id='word_1_108' title='bbox 1135 1206 1435 1263; x_wconf 91' lang='lat' dir='ltr'><strong>dictionem</strong></span> <span class='ocrx_word' id='word_1_109' title='bbox 1488 1204 1636 1261; x_wconf 88' lang='lat' dir='ltr'><strong>haud</strong></span> <span class='ocrx_word' id='word_1_110' title='bbox 1666 1221 1858 1276; x_wconf 85' lang='lat' dir='ltr'><strong>parum</strong></span> <span class='ocrx_word' id='word_1_111' title='bbox 1906 1203 2090 1259; x_wconf 84' lang='lat' dir='ltr'><strong>refert.</strong></span> <span class='ocrx_word' id='word_1_112' title='bbox 2138 1201 2414 1258; x_wconf 88' lang='lat' dir='ltr'><strong>Posterior</strong></span> <span class='ocrx_word' id='word_1_113' title='bbox 2443 1209 2624 1257; x_wconf 89' lang='lat' dir='ltr'><strong>autem</strong></span> <span class='ocrx_word' id='word_1_114' title='bbox 2655 1219 2766 1258; x_wconf 91' lang='lat' dir='ltr'><strong>non</strong></span> <span class='ocrx_word' id='word_1_115' title='bbox 2798 1203 3002 1258; x_wconf 91' lang='lat' dir='ltr'><strong>minori</strong></span> <span class='ocrx_word' id='word_1_116' title='bbox 3033 1202 3159 1274; x_wconf 90' lang='lat' dir='ltr'><strong>jure</strong></span> <span class='ocrx_word' id='word_1_117' title='bbox 3187 1202 3364 1259; x_wconf 91' lang='lat' dir='ltr'><strong>eidem</strong></span> <span class='ocrx_word' id='word_1_118' title='bbox 3394 1205 3543 1260; x_wconf 83' lang='lat' dir='ltr'><strong>Patri</strong></span> <span class='ocrx_word' id='word_1_119' title='bbox 3583 1206 3806 1262; x_wconf 88' lang='lat' dir='ltr'><strong>reddi-</strong></span> 
     </span>
    </p>
   </div>
   <div class='ocr_carea' id='block_1_11' title="bbox 491 1289 3809 1368">
    <p class='ocr_par' dir='ltr' id='par_1_11' title="bbox 491 1289 3809 1368">
     <span class='ocr_line' id='line_1_11' title="bbox 491 1289 3809 1368; baseline -0.001 -16"><span class='ocrx_word' id='word_1_120' title='bbox 491 1301 582 1352; x_wconf 90' lang='lat' dir='ltr'><strong>tus</strong></span> <span class='ocrx_word' id='word_1_121' title='bbox 610 1293 741 1362; x_wconf 90' lang='lat' dir='ltr'><strong>fuit;</strong></span> <span class='ocrx_word' id='word_1_122' title='bbox 775 1295 928 1351; x_wconf 90' lang='lat' dir='ltr'><strong>illius</strong></span> <span class='ocrx_word' id='word_1_123' title='bbox 961 1303 1141 1352; x_wconf 88' lang='lat' dir='ltr'><strong>tamen</strong></span> <span class='ocrx_word' id='word_1_124' title='bbox 1163 1312 1288 1368; x_wconf 90' lang='lat' dir='ltr'><strong>pars</strong></span> <span class='ocrx_word' id='word_1_125' title='bbox 1317 1311 1429 1350; x_wconf 91' lang='lat' dir='ltr'><strong>non</strong></span> <span class='ocrx_word' id='word_1_126' title='bbox 1460 1293 1691 1349; x_wconf 90' lang='lat' dir='ltr'><strong>minima</strong></span> <span class='ocrx_word' id='word_1_127' title='bbox 1744 1292 2061 1350; x_wconf 83' lang='lat' dir='ltr'><strong>Babaniano</strong></span> <span class='ocrx_word' id='word_1_128' title='bbox 2111 1289 2330 1346; x_wconf 87' lang='lat' dir='ltr'><strong>cuidam</strong></span> <span class='ocrx_word' id='word_1_129' title='bbox 2378 1289 2620 1345; x_wconf 86' lang='lat' dir='ltr'><strong>sermoni</strong></span> <span class='ocrx_word' id='word_1_130' title='bbox 2669 1289 2953 1359; x_wconf 89' lang='lat' dir='ltr'><strong>inseritur,</strong></span> <span class='ocrx_word' id='word_1_131' title='bbox 2990 1289 3150 1364; x_wconf 88' lang='lat' dir='ltr'><strong>cujus</strong></span> <span class='ocrx_word' id='word_1_132' title='bbox 3193 1291 3397 1348; x_wconf 88' lang='lat' dir='ltr'><strong>lemma</strong></span> <span class='ocrx_word' id='word_1_133' title='bbox 3427 1299 3508 1348; x_wconf 92' lang='lat' dir='ltr'><strong>est</strong></span> <span class='ocrx_word' id='word_1_134' title='bbox 3541 1310 3553 1348; x_wconf 90' lang='lat'><strong>:</strong></span> <span class='ocrx_word' id='word_1_135' title='bbox 3589 1293 3677 1348; x_wconf 89' lang='lat' dir='ltr'><strong>De</strong></span> <span class='ocrx_word' id='word_1_136' title='bbox 3698 1292 3809 1364; x_wconf 87' lang='lat' dir='ltr'><strong>je-</strong></span> 
     </span>
    </p>
   </div>
   <div class='ocr_carea' id='block_1_12' title="bbox 481 1379 1949 1455">
    <p class='ocr_par' dir='ltr' id='par_1_12' title="bbox 481 1379 1949 1455">
     <span class='ocr_line' id='line_1_12' title="bbox 481 1379 1949 1455; baseline -0.001 -18"><span class='ocrx_word' id='word_1_137' title='bbox 481 1379 643 1452; x_wconf 86' lang='lat' dir='ltr'><strong>junio</strong></span> <span class='ocrx_word' id='word_1_138' title='bbox 663 1385 904 1453; x_wconf 80' lang='lat' dir='ltr'><strong>Domini,</strong></span> <span class='ocrx_word' id='word_1_139' title='bbox 936 1392 982 1440; x_wconf 90' lang='lat' dir='ltr'><strong>et</strong></span> <span class='ocrx_word' id='word_1_140' title='bbox 999 1384 1206 1440; x_wconf 85' lang='lat' dir='ltr'><strong>ratione</strong></span> <span class='ocrx_word' id='word_1_141' title='bbox 1233 1383 1714 1455; x_wconf 85' lang='lat' dir='ltr'><strong>quadragesimalis</strong></span> <span class='ocrx_word' id='word_1_142' title='bbox 1735 1381 1949 1451; x_wconf 85' lang='lat' dir='ltr'><strong>jejunii.</strong></span> 
     </span>
    </p>
   </div>
   <div class='ocr_carea' id='block_1_13' title="bbox 559 1469 3802 1540">
    <p class='ocr_par' dir='ltr' id='par_1_13' title="bbox 559 1469 3802 1540">
     <span class='ocr_line' id='line_1_13' title="bbox 559 1469 3802 1540; baseline 0.001 -10"><span class='ocrx_word' id='word_1_143' title='bbox 559 1473 749 1532; x_wconf 91' lang='lat' dir='ltr'><strong>Sermo</strong></span> <span class='ocrx_word' id='word_1_144' title='bbox 781 1475 1094 1532; x_wconf 88' lang='lat' dir='ltr'><strong>tricesimus</strong></span> <span class='ocrx_word' id='word_1_145' title='bbox 1119 1490 1300 1530; x_wconf 89' lang='lat' dir='ltr'><strong>nonus</strong></span> <span class='ocrx_word' id='word_1_146' title='bbox 1327 1475 1585 1530; x_wconf 76' lang='lat' dir='ltr'><strong>Romanae</strong></span> <span class='ocrx_word' id='word_1_147' title='bbox 1627 1471 1887 1529; x_wconf 89' lang='lat' dir='ltr'><strong>editionis</strong></span> <span class='ocrx_word' id='word_1_148' title='bbox 1923 1472 2000 1527; x_wconf 91' lang='lat' dir='ltr'><strong>ita</strong></span> <span class='ocrx_word' id='word_1_149' title='bbox 2033 1469 2390 1527; x_wconf 87' lang='lat' dir='ltr'><strong>inscribitur:</strong></span> <span class='ocrx_word' id='word_1_150' title='bbox 2429 1470 2540 1527; x_wconf 86' lang='lat' dir='ltr'><strong>Cur</strong></span> <span class='ocrx_word' id='word_1_151' title='bbox 2572 1469 2814 1526; x_wconf 79' lang='lat' dir='ltr'><strong>Christus</strong></span> <span class='ocrx_word' id='word_1_152' title='bbox 2834 1469 3048 1540; x_wconf 85' lang='lat' dir='ltr'><strong>jejunia</strong></span> <span class='ocrx_word' id='word_1_153' title='bbox 3075 1470 3133 1526; x_wconf 90' lang='lat' dir='ltr'><strong>in</strong></span> <span class='ocrx_word' id='word_1_154' title='bbox 3161 1471 3382 1540; x_wconf 81' lang='lat' dir='ltr'><strong>deserto,</strong></span> <span class='ocrx_word' id='word_1_155' title='bbox 3415 1479 3521 1530; x_wconf 85' lang='lat' dir='ltr'><strong>etc.</strong></span> <span class='ocrx_word' id='word_1_156' title='bbox 3553 1474 3660 1532; x_wconf 89' lang='lat' dir='ltr'><strong>Hic</strong></span> <span class='ocrx_word' id='word_1_157' title='bbox 3700 1484 3802 1532; x_wconf 87' lang='lat' dir='ltr'><strong>est</strong></span> 
     </span>
    </p>
   </div>
   <div class='ocr_carea' id='block_1_14' title="bbox 488 1558 3798 1636">
    <p class='ocr_par' dir='ltr' id='par_1_14' title="bbox 488 1558 3798 1636">
     <span class='ocr_line' id='line_1_14' title="bbox 488 1558 3798 1636; baseline -0 -17"><span class='ocrx_word' id='word_1_158' title='bbox 488 1560 548 1619; x_wconf 89' lang='lat' dir='ltr'><strong>in</strong></span> <span class='ocrx_word' id='word_1_159' title='bbox 572 1563 890 1636; x_wconf 85' lang='lat' dir='ltr'><strong>Appendice</strong></span> <span class='ocrx_word' id='word_1_160' title='bbox 937 1563 1340 1634; x_wconf 88' lang='lat' dir='ltr'><strong>Augustiniana</strong></span> <span class='ocrx_word' id='word_1_161' title='bbox 1367 1562 1698 1619; x_wconf 87' lang='lat' dir='ltr'><strong>centesimus</strong></span> <span class='ocrx_word' id='word_1_162' title='bbox 1745 1558 2194 1633; x_wconf 85' lang='lat' dir='ltr'><strong>quadragesimus</strong></span> <span class='ocrx_word' id='word_1_163' title='bbox 2224 1559 2511 1630; x_wconf 86' lang='lat' dir='ltr'><strong>septimus,</strong></span> <span class='ocrx_word' id='word_1_164' title='bbox 2551 1560 2647 1633; x_wconf 91' lang='lat' dir='ltr'><strong>qui</strong></span> <span class='ocrx_word' id='word_1_165' title='bbox 2691 1568 2744 1616; x_wconf 89' lang='lat' dir='ltr'><strong>et</strong></span> <span class='ocrx_word' id='word_1_166' title='bbox 2798 1558 2894 1615; x_wconf 84' lang='lat' dir='ltr'><strong>alii</strong></span> <span class='ocrx_word' id='word_1_167' title='bbox 2949 1559 3078 1627; x_wconf 91' lang='lat' dir='ltr'><strong>duo,</strong></span> <span class='ocrx_word' id='word_1_168' title='bbox 3137 1560 3403 1617; x_wconf 89' lang='lat' dir='ltr'><strong>nimirum</strong></span> <span class='ocrx_word' id='word_1_169' title='bbox 3463 1563 3798 1634; x_wconf 70' lang='lat' dir='ltr'><strong>tricesimus</strong></span> 
     </span>
    </p>
   </div>
   <div class='ocr_carea' id='block_1_15' title="bbox 485 1646 3798 1724">
    <p class='ocr_par' dir='ltr' id='par_1_15' title="bbox 485 1646 3798 1724">
     <span class='ocr_line' id='line_1_15' title="bbox 485 1646 3798 1724; baseline -0 -18"><span class='ocrx_word' id='word_1_170' title='bbox 485 1652 751 1723; x_wconf 88' lang='lat' dir='ltr'><strong>septimus</strong></span> <span class='ocrx_word' id='word_1_171' title='bbox 779 1669 842 1710; x_wconf 90' lang='lat' dir='ltr'><strong>ac</strong></span> <span class='ocrx_word' id='word_1_172' title='bbox 870 1651 1202 1719; x_wconf 86' lang='lat' dir='ltr'><strong>tricesimus,</strong></span> <span class='ocrx_word' id='word_1_173' title='bbox 1235 1668 1263 1707; x_wconf 93' lang='lat' dir='ltr'><strong>e</strong></span> <span class='ocrx_word' id='word_1_174' title='bbox 1299 1651 1501 1724; x_wconf 89' lang='lat' dir='ltr'><strong>quibus</strong></span> <span class='ocrx_word' id='word_1_175' title='bbox 1531 1651 1668 1706; x_wconf 92' lang='lat' dir='ltr'><strong>alter</strong></span> <span class='ocrx_word' id='word_1_176' title='bbox 1713 1649 1780 1706; x_wconf 91' lang='lat' dir='ltr'><strong>de</strong></span> <span class='ocrx_word' id='word_1_177' title='bbox 1838 1649 2018 1721; x_wconf 92' lang='lat' dir='ltr'><strong>prima</strong></span> <span class='ocrx_word' id='word_1_178' title='bbox 2072 1646 2280 1704; x_wconf 87' lang='lat' dir='ltr'><strong>Christi</strong></span> <span class='ocrx_word' id='word_1_179' title='bbox 2327 1647 2633 1704; x_wconf 90' lang='lat' dir='ltr'><strong>tentatione</strong></span> <span class='ocrx_word' id='word_1_180' title='bbox 2676 1648 2940 1721; x_wconf 90' lang='lat' dir='ltr'><strong>disputat,</strong></span> <span class='ocrx_word' id='word_1_181' title='bbox 2987 1649 3124 1705; x_wconf 85' lang='lat' dir='ltr'><strong>alter</strong></span> <span class='ocrx_word' id='word_1_182' title='bbox 3177 1649 3244 1706; x_wconf 93' lang='lat' dir='ltr'><strong>de</strong></span> <span class='ocrx_word' id='word_1_183' title='bbox 3295 1649 3555 1718; x_wconf 90' lang='lat' dir='ltr'><strong>secunda,</strong></span> <span class='ocrx_word' id='word_1_184' title='bbox 3615 1648 3798 1705; x_wconf 87' lang='lat' dir='ltr'><strong>unius</strong></span> 
     </span>
    </p>
   </div>
   <div class='ocr_carea' id='block_1_16' title="bbox 485 1737 3800 1814">
    <p class='ocr_par' dir='ltr' id='par_1_16' title="bbox 485 1737 3800 1814">
     <span class='ocr_line' id='line_1_16' title="bbox 485 1737 3800 1814; baseline 0.001 -20"><span class='ocrx_word' id='word_1_185' title='bbox 485 1737 838 1812; x_wconf 86' lang='lat' dir='ltr'><strong>ejusdemque</strong></span> <span class='ocrx_word' id='word_1_186' title='bbox 875 1741 1116 1799; x_wconf 87' lang='lat' dir='ltr'><strong>auctoris</strong></span> <span class='ocrx_word' id='word_1_187' title='bbox 1139 1748 1289 1809; x_wconf 91' lang='lat' dir='ltr'><strong>sunt,</strong></span> <span class='ocrx_word' id='word_1_188' title='bbox 1323 1747 1379 1795; x_wconf 91' lang='lat' dir='ltr'><strong>at</strong></span> <span class='ocrx_word' id='word_1_189' title='bbox 1408 1747 1557 1796; x_wconf 90' lang='lat' dir='ltr'><strong>certo</strong></span> <span class='ocrx_word' id='word_1_190' title='bbox 1586 1739 1790 1797; x_wconf 86' lang='lat' dir='ltr'><strong>certius</strong></span> <span class='ocrx_word' id='word_1_191' title='bbox 1828 1755 1940 1794; x_wconf 89' lang='lat' dir='ltr'><strong>non</strong></span> <span class='ocrx_word' id='word_1_192' title='bbox 1976 1737 2278 1794; x_wconf 85' lang='lat' dir='ltr'><strong>Ambrosii.</strong></span> <span class='ocrx_word' id='word_1_193' title='bbox 2311 1738 2547 1794; x_wconf 90' lang='lat' dir='ltr'><strong>Tantum</strong></span> <span class='ocrx_word' id='word_1_194' title='bbox 2595 1739 2797 1813; x_wconf 88' lang='lat' dir='ltr'><strong>quippe</strong></span> <span class='ocrx_word' id='word_1_195' title='bbox 2826 1739 3125 1796; x_wconf 89' lang='lat' dir='ltr'><strong>abhorrent</strong></span> <span class='ocrx_word' id='word_1_196' title='bbox 3171 1755 3204 1795; x_wconf 89' lang='lat' dir='ltr'><strong>a</strong></span> <span class='ocrx_word' id='word_1_197' title='bbox 3248 1740 3394 1812; x_wconf 89' lang='lat' dir='ltr'><strong>stylo</strong></span> <span class='ocrx_word' id='word_1_198' title='bbox 3423 1739 3566 1813; x_wconf 89' lang='lat' dir='ltr'><strong>ejus,</strong></span> <span class='ocrx_word' id='word_1_199' title='bbox 3595 1755 3800 1814; x_wconf 89' lang='lat' dir='ltr'><strong>quan-</strong></span> 
     </span>
    </p>
   </div>
   <div class='ocr_carea' id='block_1_17' title="bbox 488 1828 1478 1887">
    <p class='ocr_par' dir='ltr' id='par_1_17' title="bbox 488 1828 1478 1887">
     <span class='ocr_line' id='line_1_17' title="bbox 488 1828 1478 1887; baseline 0.002 -5"><span class='ocrx_word' id='word_1_200' title='bbox 488 1833 606 1884; x_wconf 90' lang='lat' dir='ltr'><strong>tum</strong></span> <span class='ocrx_word' id='word_1_201' title='bbox 638 1828 706 1885; x_wconf 93' lang='lat' dir='ltr'><strong>ad</strong></span> <span class='ocrx_word' id='word_1_202' title='bbox 735 1828 966 1886; x_wconf 83' lang='lat' dir='ltr'><strong>Maximi</strong></span> <span class='ocrx_word' id='word_1_203' title='bbox 993 1828 1163 1885; x_wconf 91' lang='lat' dir='ltr'><strong>iidem</strong></span> <span class='ocrx_word' id='word_1_204' title='bbox 1189 1828 1478 1887; x_wconf 90' lang='lat' dir='ltr'><strong>accedunt.</strong></span> 
     </span>
    </p>
   </div>
   <div class='ocr_carea' id='block_1_18' title="bbox 554 1915 3796 1992">
    <p class='ocr_par' dir='ltr' id='par_1_18' title="bbox 554 1915 3796 1992">
     <span class='ocr_line' id='line_1_18' title="bbox 554 1915 3796 1992; baseline 0 -19"><span class='ocrx_word' id='word_1_205' title='bbox 554 1915 659 1984; x_wconf 88' lang='lat' dir='ltr'><strong>Qui</strong></span> <span class='ocrx_word' id='word_1_206' title='bbox 698 1934 929 1975; x_wconf 90' lang='lat' dir='ltr'><strong>numero</strong></span> <span class='ocrx_word' id='word_1_207' title='bbox 959 1918 1372 1992; x_wconf 89' lang='lat' dir='ltr'><strong>quadragesimo</strong></span> <span class='ocrx_word' id='word_1_208' title='bbox 1401 1917 1578 1991; x_wconf 90' lang='lat' dir='ltr'><strong>primo</strong></span> <span class='ocrx_word' id='word_1_209' title='bbox 1621 1916 1680 1972; x_wconf 93' lang='lat' dir='ltr'><strong>in</strong></span> <span class='ocrx_word' id='word_1_210' title='bbox 1704 1918 1949 1975; x_wconf 84' lang='lat' dir='ltr'><strong>Romana</strong></span> <span class='ocrx_word' id='word_1_211' title='bbox 1985 1915 2228 1973; x_wconf 87' lang='lat' dir='ltr'><strong>editione</strong></span> <span class='ocrx_word' id='word_1_212' title='bbox 2257 1916 2503 1990; x_wconf 88' lang='lat' dir='ltr'><strong>ponitur,</strong></span> <span class='ocrx_word' id='word_1_213' title='bbox 2552 1917 2820 1991; x_wconf 88' lang='lat' dir='ltr'><strong>cujusque</strong></span> <span class='ocrx_word' id='word_1_214' title='bbox 2855 1933 3051 1990; x_wconf 89' lang='lat' dir='ltr'><strong>magna</strong></span> <span class='ocrx_word' id='word_1_215' title='bbox 3095 1917 3401 1990; x_wconf 90' lang='lat' dir='ltr'><strong>fragmenta</strong></span> <span class='ocrx_word' id='word_1_216' title='bbox 3441 1917 3500 1974; x_wconf 92' lang='lat' dir='ltr'><strong>in</strong></span> <span class='ocrx_word' id='word_1_217' title='bbox 3551 1916 3796 1974; x_wconf 92' lang='lat' dir='ltr'><strong>homilia</strong></span> 
     </span>
    </p>
   </div>
   <div class='ocr_carea' id='block_1_19' title="bbox 483 2002 3788 2081">
    <p class='ocr_par' dir='ltr' id='par_1_19' title="bbox 483 2002 3788 2081">
     <span class='ocr_line' id='line_1_19' title="bbox 483 2002 3788 2081; baseline 0.002 -23"><span class='ocrx_word' id='word_1_218' title='bbox 483 2002 692 2061; x_wconf 83' lang='lat' dir='ltr'><strong>Babaui</strong></span> <span class='ocrx_word' id='word_1_219' title='bbox 722 2005 900 2062; x_wconf 88' lang='lat' dir='ltr'><strong>Mauri</strong></span> <span class='ocrx_word' id='word_1_220' title='bbox 929 2006 989 2062; x_wconf 91' lang='lat' dir='ltr'><strong>in</strong></span> <span class='ocrx_word' id='word_1_221' title='bbox 1017 2008 1363 2063; x_wconf 89' lang='lat' dir='ltr'><strong>Dominicam</strong></span> <span class='ocrx_word' id='word_1_222' title='bbox 1407 2005 1626 2064; x_wconf 90' lang='lat' dir='ltr'><strong>tertiam</strong></span> <span class='ocrx_word' id='word_1_223' title='bbox 1659 2005 2089 2079; x_wconf 79' lang='lat' dir='ltr'><strong>quadragesimae</strong></span> <span class='ocrx_word' id='word_1_224' title='bbox 2118 2007 2623 2079; x_wconf 90' lang='lat' dir='ltr'><strong>deprehenduntur,</strong></span> <span class='ocrx_word' id='word_1_225' title='bbox 2671 2008 2730 2063; x_wconf 94' lang='lat' dir='ltr'><strong>in</strong></span> <span class='ocrx_word' id='word_1_226' title='bbox 2769 2007 3086 2080; x_wconf 87' lang='lat' dir='ltr'><strong>Appendice</strong></span> <span class='ocrx_word' id='word_1_227' title='bbox 3116 2006 3522 2081; x_wconf 86' lang='lat' dir='ltr'><strong>Augustiniana</strong></span> <span class='ocrx_word' id='word_1_228' title='bbox 3563 2007 3788 2081; x_wconf 84' lang='lat' dir='ltr'><strong>adjudi-</strong></span> 
     </span>
    </p>
   </div>
   <div class='ocr_carea' id='block_1_20' title="bbox 482 2095 3794 2170">
    <p class='ocr_par' dir='ltr' id='par_1_20' title="bbox 482 2095 3794 2170">
     <span class='ocr_line' id='line_1_20' title="bbox 482 2095 3794 2170; baseline 0.001 -20"><span class='ocrx_word' id='word_1_229' title='bbox 482 2099 638 2150; x_wconf 81' lang='lat' dir='ltr'><strong>catur</strong></span> <span class='ocrx_word' id='word_1_230' title='bbox 691 2103 881 2152; x_wconf 90' lang='lat' dir='ltr'><strong>sancto</strong></span> <span class='ocrx_word' id='word_1_231' title='bbox 938 2095 1196 2153; x_wconf 68' lang='lat' dir='ltr'><strong>Caesario.</strong></span> <span class='ocrx_word' id='word_1_232' title='bbox 1231 2096 1626 2154; x_wconf 83' lang='lat' dir='ltr'><strong>Verumtamen</strong></span> <span class='ocrx_word' id='word_1_233' title='bbox 1661 2095 1718 2150; x_wconf 90' lang='lat' dir='ltr'><strong>in</strong></span> <span class='ocrx_word' id='word_1_234' title='bbox 1741 2095 1890 2152; x_wconf 91' lang='lat' dir='ltr'><strong>hunc</strong></span> <span class='ocrx_word' id='word_1_235' title='bbox 1920 2112 2228 2152; x_wconf 91' lang='lat' dir='ltr'><strong>sermonem</strong></span> <span class='ocrx_word' id='word_1_236' title='bbox 2279 2096 2427 2152; x_wconf 89' lang='lat' dir='ltr'><strong>haud</strong></span> <span class='ocrx_word' id='word_1_237' title='bbox 2454 2097 2593 2153; x_wconf 88' lang='lat' dir='ltr'><strong>male</strong></span> <span class='ocrx_word' id='word_1_238' title='bbox 2625 2097 2874 2170; x_wconf 88' lang='lat' dir='ltr'><strong>quadrat,</strong></span> <span class='ocrx_word' id='word_1_239' title='bbox 2919 2095 3066 2170; x_wconf 90' lang='lat' dir='ltr'><strong>quod</strong></span> <span class='ocrx_word' id='word_1_240' title='bbox 3110 2097 3428 2153; x_wconf 88' lang='lat' dir='ltr'><strong>Gennadius</strong></span> <span class='ocrx_word' id='word_1_241' title='bbox 3457 2107 3729 2154; x_wconf 85' lang='lat' dir='ltr'><strong>memorat</strong></span> <span class='ocrx_word' id='word_1_242' title='bbox 3758 2115 3794 2154; x_wconf 92' lang='lat' dir='ltr'><strong>a</strong></span> 
     </span>
    </p>
   </div>
   <div class='ocr_carea' id='block_1_21' title="bbox 481 2183 3788 2258">
    <p class='ocr_par' dir='ltr' id='par_1_21' title="bbox 481 2183 3788 2258">
     <span class='ocr_line' id='line_1_21' title="bbox 481 2183 3788 2258; baseline 0.001 -17"><span class='ocrx_word' id='word_1_243' title='bbox 481 2183 724 2241; x_wconf 84' lang='lat' dir='ltr'><strong>Maximo</strong></span> <span class='ocrx_word' id='word_1_244' title='bbox 759 2186 1055 2242; x_wconf 88' lang='lat' dir='ltr'><strong>conciones</strong></span> <span class='ocrx_word' id='word_1_245' title='bbox 1110 2187 1359 2258; x_wconf 89' lang='lat' dir='ltr'><strong>scriptas,</strong></span> <span class='ocrx_word' id='word_1_246' title='bbox 1392 2187 1469 2241; x_wconf 87' lang='lat' dir='ltr'><strong>De</strong></span> <span class='ocrx_word' id='word_1_247' title='bbox 1515 2185 1725 2256; x_wconf 83' lang='lat' dir='ltr'><strong>Jejunio</strong></span> <span class='ocrx_word' id='word_1_248' title='bbox 1763 2185 1980 2257; x_wconf 82' lang='lat' dir='ltr'><strong>speciali</strong></span> <span class='ocrx_word' id='word_1_249' title='bbox 2033 2186 2482 2258; x_wconf 78' lang='lat' dir='ltr'><strong>Quadragesinue,</strong></span> <span class='ocrx_word' id='word_1_250' title='bbox 2540 2193 2593 2241; x_wconf 87' lang='lat' dir='ltr'><strong>et</strong></span> <span class='ocrx_word' id='word_1_251' title='bbox 2635 2187 2775 2256; x_wconf 87' lang='lat' dir='ltr'><strong>quod</strong></span> <span class='ocrx_word' id='word_1_252' title='bbox 2829 2203 2935 2240; x_wconf 85' lang='lat' dir='ltr'><strong>non</strong></span> <span class='ocrx_word' id='word_1_253' title='bbox 2991 2185 3060 2240; x_wconf 89' lang='lat' dir='ltr'><strong>sit</strong></span> <span class='ocrx_word' id='word_1_254' title='bbox 3113 2184 3171 2240; x_wconf 88' lang='lat' dir='ltr'><strong>in</strong></span> <span class='ocrx_word' id='word_1_255' title='bbox 3217 2203 3273 2240; x_wconf 87' lang='lat' dir='ltr'><strong>eo</strong></span> <span class='ocrx_word' id='word_1_256' title='bbox 3317 2185 3631 2256; x_wconf 83' lang='lat' dir='ltr'><strong>jocandum.</strong></span> <span class='ocrx_word' id='word_1_257' title='bbox 3675 2187 3788 2244; x_wconf 90' lang='lat' dir='ltr'><strong>Sed</strong></span> 
     </span>
    </p>
   </div>
   <div class='ocr_carea' id='block_1_22' title="bbox 479 2271 3828 2352">
    <p class='ocr_par' dir='ltr' id='par_1_22' title="bbox 479 2271 3828 2352">
     <span class='ocr_line' id='line_1_22' title="bbox 479 2271 3828 2352; baseline -0 -21"><span class='ocrx_word' id='word_1_258' title='bbox 479 2271 704 2332; x_wconf 82' lang='lat' dir='ltr'><strong>aliunde</strong></span> <span class='ocrx_word' id='word_1_259' title='bbox 739 2293 849 2333; x_wconf 95' lang='lat' dir='ltr'><strong>non</strong></span> <span class='ocrx_word' id='word_1_260' title='bbox 880 2278 1063 2334; x_wconf 92' lang='lat' dir='ltr'><strong>minus</strong></span> <span class='ocrx_word' id='word_1_261' title='bbox 1091 2279 1313 2335; x_wconf 89' lang='lat' dir='ltr'><strong>videtur</strong></span> <span class='ocrx_word' id='word_1_262' title='bbox 1341 2294 1456 2334; x_wconf 90' lang='lat' dir='ltr'><strong>esse</strong></span> <span class='ocrx_word' id='word_1_263' title='bbox 1501 2276 1748 2346; x_wconf 65' lang='lat' dir='ltr'><strong>Caesarii,</strong></span> <span class='ocrx_word' id='word_1_264' title='bbox 1795 2291 1958 2352; x_wconf 90' lang='lat' dir='ltr'><strong>quam</strong></span> <span class='ocrx_word' id='word_1_265' title='bbox 1998 2293 2178 2332; x_wconf 90' lang='lat' dir='ltr'><strong>sermo</strong></span> <span class='ocrx_word' id='word_1_266' title='bbox 2209 2277 2508 2333; x_wconf 89' lang='lat' dir='ltr'><strong>vicesimus</strong></span> <span class='ocrx_word' id='word_1_267' title='bbox 2560 2285 2751 2332; x_wconf 83' lang='lat' dir='ltr'><strong>sextus</strong></span> <span class='ocrx_word' id='word_1_268' title='bbox 2791 2278 3050 2334; x_wconf 78' lang='lat' dir='ltr'><strong>Romana)</strong></span> <span class='ocrx_word' id='word_1_269' title='bbox 3107 2275 3390 2346; x_wconf 90' lang='lat' dir='ltr'><strong>editionis,</strong></span> <span class='ocrx_word' id='word_1_270' title='bbox 3422 2293 3585 2350; x_wconf 92' lang='lat' dir='ltr'><strong>quem</strong></span> <span class='ocrx_word' id='word_1_271' title='bbox 3614 2277 3687 2335; x_wconf 91' lang='lat' dir='ltr'><strong>ab</strong></span> <span class='ocrx_word' id='word_1_272' title='bbox 3716 2295 3787 2336; x_wconf 92' lang='lat' dir='ltr'><strong>eo</strong></span> <span class='ocrx_word' id='word_1_273' title='bbox 3821 2325 3828 2330; x_wconf 89' lang='lat'><strong>.</strong></span> 
     </span>
    </p>
   </div>
   <div class='ocr_carea' id='block_1_23' title="bbox 478 2365 1246 2442">
    <p class='ocr_par' dir='ltr' id='par_1_23' title="bbox 478 2365 1246 2442">
     <span class='ocr_line' id='line_1_23' title="bbox 478 2365 1246 2442; baseline 0.004 -20"><span class='ocrx_word' id='word_1_274' title='bbox 478 2365 746 2438; x_wconf 78' lang='lat' dir='ltr'><strong>scriptum</strong></span> <span class='ocrx_word' id='word_1_275' title='bbox 772 2368 959 2425; x_wconf 91' lang='lat' dir='ltr'><strong>nullus</strong></span> <span class='ocrx_word' id='word_1_276' title='bbox 985 2368 1246 2442; x_wconf 84' lang='lat' dir='ltr'><strong>ambigat.</strong></span> 
     </span>
    </p>
   </div>
   <div class='ocr_carea' id='block_1_24' title="bbox 550 2453 3780 2530">
    <p class='ocr_par' dir='ltr' id='par_1_24' title="bbox 550 2453 3780 2530">
     <span class='ocr_line' id='line_1_24' title="bbox 550 2453 3780 2530; baseline 0.001 -20"><span class='ocrx_word' id='word_1_277' title='bbox 550 2453 1009 2530; x_wconf 87' lang='lat' dir='ltr'><strong>Quadragesimus</strong></span> <span class='ocrx_word' id='word_1_278' title='bbox 1057 2459 1331 2516; x_wconf 88' lang='lat' dir='ltr'><strong>secundus</strong></span> <span class='ocrx_word' id='word_1_279' title='bbox 1376 2466 1690 2516; x_wconf 56' lang='lat' dir='ltr'><strong>memoratae</strong></span> <span class='ocrx_word' id='word_1_280' title='bbox 1719 2456 1980 2514; x_wconf 90' lang='lat' dir='ltr'><strong>editionis</strong></span> <span class='ocrx_word' id='word_1_281' title='bbox 2025 2455 2166 2512; x_wconf 90' lang='lat' dir='ltr'><strong>nihil</strong></span> <span class='ocrx_word' id='word_1_282' title='bbox 2199 2456 2358 2528; x_wconf 88' lang='lat' dir='ltr'><strong>plane</strong></span> <span class='ocrx_word' id='word_1_283' title='bbox 2402 2455 2565 2512; x_wconf 90' lang='lat' dir='ltr'><strong>habet</strong></span> <span class='ocrx_word' id='word_1_284' title='bbox 2601 2455 2749 2530; x_wconf 89' lang='lat' dir='ltr'><strong>quod</strong></span> <span class='ocrx_word' id='word_1_285' title='bbox 2791 2472 2902 2512; x_wconf 91' lang='lat' dir='ltr'><strong>non</strong></span> <span class='ocrx_word' id='word_1_286' title='bbox 2933 2456 3107 2530; x_wconf 90' lang='lat' dir='ltr'><strong>sapiat</strong></span> <span class='ocrx_word' id='word_1_287' title='bbox 3137 2462 3388 2514; x_wconf 90' lang='lat' dir='ltr'><strong>sanctum</strong></span> <span class='ocrx_word' id='word_1_288' title='bbox 3443 2458 3780 2516; x_wconf 86' lang='lat' dir='ltr'><strong>Maximum.</strong></span> 
     </span>
    </p>
   </div>
   <div class='ocr_carea' id='block_1_25' title="bbox 476 2543 3785 2622">
    <p class='ocr_par' dir='ltr' id='par_1_25' title="bbox 476 2543 3785 2622">
     <span class='ocr_line' id='line_1_25' title="bbox 476 2543 3785 2622; baseline 0.002 -23"><span class='ocrx_word' id='word_1_289' title='bbox 476 2543 628 2600; x_wconf 91' lang='lat' dir='ltr'><strong>Idem</strong></span> <span class='ocrx_word' id='word_1_290' title='bbox 658 2545 918 2604; x_wconf 88' lang='lat' dir='ltr'><strong>similiter</strong></span> <span class='ocrx_word' id='word_1_291' title='bbox 942 2549 1011 2605; x_wconf 91' lang='lat' dir='ltr'><strong>de</strong></span> <span class='ocrx_word' id='word_1_292' title='bbox 1063 2549 1482 2621; x_wconf 85' lang='lat' dir='ltr'><strong>quadragesimo</strong></span> <span class='ocrx_word' id='word_1_293' title='bbox 1511 2549 1746 2622; x_wconf 91' lang='lat' dir='ltr'><strong>septimo</strong></span> <span class='ocrx_word' id='word_1_294' title='bbox 1793 2547 2146 2604; x_wconf 88' lang='lat' dir='ltr'><strong>statuendum</strong></span> <span class='ocrx_word' id='word_1_295' title='bbox 2194 2556 2296 2616; x_wconf 89' lang='lat' dir='ltr'><strong>est,</strong></span> <span class='ocrx_word' id='word_1_296' title='bbox 2328 2546 2486 2619; x_wconf 90' lang='lat' dir='ltr'><strong>cujus</strong></span> <span class='ocrx_word' id='word_1_297' title='bbox 2515 2547 2739 2603; x_wconf 89' lang='lat' dir='ltr'><strong>initium</strong></span> <span class='ocrx_word' id='word_1_298' title='bbox 2771 2547 2959 2604; x_wconf 89' lang='lat' dir='ltr'><strong>eadem</strong></span> <span class='ocrx_word' id='word_1_299' title='bbox 3006 2549 3251 2604; x_wconf 85' lang='lat' dir='ltr'><strong>Romana</strong></span> <span class='ocrx_word' id='word_1_300' title='bbox 3277 2548 3448 2606; x_wconf 88' lang='lat' dir='ltr'><strong>editio</strong></span> <span class='ocrx_word' id='word_1_301' title='bbox 3489 2565 3785 2622; x_wconf 81' lang='lat' dir='ltr'><strong>perperam</strong></span> 
     </span>
    </p>
   </div>
   <div class='ocr_carea' id='block_1_26' title="bbox 476 2637 3257 2712">
    <p class='ocr_par' dir='ltr' id='par_1_26' title="bbox 476 2637 3257 2712">
     <span class='ocr_line' id='line_1_26' title="bbox 476 2637 3257 2712; baseline 0.002 -25"><span class='ocrx_word' id='word_1_302' title='bbox 476 2640 740 2701; x_wconf 84' lang='lat' dir='ltr'><strong>mutarat,</strong></span> <span class='ocrx_word' id='word_1_303' title='bbox 776 2651 1050 2712; x_wconf 90' lang='lat' dir='ltr'><strong>quemque</strong></span> <span class='ocrx_word' id='word_1_304' title='bbox 1078 2639 1319 2695; x_wconf 90' lang='lat' dir='ltr'><strong>Maximo</strong></span> <span class='ocrx_word' id='word_1_305' title='bbox 1347 2639 1534 2695; x_wconf 92' lang='lat' dir='ltr'><strong>deberi</strong></span> <span class='ocrx_word' id='word_1_306' title='bbox 1566 2638 1774 2693; x_wconf 80' lang='lat' dir='ltr'><strong>indicat</strong></span> <span class='ocrx_word' id='word_1_307' title='bbox 1813 2637 2129 2694; x_wconf 88' lang='lat' dir='ltr'><strong>Gennadius</strong></span> <span class='ocrx_word' id='word_1_308' title='bbox 2177 2638 2278 2694; x_wconf 89' lang='lat' dir='ltr'><strong>sub</strong></span> <span class='ocrx_word' id='word_1_309' title='bbox 2316 2638 2420 2694; x_wconf 91' lang='lat' dir='ltr'><strong>hoc</strong></span> <span class='ocrx_word' id='word_1_310' title='bbox 2449 2638 2610 2695; x_wconf 85' lang='lat' dir='ltr'><strong>titulo</strong></span> <span class='ocrx_word' id='word_1_311' title='bbox 2650 2656 2662 2694; x_wconf 85' lang='lat'>:</span> <span class='ocrx_word' id='word_1_312' title='bbox 2696 2639 2774 2694; x_wconf 89' lang='lat' dir='ltr'><strong>De</strong></span> <span class='ocrx_word' id='word_1_313' title='bbox 2797 2639 2939 2695; x_wconf 85' lang='lat' dir='ltr'><strong>Juda</strong></span> <span class='ocrx_word' id='word_1_314' title='bbox 2963 2639 3257 2710; x_wconf 82' lang='lat' dir='ltr'><strong>proditore.</strong></span> 
     </span>
    </p>
   </div>
   <div class='ocr_carea' id='block_1_27' title="bbox 546 2723 3786 2803">
    <p class='ocr_par' dir='ltr' id='par_1_27' title="bbox 546 2723 3786 2803">
     <span class='ocr_line' id='line_1_27' title="bbox 546 2723 3786 2803; baseline 0.002 -25"><span class='ocrx_word' id='word_1_315' title='bbox 546 2723 645 2779; x_wconf 88' lang='lat' dir='ltr'><strong>His</strong></span> <span class='ocrx_word' id='word_1_316' title='bbox 674 2723 1006 2800; x_wconf 86' lang='lat' dir='ltr'><strong>adjungatur</strong></span> <span class='ocrx_word' id='word_1_317' title='bbox 1032 2727 1480 2801; x_wconf 78' lang='lat' dir='ltr'><strong>quadragesimus</strong></span> <span class='ocrx_word' id='word_1_318' title='bbox 1523 2736 1768 2797; x_wconf 90' lang='lat' dir='ltr'><strong>octavus,</strong></span> <span class='ocrx_word' id='word_1_319' title='bbox 1825 2737 1879 2784; x_wconf 91' lang='lat' dir='ltr'><strong>et</strong></span> <span class='ocrx_word' id='word_1_320' title='bbox 1907 2728 2004 2800; x_wconf 90' lang='lat' dir='ltr'><strong>qui</strong></span> <span class='ocrx_word' id='word_1_321' title='bbox 2032 2743 2102 2783; x_wconf 86' lang='lat' dir='ltr'><strong>ex</strong></span> <span class='ocrx_word' id='word_1_322' title='bbox 2144 2743 2208 2782; x_wconf 95' lang='lat' dir='ltr'><strong>eo</strong></span> <span class='ocrx_word' id='word_1_323' title='bbox 2239 2728 2497 2799; x_wconf 88' lang='lat' dir='ltr'><strong>pendent,</strong></span> <span class='ocrx_word' id='word_1_324' title='bbox 2551 2727 2999 2802; x_wconf 82' lang='lat' dir='ltr'><strong>quadragesimus</strong></span> <span class='ocrx_word' id='word_1_325' title='bbox 3050 2745 3230 2786; x_wconf 87' lang='lat' dir='ltr'><strong>nonus</strong></span> <span class='ocrx_word' id='word_1_326' title='bbox 3272 2737 3324 2786; x_wconf 91' lang='lat' dir='ltr'><strong>et</strong></span> <span class='ocrx_word' id='word_1_327' title='bbox 3368 2727 3786 2803; x_wconf 75' lang='lat' dir='ltr'><strong>quinquagesi—</strong></span> 
     </span>
    </p>
   </div>
   <div class='ocr_carea' id='block_1_28' title="bbox 474 2815 3781 2894">
    <p class='ocr_par' dir='ltr' id='par_1_28' title="bbox 474 2815 3781 2894">
     <span class='ocr_line' id='line_1_28' title="bbox 474 2815 3781 2894; baseline 0.004 -27"><span class='ocrx_word' id='word_1_328' title='bbox 474 2828 617 2870; x_wconf 90' lang='lat' dir='ltr'><strong>mus.</strong></span> <span class='ocrx_word' id='word_1_329' title='bbox 646 2815 755 2872; x_wconf 92' lang='lat' dir='ltr'><strong>Hos</strong></span> <span class='ocrx_word' id='word_1_330' title='bbox 791 2817 940 2873; x_wconf 91' lang='lat' dir='ltr'><strong>enim</strong></span> <span class='ocrx_word' id='word_1_331' title='bbox 971 2819 1200 2876; x_wconf 86' lang='lat' dir='ltr'><strong>Maximi</strong></span> <span class='ocrx_word' id='word_1_332' title='bbox 1228 2837 1344 2876; x_wconf 91' lang='lat' dir='ltr'><strong>esse</strong></span> <span class='ocrx_word' id='word_1_333' title='bbox 1381 2819 1524 2876; x_wconf 90' lang='lat' dir='ltr'><strong>nihil</strong></span> <span class='ocrx_word' id='word_1_334' title='bbox 1549 2835 1661 2876; x_wconf 90' lang='lat' dir='ltr'><strong>non</strong></span> <span class='ocrx_word' id='word_1_335' title='bbox 1707 2820 1926 2876; x_wconf 89' lang='lat' dir='ltr'><strong>clamat.</strong></span> <span class='ocrx_word' id='word_1_336' title='bbox 1967 2820 2090 2875; x_wconf 90' lang='lat' dir='ltr'><strong>Non</strong></span> <span class='ocrx_word' id='word_1_337' title='bbox 2121 2835 2410 2891; x_wconf 87' lang='lat' dir='ltr'><strong>possumus</strong></span> <span class='ocrx_word' id='word_1_338' title='bbox 2451 2827 2635 2876; x_wconf 90' lang='lat' dir='ltr'><strong>autem</strong></span> <span class='ocrx_word' id='word_1_339' title='bbox 2675 2820 2810 2894; x_wconf 90' lang='lat' dir='ltr'><strong>quin</strong></span> <span class='ocrx_word' id='word_1_340' title='bbox 2841 2819 2934 2876; x_wconf 88' lang='lat' dir='ltr'><strong>hic</strong></span> <span class='ocrx_word' id='word_1_341' title='bbox 2962 2820 3372 2892; x_wconf 90' lang='lat' dir='ltr'><strong>expostulemus</strong></span> <span class='ocrx_word' id='word_1_342' title='bbox 3406 2837 3533 2877; x_wconf 85' lang='lat' dir='ltr'><strong>cum</strong></span> <span class='ocrx_word' id='word_1_343' title='bbox 3559 2823 3781 2880; x_wconf 80' lang='lat' dir='ltr'><strong>Roma-</strong></span> 
     </span>
    </p>
   </div>
   <div class='ocr_carea' id='block_1_29' title="bbox 475 2903 3780 2984">
    <p class='ocr_par' dir='ltr' id='par_1_29' title="bbox 475 2903 3780 2984">
     <span class='ocr_line' id='line_1_29' title="bbox 475 2903 3780 2984; baseline 0.004 -25"><span class='ocrx_word' id='word_1_344' title='bbox 475 2903 562 2960; x_wconf 91' lang='lat' dir='ltr'><strong>nis</strong></span> <span class='ocrx_word' id='word_1_345' title='bbox 589 2904 915 2976; x_wconf 90' lang='lat' dir='ltr'><strong>editoribus,</strong></span> <span class='ocrx_word' id='word_1_346' title='bbox 947 2908 1041 2981; x_wconf 90' lang='lat' dir='ltr'><strong>qui</strong></span> <span class='ocrx_word' id='word_1_347' title='bbox 1072 2926 1198 2966; x_wconf 93' lang='lat' dir='ltr'><strong>cum</strong></span> <span class='ocrx_word' id='word_1_348' title='bbox 1231 2910 1386 2978; x_wconf 90' lang='lat' dir='ltr'><strong>alibi,</strong></span> <span class='ocrx_word' id='word_1_349' title='bbox 1409 2919 1528 2966; x_wconf 92' lang='lat' dir='ltr'><strong>tum</strong></span> <span class='ocrx_word' id='word_1_350' title='bbox 1557 2909 1617 2966; x_wconf 90' lang='lat' dir='ltr'><strong>in</strong></span> <span class='ocrx_word' id='word_1_351' title='bbox 1651 2908 1849 2964; x_wconf 89' lang='lat' dir='ltr'><strong>ultimo</strong></span> <span class='ocrx_word' id='word_1_352' title='bbox 1879 2907 2080 2964; x_wconf 90' lang='lat' dir='ltr'><strong>horum</strong></span> <span class='ocrx_word' id='word_1_353' title='bbox 2113 2925 2450 2979; x_wconf 89' lang='lat' dir='ltr'><strong>sermonum,</strong></span> <span class='ocrx_word' id='word_1_354' title='bbox 2477 2910 2717 2984; x_wconf 91' lang='lat' dir='ltr'><strong>plurima</strong></span> <span class='ocrx_word' id='word_1_355' title='bbox 2753 2909 3156 2983; x_wconf 85' lang='lat' dir='ltr'><strong>refragantibus</strong></span> <span class='ocrx_word' id='word_1_356' title='bbox 3189 2910 3313 2967; x_wconf 87' lang='lat' dir='ltr'><strong>aliis</strong></span> <span class='ocrx_word' id='word_1_357' title='bbox 3339 2909 3682 2969; x_wconf 79' lang='lat' dir='ltr'><strong>editionibus</strong></span> <span class='ocrx_word' id='word_1_358' title='bbox 3713 2931 3780 2972; x_wconf 92' lang='lat' dir='ltr'><strong>ac</strong></span> 
     </span>
    </p>
   </div>
   <div class='ocr_carea' id='block_1_30' title="bbox 473 2996 2257 3073">
    <p class='ocr_par' dir='ltr' id='par_1_30' title="bbox 473 2996 2257 3073">
     <span class='ocr_line' id='line_1_30' title="bbox 473 2996 2257 3073; baseline 0.004 -26"><span class='ocrx_word' id='word_1_359' title='bbox 473 2996 882 3068; x_wconf 87' lang='lat' dir='ltr'><strong>manuscriptis,</strong></span> <span class='ocrx_word' id='word_1_360' title='bbox 914 2996 1210 3054; x_wconf 90' lang='lat' dir='ltr'><strong>immutare</strong></span> <span class='ocrx_word' id='word_1_361' title='bbox 1236 3015 1347 3054; x_wconf 91' lang='lat' dir='ltr'><strong>non</strong></span> <span class='ocrx_word' id='word_1_362' title='bbox 1368 2998 1714 3054; x_wconf 85' lang='lat' dir='ltr'><strong>dubitarunt.</strong></span> <span class='ocrx_word' id='word_1_363' title='bbox 2249 3063 2257 3073; x_wconf 45' lang='grc'><em>,</em></span> 
     </span>
    </p>
   </div>
   <div class='ocr_carea' id='block_1_31' title="bbox 544 3081 3773 3166">
    <p class='ocr_par' dir='ltr' id='par_1_31' title="bbox 544 3081 3773 3166">
     <span class='ocr_line' id='line_1_31' title="bbox 544 3081 3773 3166; baseline 0.004 -29"><span class='ocrx_word' id='word_1_364' title='bbox 544 3081 734 3140; x_wconf 92' lang='lat' dir='ltr'><strong>Sermo</strong></span> <span class='ocrx_word' id='word_1_365' title='bbox 756 3085 1241 3161; x_wconf 88' lang='lat' dir='ltr'><strong>quinquagesimus</strong></span> <span class='ocrx_word' id='word_1_366' title='bbox 1268 3087 1498 3159; x_wconf 88' lang='lat' dir='ltr'><strong>primus,</strong></span> <span class='ocrx_word' id='word_1_367' title='bbox 1531 3087 1674 3144; x_wconf 88' lang='lat' dir='ltr'><strong>sicut</strong></span> <span class='ocrx_word' id='word_1_368' title='bbox 1705 3093 1757 3142; x_wconf 92' lang='lat' dir='ltr'><strong>et</strong></span> <span class='ocrx_word' id='word_1_369' title='bbox 1803 3085 1914 3142; x_wconf 92' lang='lat' dir='ltr'><strong>duo</strong></span> <span class='ocrx_word' id='word_1_370' title='bbox 1943 3089 2192 3162; x_wconf 88' lang='lat' dir='ltr'><strong>proxime</strong></span> <span class='ocrx_word' id='word_1_371' title='bbox 2221 3090 2474 3165; x_wconf 90' lang='lat' dir='ltr'><strong>subjecti,</strong></span> <span class='ocrx_word' id='word_1_372' title='bbox 2524 3091 2670 3148; x_wconf 90' lang='lat' dir='ltr'><strong>inter</strong></span> <span class='ocrx_word' id='word_1_373' title='bbox 2713 3090 3079 3148; x_wconf 90' lang='lat' dir='ltr'><strong>Maximianos</strong></span> <span class='ocrx_word' id='word_1_374' title='bbox 3123 3107 3343 3166; x_wconf 87' lang='lat' dir='ltr'><strong>quoque</strong></span> <span class='ocrx_word' id='word_1_375' title='bbox 3397 3090 3773 3164; x_wconf 90' lang='lat' dir='ltr'><strong>reperiuntur.</strong></span> 
     </span>
    </p>
   </div>
   <div class='ocr_carea' id='block_1_32' title="bbox 471 3171 3770 3253">
    <p class='ocr_par' dir='ltr' id='par_1_32' title="bbox 471 3171 3770 3253">
     <span class='ocr_line' id='line_1_32' title="bbox 471 3171 3770 3253; baseline 0.002 -24"><span class='ocrx_word' id='word_1_376' title='bbox 471 3171 583 3229; x_wconf 88' lang='lat' dir='ltr'><strong>Nec</strong></span> <span class='ocrx_word' id='word_1_377' title='bbox 609 3173 927 3233; x_wconf 88' lang='lat' dir='ltr'><strong>dubitamus</strong></span> <span class='ocrx_word' id='word_1_378' title='bbox 954 3176 1089 3251; x_wconf 90' lang='lat' dir='ltr'><strong>quin</strong></span> <span class='ocrx_word' id='word_1_379' title='bbox 1136 3177 1195 3234; x_wconf 88' lang='lat' dir='ltr'><strong>hi</strong></span> <span class='ocrx_word' id='word_1_380' title='bbox 1243 3179 1347 3251; x_wconf 90' lang='lat' dir='ltr'><strong>ipsi</strong></span> <span class='ocrx_word' id='word_1_381' title='bbox 1377 3179 1509 3248; x_wconf 90' lang='lat' dir='ltr'><strong>sint,</strong></span> <span class='ocrx_word' id='word_1_382' title='bbox 1542 3179 1637 3253; x_wconf 90' lang='lat' dir='ltr'><strong>qui</strong></span> <span class='ocrx_word' id='word_1_383' title='bbox 1668 3189 2044 3237; x_wconf 88' lang='lat' dir='ltr'><strong>memorantur</strong></span> <span class='ocrx_word' id='word_1_384' title='bbox 2071 3199 2101 3238; x_wconf 93' lang='lat' dir='ltr'><strong>a</strong></span> <span class='ocrx_word' id='word_1_385' title='bbox 2127 3181 2412 3239; x_wconf 89' lang='lat' dir='ltr'><strong>Gennadio</strong></span> <span class='ocrx_word' id='word_1_386' title='bbox 2456 3179 2558 3236; x_wconf 91' lang='lat' dir='ltr'><strong>sub</strong></span> <span class='ocrx_word' id='word_1_387' title='bbox 2588 3180 2674 3236; x_wconf 90' lang='lat' dir='ltr'><strong>his</strong></span> <span class='ocrx_word' id='word_1_388' title='bbox 2703 3181 2881 3237; x_wconf 87' lang='lat' dir='ltr'><strong>titulis</strong></span> <span class='ocrx_word' id='word_1_389' title='bbox 2911 3200 2924 3238; x_wconf 88' lang='lat'><strong>:</strong></span> <span class='ocrx_word' id='word_1_390' title='bbox 2956 3182 3034 3237; x_wconf 92' lang='lat' dir='ltr'><strong>De</strong></span> <span class='ocrx_word' id='word_1_391' title='bbox 3079 3197 3228 3237; x_wconf 85' lang='lat' dir='ltr'><strong>cruce</strong></span> <span class='ocrx_word' id='word_1_392' title='bbox 3273 3180 3513 3249; x_wconf 88' lang='lat' dir='ltr'><strong>Domini,</strong></span> <span class='ocrx_word' id='word_1_393' title='bbox 3561 3181 3639 3236; x_wconf 91' lang='lat' dir='ltr'><strong>De</strong></span> <span class='ocrx_word' id='word_1_394' title='bbox 3685 3198 3770 3238; x_wconf 82' lang='lat' dir='ltr'><strong>se-</strong></span> 
     </span>
    </p>
   </div>
   <div class='ocr_carea' id='block_1_33' title="bbox 465 3264 3761 3344">
    <p class='ocr_par' dir='ltr' id='par_1_33' title="bbox 465 3264 3761 3344">
     <span class='ocr_line' id='line_1_33' title="bbox 465 3264 3761 3344; baseline 0.002 -26"><span class='ocrx_word' id='word_1_395' title='bbox 465 3264 657 3335; x_wconf 83' lang='lat' dir='ltr'><strong>pulcro</strong></span> <span class='ocrx_word' id='word_1_396' title='bbox 678 3265 811 3337; x_wconf 81' lang='lat' dir='ltr'><strong>ejus,</strong></span> <span class='ocrx_word' id='word_1_397' title='bbox 843 3269 922 3324; x_wconf 90' lang='lat' dir='ltr'><strong>De</strong></span> <span class='ocrx_word' id='word_1_398' title='bbox 949 3269 1330 3326; x_wconf 83' lang='lat' dir='ltr'><strong>resurrectione</strong></span> <span class='ocrx_word' id='word_1_399' title='bbox 1358 3270 1542 3342; x_wconf 84' lang='lat' dir='ltr'><strong>ipsius.</strong></span> <span class='ocrx_word' id='word_1_400' title='bbox 1575 3269 1834 3342; x_wconf 88' lang='lat' dir='ltr'><strong>Ejusdem</strong></span> <span class='ocrx_word' id='word_1_401' title='bbox 1866 3271 2093 3326; x_wconf 87' lang='lat' dir='ltr'><strong>Maximi</strong></span> <span class='ocrx_word' id='word_1_402' title='bbox 2145 3280 2276 3327; x_wconf 91' lang='lat' dir='ltr'><strong>sunt</strong></span> <span class='ocrx_word' id='word_1_403' title='bbox 2331 3270 2534 3343; x_wconf 91' lang='lat' dir='ltr'><strong>pariter</strong></span> <span class='ocrx_word' id='word_1_404' title='bbox 2576 3270 3060 3344; x_wconf 85' lang='lat' dir='ltr'><strong>quinquagesimus</strong></span> <span class='ocrx_word' id='word_1_405' title='bbox 3107 3269 3354 3344; x_wconf 89' lang='lat' dir='ltr'><strong>quintus,</strong></span> <span class='ocrx_word' id='word_1_406' title='bbox 3387 3277 3440 3325; x_wconf 92' lang='lat' dir='ltr'><strong>et</strong></span> <span class='ocrx_word' id='word_1_407' title='bbox 3469 3269 3761 3344; x_wconf 90' lang='lat' dir='ltr'><strong>quinqua-</strong></span> 
     </span>
    </p>
   </div>
   <div class='ocr_carea' id='block_1_34' title="bbox 474 3354 3760 3435">
    <p class='ocr_par' dir='ltr' id='par_1_34' title="bbox 474 3354 3760 3435">
     <span class='ocr_line' id='line_1_34' title="bbox 474 3354 3760 3435; baseline 0.002 -25"><span class='ocrx_word' id='word_1_408' title='bbox 474 3354 714 3425; x_wconf 88' lang='lat' dir='ltr'><strong>gesimus</strong></span> <span class='ocrx_word' id='word_1_409' title='bbox 743 3365 952 3428; x_wconf 84' lang='lat' dir='ltr'><strong>sextus,</strong></span> <span class='ocrx_word' id='word_1_410' title='bbox 982 3359 1078 3432; x_wconf 91' lang='lat' dir='ltr'><strong>qui</strong></span> <span class='ocrx_word' id='word_1_411' title='bbox 1108 3359 1451 3418; x_wconf 89' lang='lat' dir='ltr'><strong>continuatio</strong></span> <span class='ocrx_word' id='word_1_412' title='bbox 1500 3368 1582 3417; x_wconf 92' lang='lat' dir='ltr'><strong>est</strong></span> <span class='ocrx_word' id='word_1_413' title='bbox 1621 3360 2062 3435; x_wconf 86' lang='lat' dir='ltr'><strong>quinquagesimi</strong></span> <span class='ocrx_word' id='word_1_414' title='bbox 2112 3361 2284 3432; x_wconf 89' lang='lat' dir='ltr'><strong>tertii,</strong></span> <span class='ocrx_word' id='word_1_415' title='bbox 2331 3377 2443 3417; x_wconf 93' lang='lat' dir='ltr'><strong>non</strong></span> <span class='ocrx_word' id='word_1_416' title='bbox 2492 3377 2649 3418; x_wconf 89' lang='lat' dir='ltr'><strong>secus</strong></span> <span class='ocrx_word' id='word_1_417' title='bbox 2677 3377 2740 3419; x_wconf 91' lang='lat' dir='ltr'><strong>ac</strong></span> <span class='ocrx_word' id='word_1_418' title='bbox 2779 3360 3221 3435; x_wconf 87' lang='lat' dir='ltr'><strong>quinquagesimi</strong></span> <span class='ocrx_word' id='word_1_419' title='bbox 3266 3358 3760 3435; x_wconf 84' lang='lat' dir='ltr'><strong>quinquagesimus</strong></span> 
     </span>
    </p>
   </div>
   <div class='ocr_carea' id='block_1_35' title="bbox 469 3445 756 3517">
    <p class='ocr_par' dir='ltr' id='par_1_35' title="bbox 469 3445 756 3517">
     <span class='ocr_line' id='line_1_35' title="bbox 469 3445 756 3517; baseline 0.017 -18"><span class='ocrx_word' id='word_1_420' title='bbox 469 3445 756 3517; x_wconf 89' lang='lat' dir='ltr'><strong>septimus.</strong></span> 
     </span>
    </p>
   </div>
   <div class='ocr_carea' id='block_1_36' title="bbox 539 3532 3770 3612">
    <p class='ocr_par' dir='ltr' id='par_1_36' title="bbox 539 3532 3770 3612">
     <span class='ocr_line' id='line_1_36' title="bbox 539 3532 3770 3612; baseline 0.001 -21"><span class='ocrx_word' id='word_1_421' title='bbox 539 3532 774 3592; x_wconf 70' lang='lat' dir='ltr'><strong>Caesario</strong></span> <span class='ocrx_word' id='word_1_422' title='bbox 803 3536 1113 3594; x_wconf 88' lang='lat' dir='ltr'><strong>restituitur</strong></span> <span class='ocrx_word' id='word_1_423' title='bbox 1137 3537 1197 3594; x_wconf 91' lang='lat' dir='ltr'><strong>in</strong></span> <span class='ocrx_word' id='word_1_424' title='bbox 1224 3539 1630 3612; x_wconf 89' lang='lat' dir='ltr'><strong>Augustiniana</strong></span> <span class='ocrx_word' id='word_1_425' title='bbox 1670 3538 1989 3612; x_wconf 88' lang='lat' dir='ltr'><strong>Appendice</strong></span> <span class='ocrx_word' id='word_1_426' title='bbox 2037 3537 2524 3612; x_wconf 90' lang='lat' dir='ltr'><strong>quinquagesimus</strong></span> <span class='ocrx_word' id='word_1_427' title='bbox 2553 3545 2802 3607; x_wconf 90' lang='lat' dir='ltr'><strong>octavus,</strong></span> <span class='ocrx_word' id='word_1_428' title='bbox 2857 3537 2953 3611; x_wconf 90' lang='lat' dir='ltr'><strong>qui</strong></span> <span class='ocrx_word' id='word_1_429' title='bbox 2981 3555 3080 3596; x_wconf 89' lang='lat' dir='ltr'><strong>cur</strong></span> <span class='ocrx_word' id='word_1_430' title='bbox 3123 3536 3421 3612; x_wconf 89' lang='lat' dir='ltr'><strong>aliquando</strong></span> <span class='ocrx_word' id='word_1_431' title='bbox 3467 3535 3770 3593; x_wconf 87' lang='lat' dir='ltr'><strong>attributus</strong></span> 
     </span>
    </p>
   </div>
   <div class='ocr_carea' id='block_1_37' title="bbox 467 3624 3760 3705">
    <p class='ocr_par' dir='ltr' id='par_1_37' title="bbox 467 3624 3760 3705">
     <span class='ocr_line' id='line_1_37' title="bbox 467 3624 3760 3705; baseline 0.001 -24"><span class='ocrx_word' id='word_1_432' title='bbox 467 3624 638 3683; x_wconf 89' lang='lat' dir='ltr'><strong>fuerit</strong></span> <span class='ocrx_word' id='word_1_433' title='bbox 677 3627 992 3700; x_wconf 83' lang='lat' dir='ltr'><strong>Ambrosio,</strong></span> <span class='ocrx_word' id='word_1_434' title='bbox 1023 3630 1167 3686; x_wconf 91' lang='lat' dir='ltr'><strong>nihil</strong></span> <span class='ocrx_word' id='word_1_435' title='bbox 1196 3633 1356 3703; x_wconf 91' lang='lat' dir='ltr'><strong>plane</strong></span> <span class='ocrx_word' id='word_1_436' title='bbox 1399 3631 1582 3688; x_wconf 89' lang='lat' dir='ltr'><strong>habet.</strong></span> <span class='ocrx_word' id='word_1_437' title='bbox 1609 3631 1713 3688; x_wconf 92' lang='lat' dir='ltr'><strong>Sed</strong></span> <span class='ocrx_word' id='word_1_438' title='bbox 1743 3649 1843 3689; x_wconf 92' lang='lat' dir='ltr'><strong>nec</strong></span> <span class='ocrx_word' id='word_1_439' title='bbox 1879 3629 2079 3705; x_wconf 90' lang='lat' dir='ltr'><strong>potiori</strong></span> <span class='ocrx_word' id='word_1_440' title='bbox 2119 3627 2243 3700; x_wconf 90' lang='lat' dir='ltr'><strong>jure</strong></span> <span class='ocrx_word' id='word_1_441' title='bbox 2291 3627 2533 3700; x_wconf 86' lang='lat' dir='ltr'><strong>ejusdem</strong></span> <span class='ocrx_word' id='word_1_442' title='bbox 2581 3626 2806 3684; x_wconf 89' lang='lat' dir='ltr'><strong>nomine</strong></span> <span class='ocrx_word' id='word_1_443' title='bbox 2856 3626 3065 3683; x_wconf 90' lang='lat' dir='ltr'><strong>censeri</strong></span> <span class='ocrx_word' id='word_1_444' title='bbox 3112 3625 3316 3682; x_wconf 89' lang='lat' dir='ltr'><strong>meruit</strong></span> <span class='ocrx_word' id='word_1_445' title='bbox 3363 3625 3760 3698; x_wconf 87' lang='lat' dir='ltr'><strong>sexagesimus.</strong></span> 
     </span>
    </p>
   </div>
   <div class='ocr_carea' id='block_1_38' title="bbox 467 3713 3756 3792">
    <p class='ocr_par' dir='ltr' id='par_1_38' title="bbox 467 3713 3756 3792">
     <span class='ocr_line' id='line_1_38' title="bbox 467 3713 3756 3792; baseline 0 -22"><span class='ocrx_word' id='word_1_446' title='bbox 467 3713 603 3770; x_wconf 91' lang='lat' dir='ltr'><strong>Nam</strong></span> <span class='ocrx_word' id='word_1_447' title='bbox 633 3724 995 3791; x_wconf 70' lang='lat' dir='ltr'><strong>praeterquam</strong></span> <span class='ocrx_word' id='word_1_448' title='bbox 1024 3719 1171 3792; x_wconf 91' lang='lat' dir='ltr'><strong>quod</strong></span> <span class='ocrx_word' id='word_1_449' title='bbox 1206 3719 1262 3776; x_wconf 91' lang='lat' dir='ltr'><strong>in</strong></span> <span class='ocrx_word' id='word_1_450' title='bbox 1292 3720 1518 3777; x_wconf 85' lang='lat' dir='ltr'><strong>Maximi</strong></span> <span class='ocrx_word' id='word_1_451' title='bbox 1548 3719 1904 3790; x_wconf 88' lang='lat' dir='ltr'><strong>editionibus,</strong></span> <span class='ocrx_word' id='word_1_452' title='bbox 1939 3729 1992 3777; x_wconf 93' lang='lat' dir='ltr'><strong>et</strong></span> <span class='ocrx_word' id='word_1_453' title='bbox 2035 3718 2427 3792; x_wconf 89' lang='lat' dir='ltr'><strong>manuscriptis</strong></span> <span class='ocrx_word' id='word_1_454' title='bbox 2462 3735 2573 3775; x_wconf 89' lang='lat' dir='ltr'><strong>non</strong></span> <span class='ocrx_word' id='word_1_455' title='bbox 2603 3718 2791 3791; x_wconf 90' lang='lat' dir='ltr'><strong>paucis</strong></span> <span class='ocrx_word' id='word_1_456' title='bbox 2821 3717 2926 3790; x_wconf 88' lang='lat' dir='ltr'><strong>ipsi</strong></span> <span class='ocrx_word' id='word_1_457' title='bbox 2956 3716 3292 3786; x_wconf 90' lang='lat' dir='ltr'><strong>vindicatur,</strong></span> <span class='ocrx_word' id='word_1_458' title='bbox 3325 3732 3444 3790; x_wconf 63' lang='lat' dir='ltr'><strong>quas</strong></span> <span class='ocrx_word' id='word_1_459' title='bbox 3489 3715 3551 3771; x_wconf 91' lang='lat' dir='ltr'><strong>in</strong></span> <span class='ocrx_word' id='word_1_460' title='bbox 3580 3732 3645 3772; x_wconf 90' lang='lat' dir='ltr'><strong>eo</strong></span> <span class='ocrx_word' id='word_1_461' title='bbox 3675 3714 3756 3772; x_wconf 91' lang='lat' dir='ltr'><strong>di-</strong></span> 
     </span>
    </p>
   </div>
   <div class='ocr_carea' id='block_1_39' title="bbox 464 3801 3758 3887">
    <p class='ocr_par' dir='ltr' id='par_1_39' title="bbox 464 3801 3758 3887">
     <span class='ocr_line' id='line_1_39' title="bbox 464 3801 3758 3887; baseline 0.001 -29"><span class='ocrx_word' id='word_1_462' title='bbox 464 3809 669 3859; x_wconf 92' lang='lat' dir='ltr'><strong>cuntur</strong></span> <span class='ocrx_word' id='word_1_463' title='bbox 698 3801 766 3860; x_wconf 89' lang='lat' dir='ltr'><strong>de</strong></span> <span class='ocrx_word' id='word_1_464' title='bbox 791 3803 1065 3877; x_wconf 89' lang='lat' dir='ltr'><strong>baptismo</strong></span> <span class='ocrx_word' id='word_1_465' title='bbox 1094 3808 1488 3879; x_wconf 88' lang='lat' dir='ltr'><strong>apostolorum,</strong></span> <span class='ocrx_word' id='word_1_466' title='bbox 1519 3826 1645 3867; x_wconf 91' lang='lat' dir='ltr'><strong>cum</strong></span> <span class='ocrx_word' id='word_1_467' title='bbox 1677 3809 1746 3866; x_wconf 90' lang='lat' dir='ltr'><strong>iis</strong></span> <span class='ocrx_word' id='word_1_468' title='bbox 1789 3825 1908 3882; x_wconf 71' lang='lat' dir='ltr'><strong>qua:</strong></span> <span class='ocrx_word' id='word_1_469' title='bbox 1937 3810 1996 3866; x_wconf 90' lang='lat' dir='ltr'><strong>in</strong></span> <span class='ocrx_word' id='word_1_470' title='bbox 2023 3810 2315 3887; x_wconf 77' lang='lat' dir='ltr'><strong>Apologia</strong></span> <span class='ocrx_word' id='word_1_471' title='bbox 2336 3808 2514 3866; x_wconf 89' lang='lat' dir='ltr'><strong>David</strong></span> <span class='ocrx_word' id='word_1_472' title='bbox 2543 3824 2662 3881; x_wconf 90' lang='lat' dir='ltr'><strong>cap.</strong></span> <span class='ocrx_word' id='word_1_473' title='bbox 2708 3808 2762 3876; x_wconf 92' lang='lat'><strong>9,</strong></span> <span class='ocrx_word' id='word_1_474' title='bbox 2809 3823 2964 3862; x_wconf 88' lang='lat' dir='ltr'><strong>num.</strong></span> <span class='ocrx_word' id='word_1_475' title='bbox 3001 3805 3094 3872; x_wconf 82' lang='lat'><strong>50,</strong></span> <span class='ocrx_word' id='word_1_476' title='bbox 3136 3807 3312 3878; x_wconf 90' lang='lat' dir='ltr'><strong>legere</strong></span> <span class='ocrx_word' id='word_1_477' title='bbox 3369 3805 3522 3877; x_wconf 86' lang='lat' dir='ltr'><strong>licet,</strong></span> <span class='ocrx_word' id='word_1_478' title='bbox 3567 3813 3758 3878; x_wconf 87' lang='lat' dir='ltr'><strong>aperte</strong></span> 
     </span>
    </p>
   </div>
   <div class='ocr_carea' id='block_1_40' title="bbox 464 3898 3821 3961">
    <p class='ocr_par' dir='ltr' id='par_1_40' title="bbox 464 3898 3821 3961">
     <span class='ocr_line' id='line_1_40' title="bbox 464 3898 3821 3961; baseline 0.002 -17"><span class='ocrx_word' id='word_1_479' title='bbox 464 3898 730 3961; x_wconf 88' lang='lat' dir='ltr'><strong>pugnant.</strong></span> <span class='ocrx_word' id='word_1_480' title='bbox 3815 3903 3821 3908; x_wconf 86' lang='lat'>&#39;</span> 
     </span>
    </p>
   </div>
   <div class='ocr_carea' id='block_1_41' title="bbox 532 3978 3755 4061">
    <p class='ocr_par' dir='ltr' id='par_1_41' title="bbox 532 3978 3755 4061">
     <span class='ocr_line' id='line_1_41' title="bbox 532 3978 3755 4061; baseline 0.002 -26"><span class='ocrx_word' id='word_1_481' title='bbox 532 3978 940 4053; x_wconf 83' lang='lat' dir='ltr'><strong>Sexagesimum</strong></span> <span class='ocrx_word' id='word_1_482' title='bbox 964 3983 1204 4056; x_wconf 89' lang='lat' dir='ltr'><strong>primum</strong></span> <span class='ocrx_word' id='word_1_483' title='bbox 1245 3993 1438 4058; x_wconf 70' lang='lat' dir='ltr'><strong>praeter</strong></span> <span class='ocrx_word' id='word_1_484' title='bbox 1465 3987 1573 4043; x_wconf 90' lang='lat' dir='ltr'><strong>alia</strong></span> <span class='ocrx_word' id='word_1_485' title='bbox 1600 3987 1840 4043; x_wconf 90' lang='lat' dir='ltr'><strong>Maximo</strong></span> <span class='ocrx_word' id='word_1_486' title='bbox 1883 3987 1941 4044; x_wconf 91' lang='lat' dir='ltr'><strong>id</strong></span> <span class='ocrx_word' id='word_1_487' title='bbox 1969 3988 2133 4045; x_wconf 89' lang='lat' dir='ltr'><strong>etiam</strong></span> <span class='ocrx_word' id='word_1_488' title='bbox 2155 3987 2422 4057; x_wconf 91' lang='lat' dir='ltr'><strong>vindicat,</strong></span> <span class='ocrx_word' id='word_1_489' title='bbox 2462 3986 2608 4061; x_wconf 92' lang='lat' dir='ltr'><strong>quod</strong></span> <span class='ocrx_word' id='word_1_490' title='bbox 2639 4002 2739 4042; x_wconf 90' lang='lat' dir='ltr'><strong>nos</strong></span> <span class='ocrx_word' id='word_1_491' title='bbox 2784 3985 2853 4042; x_wconf 92' lang='lat' dir='ltr'><strong>ad</strong></span> <span class='ocrx_word' id='word_1_492' title='bbox 2892 4001 3200 4041; x_wconf 92' lang='lat' dir='ltr'><strong>sermonem</strong></span> <span class='ocrx_word' id='word_1_493' title='bbox 3234 3984 3755 4059; x_wconf 88' lang='lat' dir='ltr'><strong>quinquagesimum</strong></span> 
     </span>
    </p>
   </div>
   <div class='ocr_carea' id='block_1_42' title="bbox 459 4065 3756 4147">
    <p class='ocr_par' dir='ltr' id='par_1_42' title="bbox 459 4065 3756 4147">
     <span class='ocr_line' id='line_1_42' title="bbox 459 4065 3756 4147; baseline 0.003 -25"><span class='ocrx_word' id='word_1_494' title='bbox 459 4065 780 4136; x_wconf 85' lang='lat' dir='ltr'><strong>septimum,</strong></span> <span class='ocrx_word' id='word_1_495' title='bbox 815 4085 975 4142; x_wconf 91' lang='lat' dir='ltr'><strong>quem</strong></span> <span class='ocrx_word' id='word_1_496' title='bbox 1020 4071 1264 4143; x_wconf 87' lang='lat' dir='ltr'><strong>ejusdem</strong></span> <span class='ocrx_word' id='word_1_497' title='bbox 1315 4074 1562 4146; x_wconf 58' lang='lat' dir='ltr'><strong>praesulis</strong></span> <span class='ocrx_word' id='word_1_498' title='bbox 1591 4092 1706 4132; x_wconf 88' lang='lat' dir='ltr'><strong>esse</strong></span> <span class='ocrx_word' id='word_1_499' title='bbox 1753 4092 1918 4146; x_wconf 87' lang='lat' dir='ltr'><strong>supra</strong></span> <span class='ocrx_word' id='word_1_500' title='bbox 1945 4075 2214 4147; x_wconf 90' lang='lat' dir='ltr'><strong>diximus,</strong></span> <span class='ocrx_word' id='word_1_501' title='bbox 2247 4076 2470 4132; x_wconf 88' lang='lat' dir='ltr'><strong>videtur</strong></span> <span class='ocrx_word' id='word_1_502' title='bbox 2517 4076 2818 4132; x_wconf 89' lang='lat' dir='ltr'><strong>remittere.</strong></span> <span class='ocrx_word' id='word_1_503' title='bbox 2871 4074 3029 4142; x_wconf 89' lang='lat' dir='ltr'><strong>Quod</strong></span> <span class='ocrx_word' id='word_1_504' title='bbox 3059 4083 3241 4131; x_wconf 90' lang='lat' dir='ltr'><strong>autem</strong></span> <span class='ocrx_word' id='word_1_505' title='bbox 3270 4075 3337 4131; x_wconf 92' lang='lat' dir='ltr'><strong>de</strong></span> <span class='ocrx_word' id='word_1_506' title='bbox 3361 4074 3576 4147; x_wconf 91' lang='lat' dir='ltr'><strong>jejunio</strong></span> <span class='ocrx_word' id='word_1_507' title='bbox 3608 4075 3756 4131; x_wconf 89' lang='lat' dir='ltr'><strong>Sab-</strong></span> 
     </span>
    </p>
   </div>
   <div class='ocr_carea' id='block_1_43' title="bbox 459 4152 3744 4239">
    <p class='ocr_par' dir='ltr' id='par_1_43' title="bbox 459 4152 3744 4239">
     <span class='ocr_line' id='line_1_43' title="bbox 459 4152 3744 4239; baseline 0.003 -31"><span class='ocrx_word' id='word_1_508' title='bbox 459 4152 573 4209; x_wconf 91' lang='lat' dir='ltr'><strong>bati</strong></span> <span class='ocrx_word' id='word_1_509' title='bbox 611 4163 736 4212; x_wconf 89' lang='lat' dir='ltr'><strong>ante</strong></span> <span class='ocrx_word' id='word_1_510' title='bbox 765 4157 1121 4216; x_wconf 90' lang='lat' dir='ltr'><strong>Pentecosten</strong></span> <span class='ocrx_word' id='word_1_511' title='bbox 1150 4161 1241 4217; x_wconf 92' lang='lat' dir='ltr'><strong>hic</strong></span> <span class='ocrx_word' id='word_1_512' title='bbox 1273 4171 1626 4232; x_wconf 88' lang='lat' dir='ltr'><strong>memoratur,</strong></span> <span class='ocrx_word' id='word_1_513' title='bbox 1661 4164 1731 4219; x_wconf 91' lang='lat' dir='ltr'><strong>iis</strong></span> <span class='ocrx_word' id='word_1_514' title='bbox 1761 4181 1872 4220; x_wconf 86' lang='lat' dir='ltr'><strong>non</strong></span> <span class='ocrx_word' id='word_1_515' title='bbox 1901 4166 2176 4239; x_wconf 77' lang='lat' dir='ltr'><strong>congruit,</strong></span> <span class='ocrx_word' id='word_1_516' title='bbox 2231 4182 2352 4239; x_wconf 60' lang='lat' dir='ltr'><strong>qua;</strong></span> <span class='ocrx_word' id='word_1_517' title='bbox 2396 4164 2453 4219; x_wconf 92' lang='lat' dir='ltr'><strong>in</strong></span> <span class='ocrx_word' id='word_1_518' title='bbox 2478 4163 2817 4234; x_wconf 86' lang='lat' dir='ltr'><strong>sexagesimo</strong></span> <span class='ocrx_word' id='word_1_519' title='bbox 2846 4162 3035 4219; x_wconf 92' lang='lat' dir='ltr'><strong>eadem</strong></span> <span class='ocrx_word' id='word_1_520' title='bbox 3063 4162 3130 4218; x_wconf 93' lang='lat' dir='ltr'><strong>de</strong></span> <span class='ocrx_word' id='word_1_521' title='bbox 3159 4179 3216 4218; x_wconf 87' lang='lat' dir='ltr'><strong>re</strong></span> <span class='ocrx_word' id='word_1_522' title='bbox 3245 4162 3448 4219; x_wconf 87' lang='lat' dir='ltr'><strong>tradita</strong></span> <span class='ocrx_word' id='word_1_523' title='bbox 3474 4164 3699 4219; x_wconf 90' lang='lat' dir='ltr'><strong>fuerunt</strong></span> <span class='ocrx_word' id='word_1_524' title='bbox 3731 4178 3744 4217; x_wconf 90' lang='lat'><strong>:</strong></span> 
     </span>
    </p>
   </div>
   <div class='ocr_carea' id='block_1_44' title="bbox 460 4243 3759 4326">
    <p class='ocr_par' dir='ltr' id='par_1_44' title="bbox 460 4243 3759 4326">
     <span class='ocr_line' id='line_1_44' title="bbox 460 4243 3759 4326; baseline 0.002 -27"><span class='ocrx_word' id='word_1_525' title='bbox 460 4243 799 4320; x_wconf 89' lang='lat' dir='ltr'><strong>proindeque</strong></span> <span class='ocrx_word' id='word_1_526' title='bbox 829 4247 1074 4306; x_wconf 91' lang='lat' dir='ltr'><strong>incidere</strong></span> <span class='ocrx_word' id='word_1_527' title='bbox 1110 4257 1288 4322; x_wconf 88' lang='lat' dir='ltr'><strong>potest</strong></span> <span class='ocrx_word' id='word_1_528' title='bbox 1315 4251 1498 4324; x_wconf 91' lang='lat' dir='ltr'><strong>aliqua</strong></span> <span class='ocrx_word' id='word_1_529' title='bbox 1527 4251 1821 4322; x_wconf 87' lang='lat' dir='ltr'><strong>dubitatio,</strong></span> <span class='ocrx_word' id='word_1_530' title='bbox 1862 4271 1996 4311; x_wconf 89' lang='lat' dir='ltr'><strong>num</strong></span> <span class='ocrx_word' id='word_1_531' title='bbox 2027 4256 2166 4326; x_wconf 86' lang='lat' dir='ltr'><strong>forte</strong></span> <span class='ocrx_word' id='word_1_532' title='bbox 2194 4255 2262 4311; x_wconf 92' lang='lat' dir='ltr'><strong>ad</strong></span> <span class='ocrx_word' id='word_1_533' title='bbox 2291 4261 2569 4310; x_wconf 84' lang='lat' dir='ltr'><strong>auctorem</strong></span> <span class='ocrx_word' id='word_1_534' title='bbox 2597 4252 2670 4309; x_wconf 91' lang='lat' dir='ltr'><strong>sit</strong></span> <span class='ocrx_word' id='word_1_535' title='bbox 2709 4251 3028 4308; x_wconf 89' lang='lat' dir='ltr'><strong>referendus</strong></span> <span class='ocrx_word' id='word_1_536' title='bbox 3055 4251 3246 4308; x_wconf 88' lang='lat' dir='ltr'><strong>eodem</strong></span> <span class='ocrx_word' id='word_1_537' title='bbox 3279 4251 3524 4309; x_wconf 87' lang='lat' dir='ltr'><strong>Maximo</strong></span> <span class='ocrx_word' id='word_1_538' title='bbox 3553 4267 3759 4310; x_wconf 82' lang='lat' dir='ltr'><strong>recen-</strong></span> 
     </span>
    </p>
   </div>
   <div class='ocr_carea' id='block_1_45' title="bbox 460 4333 686 4391">
    <p class='ocr_par' dir='ltr' id='par_1_45' title="bbox 460 4333 686 4391">
     <span class='ocr_line' id='line_1_45' title="bbox 460 4333 686 4391; baseline 0.004 -1"><span class='ocrx_word' id='word_1_539' title='bbox 460 4333 658 4390; x_wconf 89' lang='lat' dir='ltr'><strong>tiorem</strong></span> <span class='ocrx_word' id='word_1_540' title='bbox 674 4378 686 4391; x_wconf 92' lang='lat'><strong>.</strong></span> 
     </span>
    </p>
   </div>
   <div class='ocr_carea' id='block_1_46' title="bbox 527 4423 3760 4506">
    <p class='ocr_par' dir='ltr' id='par_1_46' title="bbox 527 4423 3760 4506">
     <span class='ocr_line' id='line_1_46' title="bbox 527 4423 3760 4506; baseline 0 -25"><span class='ocrx_word' id='word_1_541' title='bbox 527 4423 719 4482; x_wconf 83' lang='lat' dir='ltr'><strong>Sermo</strong></span> <span class='ocrx_word' id='word_1_542' title='bbox 745 4427 1115 4500; x_wconf 88' lang='lat' dir='ltr'><strong>sexagesimus</strong></span> <span class='ocrx_word' id='word_1_543' title='bbox 1144 4437 1369 4503; x_wconf 88' lang='lat' dir='ltr'><strong>quartus</strong></span> <span class='ocrx_word' id='word_1_544' title='bbox 1396 4429 1538 4486; x_wconf 91' lang='lat' dir='ltr'><strong>nihil</strong></span> <span class='ocrx_word' id='word_1_545' title='bbox 1558 4430 1710 4487; x_wconf 89' lang='lat' dir='ltr'><strong>aliud</strong></span> <span class='ocrx_word' id='word_1_546' title='bbox 1739 4439 1838 4501; x_wconf 88' lang='lat' dir='ltr'><strong>est,</strong></span> <span class='ocrx_word' id='word_1_547' title='bbox 1885 4449 2050 4506; x_wconf 89' lang='lat' dir='ltr'><strong>quam</strong></span> <span class='ocrx_word' id='word_1_548' title='bbox 2105 4430 2295 4490; x_wconf 90' lang='lat' dir='ltr'><strong>Basilii</strong></span> <span class='ocrx_word' id='word_1_549' title='bbox 2342 4427 2562 4484; x_wconf 88' lang='lat' dir='ltr'><strong>homilia</strong></span> <span class='ocrx_word' id='word_1_550' title='bbox 2601 4427 2661 4482; x_wconf 84' lang='lat' dir='ltr'><strong>in</strong></span> <span class='ocrx_word' id='word_1_551' title='bbox 2703 4428 2899 4484; x_wconf 84' lang='lat' dir='ltr'><strong>dictum</strong></span> <span class='ocrx_word' id='word_1_552' title='bbox 2943 4427 3082 4482; x_wconf 84' lang='lat' dir='ltr'><strong>illud</strong></span> <span class='ocrx_word' id='word_1_553' title='bbox 3128 4445 3193 4482; x_wconf 75' lang='lat' dir='ltr'><strong>ea:</strong></span> <span class='ocrx_word' id='word_1_554' title='bbox 3243 4426 3534 4499; x_wconf 86' lang='lat' dir='ltr'><strong>Evangelia</strong></span> <span class='ocrx_word' id='word_1_555' title='bbox 3580 4444 3760 4482; x_wconf 86' lang='lat' dir='ltr'><strong>secun-</strong></span> 
     </span>
    </p>
   </div>
   <div class='ocr_carea' id='block_1_47' title="bbox 455 4513 3759 4591">
    <p class='ocr_par' dir='ltr' id='par_1_47' title="bbox 455 4513 3759 4591">
     <span class='ocr_line' id='line_1_47' title="bbox 455 4513 3759 4591; baseline 0.001 -22"><span class='ocrx_word' id='word_1_556' title='bbox 455 4514 582 4570; x_wconf 84' lang='lat' dir='ltr'><strong>dum</strong></span> <span class='ocrx_word' id='word_1_557' title='bbox 614 4517 812 4573; x_wconf 87' lang='lat' dir='ltr'><strong>Lucam</strong></span> <span class='ocrx_word' id='word_1_558' title='bbox 844 4535 857 4574; x_wconf 92' lang='lat'><em>:</em></span> <span class='ocrx_word' id='word_1_559' title='bbox 890 4522 1171 4576; x_wconf 86' lang='lat' dir='ltr'><strong>Destruam</strong></span> <span class='ocrx_word' id='word_1_560' title='bbox 1199 4522 1391 4576; x_wconf 79' lang='lat' dir='ltr'><strong>horrea</strong></span> <span class='ocrx_word' id='word_1_561' title='bbox 1420 4538 1554 4590; x_wconf 88' lang='lat' dir='ltr'><strong>mea,</strong></span> <span class='ocrx_word' id='word_1_562' title='bbox 1595 4529 1727 4589; x_wconf 90' lang='lat' dir='ltr'><strong>etc.,</strong></span> <span class='ocrx_word' id='word_1_563' title='bbox 1758 4525 2044 4580; x_wconf 89' lang='lat' dir='ltr'><strong>nonnullis</strong></span> <span class='ocrx_word' id='word_1_564' title='bbox 2092 4531 2276 4580; x_wconf 90' lang='lat' dir='ltr'><strong>tamen</strong></span> <span class='ocrx_word' id='word_1_565' title='bbox 2307 4517 2507 4591; x_wconf 89' lang='lat' dir='ltr'><strong>partim</strong></span> <span class='ocrx_word' id='word_1_566' title='bbox 2547 4515 2773 4584; x_wconf 91' lang='lat' dir='ltr'><strong>additis,</strong></span> <span class='ocrx_word' id='word_1_567' title='bbox 2809 4515 3009 4588; x_wconf 90' lang='lat' dir='ltr'><strong>partim</strong></span> <span class='ocrx_word' id='word_1_568' title='bbox 3041 4516 3251 4572; x_wconf 86' lang='lat' dir='ltr'><strong>recisis.</strong></span> <span class='ocrx_word' id='word_1_569' title='bbox 3284 4516 3492 4572; x_wconf 89' lang='lat' dir='ltr'><strong>Eadem</strong></span> <span class='ocrx_word' id='word_1_570' title='bbox 3523 4513 3759 4571; x_wconf 89' lang='lat' dir='ltr'><strong>homilia</strong></span> 
     </span>
    </p>
   </div>
   <div class='ocr_carea' id='block_1_48' title="bbox 454 4603 3759 4679">
    <p class='ocr_par' dir='ltr' id='par_1_48' title="bbox 454 4603 3759 4679">
     <span class='ocr_line' id='line_1_48' title="bbox 454 4603 3759 4679; baseline 0.001 -19"><span class='ocrx_word' id='word_1_571' title='bbox 454 4603 733 4661; x_wconf 88' lang='lat' dir='ltr'><strong>Basiliana</strong></span> <span class='ocrx_word' id='word_1_572' title='bbox 753 4605 1111 4664; x_wconf 84' lang='lat' dir='ltr'><strong>Ambrosium</strong></span> <span class='ocrx_word' id='word_1_573' title='bbox 1142 4608 1200 4664; x_wconf 92' lang='lat' dir='ltr'><strong>in</strong></span> <span class='ocrx_word' id='word_1_574' title='bbox 1230 4608 1371 4665; x_wconf 89' lang='lat' dir='ltr'><strong>libro</strong></span> <span class='ocrx_word' id='word_1_575' title='bbox 1401 4611 1461 4665; x_wconf 90' lang='lat' dir='ltr'><strong>de</strong></span> <span class='ocrx_word' id='word_1_576' title='bbox 1487 4611 1726 4668; x_wconf 76' lang='lat' dir='ltr'><strong>Nabuthe</strong></span> <span class='ocrx_word' id='word_1_577' title='bbox 1755 4628 1916 4667; x_wconf 89' lang='lat' dir='ltr'><strong>usum</strong></span> <span class='ocrx_word' id='word_1_578' title='bbox 1947 4611 2226 4679; x_wconf 81' lang='lat' dir='ltr'><strong>vidimus;</strong></span> <span class='ocrx_word' id='word_1_579' title='bbox 2269 4625 2381 4666; x_wconf 91' lang='lat' dir='ltr'><strong>non</strong></span> <span class='ocrx_word' id='word_1_580' title='bbox 2413 4617 2598 4664; x_wconf 89' lang='lat' dir='ltr'><strong>tamen</strong></span> <span class='ocrx_word' id='word_1_581' title='bbox 2636 4623 2706 4663; x_wconf 92' lang='lat' dir='ltr'><strong>ex</strong></span> <span class='ocrx_word' id='word_1_582' title='bbox 2752 4606 2858 4663; x_wconf 89' lang='lat' dir='ltr'><strong>hoc</strong></span> <span class='ocrx_word' id='word_1_583' title='bbox 2886 4606 3092 4663; x_wconf 88' lang='lat' dir='ltr'><strong>inferre</strong></span> <span class='ocrx_word' id='word_1_584' title='bbox 3123 4607 3252 4663; x_wconf 90' lang='lat' dir='ltr'><strong>licet</strong></span> <span class='ocrx_word' id='word_1_585' title='bbox 3283 4614 3562 4664; x_wconf 89' lang='lat' dir='ltr'><strong>auctorem</strong></span> <span class='ocrx_word' id='word_1_586' title='bbox 3603 4623 3759 4679; x_wconf 91' lang='lat' dir='ltr'><strong>quo—</strong></span> 
     </span>
    </p>
   </div>
   <div class='ocr_carea' id='block_1_49' title="bbox 454 4693 3756 4770">
    <p class='ocr_par' dir='ltr' id='par_1_49' title="bbox 454 4693 3756 4770">
     <span class='ocr_line' id='line_1_49' title="bbox 454 4693 3756 4770; baseline 0.001 -22"><span class='ocrx_word' id='word_1_587' title='bbox 454 4709 559 4766; x_wconf 83' lang='lat' dir='ltr'><strong>que</strong></span> <span class='ocrx_word' id='word_1_588' title='bbox 588 4693 754 4767; x_wconf 87' lang='lat' dir='ltr'><strong>hujus</strong></span> <span class='ocrx_word' id='word_1_589' title='bbox 795 4697 1063 4754; x_wconf 89' lang='lat' dir='ltr'><strong>sermonis</strong></span> <span class='ocrx_word' id='word_1_590' title='bbox 1091 4698 1446 4756; x_wconf 86' lang='lat' dir='ltr'><strong>Ambrosium</strong></span> <span class='ocrx_word' id='word_1_591' title='bbox 1475 4716 1610 4758; x_wconf 88' lang='lat' dir='ltr'><strong>esse.</strong></span> <span class='ocrx_word' id='word_1_592' title='bbox 1643 4702 1903 4770; x_wconf 89' lang='lat' dir='ltr'><strong>Quinimo</strong></span> <span class='ocrx_word' id='word_1_593' title='bbox 1949 4703 1994 4760; x_wconf 93' lang='lat' dir='ltr'><strong>si</strong></span> <span class='ocrx_word' id='word_1_594' title='bbox 2044 4700 2445 4758; x_wconf 89' lang='lat' dir='ltr'><strong>contendantur</strong></span> <span class='ocrx_word' id='word_1_595' title='bbox 2482 4715 2608 4755; x_wconf 89' lang='lat' dir='ltr'><strong>cum</strong></span> <span class='ocrx_word' id='word_1_596' title='bbox 2649 4696 2754 4752; x_wconf 91' lang='lat' dir='ltr'><strong>hoc</strong></span> <span class='ocrx_word' id='word_1_597' title='bbox 2794 4713 3045 4752; x_wconf 91' lang='lat' dir='ltr'><strong>sermone</strong></span> <span class='ocrx_word' id='word_1_598' title='bbox 3092 4713 3214 4769; x_wconf 60' lang='lat' dir='ltr'><strong>quae</strong></span> <span class='ocrx_word' id='word_1_599' title='bbox 3262 4697 3323 4752; x_wconf 89' lang='lat' dir='ltr'><strong>in</strong></span> <span class='ocrx_word' id='word_1_600' title='bbox 3372 4697 3563 4753; x_wconf 92' lang='lat' dir='ltr'><strong>eodem</strong></span> <span class='ocrx_word' id='word_1_601' title='bbox 3609 4695 3756 4752; x_wconf 92' lang='lat' dir='ltr'><strong>libro</strong></span> 
     </span>
    </p>
   </div>
   <div class='ocr_carea' id='block_1_50' title="bbox 452 4785 3756 4866">
    <p class='ocr_par' dir='ltr' id='par_1_50' title="bbox 452 4785 3756 4866">
     <span class='ocr_line' id='line_1_50' title="bbox 452 4785 3756 4866; baseline 0.001 -25"><span class='ocrx_word' id='word_1_602' title='bbox 452 4801 522 4841; x_wconf 89' lang='lat' dir='ltr'><strong>ex</strong></span> <span class='ocrx_word' id='word_1_603' title='bbox 553 4785 651 4842; x_wconf 91' lang='lat' dir='ltr'><strong>illa</strong></span> <span class='ocrx_word' id='word_1_604' title='bbox 680 4785 913 4846; x_wconf 89' lang='lat' dir='ltr'><strong>homilia</strong></span> <span class='ocrx_word' id='word_1_605' title='bbox 943 4790 1193 4848; x_wconf 87' lang='lat' dir='ltr'><strong>imitatus</strong></span> <span class='ocrx_word' id='word_1_606' title='bbox 1242 4801 1324 4850; x_wconf 91' lang='lat' dir='ltr'><strong>est</strong></span> <span class='ocrx_word' id='word_1_607' title='bbox 1365 4799 1589 4848; x_wconf 89' lang='lat' dir='ltr'><strong>sanctus</strong></span> <span class='ocrx_word' id='word_1_608' title='bbox 1614 4793 1959 4864; x_wconf 83' lang='lat' dir='ltr'><strong>Ambrosius,</strong></span> <span class='ocrx_word' id='word_1_609' title='bbox 1991 4795 2142 4851; x_wconf 88' lang='lat' dir='ltr'><strong>illico</strong></span> <span class='ocrx_word' id='word_1_610' title='bbox 2193 4798 2554 4866; x_wconf 86' lang='lat' dir='ltr'><strong>cognoscetur</strong></span> <span class='ocrx_word' id='word_1_611' title='bbox 2597 4790 2887 4845; x_wconf 90' lang='lat' dir='ltr'><strong>Doctorem</strong></span> <span class='ocrx_word' id='word_1_612' title='bbox 2921 4797 3172 4844; x_wconf 89' lang='lat' dir='ltr'><strong>nostrum</strong></span> <span class='ocrx_word' id='word_1_613' title='bbox 3205 4787 3400 4844; x_wconf 90' lang='lat' dir='ltr'><strong>Basilii</strong></span> <span class='ocrx_word' id='word_1_614' title='bbox 3447 4787 3756 4844; x_wconf 88' lang='lat' dir='ltr'><strong>sententias</strong></span> 
     </span>
    </p>
   </div>
   <div class='ocr_carea' id='block_1_51' title="bbox 452 4875 3755 4955">
    <p class='ocr_par' dir='ltr' id='par_1_51' title="bbox 452 4875 3755 4955">
     <span class='ocr_line' id='line_1_51' title="bbox 452 4875 3755 4955; baseline 0 -25"><span class='ocrx_word' id='word_1_615' title='bbox 452 4875 628 4932; x_wconf 89' lang='lat' dir='ltr'><strong>multo</strong></span> <span class='ocrx_word' id='word_1_616' title='bbox 660 4877 920 4935; x_wconf 89' lang='lat' dir='ltr'><strong>nobiliori</strong></span> <span class='ocrx_word' id='word_1_617' title='bbox 948 4880 1161 4938; x_wconf 90' lang='lat' dir='ltr'><strong>ratione</strong></span> <span class='ocrx_word' id='word_1_618' title='bbox 1200 4897 1316 4937; x_wconf 90' lang='lat' dir='ltr'><strong>esse</strong></span> <span class='ocrx_word' id='word_1_619' title='bbox 1344 4881 1791 4954; x_wconf 89' lang='lat' dir='ltr'><strong>interpretatum,</strong></span> <span class='ocrx_word' id='word_1_620' title='bbox 1843 4899 2006 4955; x_wconf 89' lang='lat' dir='ltr'><strong>quam</strong></span> <span class='ocrx_word' id='word_1_621' title='bbox 2036 4883 2352 4938; x_wconf 90' lang='lat' dir='ltr'><strong>tralatorem</strong></span> <span class='ocrx_word' id='word_1_622' title='bbox 2382 4877 2549 4949; x_wconf 88' lang='lat' dir='ltr'><strong>hujus</strong></span> <span class='ocrx_word' id='word_1_623' title='bbox 2591 4876 2861 4932; x_wconf 86' lang='lat' dir='ltr'><strong>sermonis</strong></span> <span class='ocrx_word' id='word_1_624' title='bbox 2895 4878 3096 4949; x_wconf 90' lang='lat' dir='ltr'><strong>quippe</strong></span> <span class='ocrx_word' id='word_1_625' title='bbox 3143 4876 3238 4949; x_wconf 91' lang='lat' dir='ltr'><strong>qui</strong></span> <span class='ocrx_word' id='word_1_626' title='bbox 3283 4877 3450 4933; x_wconf 89' lang='lat' dir='ltr'><strong>verba</strong></span> <span class='ocrx_word' id='word_1_627' title='bbox 3499 4893 3568 4931; x_wconf 85' lang='lat' dir='ltr'><strong>ex</strong></span> <span class='ocrx_word' id='word_1_628' title='bbox 3613 4891 3755 4931; x_wconf 86' lang='lat' dir='ltr'><strong>ver—</strong></span> 
     </span>
    </p>
   </div>
   <div class='ocr_carea' id='block_1_52' title="bbox 451 4963 3752 5045">
    <p class='ocr_par' dir='ltr' id='par_1_52' title="bbox 451 4963 3752 5045">
     <span class='ocr_line' id='line_1_52' title="bbox 451 4963 3752 5045; baseline 0 -23"><span class='ocrx_word' id='word_1_629' title='bbox 451 4963 538 5022; x_wconf 89' lang='lat' dir='ltr'><strong>bis</strong></span> <span class='ocrx_word' id='word_1_630' title='bbox 569 4966 847 5024; x_wconf 87' lang='lat' dir='ltr'><strong>serviliter</strong></span> <span class='ocrx_word' id='word_1_631' title='bbox 875 4968 1131 5041; x_wconf 89' lang='lat' dir='ltr'><strong>reddens,</strong></span> <span class='ocrx_word' id='word_1_632' title='bbox 1163 4978 1278 5027; x_wconf 89' lang='lat' dir='ltr'><strong>tota</strong></span> <span class='ocrx_word' id='word_1_633' title='bbox 1306 4971 1638 5042; x_wconf 90' lang='lat' dir='ltr'><strong>elocutione,</strong></span> <span class='ocrx_word' id='word_1_634' title='bbox 1688 4988 1752 5028; x_wconf 91' lang='lat' dir='ltr'><strong>ac</strong></span> <span class='ocrx_word' id='word_1_635' title='bbox 1802 4973 2150 5045; x_wconf 90' lang='lat' dir='ltr'><strong>potissimum</strong></span> <span class='ocrx_word' id='word_1_636' title='bbox 2199 4971 2256 5028; x_wconf 90' lang='lat' dir='ltr'><strong>in</strong></span> <span class='ocrx_word' id='word_1_637' title='bbox 2285 4970 2354 5027; x_wconf 89' lang='lat' dir='ltr'><strong>iis</strong></span> <span class='ocrx_word' id='word_1_638' title='bbox 2382 4967 2618 5036; x_wconf 88' lang='lat' dir='ltr'><strong>laciniis,</strong></span> <span class='ocrx_word' id='word_1_639' title='bbox 2672 4983 2806 5039; x_wconf 87' lang='lat' dir='ltr'><strong>quas</strong></span> <span class='ocrx_word' id='word_1_640' title='bbox 2842 4967 3144 5024; x_wconf 89' lang='lat' dir='ltr'><strong>identidem</strong></span> <span class='ocrx_word' id='word_1_641' title='bbox 3174 4967 3242 5024; x_wconf 92' lang='lat' dir='ltr'><strong>de</strong></span> <span class='ocrx_word' id='word_1_642' title='bbox 3273 4984 3373 5025; x_wconf 93' lang='lat' dir='ltr'><strong>suo</strong></span> <span class='ocrx_word' id='word_1_643' title='bbox 3402 4965 3646 5024; x_wconf 83' lang='lat' dir='ltr'><strong>intexuit</strong></span> <span class='ocrx_word' id='word_1_644' title='bbox 3684 4967 3752 5024; x_wconf 91' lang='lat' dir='ltr'><strong>ab</strong></span> 
     </span>
    </p>
   </div>
   <div class='ocr_carea' id='block_1_53' title="bbox 449 5053 1488 5133">
    <p class='ocr_par' dir='ltr' id='par_1_53' title="bbox 449 5053 1488 5133">
     <span class='ocr_line' id='line_1_53' title="bbox 449 5053 1488 5133; baseline 0.01 -26"><span class='ocrx_word' id='word_1_645' title='bbox 449 5053 746 5110; x_wconf 86' lang='lat' dir='ltr'><strong>Ambrosio</strong></span> <span class='ocrx_word' id='word_1_646' title='bbox 771 5055 923 5114; x_wconf 91' lang='lat' dir='ltr'><strong>abest</strong></span> <span class='ocrx_word' id='word_1_647' title='bbox 953 5075 1121 5131; x_wconf 88' lang='lat' dir='ltr'><strong>quam</strong></span> <span class='ocrx_word' id='word_1_648' title='bbox 1151 5060 1488 5133; x_wconf 89' lang='lat' dir='ltr'><strong>longissime.</strong></span> 
     </span>
    </p>
   </div>
   <div class='ocr_carea' id='block_1_54' title="bbox 521 5142 3752 5225">
    <p class='ocr_par' dir='ltr' id='par_1_54' title="bbox 521 5142 3752 5225">
     <span class='ocr_line' id='line_1_54' title="bbox 521 5142 3752 5225; baseline 0.002 -27"><span class='ocrx_word' id='word_1_649' title='bbox 521 5142 934 5216; x_wconf 87' lang='lat' dir='ltr'><strong>Sexagesimum</strong></span> <span class='ocrx_word' id='word_1_650' title='bbox 969 5157 1209 5218; x_wconf 87' lang='lat' dir='ltr'><strong>sextum,</strong></span> <span class='ocrx_word' id='word_1_651' title='bbox 1251 5151 1346 5223; x_wconf 91' lang='lat' dir='ltr'><strong>qui</strong></span> <span class='ocrx_word' id='word_1_652' title='bbox 1394 5151 1585 5208; x_wconf 90' lang='lat' dir='ltr'><strong>eodem</strong></span> <span class='ocrx_word' id='word_1_653' title='bbox 1638 5167 1868 5208; x_wconf 90' lang='lat' dir='ltr'><strong>numero</strong></span> <span class='ocrx_word' id='word_1_654' title='bbox 1897 5149 1955 5206; x_wconf 86' lang='lat' dir='ltr'><strong>in</strong></span> <span class='ocrx_word' id='word_1_655' title='bbox 1987 5150 2302 5225; x_wconf 83' lang='lat' dir='ltr'><strong>Appendice</strong></span> <span class='ocrx_word' id='word_1_656' title='bbox 2345 5152 2877 5225; x_wconf 90' lang='lat' dir='ltr'><strong>Augustinianorum</strong></span> <span class='ocrx_word' id='word_1_657' title='bbox 2907 5163 3229 5206; x_wconf 83' lang='lat' dir='ltr'><strong>sermonum</strong></span> <span class='ocrx_word' id='word_1_658' title='bbox 3255 5153 3455 5215; x_wconf 89' lang='lat' dir='ltr'><strong>exstat,</strong></span> <span class='ocrx_word' id='word_1_659' title='bbox 3488 5145 3752 5218; x_wconf 87' lang='lat' dir='ltr'><strong>opinatur</strong></span> 
     </span>
    </p>
   </div>
   <div class='ocr_carea' id='block_1_55' title="bbox 448 5233 3752 5316">
    <p class='ocr_par' dir='ltr' id='par_1_55' title="bbox 448 5233 3752 5316">
     <span class='ocr_line' id='line_1_55' title="bbox 448 5233 3752 5316; baseline 0.001 -25"><span class='ocrx_word' id='word_1_660' title='bbox 448 5233 905 5293; x_wconf 76' lang='lat' dir='ltr'><strong>Mabilloniusad</strong></span> <span class='ocrx_word' id='word_1_661' title='bbox 935 5238 1314 5306; x_wconf 90' lang='lat' dir='ltr'><strong>undecimum,</strong></span> <span class='ocrx_word' id='word_1_662' title='bbox 1346 5241 1438 5315; x_wconf 90' lang='lat' dir='ltr'><strong>qui</strong></span> <span class='ocrx_word' id='word_1_663' title='bbox 1486 5241 1553 5297; x_wconf 91' lang='lat' dir='ltr'><strong>ab</strong></span> <span class='ocrx_word' id='word_1_664' title='bbox 1596 5241 1715 5315; x_wconf 92' lang='lat' dir='ltr'><strong>ipso</strong></span> <span class='ocrx_word' id='word_1_665' title='bbox 1745 5250 2006 5316; x_wconf 89' lang='lat' dir='ltr'><strong>tanquam</strong></span> <span class='ocrx_word' id='word_1_666' title='bbox 2037 5241 2266 5299; x_wconf 88' lang='lat' dir='ltr'><strong>Maximi</strong></span> <span class='ocrx_word' id='word_1_667' title='bbox 2305 5243 2485 5299; x_wconf 89' lang='lat' dir='ltr'><strong>editus</strong></span> <span class='ocrx_word' id='word_1_668' title='bbox 2531 5242 2660 5311; x_wconf 90' lang='lat' dir='ltr'><strong>fuit,</strong></span> <span class='ocrx_word' id='word_1_669' title='bbox 2709 5239 2903 5298; x_wconf 85' lang='lat' dir='ltr'><strong>referri</strong></span> <span class='ocrx_word' id='word_1_670' title='bbox 2958 5253 3136 5311; x_wconf 88' lang='lat' dir='ltr'><strong>posse.</strong></span> <span class='ocrx_word' id='word_1_671' title='bbox 3165 5237 3560 5295; x_wconf 84' lang='lat' dir='ltr'><strong>Verumtamen</strong></span> <span class='ocrx_word' id='word_1_672' title='bbox 3594 5235 3752 5292; x_wconf 90' lang='lat' dir='ltr'><strong>illius</strong></span> 
     </span>
    </p>
   </div>
   <div class='ocr_carea' id='block_1_56' title="bbox 449 5326 3749 5404">
    <p class='ocr_par' dir='ltr' id='par_1_56' title="bbox 449 5326 3749 5404">
     <span class='ocr_line' id='line_1_56' title="bbox 449 5326 3749 5404; baseline 0.001 -24"><span class='ocrx_word' id='word_1_673' title='bbox 449 5326 646 5397; x_wconf 89' lang='lat' dir='ltr'><strong>stylus,</strong></span> <span class='ocrx_word' id='word_1_674' title='bbox 672 5334 862 5384; x_wconf 91' lang='lat' dir='ltr'><strong>nostro</strong></span> <span class='ocrx_word' id='word_1_675' title='bbox 893 5327 1117 5402; x_wconf 88' lang='lat' dir='ltr'><strong>quidem</strong></span> <span class='ocrx_word' id='word_1_676' title='bbox 1138 5328 1373 5401; x_wconf 90' lang='lat' dir='ltr'><strong>judicio,</strong></span> <span class='ocrx_word' id='word_1_677' title='bbox 1409 5331 1476 5387; x_wconf 89' lang='lat' dir='ltr'><strong>ab</strong></span> <span class='ocrx_word' id='word_1_678' title='bbox 1505 5331 1670 5404; x_wconf 91' lang='lat' dir='ltr'><strong>hujus</strong></span> <span class='ocrx_word' id='word_1_679' title='bbox 1707 5333 1885 5389; x_wconf 89' lang='lat' dir='ltr'><strong>Patris</strong></span> <span class='ocrx_word' id='word_1_680' title='bbox 1931 5331 2209 5390; x_wconf 89' lang='lat' dir='ltr'><strong>scribendi</strong></span> <span class='ocrx_word' id='word_1_681' title='bbox 2263 5332 2428 5389; x_wconf 91' lang='lat' dir='ltr'><strong>modo</strong></span> <span class='ocrx_word' id='word_1_682' title='bbox 2470 5339 2684 5390; x_wconf 89' lang='lat' dir='ltr'><strong>tantum</strong></span> <span class='ocrx_word' id='word_1_683' title='bbox 2716 5330 3008 5402; x_wconf 87' lang='lat' dir='ltr'><strong>discrepat,</strong></span> <span class='ocrx_word' id='word_1_684' title='bbox 3057 5335 3120 5384; x_wconf 90' lang='lat' dir='ltr'><strong>ut</strong></span> <span class='ocrx_word' id='word_1_685' title='bbox 3149 5326 3406 5384; x_wconf 90' lang='lat' dir='ltr'><strong>eumdem</strong></span> <span class='ocrx_word' id='word_1_686' title='bbox 3435 5342 3749 5384; x_wconf 87' lang='lat' dir='ltr'><strong>sermonem</strong></span> 
     </span>
    </p>
   </div>
   <div class='ocr_carea' id='block_1_57' title="bbox 446 5417 1983 5497">
    <p class='ocr_par' dir='ltr' id='par_1_57' title="bbox 446 5417 1983 5497">
     <span class='ocr_line' id='line_1_57' title="bbox 446 5417 1983 5497; baseline 0.008 -27"><span class='ocrx_word' id='word_1_687' title='bbox 446 5417 658 5474; x_wconf 89' lang='lat' dir='ltr'><strong>auctori</strong></span> <span class='ocrx_word' id='word_1_688' title='bbox 685 5419 927 5494; x_wconf 90' lang='lat' dir='ltr'><strong>cuipiam</strong></span> <span class='ocrx_word' id='word_1_689' title='bbox 952 5421 1241 5494; x_wconf 88' lang='lat' dir='ltr'><strong>posteriori</strong></span> <span class='ocrx_word' id='word_1_690' title='bbox 1278 5423 1559 5480; x_wconf 89' lang='lat' dir='ltr'><strong>lubentius</strong></span> <span class='ocrx_word' id='word_1_691' title='bbox 1587 5424 1983 5497; x_wconf 89' lang='lat' dir='ltr'><strong>adjudicemus.</strong></span> 
     </span>
    </p>
   </div>
   <div class='ocr_carea' id='block_1_58' title="bbox 517 5504 3746 5585">
    <p class='ocr_par' dir='ltr' id='par_1_58' title="bbox 517 5504 3746 5585">
     <span class='ocr_line' id='line_1_58' title="bbox 517 5504 3746 5585; baseline 0.001 -24"><span class='ocrx_word' id='word_1_692' title='bbox 517 5505 876 5567; x_wconf 88' lang='lat' dir='ltr'><strong>Sermonibus</strong></span> <span class='ocrx_word' id='word_1_693' title='bbox 912 5510 974 5567; x_wconf 88' lang='lat' dir='ltr'><strong>de</strong></span> <span class='ocrx_word' id='word_1_694' title='bbox 1011 5514 1261 5584; x_wconf 87' lang='lat' dir='ltr'><strong>Tempore</strong></span> <span class='ocrx_word' id='word_1_695' title='bbox 1294 5513 1552 5585; x_wconf 77' lang='lat' dir='ltr'><strong>subjectae</strong></span> <span class='ocrx_word' id='word_1_696' title='bbox 1591 5515 1809 5572; x_wconf 85' lang='lat' dir='ltr'><strong>fuerant</strong></span> <span class='ocrx_word' id='word_1_697' title='bbox 1848 5515 1907 5572; x_wconf 93' lang='lat' dir='ltr'><strong>in</strong></span> <span class='ocrx_word' id='word_1_698' title='bbox 1945 5517 2189 5573; x_wconf 84' lang='lat' dir='ltr'><strong>Romana</strong></span> <span class='ocrx_word' id='word_1_699' title='bbox 2219 5511 2463 5570; x_wconf 89' lang='lat' dir='ltr'><strong>editione</strong></span> <span class='ocrx_word' id='word_1_700' title='bbox 2491 5510 2782 5568; x_wconf 89' lang='lat' dir='ltr'><strong>conciones</strong></span> <span class='ocrx_word' id='word_1_701' title='bbox 2818 5507 3068 5582; x_wconf 75' lang='lat' dir='ltr'><strong>aliquot,&quot;</strong></span> <span class='ocrx_word' id='word_1_702' title='bbox 3100 5523 3341 5579; x_wconf 90' lang='lat' dir='ltr'><strong>quarum</strong></span> <span class='ocrx_word' id='word_1_703' title='bbox 3384 5515 3496 5562; x_wconf 91' lang='lat' dir='ltr'><strong>tres</strong></span> <span class='ocrx_word' id='word_1_704' title='bbox 3547 5504 3746 5577; x_wconf 70' lang='lat' dir='ltr'><strong>prima:</strong></span> 
     </span>
    </p>
   </div>
   <div class='ocr_carea' id='block_1_59' title="bbox 449 5591 3742 5673">
    <p class='ocr_par' dir='ltr' id='par_1_59' title="bbox 449 5591 3742 5673">
     <span class='ocr_line' id='line_1_59' title="bbox 449 5591 3742 5673; baseline 0 -23"><span class='ocrx_word' id='word_1_705' title='bbox 449 5610 644 5668; x_wconf 87' lang='lat' dir='ltr'><strong>nempe</strong></span> <span class='ocrx_word' id='word_1_706' title='bbox 673 5598 736 5654; x_wconf 88' lang='lat' dir='ltr'><strong>de</strong></span> <span class='ocrx_word' id='word_1_707' title='bbox 767 5601 1040 5671; x_wconf 80' lang='lat' dir='ltr'><strong>Basilicis,</strong></span> <span class='ocrx_word' id='word_1_708' title='bbox 1071 5611 1125 5659; x_wconf 93' lang='lat' dir='ltr'><strong>et</strong></span> <span class='ocrx_word' id='word_1_709' title='bbox 1152 5603 1208 5658; x_wconf 90' lang='lat' dir='ltr'><strong>in</strong></span> <span class='ocrx_word' id='word_1_710' title='bbox 1237 5603 1423 5673; x_wconf 83' lang='lat' dir='ltr'><strong>funere</strong></span> <span class='ocrx_word' id='word_1_711' title='bbox 1452 5605 1808 5661; x_wconf 84' lang='lat' dir='ltr'><strong>Valentiniani</strong></span> <span class='ocrx_word' id='word_1_712' title='bbox 1850 5623 1912 5660; x_wconf 90' lang='lat' dir='ltr'><strong>ac</strong></span> <span class='ocrx_word' id='word_1_713' title='bbox 1967 5601 2244 5661; x_wconf 87' lang='lat' dir='ltr'><strong>Theodosii</strong></span> <span class='ocrx_word' id='word_1_714' title='bbox 2300 5601 2682 5672; x_wconf 83' lang='lat' dir='ltr'><strong>imperatorum</strong></span> <span class='ocrx_word' id='word_1_715' title='bbox 2734 5611 2834 5652; x_wconf 91' lang='lat' dir='ltr'><strong>suo</strong></span> <span class='ocrx_word' id='word_1_716' title='bbox 2885 5609 3156 5668; x_wconf 91' lang='lat' dir='ltr'><strong>quamque</strong></span> <span class='ocrx_word' id='word_1_717' title='bbox 3185 5594 3310 5651; x_wconf 89' lang='lat' dir='ltr'><strong>loco</strong></span> <span class='ocrx_word' id='word_1_718' title='bbox 3341 5591 3702 5649; x_wconf 84' lang='lat' dir='ltr'><strong>exhibuimus</strong></span> <span class='ocrx_word' id='word_1_719' title='bbox 3730 5611 3742 5650; x_wconf 92' lang='lat'>:</span> 
     </span>
    </p>
   </div>
   <div class='ocr_carea' id='block_1_60' title="bbox 447 5683 3744 5766">
    <p class='ocr_par' dir='ltr' id='par_1_60' title="bbox 447 5683 3744 5766">
     <span class='ocr_line' id='line_1_60' title="bbox 447 5683 3744 5766; baseline 0.001 -29"><span class='ocrx_word' id='word_1_720' title='bbox 447 5690 698 5754; x_wconf 88' lang='lat' dir='ltr'><strong>quartam</strong></span> <span class='ocrx_word' id='word_1_721' title='bbox 719 5700 897 5746; x_wconf 82' lang='lat' dir='ltr'><strong>autem</strong></span> <span class='ocrx_word' id='word_1_722' title='bbox 923 5692 1028 5746; x_wconf 92' lang='lat' dir='ltr'><strong>soli</strong></span> <span class='ocrx_word' id='word_1_723' title='bbox 1056 5691 1324 5758; x_wconf 88' lang='lat' dir='ltr'><strong>Maximo,</strong></span> <span class='ocrx_word' id='word_1_724' title='bbox 1355 5690 1514 5762; x_wconf 89' lang='lat' dir='ltr'><strong>cujus</strong></span> <span class='ocrx_word' id='word_1_725' title='bbox 1540 5701 1594 5748; x_wconf 92' lang='lat' dir='ltr'><strong>et</strong></span> <span class='ocrx_word' id='word_1_726' title='bbox 1623 5694 1831 5765; x_wconf 89' lang='lat' dir='ltr'><strong>stylum</strong></span> <span class='ocrx_word' id='word_1_727' title='bbox 1853 5693 2017 5766; x_wconf 90' lang='lat' dir='ltr'><strong>sapit,</strong></span> <span class='ocrx_word' id='word_1_728' title='bbox 2049 5699 2103 5748; x_wconf 91' lang='lat' dir='ltr'><strong>et</strong></span> <span class='ocrx_word' id='word_1_729' title='bbox 2123 5691 2180 5748; x_wconf 90' lang='lat' dir='ltr'><strong>in</strong></span> <span class='ocrx_word' id='word_1_730' title='bbox 2209 5691 2435 5748; x_wconf 89' lang='lat' dir='ltr'><strong>Patrum</strong></span> <span class='ocrx_word' id='word_1_731' title='bbox 2455 5688 2803 5748; x_wconf 86' lang='lat' dir='ltr'><strong>Bibliotheca</strong></span> <span class='ocrx_word' id='word_1_732' title='bbox 2825 5685 2941 5760; x_wconf 89' lang='lat' dir='ltr'><strong>jam</strong></span> <span class='ocrx_word' id='word_1_733' title='bbox 2966 5702 3169 5744; x_wconf 88' lang='lat' dir='ltr'><strong>nomen</strong></span> <span class='ocrx_word' id='word_1_734' title='bbox 3199 5685 3441 5759; x_wconf 77' lang='lat' dir='ltr'><strong>praefert,</strong></span> <span class='ocrx_word' id='word_1_735' title='bbox 3483 5683 3744 5740; x_wconf 83' lang='lat' dir='ltr'><strong>relictum</strong></span> 
     </span>
    </p>
   </div>
   <div class='ocr_carea' id='block_1_61' title="bbox 447 5772 750 5829">
    <p class='ocr_par' dir='ltr' id='par_1_61' title="bbox 447 5772 750 5829">
     <span class='ocr_line' id='line_1_61' title="bbox 447 5772 750 5829; baseline 0.013 -5"><span class='ocrx_word' id='word_1_736' title='bbox 447 5772 750 5829; x_wconf 80' lang='lat' dir='ltr'><strong>voluimus.</strong></span> 
     </span>
    </p>
   </div>
   <div class='ocr_carea' id='block_1_62' title="bbox 522 5849 3744 5946">
    <p class='ocr_par' dir='ltr' id='par_1_62' title="bbox 522 5849 3744 5946">
     <span class='ocr_line' id='line_1_62' title="bbox 522 5849 3744 5946; baseline 0 -26"><span class='ocrx_word' id='word_1_737' title='bbox 522 5863 797 5923; x_wconf 81' lang='lat' dir='ltr'><strong>Sermones</strong></span> <span class='ocrx_word' id='word_1_738' title='bbox 824 5866 886 5922; x_wconf 86' lang='lat' dir='ltr'><strong>de</strong></span> <span class='ocrx_word' id='word_1_739' title='bbox 917 5869 1141 5927; x_wconf 84' lang='lat' dir='ltr'><strong>Sanctis.</strong></span> <span class='ocrx_word' id='word_1_740' title='bbox 1175 5900 1244 5912; x_wconf 93' lang='lat'><strong><em>—</em></strong></span> <span class='ocrx_word' id='word_1_741' title='bbox 1271 5869 1555 5930; x_wconf 89' lang='lat' dir='ltr'><strong>Secundus</strong></span> <span class='ocrx_word' id='word_1_742' title='bbox 1592 5886 1930 5941; x_wconf 88' lang='lat' dir='ltr'><strong>sermonum,</strong></span> <span class='ocrx_word' id='word_1_743' title='bbox 1961 5888 2099 5946; x_wconf 88' lang='lat' dir='ltr'><strong>quos</strong></span> <span class='ocrx_word' id='word_1_744' title='bbox 2144 5877 2344 5929; x_wconf 83' lang='lat' dir='ltr'><strong>vocant</strong></span> <span class='ocrx_word' id='word_1_745' title='bbox 2385 5870 2448 5926; x_wconf 86' lang='lat' dir='ltr'><strong>de</strong></span> <span class='ocrx_word' id='word_1_746' title='bbox 2491 5867 2717 5937; x_wconf 87' lang='lat' dir='ltr'><strong>Sanctis,</strong></span> <span class='ocrx_word' id='word_1_747' title='bbox 2764 5867 2909 5942; x_wconf 90' lang='lat' dir='ltr'><strong>apud</strong></span> <span class='ocrx_word' id='word_1_748' title='bbox 2954 5849 3323 5940; x_wconf 72' lang='lat' dir='ltr'><strong>Augustinum</strong></span> <span class='ocrx_word' id='word_1_749' title='bbox 3363 5868 3526 5938; x_wconf 81' lang='lat' dir='ltr'><strong>atque</strong></span> <span class='ocrx_word' id='word_1_750' title='bbox 3570 5861 3744 5922; x_wconf 81' lang='lat' dir='ltr'><strong>Maxi-</strong></span> 
     </span>
    </p>
   </div>
  </div>
