3972 6404
248 441 359 500 609
786 442 1154 502 SERMONES
1191 444 1247 500 S.
1290 441 1646 500 AMBROSIO
1683 440 2057 499 HACTENUS
2095 441 2432 500 ASCRIPTI.
2471 473 2540 486 -
2576 444 2990 502 ADMONITIO.
3434 447 3539 506 610

251 583 406 623 mum
437 565 618 622 editus
642 566 748 624 fuit
781 586 792 623 :
825 567 920 625 sed
945 567 1075 625 huic
1104 568 1203 624 uni
1225 584 1337 624 non
1357 567 1538 625 solum
1569 566 1761 635 dictio,
1795 583 1988 623 verum
2017 565 2181 622 etiam
2216 582 2340 622 cum
2389 566 2842 641 quinquagesimo
2873 576 3068 626 octavo
3098 571 3340 628 aﬂinitas
3386 571 3546 629 illum

247 654 467 709 asserit.

325 743 641 799 Sermonem
676 744 954 817 quintum,
998 747 1092 820 qui
1123 745 1190 802 ab
1219 744 1514 802 Ambrosio
1563 745 1621 800 in
1651 744 1973 801 Gervasium
2029 755 2082 802 et
2111 745 2418 802 Protasium
2450 744 2644 802 fratres
2690 753 2958 819 martyres
2983 745 3205 805 habitus
3234 747 3363 818 fuit,
3396 749 3547 806 inter

247 829 510 901 epistolas
536 832 925 889 constituimus
958 849 970 887 :
1032 850 1194 908 quem
1225 834 1406 890 locum
1465 832 1582 903 ejus
1612 833 1912 906 genuinum
1944 850 2059 890 esse
2091 837 2149 890 in
2196 834 2591 891 Admonitione
2625 835 2758 907 ipsis
2784 836 3065 909 praemissa
3106 836 3540 896 demonstratum

246 926 353 974 est.

323 1007 510 1064 Sermo
539 1017 727 1067 sextus
775 1010 987 1084 pridem
1025 1012 1268 1069 Maximo
1317 1011 1565 1068 redditus
1597 1011 1724 1079 fuit,
1779 1026 1881 1068 nec
1919 1011 2215 1068 obscurum
2246 1021 2327 1069 est
2381 1014 2540 1070 illum
2577 1031 2606 1070 a
2638 1015 2792 1071 nullo
2821 1015 2929 1071 nisi
2960 1014 3290 1072 Taurinensi
3332 1014 3545 1072 dictum

246 1097 440 1156 fuisse.

323 1188 580 1245 Decimus
615 1189 674 1246 in
701 1189 1019 1262 Appendice
1041 1191 1280 1262 Operum
1302 1189 1596 1262 Augustini
1619 1188 1824 1244 dicitur
1843 1188 2126 1244 Ambrosio
2149 1191 2322 1245 verius
2349 1191 2488 1261 forte
2513 1210 2670 1263 quam
2686 1193 2981 1264 Augustino
3016 1193 3242 1249 tributus
3266 1209 3278 1248 :
3304 1192 3399 1250 sed
3420 1209 3546 1251 vere

252 1277 481 1350 utrique
529 1278 930 1351 abjudicandus
960 1279 1119 1335 nobis
1153 1279 1392 1347 videtur,
1424 1287 1476 1334 et
1521 1277 1639 1350 pari
1665 1276 1808 1348 jure.
1844 1277 1980 1334 Nam
2026 1277 2069 1332 si
2102 1279 2401 1337 dictionem
2433 1280 2551 1354 ejus
2580 1283 2875 1354 expendas,
2906 1299 3026 1339 eam
3056 1299 3166 1339 non
3194 1284 3368 1356 magis
3397 1286 3545 1340 Am-

245 1365 419 1423 brosii
461 1385 575 1426 esse
623 1385 785 1442 quam
816 1370 1113 1443 Augustini
1142 1371 1291 1427 ultro
1320 1368 1582 1426 fateberis
1615 1385 1628 1422 :
1661 1368 1937 1441 simulque
1965 1366 2219 1424 advertes
2255 1377 2536 1426 auctorem
2565 1369 2685 1443 ejus
2713 1371 2889 1428 videri
2919 1371 3314 1444 Chrysostomo
3345 1380 3542 1445 poste-

243 1468 447 1511 norem
459 1499 470 1510 .

315 1545 715 1603 Duodecimum
773 1548 936 1604 etiam
969 1547 1210 1620 reperias
1265 1545 1324 1602 in
1357 1545 1673 1619 Appendice
1729 1544 2182 1618 Augustiniania,
2213 1549 2307 1605 sed
2338 1559 2602 1622 praterea
2627 1551 2772 1622 apud
2802 1551 3106 1608 Maximum
3135 1561 3334 1622 exstat,
3368 1553 3459 1610 cui
3487 1561 3542 1611 et

240 1646 519 1690 consensu
571 1635 914 1692 eruditorum
969 1636 1312 1692 attribuitur.
1345 1635 1449 1692 Sed
1496 1651 1598 1692 nec
1623 1635 1785 1691 aliter
1839 1634 1906 1690 de
1938 1634 2098 1691 tertio
2124 1634 2339 1692 decimo
2369 1638 2535 1694 statui
2566 1637 2762 1706 debet;
2802 1640 3003 1713 quippe
3032 1640 3128 1713 qui
3157 1642 3429 1699 sermonis
3453 1641 3543 1700 dei

239 1728 492 1794 tempore
524 1724 776 1782 vicesimi
806 1726 1008 1800 quarti,
1043 1743 1203 1799 quem
1232 1725 1462 1782 Maximi
1491 1741 1608 1782 esse
1639 1741 1804 1797 supra
1833 1724 2098 1792 vidimus,
2128 1726 2476 1782 continuatio
2505 1725 2597 1782 sit.

317 1813 544 1869 Decimo
573 1814 808 1886 septimo
855 1816 1222 1888 fragmentum
1269 1813 1544 1888 quoddam
1575 1813 1633 1870 in
1663 1813 1903 1870 editione
1932 1814 2178 1870 Romana
2208 1814 2529 1887 praeﬁgitur,
2562 1815 2708 1888 quod
2740 1815 2796 1871 in
2825 1816 3069 1890 antiquis
3102 1817 3530 1890 praetermissum

241 1909 368 1970 est;
396 1903 670 1976 integrum
723 1921 855 1962 vero
885 1905 1035 1961 hunc
1065 1921 1372 1962 sermonem
1403 1904 1630 1960 exhibet
1657 1903 1845 1960 eadem
1888 1901 2184 1976 Appendix
2213 1904 2640 1976 Augustiniana.
2682 1905 2750 1961 Ut
2782 1922 2945 1978 porro
2973 1913 3153 1980 pateat
3181 1907 3265 1963 illi
3295 1908 3538 1965 sermoni

236 1991 671 2049 Ambrosianum
717 1994 859 2050 nihil
890 1995 1088 2065 inesse,
1121 1995 1168 2052 is
1215 1994 1599 2052 tantummodo
1627 2010 1752 2050 cum
1786 1993 1856 2049 iis
1900 1992 2234 2064 conferatur,
2262 2011 2382 2068 quae
2412 1995 2481 2052 de
2527 1995 2584 2052 S.
2616 1995 2911 2052 Laurentio
2955 1997 3014 2053 in
3045 1997 3202 2054 libris
3235 1998 3538 2070 Olﬁciorum

237 2082 465 2154 scripsit
493 2083 837 2141 Ambrosius.

316 2172 574 2243 Decimus
602 2183 828 2231 octavus
858 2174 1003 2230 inter
1030 2174 1257 2232 Maximi
1283 2189 1560 2230 sermones
1592 2172 1811 2244 legitur,
1839 2171 1896 2226 in
1927 2187 2036 2244 quo
2065 2169 2182 2242 ejus
2212 2170 2493 2242 ingenium
2529 2180 2688 2243 atque
2718 2173 2958 2228 elocutio
2985 2171 3440 2244 deprehenditur.

315 2258 659 2318 Vicesimum
713 2278 932 2336 quoque
977 2263 1214 2335 reperire
1261 2269 1342 2318 est
1369 2261 1514 2334 apud
1572 2260 1899 2316 Maximum.
1949 2259 2007 2315 Si
2037 2267 2223 2315 tamen
2263 2259 2371 2325 illi,
2419 2259 2597 2315 sicuti
2627 2261 2866 2330 videtur,
2901 2261 3254 2318 ascribendus
3281 2263 3374 2328 sit,
3412 2279 3538 2321 cum

237 2350 518 2420 oportebit
573 2367 604 2406 a
633 2350 803 2408 sciolo
867 2351 1124 2425 quopiam
1154 2352 1216 2406 de
1244 2357 1421 2406 sancto
1486 2349 1720 2407 Michltee
1773 2348 1869 2403 illa
1916 2347 1983 2404 de
2039 2363 2201 2404 causa
2255 2363 2369 2404 esse
2409 2347 2769 2420 inscriptum,
2826 2349 2954 2421 quia
2984 2349 3042 2404 in
3072 2349 3177 2406 hoc
3223 2351 3360 2408 festo
3399 2349 3537 2407 illud

235 2436 629 2508 Evangelium,
670 2439 816 2511 quod
879 2439 1122 2510 ejusdem
1181 2439 1449 2495 sermonis
1501 2445 1886 2508 argumentum
1941 2442 2043 2504 est,
2100 2436 2204 2508 legi
2254 2437 2561 2492 consuevit.
2617 2437 2779 2509 Apud
2834 2438 3087 2494 eumdem
3139 2440 3536 2496 Taurinensem

234 2526 538 2582 vicesimus
591 2529 800 2600 primus
853 2545 980 2585 cum
1038 2545 1168 2585 vero
1227 2545 1326 2584 suo
1379 2528 1545 2584 titulo
1601 2534 1800 2595 exstat,
1859 2526 1964 2581 isto
2023 2525 2235 2581 scilicet
2282 2525 2344 2580 de
2398 2527 2815 2598 Hospitalitate;
2884 2534 3046 2600 atque
3105 2528 3242 2584 adeo
3271 2529 3536 2585 credibile

235 2623 324 2671 est
396 2603 572 2672 hunc.
606 2615 786 2690 ipsum
869 2635 984 2675 esse
1060 2635 1222 2693 quem
1298 2619 1366 2676 ab
1426 2619 1616 2676 eodem
1678 2618 1908 2690 praesule
1980 2617 2041 2671 de
2114 2617 2364 2672 Avaritia
2436 2624 2484 2673 et
2549 2618 2922 2689 Hospitalitate
2985 2618 3249 2689 scriptum
3304 2626 3534 2675 testatur

236 2707 579 2765 Gennadius.
645 2711 868 2767 Nullam
897 2728 1024 2785 ergo
1070 2728 1287 2768 causam
1348 2711 1544 2768 habuit
1600 2711 1848 2767 Romana
1891 2707 2063 2764 editio
2120 2722 2220 2763 cur
2275 2705 2436 2761 illum
2494 2706 2857 2762 inscriberet:
2888 2707 2954 2762 In
2982 2707 3138 2762 Festo
3183 2707 3353 2762 sancti
3382 2709 3537 2763 Lucos

238 2799 588 2868 evangelistae.

315 2889 584 2944 Sermones
613 2906 638 2943 ε
663 2888 940 2960 prioribus
971 2891 1142 2948 tomis.
1173 2922 1244 2933 —
1262 2893 1454 2948 Sermo
1467 2891 1529 2946 de
1557 2889 1746 2946 arbore
1776 2885 2056 2943 interdicta
2080 2885 2137 2941 in
2165 2882 2461 2959 Augustini
2491 2881 2807 2955 Appendice
2842 2881 3092 2940 ordinem
3123 2881 3298 2940 ducit.
3322 2883 3532 2941 Ibidem

233 2977 564 3033 observatur
618 2977 768 3033 hunc
823 2995 1128 3035 sermonem
1190 2981 1480 3036 varietates
1536 2977 1742 3045 habere
1794 2975 1940 3048 apud
1994 2974 2372 3040 Ambrosium,
2440 2972 2533 3028 sed
2593 2987 2668 3027 eae
2726 2971 2949 3026 fuerunt
2997 2970 3065 3026 ab
3094 2971 3397 3028 editoribus
3426 2978 3524 3028 aut

235 3069 524 3141 elegantiae
576 3077 670 3124 aut
699 3067 922 3140 majoris
951 3087 1076 3127 cum
1136 3070 1502 3126 Ambrosiano
1535 3069 1682 3142 stle
1731 3063 2078 3139 cognationis
2135 3079 2298 3120 causa
2326 3061 2585 3117 inductae.
2618 3061 2738 3116 Non
2768 3060 2972 3116 mirum
3023 3059 3191 3132 igitur
3219 3061 3265 3116 si
3295 3059 3520 3134 quidem

235 3157 562 3214 eruditioris
591 3158 758 3213 etiam
781 3158 981 3230 judicii
1013 3177 1082 3216 ex
1135 3161 1222 3218 his
1253 3161 1531 3233 deceptus,
1563 3161 1698 3233 quin
1751 3158 1897 3214 idem
1926 3171 2115 3212 sermo
2145 3154 2314 3209 tribui
2345 3153 2517 3224 possit
2573 3158 2760 3206 sancto
2790 3150 3026 3217 doctori,
3055 3150 3196 3206 nihil
3226 3151 3518 3223 prohibere

236 3247 601 3304 existimavit.
631 3251 839 3306 Auctor
859 3251 1010 3307 illius
1038 3253 1197 3324 plane
1228 3253 1529 3324 ignoratur.
1558 3249 1847 3307 Manichaei
1869 3264 1998 3303 vero
2028 3246 2146 3301 illic
2177 3245 2589 3316 impugnantur,
2621 3241 2715 3297 sed
2731 3257 2841 3298 non
2865 3241 3049 3314 rigidi,
3079 3239 3528 3315 quandoquidem

237 3335 303 3391 hi
348 3335 551 3392 bonum
604 3353 718 3395 esse
766 3339 959 3395 vinum
1014 3357 1123 3396 non
1162 3341 1487 3397 difﬁtentur.
1547 3340 1887 3411 Quapropter
1933 3343 2027 3391 aut
2065 3332 2462 3399 Marcionistas,
2519 3339 2613 3386 aut
2651 3347 2742 3386 eos
2795 3330 3081 3387 hereticos
3110 3331 3280 3386 fuisse
3310 3344 3531 3386 necesse

238 3434 345 3494 est,
376 3443 512 3499 quos
542 3426 598 3482 in
648 3427 788 3482 libro
817 3429 878 3483 de
905 3430 1190 3498 Paradiso,
1229 3431 1324 3486 ubi
1368 3431 1555 3487 eadem
1586 3428 1833 3495 materia,
1867 3425 1962 3482 sed
2008 3423 2218 3478 ratione
2250 3422 2408 3492 longe
2439 3419 2565 3487 alia,
2599 3427 2981 3490 pertractatur,
3003 3419 3254 3475 confutat
3281 3417 3537 3474 Ambro-

243 3531 381 3571 slus.

314 3605 465 3659 Duos
517 3619 795 3660 sermones
849 3604 910 3658 de
953 3597 1362 3660 sancto'Eliswo
1410 3605 1468 3660 in
1499 3607 1676 3677 prima
1705 3613 1861 3677 parte
1919 3602 2090 3660 Musei
2133 3599 2312 3658 Italici
2365 3595 2721 3653 Mabillonius
2755 3603 2940 3652 noster
2977 3602 3236 3669 tanquam
3286 3595 3535 3653 nondum

242 3691 457 3765 publici
504 3690 646 3762 juris
702 3692 873 3748 factos
929 3693 1018 3748 edi
1078 3696 1293 3750 curavit
1352 3711 1364 3750 :
1429 3695 1524 3750 sed
1579 3694 1784 3750 erroris
1837 3711 2004 3752 causa
2060 3693 2118 3748 in
2176 3693 2434 3748 Romanae
2489 3687 2770 3755 editionis,
2833 3687 2928 3742 ubi
2984 3688 3164 3743 alieno
3200 3681 3320 3744 loco
3368 3687 3534 3759 positi

242 3781 482 3850 fuerant,
539 3781 920 3847 confusionem
950 3783 1142 3840 referri
1173 3785 1353 3841 debet.
1414 3784 1687 3843 Caeterum
1725 3799 2070 3856 nequaquam
2097 3779 2514 3845 reluctabimur,
2555 3775 2851 3849 quominus
2901 3776 3129 3834 Maximi
3185 3793 3300 3834 esse
3336 3775 3539 3834 dican-

243 3878 356 3927 tur.

319 3959 598 4017 Sermonis
626 3961 682 4016 in
715 3971 877 4034 caput
933 3979 1014 4019 vn
1046 3962 1146 4019 Job
1177 3963 1272 4018 illa
1327 3979 1588 4035 germana
1637 3958 1927 4031 inscriptio
1981 3966 2093 4015 est:
2127 3959 2205 4016 De
2249 3957 2555 4014 carnalibus
2611 3957 2841 4013 hostibus
2892 3974 2999 4013 non
3046 3957 3357 4024 metuendis,
3409 3957 3541 4013 etde

243 4049 436 4120 gratiis
455 4057 575 4120 post
605 4051 780 4105 cibum
826 4053 1040 4122 agendis
1069 4070 1081 4118 ;
1116 4052 1223 4110 hoc
1260 4055 1408 4110 enim
1437 4052 1605 4110 titulo
1634 4049 1950 4107 Gennadius
1977 4049 2157 4121 ipsum
2203 4049 2432 4118 indicat,
2475 4065 2577 4106 nec
2607 4065 2716 4106 non
2745 4049 2974 4106 Maximi
3003 4049 3148 4122 apud
3179 4064 3343 4123 quem
3373 4047 3538 4103 etiam

245 4136 391 4192 idem
425 4137 676 4207 habetur,
707 4156 822 4196 esse
854 4140 1149 4214 significat.

318 4227 380 4282 In
418 4229 655 4298 psalmos
685 4246 784 4286 xxi
806 4248 896 4286 crx
926 4247 990 4288 ac
1019 4249 1173 4288 cxvn
1201 4231 1574 4288 enarrationes
1593 4228 1710 4286 sive
1739 4243 2021 4283 sermones
2043 4224 2191 4282 inter
2220 4225 2588 4283 Maximianos
2596 4225 2723 4299 jure
2750 4235 3060 4284 censentur.
3093 4227 3156 4282 In
3185 4224 3531 4284 editionibus

245 4314 626 4373 Ambrosianis
709 4320 973 4391 quasdam
1034 4321 1288 4393 periodos
1343 4322 1542 4378 horum
1627 4333 1941 4375 sermonum
2015 4315 2231 4393 prim'us
2285 4316 2533 4386 exhibet,
2615 4334 2736 4390 quae
2799 4333 2910 4373 non
2995 4318 3348 4391 reperiuntur
3396 4314 3541 4388 apud

243 4402 570 4472 Maximum,
602 4405 696 4460 sed
726 4406 842 4462 istae
886 4424 996 4464 non
1026 4418 1156 4465 sunt
1205 4411 1389 4482 magni
1422 4410 1712 4467 momenti.
1745 4407 1962 4464 Tertius
1990 4413 2173 4462 autem
2211 4405 2389 4462 eidem
2418 4407 2664 4464 Maximo
2693 4406 2751 4463 in
2780 4407 3028 4464 Romano
3057 4407 3341 4465 Breviario
3367 4404 3543 4462 resti-

246 4499 402 4548 tutus
439 4499 539 4548 est.

321 4581 614 4638 Enarratio
643 4579 700 4638 in
730 4591 892 4657 caput
921 4602 1061 4642 xxxi
1100 4585 1526 4644 Proverbiorum
1557 4587 1703 4660 apud
1731 4586 2127 4659 Augustinum,
2171 4587 2261 4644 cui
2297 4588 2610 4657 ascribitur,
2640 4605 2776 4660 pura
2806 4588 2910 4662 legi
2940 4595 3139 4662 potest,
3170 4603 3235 4644 ac
3261 4585 3383 4642 sine
3414 4583 3536 4641 illis

247 4670 668 4741 additamentis,
695 4690 814 4746 quae
845 4682 907 4730 ut
935 4676 1108 4747 magis
1138 4675 1502 4732 Ambrosiana
1523 4675 1888 4748 judicaretur,
1921 4675 2100 4732 eidem
2129 4677 2372 4733 intexuit
2400 4679 2645 4734 Romana
2673 4676 2866 4732 editio.

323 4761 386 4817 In
426 4770 588 4834 caput
628 4780 690 4819 Ill
719 4765 1094 4821 Ecclesiastici
1123 4782 1402 4823 sermones
1430 4765 1540 4822 duo
1568 4767 1629 4823 de
1654 4768 2000 4840 Eleemosyna
2029 4775 2218 4824 sancto
2236 4768 2501 4837 Maximo,
2524 4766 2990 4839 cujusdictionem
3019 4763 3246 4839 pulchre
3267 4764 3536 4832 referunt,

249 4850 311 4907 in
340 4849 582 4922 ejusdem
613 4855 777 4910 etiam
807 4854 1145 4911 editionibus
1175 4856 1572 4914 attribuuntur.

323 4941 401 4996 De
429 4956 678 4997 sermone
705 4938 763 4995 in
794 4952 955 5014 caput
994 4960 1012 4998 1
1045 4944 1195 5000 Isaiae
1228 4961 1338 5000 non
1366 4945 1519 5000 aliud
1567 4961 1782 5019 quoque
1809 4943 2157 5003 sentiendum
2190 4953 2271 5001 est
2299 4963 2310 5001 :
2341 4943 2434 5000 sed
2465 4961 2566 5000 nec
2592 4944 2755 4999 etiam
2784 4943 2851 5001 de
2869 4943 3216 5000 sermonibus
3243 4942 3464 5000 duobus
3484 4941 3542 4998 in

248 5038 416 5102 caput
444 5047 545 5086 xm
592 5030 836 5086 Danielis
860 5049 871 5086 :
931 5031 989 5087 hi
1040 5034 1242 5106 quippe
1299 5052 1487 5092 omnes
1515 5044 1568 5093 et
1597 5038 1932 5094 evolvuntur
1987 5035 2132 5108 apud
2160 5034 2486 5101 Maximum,
2515 5041 2570 5088 et
2598 5032 2716 5104 ejus
2761 5050 2876 5090 esse
2905 5050 2938 5090 a
2967 5033 3272 5104 Gennadio,
3298 5031 3544 5090 indicata

248 5118 518 5194 cujusque
545 5120 932 5194 inscriptione,
956 5133 1352 5181 asseverantur.

325 5210 482 5269 Prior
508 5231 821 5270 sermonum
854 5214 910 5270 in
937 5223 1100 5287 caput
1130 5233 1191 5271 III
1220 5223 1273 5271 et
1301 5235 1357 5272 1v
1389 5217 1539 5275 Jonas
1570 5235 1680 5276 non
1709 5227 1790 5276 est
1818 5217 2042 5274 alterius
2072 5216 2180 5271 nisi
2211 5213 2460 5282 Maximi,
2483 5213 2572 5270 cui
2594 5212 2862 5270 editiones
2891 5211 3135 5285 ejusdem
3157 5213 3356 5281 Patris,
3395 5212 3542 5270 sicut

252 5308 309 5358 et
337 5301 672 5371 Gennadius,
705 5302 863 5358 illum
895 5311 1152 5360 astruunt
1177 5321 1188 5359 :
1223 5307 1489 5377 posterior
1517 5324 1648 5364 vero
1679 5309 1736 5364 in
1766 5310 1943 5367 Museo
1976 5306 2163 5364 Italico
2193 5304 2294 5360 sub
2324 5303 2551 5359 Maximi
2585 5302 2860 5359 nominea
2889 5302 3212 5358 Mabillonio
3232 5302 3415 5360 editus
3437 5300 3544 5358 fuit

252 5389 413 5460 Quod
443 5408 573 5448 vero
602 5391 759 5449 illum
781 5393 1026 5451 nondum
1055 5396 1337 5468 vulgatum
1368 5397 1734 5465 existimavit,
1767 5395 2166 5471 perturbationi
2196 5393 2458 5450 editionis
2486 5394 2743 5450 Romanae
2772 5391 3157 5464 imputandum
3189 5401 3289 5449 est.

326 5480 608 5538 Postremo
644 5498 768 5538 cum
801 5499 980 5540 sermo
1008 5483 1063 5539 in
1094 5492 1257 5557 caput
1282 5504 1298 5541 ι
1325 5485 1604 5542 Malachiae
1635 5486 1903 5542 sermonis
1931 5485 1989 5541 in
2009 5489 2173 5554 caput
2212 5499 2292 5538 vn
2312 5481 2433 5551 Job,
2465 5497 2627 5555 quem
2670 5479 2900 5538 Maximi
2939 5495 3054 5537 esse
3082 5488 3242 5538 antea
3270 5479 3546 5553 probavi-

255 5583 402 5639 mus,
433 5568 778 5628 continuatio
806 5571 897 5640 sit,
929 5571 997 5629 ad
1016 5572 1268 5631 eumdem
1299 5590 1515 5649 quoque
1542 5582 1820 5633 auctorem
1852 5574 2124 5647 pertinere
2153 5571 2504 5629 manifestum
2547 5575 2649 5627 est.
