3972 6378
135 420 271 480 613

227 546 373 601 Ordo
391 548 553 613 antiq.
578 545 703 598 edit.
722 546 906 597 Amhr.

354 690 539 745 Smo
571 702 719 744 XLVI.

223 769 307 823 De
340 772 523 836 pmnit.
557 771 720 835 Petri,
746 778 843 822 etc.

342 980 528 1033 Sermo
577 989 727 1030 XLIV.

219 1057 305 1109 De
334 1065 508 1110 sancto
535 1058 749 1109 latrone.

349 1267 533 1318 Saluto
582 1274 709 1315 XLV.

221 1347 354 1398 Item
374 1348 437 1396 de
463 1345 661 1396 eodem.

379 1552 561 1603 SEBMO
597 1560 684 1601 Lv.

219 1631 301 1682 De
324 1644 473 1681 cruce
497 1627 707 1681 Christi.

358 1840 541 1889 Semo
597 1848 706 1889 LVI.

219 1916 357 1969 Item
389 1918 452 1967 de
478 1918 640 1967 Cruce
668 1915 876 1966 Christi.

348 2124 534 2176 Saturo
584 2132 717 2174 LVII.
784 2158 789 2163 .

218 2201 304 2253 De
320 2203 556 2267 sepulcro
570 2200 898 2261 Domini,etc.

360 2408 546 2462 Saluto
585 2418 700 2460 Lm.

216 2488 302 2541 De
312 2489 638 2539 Inuovatione
650 2486 897 2539 fidelium.

347 2688 714 2751 Snmro'Lvm.

213 2776 300 2829 De
325 2776 491 2827 Maria
517 2775 841 2840 Magdaleue.

369 2983 553 3036 Saluto
588 2992 699 3034 LIV.
721 2970 726 2975 ’

218 3067 300 3117 De
312 3067 638 3117 Inuovatione
654 3066 898 3117 fidelium.

219 3272 270 3324 Ν
277 3287 343 3323 on
368 3272 592 3324 extabat.

370 3558 553 3611 Summ
582 3569 693 3611 LXI.

223 3637 303 3687 De
334 3636 660 3690 Pentecoste.

353 3842 537 3893 Senuo
583 3853 715 3893 an.

224 3919 358 3970 Item
384 3920 447 3970 de
479 3921 799 3971 Pentecoste.

332 4126 516 4179 SERMO
556 4137 743 4179 LXXXI.

226 4209 308 4276 De
329 4226 388 4259 eo
409 4212 547 4274 quod
565 4213 810 4276 scriptum
832 4220 911 4261 est

157 4273 216 4321 in
247 4271 552 4335 AEvangelio
602 4291 615 4326 :
671 4271 908 4325 Hominis

155 4333 444 4398 cujusdam
471 4335 661 4399 divitis,
686 4346 794 4386 etc.

376 4604 561 4656 Sermo
609 4614 710 4656 vn.

230 4686 321 4751 De
357 4700 449 4751 eo
476 4686 613 4751 quod
666 4687 910 4751 scriptum

162 4748 508 4800 estdicddt'té
524 4762 637 4813 qua
671 4748 783 4808 Dei,
809 4757 909 4800 etc.

318 4900 503 4952 SERMO
553 4910 765 4952 Lxxxu.

162 5048 171 5054 η
236 4978 312 5029 De
335 4976 622 5029 defectione
648 4978 799 5028 lunm.

359 5352 542 5405 Sannio
559 5362 730 5405 XLVII.

237 5429 314 5480 De
355 5429 451 5479 ﬁde
497 5430 638 5479 Petri
678 5428 914 5493 apostoli.

338 5580 522 5632 εκιυιο
563 5589 769 5631 Lxxvn.

237 5659 312 5710 De
327 5659 482 5709 natali
493 5655 915 5719 SS.Octavii,etc.

1124 420 1349 480 INDEX
1402 420 1793 479 SERMONUM
1832 419 2511 482 PRIETEBMISSOBUM.

1455 546 1594 599 Ordo
1642 546 1792 598 Rom.
1821 546 1941 596 edit.
1976 546 2158 597 Ambr.

1575 693 1787 746 SERMO
1828 694 2045 745 XLVIII.

1327 775 1483 825 Feria
1523 776 1674 826 tertia
1706 776 2052 825 Hebdomadw
2093 777 2303 825 sanctw.

1082 833 1230 896 Saepe
1256 833 1500 895 diximus,
1535 842 1731 897 fratres,
1763 839 1895 897 quml
1928 840 1988 883 ad
2044 838 2432 885 similitudinem
2485 835 2606 885 Evm

1016 896 1226 947 Petrum
1262 913 1465 963 quoque
1499 901 1705 947 ostiaria
1742 902 1937 958 mulier,
1975 907 2070 948 etc.

1607 980 1816 1031 SERMO
1859 982 2031 1031 XLIX.

1308 1060 1464 1109 Feria
1493 1063 1686 1121 quarta
1720 1059 2055 1108 llrbdommtm
2108 1060 2317 1108 sancta.

1082 1119 1335 1182 Quoniam
1383 1119 1532 1169 hodie
1588 1123 1895 1181 Evaiiguliea
1944 1122 2092 1168 lectio
2142 1122 2205 1167 de
2254 1122 2449 1169 latrone
2487 1120 2608 1169 fecit

1018 1187 1351 1245 mentionem,
1371 1184 1636 1232 videamus
1669 1185 1787 1245 quis
1817 1195 1909 1231 iste
1945 1185 2088 1243 latro,
2118 1191 2214 1232 etc.

1645 1266 1856 1315 SERMO
1910 1266 1967 1315 L.

1325 1346 1483 1395 Feria
1506 1346 1687 1407 quinta
1719 1346 1819 1394 [Iob
1860 1346 2060 1395 omadte
2088 1346 2295 1394 sancta.

1081 1406 1304 1456 Collecta
1334 1422 1487 1469 quam
1513 1404 1677 1469 hodie
1709 1408 1913 1465 legit,,..
1943 1409 2239 1455 meminisse
2262 1413 2433 1454 autem
2454 1404 2606 1455 debet

1018 1476 1187 1518 vestra
1221 1468 1428 1519 dilectio
1463 1468 1715 1531 quomodo
1750 1472 1987 1518 hesterno
2022 1471 2122 1527 die,
2155 1477 2250 1517 etc.

1652 1552 1861 1602 SERMO
1905 1553 1984 1601 LI.

1329 1631 1485 1681 Feria
1526 1633 1673 1681 sexta
1722 1629 2063 1680 Hebdomadw
2086 1631 2307 1679 sanctae:

1082 1691 1267 1742 Saeculi
1306 1694 1458 1754 hujus
1486 1694 1741 1741 hominem
1767 1694 1948 1741 fabulae
1975 1691 2143 1742 ferunt
2166 1691 2427 1753 Ulyssem,
2459 1691 2606 1741 illum

1014 1755 1104 1818 qui
1133 1754 1384 1803 deccnnio
1407 1757 1635 1816 marinis,
1669 1764 1765 1805 etc.

1635 1836 1846 1887 SERMO
1883 1837 1985 1887 LII.

1477 1918 1673 1966 Eadem
1704 1916 1785 1965 die
1812 1918 2141 1966 Parasceves.

1079 1976 1340 2033 Superiori
1368 1991 1600 2026 sermone
1636 1980 1877 2033 diximus,
1934 1987 1987 2025 ut
2022 1979 2203 2026 retinet
2231 1982 2398 2024 vestra
2442 1973 2604 2024 dilec-

1013 2038 1105 2099 tio,
1138 2038 1502 2103 fratres,‘quod
1530 2054 1646 2089 cum
1677 2041 1879 2088 Domini
1902 2040 2139 2101 salutem,
2166 2048 2265 2088 etc.

1629 2122 1840 2173 SERMO
1871 2123 1997 2172 LIII.

1574 2202 1796 2251 Sabbato
1851 2202 2052 2252 sancto.

1077 2259 1286 2312 Retinet
1330 2261 1537 2311 dilectio
1588 2277 1776 2320 vesm,
1833 2265 2039 2325 fratres,
2069 2260 2195 2324 quid
2223 2258 2348 2310 alibi
2376 2257 2604 2308 diximus

1014 2325 1134 2387 quia
1159 2337 1258 2373 non
1296 2325 1463 2374 minor
1482 2325 1645 2387 gloria
1669 2336 1763 2380 est.
1799 2333 1896 2374 etc.

1632 2407 1846 2459 SERMO
1891 2407 1994 2460 LV.

1338 2486 1537 2537 Eadem
1569 2487 1840 2538 Dominica
1864 2484 2290 2539 Resurrectlonis.

1076 2546 1341 2609 Magnum,
1379 2551 1577 2609 fratres,
1605 2560 1655 2597 et
1688 2552 1921 2599 mirabile
1965 2550 2156 2599 donum
2200 2545 2413 2597 contulit
2456 2544 2606 2594 nobis

1014 2609 1156 2659 Deus
1173 2609 1315 2659 hunc
1341 2610 1573 2672 Pascha,
1606 2620 1703 2661 etc.

1621 2692 1835 2744 SERMO
1868 2694 1994 2745 LVI.

1160 2770 1319 2821 Feria
1340 2771 1525 2834 quinta
1540 2774 1662 2833 post
1685 2771 2008 2821 Dominicam
2032 2769 2459 2823 Resurrectiom's.

1075 2832 1251 2882 Haeret
1284 2832 1451 2882 adhuc
1471 2832 1710 2882 sensibus
1737 2836 1939 2892 vestris,
1966 2835 2164 2893 fratres,
2204 2836 2297 2881 hoc
2352 2846 2445 2881 nos
2486 2838 2606 2881 ante

1011 2894 1124 2944 dies
1153 2896 1489 2958 paucissimos
1520 2895 1829 2959 praedicasse
1860 2893 1997 2956 quod
2017 2894 2196 2953 Maria,
2220 2905 2318 2945 etc.

1611 2976 1821 3028 SERMO
1856 2976 2004 3028 LVII.

1534 3057 1810 3107 Dominica
1842 3056 1899 3105 in
1925 3055 2085 3106 Albis.

1076 3115 1283 3167 Retinet
1306 3118 1551 3167 sanctitas
1578 3129 1762 3174 vestra,
1810 3120 2005 3177 fratres,
2043 3119 2134 3165 hoc
2188 3131 2268 3165 me
2306 3116 2600 3177 nuperrime

1014 3179 1320 3243 prtedicasse
1344 3180 1479 3245 quod
1505 3184 1657 3231 homo
1686 3185 1734 3230 in
1761 3181 2017 3242 juniorem
2043 3186 2268 3241 etatem,
2285 3187 2382 3229 etc.

1593 3266 1805 3318 SERMO
1852 3266 2025 3318 LVIII.

1418 3346 1479 3395 In
1502 3346 1584 3396 die
1606 3346 1936 3396 Ascensionis
1978 3344 2200 3394 Domini.

1077 3407 1366 3456 Laudemus
1420 3409 1579 3457 Deum
1623 3418 1869 3468 nostrum,
1923 3410 2105 3455 fratres
2147 3404 2457 3464 cliarissimi,
2499 3402 2605 3452 Deo

1013 3470 1206 3531 gratias
1235 3483 1466 3533 agamus,
1496 3478 1599 3519 etc.

1636 3546 1846 3600 SERMO
1879 3548 1981 3599 LX.

1438 3629 1498 3677 In
1520 3628 1600 3678 die
1632 3631 1811 3678 sancto
1842 3628 2176 3679 Pentecostes.

1075 3692 1218 3740 Scire
1257 3690 1409 3739 debet
1454 3691 1698 3739 sanctitas
1743 3700 1928 3750 Vestra,
1977 3692 2174 3749 fratres,
2209 3691 2339 3740 hanc
2381 3696 2608 3738 sanctam

1017 3754 1349 3805 Pentecostes
1372 3752 1535 3812 diem,
1569 3763 1674 3801 etc.

1626 3832 1836 3883 SERMO
1892 3833 2020 3884 LXI.

1419 3912 1575 3963 Ferte
1602 3912 1830 3962 secunda
1870 3914 2207 3963 Pentecostes.

1078 3976 1192 4026 Non
1223 3976 1539 4025 incommode
1561 3986 1677 4021 ante
1706 3989 1891 4035 paucos
1918 3976 2045 4030 dies,
2076 3977 2207 4022 sicut
2235 3973 2484 4034 retinetis,
2513 3972 2609 4022 fra-

1019 4047 1139 4101 tres,
1173 4038 1473 4104 prmdicatio
1500 4048 1667 4085 nostra
1694 4038 1962 4095 processit,
1995 4044 2092 4086 etc.

1617 4118 1828 4169 SERMO
1845 4118 2016 4170 LXIV.

1303 4198 1575 4249 Dominica
1597 4203 1777 4248 octava
1821 4200 1940 4260 post
1972 4198 2318 4247 Pentecosten.

1080 4261 1195 4311 Non
1231 4265 1419 4321 omnia,
1456 4264 1639 4309 fratres
1678 4256 1986 4318 charissimi,
2027 4274 2140 4321 quas
2187 4260 2235 4306 in
2290 4256 2461 4321 villico
2506 4256 2607 4306 Do-

1021 4326 1189 4373 minus
1220 4324 1462 4377 laudavit.
1499 4338 1591 4372 nos
1619 4323 1684 4371 ad
1731 4320 2274 4371 imitandum’sumure
2317 4320 2602 4368 debemus:

1021 4387 1111 4434 sed
1140 4396 1191 4434 ut
1216 4388 1362 4434 nobis
1381 4387 1690 4448 signaretur,
1729 4397 1972 4447 quantum
2018 4386 2217 4448 placeat
2263 4384 2481 4433 Domino
2525 4383 2606 4442 pia

1023 4451 1327 4498 bonorum...
1373 4447 1573 4510 Duplex
1610 4457 1780 4496 autem
1842 4447 2207 4497 tentatiOnum.
2232 4449 2433 4509 species
2467 4464 2480 4494 :
2523 4451 2612 4492 aut

1021 4513 1158 4559 enim
1194 4511 1471 4569 tribulatio,
1496 4519 1591 4559 etc.

1612 4589 1822 4641 SERMO
1848 4588 2022 4642 LXVI.

1114 4690 1119 4691 ν
1176 4672 1446 4722 Dominica
1464 4669 1703 4721 vicesima
1731 4671 1957 4720 secunda
1972 4671 2093 4731 post
2115 4670 2457 4731 Pentecosten.

1086 4733 1351 4792 Nonnulli,
1381 4735 1579 4789 fratres,
1607 4737 1692 4795 qui
1720 4744 1808 4781 aut
1839 4730 2037 4782 lllllllliB
2056 4734 2267 4793 cingulo
2290 4730 2605 4787 detinentur,

1024 4798 1127 4844 etc.

1639 4876 1850 4929 SERMO
1906 4877 1989 4929 IV.

1029 4957 1285 5022 Objrurgat
1301 4958 1554 5020 populum
1582 4957 1642 5006 ob
1668 4956 1950 5019 quamdam
1991 4957 2129 5005 (tmte
2171 4952 2610 5022 superstitionem.

1090 5016 1155 5069 Et
1190 5016 1472 5082 Ipsi—scitis,
1504 5016 1698 5078 fratres“,
1728 5023 1862 5082 quod
1888 5032 1999 5065 mea
2025 5032 2119 5065 non
2146 5016 2311 5066 cessat
2345 5016 2610 5063 humilitas

1029 5084 1165 5131 omni
1187 5086 1324 5132 circa
1358 5097 1447 5131 vos
1481 5082 1842 5142 sollicitudine,
1877 5089 1973 5128 etc.

1360 5252 1765 5313 SERMONES
1810 5252 1911 5311 DE
1945 5246 2298 5309 SANCTIS.

1675 5348 1884 5400 SERMO
1907 5350 1967 5399 II.

1446 5428 1508 5479 In
1536 5430 1794 5479 Cathedra
1839 5426 2005 5477 sancti
2049 5424 2207 5474 Petri.

1091 5492 1387 5541 Astruimus
1413 5494 1675 5555 superiore
1706 5493 1972 5538 Doniinica
2002 5485 2491 5545 sanctum'Petrum,
2519 5489 2615 5532 etc.

1653 5573 1864 5627 SERMO
1910 5574 1994 5625 VI.

1028 5656 1091 5707 In
1140 5655 1268 5719 festo
1304 5658 1608 5707 sanctorum
1655 5657 1955 5715 martyrum
2008 5650 2203 5719 Octavi,
2250 5644 2488 5719 Adventi,
2516 5651 2617 5719 etc.

1088 5710 1212 5770 cum
1249 5720 1477 5768 omnium
1509 5710 2117 5777 sanctorum'martyrum,
2152 5710 2351 5769 fratres,
2377 5710 2616 5759 devotis-

1026 5782 1155 5833 isme
1186 5784 1407 5833 natalem
1437 5781 1697 5831 celebrare
1721 5779 1987 5841 debemus,
2019 5785 2117 5826 etc.

3362 423 3466 482 6M

2726 544 2865 595 Ordo
2886 545 2951 597 al.
2983 560 3193 661 omni-pii:
3212 549 3299 600 ubi
3323 565 3466 615 repe-

2728 767 3263 883 bliAopﬁthhgaximum
3294 774 3344 823 in
3375 774 3466 826 Bi-

2723 1056 3250 1169 buﬁﬁludpbgaximum
3282 1060 3332 1109 in
3372 1060 3466 1111 Bi-

2722 1408 2770 1458 bl
2780 1348 2825 1458 i1:
2832 1346 3246 1459 phudpgaximum
3291 1349 3341 1399 in
3381 1347 3468 1398 Bi-

2787 1632 2938 1693 Apud
2991 1632 3266 1685 Maximum
3295 1638 3345 1687 in
3371 1637 3461 1688 Bi-

2721 1693 2898 1744 blioth.
2928 1694 3037 1747 PP.

2723 1919 3253 2033 bqupIdelgaximum
3286 1921 3337 1971 in
3373 1921 3461 1971 Bi-

2720 2207 3249 2321 bliﬁphudpgaximum
3276 2209 3327 2260 in
3376 2209 3465 2261 Bt-

2717 2495 3257 2610 bliﬁpﬁidphgaximum
3293 2495 3343 2547 in
3377 2497 3463 2550 Bi-

2717 2767 3240 2881 blﬁpﬁtdplgaximum
3283 2769 3335 2818 in
3371 2767 3457 2818 Bl-

2718 3117 2768 3168 ω
2777 3049 3244 3167 ἒΐὴυᾶέἑειίωαω
3272 3057 3322 3107 in
3360 3056 3459 3107 Bi-

2726 3342 2939 3404 H‘YApud
2963 3340 3248 3393 Maximum
3286 3340 3338 3391 in
3378 3340 3438 3390 Bi

2720 3404 2900 3454 blioth.
2935 3405 3039 3455 PP.

2720 3626 3248 3741 bliﬁsiudpgaximum
3278 3627 3329 3676 in
3372 3625 3461 3676 Bi-

2724 3911 3249 4027 blgﬁludphgaximum
3281 3911 3333 3961 in
3368 3908 3454 3959 Bi-

2783 4199 2937 4262 Apud
2956 4198 3223 4262 Basilium,
3248 4199 3459 4250 Hom.in

2720 4260 2915 4314 dictum
2947 4260 3076 4313 illud
3098 4276 3151 4312 :..
3192 4265 3463 4318 Destruam

2720 4328 2905 4379 horrea
2932 4340 2975 4374 η.
2986 4338 3062 4383 ea,
3090 4336 3188 4375 etc.

2726 4679 3026 4795 8‘zAppend,
3038 4681 3257 4744 August.
3276 4680 3423 4732 Serm
3434 4695 3465 4731 ο

2792 4962 2942 5027 Apud
2980 4962 3261 5017 Maximum
3290 4966 3342 5016 in
3374 4964 3468 5015 Bi-

2729 5026 2907 5077 blioth.
2930 5028 3034 5080 PP.

2794 5421 2950 5485 Apud
2989 5419 3267 5485 Maximum
3304 5426 3368 5485 get
3411 5419 3465 5470 in

2733 5481 2870 5547 App.
2897 5485 3041 5546 Aug.
3075 5484 3240 5533 Serm.
3268 5481 3349 5534 92.

2732 5641 3266 5756 imgttliutlleaximum
3298 5644 3349 5694 in
3381 5644 3460 5694 Bi-
