3972 6366
191 401 305 459 617

251 524 393 577 Ordo
413 526 573 591 antiq.
597 530 719 582 edit.
750 532 930 584 Ambr.

414 654 605 706 Saxum
624 666 716 706 χι..

247 732 327 781 De
352 731 566 795 jejuniis
585 734 802 787 Ninivit.

376 878 561 930 SERMO
580 889 745 931 Lxxv.

224 955 305 1004 De
320 956 550 1006 barbaris
564 972 660 1007 non
673 959 929 1010 timendis.

377 1101 561 1152 δεηΜο
593 1112 747 1152 XLIII.

254 1176 382 1228 Item
409 1180 470 1228 dc
502 1180 699 1231 eodem.

1160 416 1381 472 INDEX
1419 417 1806 479 SERMONUM
1842 421 2519 487 PRETERMISSORUM.

1583 541 1723 594 Ordo
1744 543 1893 596 Rom.
1920 547 2041 603 edit.

1697 670 1916 724 SERMO
1942 675 1964 725 I
1974 714 1982 723 .

1101 740 1346 816 _I..egi_mus
1374 744 1422 816 i_n
1447 746 1657 796 recitata
1680 748 1832 799 Junae
1856 752 2117 816 prophetas
2136 767 2251 806 cum
2283 755 2332 807 Ν
2338 758 2489 809 ἰιιίνω
2511 758 2632 810 civi-

1044 805 1131 853 tati
1163 805 1449 867 subversio,
1481 818 1577 859 etc.

1712 894 1922 947 SERMO
1946 898 2009 948 II.

1107 964 1348 1077 Dixlimus
1387 973 1643 1022 anteriore
1672 974 1941 1027 Dominica
1970 978 2227 1031 Ninivitas
2250 996 2300 1031 In
2332 983 2629 1035 tribulatio-

1112 1064 1125 1077 .
1158 1045 1186 1075 e
1210 1044 1254 1077 c.
1862 1066 1878 1077 .

1046 1041 1125 1087 ne,
1158 1041 1254 1078 etc.

1154 1066 1254 1162 E3?
1266 1112 1495 1167 VERBIS
1517 1066 1878 1182 ΜΑιΑαιιιΑέ
1890 1121 2247 1177 PROPHETE
2282 1128 2512 1182 SERMO.

1529 1178 1698 1240 (Tom.
1732 1180 1804 1238 Il,
1826 1196 1943 1245 pag.
1980 1187 2141 1247 1148.)

1103 1251 1240 1303 Satis
1261 1255 1565 1321 abundeque
1588 1260 1638 1309 in
1662 1264 2013 1325 superioribus
2033 1266 2225 1317 dixisse
2248 1269 2510 1333 mecredo,
2534 1273 2632 1322 etc.

3380 443 3486 500 618

2739 555 2879 608 Ordo
2901 559 2966 609 al.
2992 572 3203 631 operum
3230 563 3316 613 ubi
3340 579 3484 629 repeo

2998 631 3218 674 nuntur.

2801 760 2956 824 Apud
2989 762 3268 815 Maximum
3297 765 3348 817 in
3389 769 3484 820 Bi-

2742 821 2923 875 blioth.
2950 825 3057 879 PP.
3082 867 3091 877 .

2802 985 2860 1036 In
2881 986 3014 1039 Mus.
3036 988 3145 1039 Ital.
3163 990 3334 1053 tom.I,
3350 1000 3478 1055 part.

2808 1213 2959 1276 Apud
2992 1215 3271 1268 Maximum
3304 1220 3359 1269 in
3390 1219 3487 1269 Bi-

2743 1274 2925 1327 blioth.
2947 1278 3047 1329 PP.

172 1415 3464 1481 __________________________________

239 2072 386 2124 Ordo
407 2078 568 2140 antiq.
595 2079 717 2133 edit.
746 2083 929 2134 Ambr.

240 2169 362 2222 Non
390 2175 638 2225 exstabat.

402 2431 588 2483 Saturo
615 2445 710 2488 xv.

243 2508 322 2558 De
347 2508 517 2560 Natali
544 2514 769 2583 Domini.

237 2710 359 2761 Non
384 2715 632 2766 exstabat.

398 3000 583 3055 ειεξιΜο
607 3016 706 3057 χιι.

240 3079 319 3129 De
343 3080 507 3131 Natali
542 3083 765 3134 Domini.

391 3297 576 3348 SERMO
599 3304 720 3344 χιιι.

240 3376 319 3426 De
343 3377 511 3426 Natali
546 3376 769 3426 Domini.

385 3582 569 3634 SERMO
596 3590 712 3630 xvx.

236 3665 317 3716 De
348 3664 522 3715 Natali
549 3662 772 3713 Domini.

363 3870 547 3922 SEBMO
592 3879 732 3920 xvxx.

160 4011 200 4063 ,Ι
237 3948 531 4059 Ιιιοι-ςξιιιίο
571 3948 634 3998 de
678 3946 920 3999 Kalendis

206 4025 405 4061 anuarn
439 4047 452 4060 .

206 4025 452 4061 anuarxts.

380 4153 565 4207 ΒεχΜο
591 4167 708 4206 χιχ.

235 4234 311 4284 De
337 4245 513 4284 sancta
539 4233 849 4299 Epiphania.

392 4430 578 4482 Saxum
602 4441 697 4481 xx.

229 4513 363 4562 Item
388 4511 451 4561 de
481 4511 678 4561 eodem.

385 4700 569 4753 SERMO
587 4709 703 4750 xxx.

223 4784 306 4834 Dc
339 4782 423 4832 die
449 4783 502 4833 S.
530 4780 850 4847 Epiphania.

367 4988 551 5043 Saxum
578 5000 717 5043 χχιι.

224 5062 354 5111 Post
371 5060 730 5125 Epiphaniam.

344 5267 529 5321 SERMO
557 5276 717 5317 χχιιι.

219 5346 299 5397 De
325 5353 499 5394 sancta
531 5344 836 5408 Epiphania.

393 5553 578 5608 81:1qu
599 5566 637 5607 v

214 5623 368 5692 Quod
388 5627 556 5677 simile
581 5630 649 5676 sit
683 5643 895 5692 regnum

151 5690 249 5741 Dei
278 5690 546 5739 fermento.

435 5847 673 5909 ΡΑτιιοι..
713 5850 889 5911 XVII.

1007 5474 1193 5538 vimus,

1160 1637 1573 1723 INDEX
1695 1642 2500 1742 SERMONUM.

1597 2092 1736 2144 Ordo
1771 2094 1925 2159 hujus
1957 2097 2082 2153 edit.

1680 2177 1893 2230 SERMO
1916 2180 1955 2231 Ι.

1436 2243 1706 2310 Dominica
1727 2249 1905 2310 prima
1928 2250 2216 2305 Adventus.

1104 2300 1218 2351 Hoc
1238 2311 1456 2370 tempus,
1481 2300 2004 2370 fratres'ctiarissimi;
2022 2300 2403 2367 noni-Inmerito
2427 2317 2630 2369 Domini

1280 2365 1532 2418 adventus
1565 2380 1793 2430 vocatur,
1822 2387 1915 2423 nec
1949 2365 2061 2425 sine
2085 2391 2258 2439 causa,
2288 2365 2385 2431 etc.

1676 2452 1896 2506 SERMO
1920 2456 1982 2508 II.

1451 2529 1722 2582 Dominica
1748 2534 1901 2585 tertia
1926 2536 2212 2590 Adventus.

1099 2582 1573 2665 Satisjabundeque
1596 2582 2347 2665 dixissemecEEdo'su'periore
2363 2602 2625 2657 Dominica

1037 2648 1467 2708 quemadmodum
1488 2648 1686 2718 'compti
1718 2660 1798 2707 vel
1825 2659 1990 2720 nitidi,
2019 2670 2116 2713 etc.

1662 2743 1874 2796 SERMO
1906 2746 1992 2798 III.

1557 2820 1630 2870 De
1654 2824 1834 2874 Natali
1855 2824 2065 2876 Domini
2084 2826 2126 2878 Ι.

1109 2873 1323 2950 Domini
1343 2879 1501 2930 nostri
1526 2880 1651 2932 Jesu
1680 2884 1886 2947 Christi,
1916 2873 2456 2950 fratrem-nativitatem
2483 2893 2624 2944 cele-

1037 2941 1259 2997 brantes,
1280 2948 1377 2991 etc.

1326 3006 1331 3009 ’
1675 3010 1887 3064 SERMO
1916 3014 2002 3065 IV.

1524 3087 1597 3137 De
1625 3090 1803 3141 Natali
1828 3092 2037 3141 Domini
2063 3094 2134 3145 II.

1095 3145 1284 3221 Verum
1316 3153 1395 3221 est
1420 3151 1555 3221 quod
1580 3152 1651 3198 ait
1683 3161 1890 3221 sanctus
1914 3154 2143 3203 Joannes
2173 3156 2401 3221 Baptista
2430 3158 2494 3208 de
2520 3160 2623 3209 Do-

1034 3209 1174 3258 mino
1196 3209 1463 3259 Salvatore
1498 3212 1710 3262 dicens:
1748 3211 1771 3262 Ι
1781 3214 1905 3264 llum
1928 3221 2133 3276 Oportet
2167 3209 2406 3282 crescere,
2439 3230 2539 3272 etc.

1687 3294 1902 3347 SERMO
1928 3299 1991 3349 V.

1509 3373 1582 3422 De
1604 3374 1785 3426 Natali
1808 3374 2017 3424 Domini
2043 3377 2139 3427 III.

1094 3430 1207 3496 Qua
1229 3433 1393 3496 gratia
1417 3434 1499 3481 vel
1528 3435 1717 3496 quibus
1743 3436 1980 3484 laudibus
2002 3438 2134 3486 hunc
2150 3437 2286 3489 diem
2314 3442 2499 3492 natalis
2526 3443 2626 3493 Do-

1032 3493 1159 3542 mini
1185 3493 1558 3557 prmdicexnus,‘
1575 3511 1780 3559 prorsus
1809 3499 2002 3558 ignoro,
2027 3510 2122 3549 etc.

1664 3579 1875 3631 SERMO
1903 3583 1988 3633 VI.

1524 3659 1595 3708 De
1622 3660 1803 3711 Natali
1826 3661 2035 3711 Domini
2051 3663 2142 3712 IV.

1095 3716 1236 3767 Bene
1282 3719 1659 3782 quodammodo
1684 3724 1817 3770 banc
1843 3725 1983 3772 diem
2017 3726 2204 3774 natalis
2227 3726 2434 3777 Domini
2458 3729 2619 3780 solem

1035 3794 1222 3830 novum
1250 3784 1437 3845 vulgus
1463 3784 1704 3846 appellat.
1732 3795 1833 3833 exc.
2106 3813 2115 3820 ~

1650 3868 1862 3921 SERMO
1892 3873 2001 3923 VII.

1496 3946 1569 3996 De
1586 3949 1634 3997 K
1636 3949 1839 3998 alendis
1858 3951 2153 4003 Ianuariis.

1092 4005 1185 4082 .Est
1211 4007 1335 4055 mihi
1365 4006 1611 4082 adversus
1640 4012 1909 4082 plerasque
1938 4013 2000 4061 de
2025 4017 2226 4074 vestris,
2249 4017 2453 4077 fratres,
2476 4031 2613 4082 que-

1031 4070 1137 4119 rela
1166 4083 1266 4119 non
1303 4069 1502 4119 modica
1528 4086 1540 4120 :
1566 4069 1745 4120 de'txis
1782 4069 1980 4135 loquor,
2013 4085 2111 4125 etc.

1636 4156 1848 4210 SERMO
1868 4162 1999 4212 VIII.

1469 4236 1540 4287 De
1569 4240 1753 4288 sancta
1785 4241 2088 4301 Epiphania
2123 4242 2165 4295 I.

1093 4294 1468 4369 Exsultandutn
1486 4304 1752 4371 estnobis,
1781 4294 1960 4351 irati-es
1982 4294 2290 4368 charissimi,
2320 4307 2457 4371 quod
2478 4310 2615 4359 votis

1030 4361 1220 4407 nostris
1254 4370 1368 4409 vota
1392 4361 1688 4422 succedunt,
1724 4373 1817 4411 etc.

1646 4444 1857 4497 SERMO
1891 4447 1976 4499 IX.

1468 4526 1541 4575 De
1564 4530 1746 4578 sancta
1774 4529 2079 4591 Epiphania
2104 4532 2178 4583 II.

1089 4581 1325 4655 Meminit
1351 4591 1595 4646 sanctitas
1623 4581 2031 4653 vestra.'t'ratres,
2052 4581 2335 4659 superioris
2361 4596 2608 4659 praedica—

1025 4644 1179 4693 tionis
1206 4644 1407 4708 nostrae,
1435 4657 1529 4697 etc.
2021 4644 2029 4653 ’
2052 4658 2057 4659 ⁷

1664 4716 1874 4768 SERMO
1899 4719 1963 4770 X.

1449 4792 1521 4843 De
1546 4795 2065 4859 sanclaiEpiphania
2087 4800 2183 4851 III.

1086 4850 1513 4921 Pleriqueiqhac
1538 4868 1707 4905 sancta
1740 4850 2040 4921 Epiphaniae
2070 4850 2427 4914 diebactenus
2453 4879 2482 4913 a
2506 4863 2606 4914 Do-

1024 4914 1162 4963 mino
1193 4914 1445 4965 mirabilia
1469 4918 1730 4979 factaessc,
1752 4914 1846 4970 etc;

1646 5002 1856 5054 SERMO
1884 5005 1971 5056 XI.

1452 5070 1524 5120 De
1547 5076 1730 5137 sancta
1749 5075 2052 5137 Epiphania
2074 5076 2163 5128 IV.

2802 2110 2945 2164 Ordo
2963 2115 3044 2167 ed.
3065 2115 3216 2169 Rom.
3242 2120 3420 2173 Ambr.

2975 2223 3157 2275 Saluto
3183 2236 3245 2277 ιι.

2803 2297 3070 2353 Dominica
3094 2306 3113 2352 1
3144 2303 3370 2357 Advent.

2979 2489 3164 2542 διειχΜο
3187 2504 3244 2545 v.

2802 2563 3004 2616 Domin.
3031 2573 3057 2617 3
3084 2568 3305 2622 Advent.

2952 2772 3139 2825 SERMO
3163 2786 3262 2827 vxx.

2799 2844 2858 2895 In
2900 2846 2983 2897 die
3015 2850 3215 2904 Natalis
3251 2854 3479 2907 Domini.

2935 3039 3120 3091 SEIIMO
3139 3051 3259 3092 VIII.

2796 3116 2858 3167 In
2902 3120 2985 3167 die
3021 3118 3221 3169 Natalis
3255 3121 3476 3174 Domini.

2947 3324 3132 3377 SERMO
3170 3338 3251 3377 ιχ.

2795 3399 2871 3449 De
2904 3401 3084 3451 eadem
3111 3403 3410 3455 Nativitate.

2968 3606 3152 3660 SERMO
3180 3621 3237 3660 x.

2796 3688 2870 3737 De
2892 3688 3071 3740 eadem
3102 3691 3403 3743 Nativitate.

2957 3896 3141 3949 SERMO
3167 3910 3244 3950 χι.

2792 3972 2846 4022 In
2870 3972 2951 4023 die
2975 3975 3409 4031 Circumcisionis.

2934 4183 3118 4237 SERMO
3148 4197 3270 4237 xxxx.

2789 4259 2866 4309 De
2915 4261 3203 4328 Epiphania
3242 4265 3468 4317 Domini.

2927 4469 3113 4521 SEIqu
3133 4481 3253 4520 xxv.

2784 4544 2860 4595 De
2903 4549 3080 4597 eadem
3113 4548 3458 4597 solemnitate.

2936 4732 3122 4785 Saxum
3149 4745 3243 4785 xv.

2783 4809 2859 4860 De
2883 4810 3060 4859 eadem
3086 4812 3378 4865 festivitate.

2920 5016 3106 5068 SERMO
3129 5029 3245 5069 xvx.

2773 5085 2831 5135 In
2846 5088 3023 5135 eadem
3042 5088 3125 5137 die
3139 5088 3202 5137 ad
3223 5091 3461 5141 catechu-

1080 5130 1163 5180 Ad
1189 5145 1375 5199 omnes,
1400 5147 1506 5199 vos,
1550 5135 1747 5195 fratres,
1783 5130 2192 5198 priedicationem
2231 5152 2392 5187 meatu
2421 5139 2471 5187 in
2516 5139 2600 5189 die
2655 5130 2665 5199 I
2709 5130 2904 5199 meno—3“,

1017 5203 1197 5243 sancta
1227 5192 1529 5257 Epiphania.
1557 5192 1851 5260 pervenisse
1877 5200 2051 5261 credo,
2075 5210 2175 5250 etc.

1632 5282 1842 5335 SERMO
1866 5284 1976 5335 XII.

1444 5354 1515 5404 De
1540 5358 1723 5406 sancta
1750 5356 2051 5418 Epiphania
2100 5356 2157 5408 V.

1075 5411 1384 5484 Evangelica
1411 5415 1675 5484 Script_ur_a
1698 5411 1870 5484 refe-If,
1896 5421 2027 5467 sicut
2049 5421 2233 5469 lectum
2265 5434 2429 5484 nuper
2446 5421 2592 5472 audi-

1274 5478 1502 5528 ominum
1527 5480 1591 5528 ad
1619 5479 1916 5543 Jordanem,
1949 5490 2046 5531 etc.

1611 5561 1821 5614 SERMO
1851 5564 1983 5613 XIII.

1004 5631 1174 5696 Supte
1186 5629 1265 5696 his
1278 5630 1704 5696 verbisEpangelii
1713 5634 1782 5681 εει
1792 5633 2000 5696 mileest
2017 5648 2172 5695 regnu
2182 5648 2226 5683 In
2240 5634 2590 5696 cmloruxn,etc

1097 5693 1137 5760 lt
1156 5692 1251 5757 ipsi
1278 5693 1436 5752 scitis,
1472 5694 1681 5760 fratres,
1694 5695 1830 5759 quod
1860 5711 1919 5746 ex
1947 5712 2047 5760 qua
2070 5692 2153 5745 die
2180 5698 2441 5747 vobiscum
2466 5692 2581 5749 esse

1004 5755 1159 5820 cmpi,
1180 5755 1285 5806 non
1310 5756 1505 5805 cessavi
1528 5755 1766 5807 omnibus
1787 5772 1877 5807 vos
1911 5755 2219 5823 Dominicis,
2236 5770 2336 5811 etc.

2909 5293 3093 5345 Saxum
3114 5305 3250 5345 xvxx.

2766 5358 2826 5411 In
2857 5371 3034 5413 octava
3062 5364 3366 5428 Epiphania;
3392 5364 3455 5415 de

2702 5417 2957 5489 baptismo
2980 5417 3186 5477 Christi.

2906 5572 3090 5623 SERMO
3118 5583 3235 5622 xxx.

2731 5702 2742 5715 .
2763 5638 3027 5692 Dnminica
3043 5648 3070 5692 6
3095 5653 3205 5706 post
3232 5642 3450 5708 Epipha-

2692 5717 2846 5753 mam.

3091 5863 3161 5922 20
