3972 6366
197 409 302 466 621

264 536 406 588 Ordo
433 537 592 601 antiq.
616 537 679 587 ed
706 537 886 589 Ambr.

264 721 378 772 Non
404 722 656 773 exstabat.

346 1010 413 1061 Ss
423 1019 538 1058 suo
574 1017 817 1057 xxxvm.

266 1087 346 1160 De
365 1086 588 1148 Jejuniis
629 1094 678 1133 et
711 1083 948 1147 Quadra-

198 1164 427 1211 gesima.

269 1290 388 1341 Non
415 1305 471 1339 ex
482 1289 663 1340 stabat.

466 1571 689 1624 Tom.Il.

271 1651 348 1699 De
381 1652 623 1715 mysterio
652 1650 871 1699 Pascha:
894 1649 956 1698 li-

201 1712 377 1762 bellus
403 1712 552 1763 unus.

266 1794 386 1844 Non
426 1795 675 1845 exstabat.

418 2457 605 2509 SERMO
645 2465 722 2507 χι.

260 2538 335 2586 De
366 2537 713 2587 mirabilibus.

402 2806 585 2859 Ssauo
629 2815 744 2855 xm.

264 2886 339 2936 De
368 2887 535 2948 gratia
563 2882 830 2948 baptismi.

417 3093 603 3145 δειωο
650 3102 725 3143 ιν.

407 3170 485 3219 De
528 3172 752 3221 Camelo.

266 3234 397 3283 Dicit
415 3232 759 3295 InEvangelio
775 3232 944 3282 Domi-

192 3311 296 3347 nus
317 3296 369 3347 J.
407 3298 496 3348 C.:
531 3299 692 3345 Amen
710 3296 942 3355 dico,etc.

355 3376 543 3427 Samo
584 3386 778 3425 χχχιχ.

237 3455 336 3528 .De
356 3454 567 3517 jejuniis
592 3464 641 3503 et
664 3455 946 3516 eleemosy-

191 3532 300 3568 1118.

359 3661 550 3714 SERMO
600 3671 790 3711 anx.

266 3741 342 3790 De
372 3738 597 3802 eoiquod
623 3738 748 3787 dicit
778 3738 946 3802 Domi-

197 3817 301 3854 nus
334 3804 381 3850 in
416 3801 740 3863 Evangelio:
768 3801 946 3865 Vulpes

194 3868 390 3931 foveas,
414 3875 516 3914 etc.

384 4010 570 4061 Sermo
604 4019 769 4060 Lxxx.

266 4089 556 4151 Increpatio
612 4089 677 4137 ad
739 4087 939 4149 plebem

191 4152 264 4201 de
298 4167 357 4200 eo
402 4153 537 4213 quod
589 4153 847 4213 scriptum,
868 4160 947 4198 est

193 4217 251 4263 in
284 4213 600 4274 Evangelio:
641 4214 741 4263 Cui
765 4212 942 4273 habet,

188 4276 433 4335 dabitur,
465 4276 529 4335 ei,
556 4285 656 4323 etc.

356 4415 541 4469 Sermo
563 4427 796 4469 Lxxxm.

265 4497 554 4563 Increpatio
580 4496 642 4544 ad
704 4498 944 4563 populum

190 4562 266 4611 de
296 4561 529 4609 absentia
562 4572 673 4607 sua.

353 4766 537 4821 Sermo
571 4777 797 4818 Lxxxrv.

267 4846 384 4894 Post
412 4848 809 4906 increpationem
824 4859 945 4895 con-

196 4910 391 4958 solatio
414 4910 479 4957 ad
507 4909 770 4971 populum.

268 5051 384 5102 Non
417 5052 675 5102 exstabat.

429 5335 577 5388 Tom.
622 5336 712 5391 ιν.

268 5423 348 5477 De
360 5423 634 5475 Salomone
648 5422 781 5474 liber
796 5435 945 5473 unus.

269 5626 386 5679 Non
422 5628 678 5680 exstabat.

1201 414 1421 471 INDEX
1460 415 1846 472 SERMONUM
1883 416 2555 476 PR/ETERMISSORUM.

1609 540 1748 592 Ordo
1784 540 1936 605 hujus
1974 542 2098 595 edit.

1460 639 2195 752 Eadensiliz)lbli1?ni§axgalllmaru
2204 717 2249 753 ω
2260 741 2272 754 .

1313 838 1319 843 ,
1420 782 1492 845 De
1525 785 1710 833 sancta
1747 784 2316 845 QuadragesimaIVl.

1128 840 1290 910 Video
1313 840 1424 898 vos,
1448 844 1649 910 fratres,
1676 840 1825 893 hodie
1868 840 2129 905 attentius,
2156 860 2309 910 quam
2360 846 2557 909 soletis,
2591 848 2656 899 ad

1064 903 1353 953 Ecclesium
1385 908 1703 966 convenisse,
1742 917 1790 954 et
1826 922 1993 962 nemo.
2025 903 2123 960 etc.

1618 987 1830 1039 SERMO
1882 990 2110 1041 XXXIII.

1376 1068 1447 1131 De
1475 1066 1697 1129 Jejuniis
1728 1068 2149 1131 Quadragesimte
2193 1071 2355 1121 XVII.

1131 1126 1368 1197 Proliitisr
1398 1126 1685 1197 divinitate,
1713 1126 1910 1197 fratres,
1942 1126 2080 1197 fecce
2105 1132 2209 1194 jam
2253 1147 2383 1196 pene
2406 1133 2655 1197 transegi-

1067 1203 1115 1239 m
1128 1204 1185 1239 us
1222 1190 1642 1254 Quadragesimea
1665 1191 1853 1241 indicta
1883 1190 2222 1254 jejuniafetc.

1618 1274 1831 1325 SERMO
1866 1273 2115 1329 'XXXIV.

1373 1352 1645 1403 Dominica
1678 1356 2090 1406 Resurreclionis
2122 1356 2349 1408 Dommi.

1132 1414 1389 1483 Audistis,
1421 1417 1620 1471 fratres,
1646 1418 1780 1478 quod
1807 1424 1996 1465 sancta:
2020 1417 2401 1483 mulier-eaquae
2418 1433 2530 1468 cum
2547 1433 2658 1469 aro-

1067 1478 1298 1526 matibus
1321 1477 1387 1527 ad
1410 1477 1796 1527 monumentum
1820 1492 2029 1534 venere,
2049 1477 2367 1541 angelorum,
2401 1490 2499 1531 etc.

1627 1559 1839 1611 SERMO
1870 1562 2077 1613 XXXV.

1536 1639 1609 1688 De
1628 1638 1878 1701 mysterio
1911 1639 2125 1689 Pascha:
2154 1639 2220 1691 II.

1128 1697 1354 1747 Paschaa
1371 1697 1760 1762 mysterium’de
1784 1699 1882 1749 fide
1906 1703 2143 1749 omnibus
2184 1701 2529 1765 credentibus,
2552 1707 2651 1754 etc.

1628 1781 1840 1835 SERMO
1868 1784 2096 1836 XXXVI.

1499 1862 1563 1912 In
1596 1862 1677 1912 die
1700 1863 1878 1913 sancto
1906 1864 2239 1916 Pentecostes.

1136 1922 1325 1991 Magna
1346 1925 1653 1991 cst,_fra_tres
1684 1926 1992 1985 charissimi,
2025 1928 2270 1991 hodierna
2299 1928 2567 1991 festivitas,
2596 1929 2647 1980 in

1066 1998 1193 2048 qua,
1218 1988 1350 2034 sicut
1370 1985 1606 2047 audistis,
1628 1995 1938 2050 acceperunt
1955 1990 2192 2051 apostoli,
2216 1999 2313 2041 etc.

1366 2306 1784 2369 SERMONES
1828 2307 1929 2370 DE
1972 2311 2354 2377 DIVERSIS.

1608 2460 1822 2513 SERMO
1857 2462 2110 2517 XXXVII.

1620 2540 1689 2590 De
1736 2541 2073 2594 Hirabilibus.

1125 2593 1793 2666 Quantorunrmirabilium
1843 2593 2080 2666 operator
2101 2605 2169 2653 sit
2217 2604 2469 2658 Dominus
2496 2608 2654 2661 Jesus

1061 2654 1317 2769 figimus,
1348 2660 1644 2722 intelligere
1673 2654 1940 2725 possumus
1969 2680 2032 2715 ex
2077 2667 2171 2716 hac
2212 2654 2654 2731 Evanéelica'lec:

1084 2734 1097 2767 ι
1205 2756 1218 2769 .
1242 2735 1268 2768 e
1294 2736 1341 2769 c.

1205 2756 1218 2780 ι
1242 2756 1341 2773 νιν·

1582 2806 1792 2858 SERMO
1855 2809 2129 2861 XXXVIII.

1565 2885 1638 2949 De
1665 2886 1851 2949 gratia,
1873 2886 2134 2949 baptismi.

1123 2940 1254 3013 Quia
1284 2952 1501 3001 constat,
1532 2940 1803 3014 sicut'ante
1826 2940 2213 3010 dies'prosecuti
2245 2965 2438 3014 sumus,
2467 2954 2651 3006 Jesum

1058 3002 1320 3054 Christum
1360 3020 1458 3055 non
1488 3009 1566 3057 sui
1589 3024 1741 3057 causa
1766 3002 2093 3073 baptizatum,
2121 3021 2218 3069 etc.

1617 3091 1827 3144 SERMO
1850 3094 2079 3146 XXXIX.

1688 3172 1759 3221 De
1794 3172 2020 3223 Camelo.

1119 3227 1417 3298 Mammona
1440 3232 1583 3298 guod
1613 3234 1748 3295 apud
1775 3232 2024 3282 llebrreos
2056 3235 2205 3298 hujus
2249 3238 2425 3288 saeculi
2456 3239 2649 3290 divitias

1056 3291 1399 3354 appellantur.
1436 3291 1782 3344 Dicitur’vvro
1811 3291 2136 3357 mammona;
2160 3307 2256 3353 etc.

1669 3380 1881 3432 SERMO
1908 3382 2013 3432 XL.

1429 3459 1501 3509 De
1526 3521 1535 3523 _
1558 3457 1779 3520 jejuniis
1835 3462 1883 3508 et
1933 3460 2280 3523 elemosynis.

1125 3515 1239 3565 Non
1269 3517 1463 3576 dubito,
1518 3515 1715 3588 fratres,
1762 3523 2051 3588 contristari
2094 3515 2201 3584 vos,
2244 3524 2647 3588 quotiescunque

1056 3578 1330 3629 absentem
1360 3595 1440 3630 me
1461 3598 1488 3630 a
1520 3582 1668 3632 vobis
1702 3578 1996 3643 necessitas,
2022 3591 2118 3636 etc.

1670 3662 1879 3713 SERMO
1906 3663 2033 3714 XLI.

1056 3736 1129 3789 De
1156 3750 1212 3789 eo
1244 3741 1384 3803 quod
1414 3738 1540 3792 dicit
1560 3741 1893 3852 Πονηξηῖιέ
1915 3744 2216 3852 ἒυαηοειίο.
2250 3743 2447 3807 Vulpes
2473 3746 2646 3796 foveas

1703 3820 1747 3852 )8
1775 3827 1784 3848 ν
1883 3841 1894 3852 .
1976 3821 2019 3852 C.

1703 3820 1894 3865 nauem,
1923 3820 2019 3856 etc.

1059 3922 1075 3972 Ι
1121 3861 1174 3912 Si
1201 3864 1481 3975 diligenter
1503 3865 1723 3916 advertit
1750 3861 1918 3915 vestra
1940 3868 2165 3932 dilectio,
2196 3871 2395 3933 fratres,
2438 3872 2645 3934 capitu-

1081 3938 1183 3975 um.
1206 3941 1233 3975 e
1259 3942 1301 3975 c.
1932 3974 1935 3975 ν

1081 3938 1183 3987 um,
1206 3938 1301 3978 etc.

1650 4009 1863 4061 SERMO
1912 3974 2064 4062 XLII.

1055 4090 1349 4153 Increpatio
1374 4088 1443 4138 ad
1459 4087 1660 4149 plebem
1683 4089 1743 4153 de
1767 4101 1822 4138 eo
1848 4090 1986 4151 quod
2000 4090 2253 4153 scriptum
2281 4091 2430 4143 estin
2463 4094 2643 4145 Evan-

1117 4155 1247 4219 gelia
1271 4167 1289 4203 :
1311 4152 1409 4219 Qui
1453 4152 1646 4219 .habet,
1675 4152 1879 4199 dabitur
1925 4154 2005 4211 ei;
2034 4154 2083 4203 et
2115 4154 2445 4203 Cantavimus
2474 4158 2641 4215 vobis,

1059 4213 1228 4267 et'non
1266 4213 1514 4263 saltastis.

1121 4280 1439 4341 Frequenter
1461 4274 1759 4341 studueram
1783 4276 1923 4341 apud
1941 4290 2020 4324 me
2052 4277 2239 4341 ipsum,
2280 4279 2476 4340 fratres,
2524 4280 2643 4329 sub-

1062 4338 1263 4392 trahere
1298 4340 1444 4388 vobis
1471 4338 1744 4387 dominica:
1769 4338 2145 4398 praedicationis
2168 4342 2387 4404 eloquia,
2420 4338 2515 4395 etc.

1643 4418 1854 4469 SERMO
1883 4420 2056 4469 XLIII.

1058 4498 1357 4562 Increpalio
1373 4498 1443 4549 ad
1463 4497 1718 4560 populum
1749 4497 1889 4563 quod
1910 4498 2193 4549 Ecclesium
2212 4510 2318 4549 non
2336 4499 2644 4563 frequentet.

1129 4561 1398 4626 Deberem,
1433 4566 1649 4626 fratres,
1690 4570 1801 4620 post
1833 4561 1925 4608 hos
1970 4563 2257 4622 complures
2287 4566 2399 4626 dies
2427 4561 2644 4626 aliquid

1064 4624 1270 4674 uberius
1307 4623 1602 4686 praedicare,
1626 4631 1677 4670 et
1703 4630 1964 4671 revertens
1986 4638 2014 4670 a
2047 4631 2184 4672 tanto
2209 4625 2443 4673 examine
2474 4623 2643 4675 sacer-

1059 4688 1255 4748 dotum,
1280 4696 1376 4737 etc.

1648 4767 1859 4820 SERMO
1880 4770 2052 4819 XLIV.

1234 4850 1360 4899 Post
1396 4848 1803 4907 increpationem
1854 4848 2057 4898 alleclio
2090 4848 2161 4898 ad
2183 4850 2456 4909 populum.

1120 4914 1359 4961 Amurior
1391 4912 1603 4958 fortasse
1641 4912 1789 4957 fuerit
1814 4911 2093 4971 increpatio
2137 4928 2249 4959 mea
2294 4909 2646 4973 superioribus

1062 4973 1531 5039 praedicationibus,
1557 4974 1689 5035 quod
1716 4973 2002 5035 plerosque,
2035 4981 2130 5025 etc.

1650 5052 1861 5103 SERMO
1893 5054 2042 5105 XLV.

1456 5134 1528 5184 De
1552 5132 1729 5202 primo
1758 5134 1809 5202 et
1826 5132 2048 5202 secundo
2073 5133 2271 5202 Adam._
2444 5200 2451 5202 _
2522 5192 2532 5202 ,

1126 5195 1336 5256 Audite,
1354 5195 1536 5245 fratres
1557 5196 1865 5254 charissimi,
1900 5198 2050 5258 quale
2070 5204 2149 5244 est
2171 5196 2302 5257 legis
2325 5195 2644 5257 mysterium.

1062 5258 1270 5310 Primus
1295 5260 1467 5321 homo,
1491 5268 1588 5307 etc.

1646 5339 1859 5392 SERMO
1884 5340 2057 5393 XLVI.

1643 5419 1714 5470 De
1770 5420 2059 5471 Salomone.

1124 5482 1317 5535 Mirum
1350 5482 1476 5532 satis
1495 5488 1590 5546 est,
1609 5481 1931 5532 dilectissimi
1955 5483 2153 5544 fratres,
2179 5478 2317 5545 quod
2349 5480 2399 5530 in
2439 5479 2535 5529 hoc
2556 5492 2646 5528 ca-

1063 5547 1243 5612 pitulo.

1596 5622 1600 5627 ’
1658 5624 1869 5678 SERMO
1891 5626 2087 5680 XLVII.

1059 5708 1432 5772 Fragmentum
1455 5706 1813 5772 enarrationis
1834 5706 1889 5772 in
1911 5719 2032 5772 cap.
2052 5706 2198 5756 XXX
2222 5704 2647 5772 Proverbiorum.

1129 5768 1266 5821 A'nie
1279 5770 1554 5822 adventum
1578 5768 1764 5820 Christi
1783 5768 2064 5820 Salvatoris
2090 5772 2247 5819 nostri
2262 5770 2651 5833 prophetae,etc.

3409 424 3514 483 622

2768 544 2911 595 Ordo
2976 544 3060 595 ed.
3131 544 3285 597 Rom.
3332 545 3509 600 Ambr.

2951 644 3138 696 Ssauo
3179 655 3329 697 var.

2838 720 3034 772 Eadem
3062 722 3353 773 Dominica.

2833 1002 2988 1055 Tom.
3027 1004 3069 1062 1,
3107 1017 3223 1065 pag.
3259 1009 3361 1057 147.

3038 1085 3239 1137 Ssauo.

2834 1162 2909 1211 De
2944 1162 3153 1225 Jejunio
3177 1162 3328 1217 Elite.

2984 1286 3169 1338 ειεξιΜο
3190 1298 3304 1339 LIV.

2832 1362 3105 1414 Dominica
3151 1364 3513 1417 Resurrectio-

2769 1425 2852 1474 nis
2888 1425 3112 1479 Domini.

2862 1567 3011 1622 Tom.
3039 1569 3135 1629 IV,
3171 1585 3291 1636 pag.
3313 1572 3420 1622 301.

2832 1647 2911 1710 De
2949 1650 3197 1710 mysterio
3219 1650 3436 1701 Pascha:
3461 1651 3517 1700 li-

2771 1709 2944 1760 bellus
2965 1709 3113 1764 unus.
3159 1736 3164 1743 -

2988 1797 3173 1851 διεπιΜο
3195 1808 3308 1849 ιιχ.

2770 1944 2787 1986 ι
2833 1875 2891 1923 In
2925 1872 3008 1925 die
3040 1883 3221 1926 sancto
3245 1874 3517 1925 Pentecos-

2789 1950 2864 1986 es.

2789 1950 2864 1991 88.

2979 2465 3170 2517 Ssano
3193 2476 3304 2518 ιιι.

2828 2539 3035 2592 Domin.
3092 2556 3122 2590 v
3162 2552 3288 2604 post
3332 2543 3517 2596 Pente-

2764 2611 2959 2653 (2081811.

2958 2807 3145 2859 Saturo
3169 2820 3323 2861 Lxm.

2829 2884 3102 2934 Dominica
3136 2887 3183 2935 vi
3219 2896 3337 2951 post
3382 2889 3511 2939 Pen-

2766 2954 2989 2996 tecosten
3000 2987 3011 2999 .

2970 3091 3156 3143 Samo
3184 3104 3309 3145 va.

2832 3167 3103 3220 Dominica
3128 3184 3220 3221 xiv
3245 3181 3360 3236 post
3383 3173 3513 3223 Pen-

2770 3239 3014 3284 tecosten.

2953 3377 3140 3429 εειυίο
3165 3386 3336 3427 van.

2832 3453 3101 3502 Dominica
3172 3468 3305 3507 xxnt
3394 3460 3507 3517 post

2767 3514 3126 3569 Pentecosten.

2986 3660 3171 3709 Samo
3209 3668 3290 3709 ιιι.

2828 3738 2887 3788 In
2936 3741 3064 3789 festo
3108 3742 3269 3790 sancti
3328 3740 3509 3791 Basilii

2764 3804 2924 3864 episc.
2965 3810 3016 3852 et
3040 3805 3259 3857 confess.

2952 4009 3143 4063 Ssmuo
3184 4020 3317 4063 xxv.

2828 4086 2933 4137 Pro
2977 4091 3233 4139 communi
3270 4089 3506 4142 Confess.

2766 4162 2867 4198 non
2890 4150 3180 4205 Pontificis.

3008 4422 3193 4475 Ssamo
3214 4434 3267 4475 v.

2827 4503 3081 4566 Pepulum
3119 4502 3254 4565 quod
3279 4516 3375 4551 non
3407 4504 3504 4566 frc-
3545 4539 3555 4548 .

2763 4580 2897 4637 quen
2909 4565 2977 4614 tet
3013 4566 3316 4626 Ecclesium,
3343 4565 3508 4613 redar-

2763 4636 2892 4689 gutt.

2984 4771 3169 4823 Ssauo
3210 4782 3288 4822 v1.

2827 4849 3144 4896 Consolatur
3175 4848 3510 4910 populum,ne

2766 4910 2890 4973 quia
2925 4911 3070 4982 illum
3098 4911 3294 4973 saepius
3334 4911 3507 4974 objur-

2768 4984 2986 5035 gavertt,
3016 4984 3113 5025 etc.

2825 5051 2943 5104 Non
2977 5054 3230 5108 exstabat.

2861 5339 3010 5391 Tom.
3035 5338 3104 5397 II,
3132 5353 3245 5402 pag.
3276 5343 3409 5392 l090.

2829 5426 2906 5474 De
2927 5426 3341 5477 Salomoneliher
3361 5441 3509 5481 unus.

2859 5621 3007 5674 Tom.
3038 5621 3109 5681 II,
3131 5636 3249 5686 pag.
3276 5623 3413 5673 1094.

2834 5703 3106 5767 Εηιιιτξιιὶο
3156 5704 3208 5753 in
3255 5717 3349 5767 cap
3406 5716 3508 5753 xxx

2772 5765 3189 5819 Proverhiorum.
