3972 6380
487 529 592 590 627

491 667 614 720 ctus
641 657 944 732 propheta:
1013 677 1032 702 ι
1061 654 1216 710 Sicut
1244 666 1388 724 aqua
1421 649 1728 723 exstinguit
1755 649 1960 721 ignem,
2009 646 2086 703 ita
2113 645 2163 704 A
2193 660 2328 700 saxo

2193 732 2462 789 castitate.

490 753 840 822 eleemosyna
863 744 1174 816 exstinguit
1204 751 1492 816 peccatum
1544 739 1738 813 (Eccli.
1770 756 1856 808 III,
1900 737 2016 808 33).
2050 760 2069 784 ι

489 843 686 914 Magna
705 853 833 910 ergo
861 843 943 892 est
978 835 1347 905 eleemosyna,
1381 847 1504 905 quas
1534 828 1851 886 ardentium
1882 825 2083 883 crimi-

491 946 626 988 num
658 926 848 1000 globos
883 923 1283 980 benevolentias
1328 937 1440 978 sum
1483 921 1636 976 fonte
1667 917 1974 990 refrigerat,
2031 923 2086 971 et

492 1019 731 1094 quodam
762 1015 970 1088 irriguo
998 1011 1266 1086 largitatis
1302 1010 1489 1066 obruit
1536 1008 1796 1066 incendia
1841 1007 2086 1064 delicto-

493 1125 618 1166 rum
644 1125 656 1164 :
685 1113 748 1163 ut
777 1101 1031 1178 quamvis
1059 1101 1298 1157 offensus
1321 1101 1486 1166 Deus,
1543 1096 1797 1170 quamvis
1824 1093 2086 1152 crimini—

493 1196 598 1254 bus
657 1200 1007 1268 provocatus,
1084 1197 1310 1260 cogatur
1367 1188 1603 1244 liberare
1669 1183 2036 1256 eleemosynis
2069 1225 2084 1252 ,

495 1300 660 1359 quem
689 1282 1033 1355 disposuerat
1076 1278 1274 1351 punire
1303 1275 1560 1350 peccatis.
1611 1273 1841 1345 Cogitur
1867 1271 2017 1327 enim
2057 1285 2090 1324 a

495 1374 656 1431 nobis
687 1368 1114 1446 quodammodo,
1168 1367 1302 1424 dum
1331 1365 1682 1438 compellitur
1728 1379 1828 1436 pro
1877 1359 2090 1418 actibus

494 1463 700 1520 nostris
745 1468 958 1518 mutare
1001 1455 1350 1524 sententiam,
1407 1461 1462 1510 et
1521 1453 1580 1510 in
1628 1469 1740 1508 uno
1787 1451 2090 1522 eodemque

400 1551 411 1560 ’
497 1551 724 1610 homine
770 1565 918 1606 nunc
964 1547 1254 1604 severitate
1299 1542 1506 1616 judicis
1552 1540 1884 1615 permoveri,
1939 1554 2091 1595 nunc

461 1680 466 1684 ~
496 1643 670 1718 patris
698 1642 897 1716 pietate
924 1636 1186 1694 blandiri.
1239 1635 1399 1691 Pater
1423 1633 1573 1690 enim
1602 1632 1760 1688 nobis
1805 1634 1953 1688 Deus
1983 1636 2086 1698 est,

499 1750 628 1792 cum
657 1732 796 1788 bene
825 1729 1078 1802 agimus:
1119 1725 1296 1800 judex
1343 1732 1531 1781 noster
1567 1731 1668 1792 est,
1713 1739 1838 1779 cum
1889 1737 2091 1794 pecea-

499 1840 643 1880 mus.
694 1819 1058 1892 Compellitur
1086 1833 1215 1889 ergo
1244 1815 1502 1889 operibus
1549 1813 1756 1870 nostris
1795 1812 2088 1881 Dominus,

499 1920 564 1969 ut
589 1909 752 1967 nobis
789 1923 944 1965 suam
978 1901 1416 1965 misericordiam
1449 1903 1730 1976 largiatur,
1772 1911 1934 1976 atque
1964 1901 2088 1958 ideo

1512 528 1609 583 AD
1646 524 1880 583 OPERA
1917 523 1974 580 S.
2014 518 2348 578 AMBROSII
2385 517 2766 576 APPENDIX.

3685 510 3804 570 628

2388 661 2400 700 :
2455 643 2549 700 sed
2605 638 3056 709 mansuetudine,
3103 654 3168 697 ac
3211 639 3373 696 bonis
3412 637 3698 712 operibus,
3744 645 3806 694 et

2266 820 2323 878 4.
2381 821 2509 878 Ηωο
2549 827 2681 876 sunt
2727 834 2881 875 arma
2907 817 3037 874 ﬁdei
3065 824 3290 886 nostrai,
3331 815 3534 890 quibus
3573 813 3635 870 in
3664 829 3806 872 con-

2197 909 2471 981 gressione
2517 915 2814 965 certamus.
2865 907 2936 964 Ut
2963 913 3148 963 autem
3187 904 3276 960 his
3315 904 3484 960 armis
3512 902 3595 958 uti
3628 903 3691 958 in
3742 901 3806 956 vi

2197 997 2484 1054 inferenda
2539 995 2834 1070 possimus,
2873 1002 3001 1052 ante
3047 992 3368 1066 corporibus
3415 991 3620 1049 nostris
3679 991 3808 1046 vim

2197 1087 2604 1160 quodammodo
2653 1087 2920 1144 faciamus
2963 1103 2974 1142 :
3009 1101 3386 1158 expugnemus
3416 1081 3811 1139 membrorum

2200 1181 2340 1238 vitia
2373 1182 2481 1255 (5),
2511 1189 2573 1238 ut
2600 1183 2874 1239 virtutum
2906 1181 3128 1253 praemia
3156 1195 3554 1254 consequamur
3585 1195 3597 1234 :
3641 1177 3814 1250 prius

2199 1269 2346 1326 enim
2402 1270 2508 1342 ipsi
2553 1285 2777 1342 regnare
2822 1269 3087 1326 debemus
3137 1269 3198 1326 in
3231 1269 3410 1336 nobis,
3453 1274 3515 1323 ut
3561 1283 3810 1339 regnum

2199 1360 2472 1432 possimus
2499 1361 2738 1434 diripere
2757 1360 3080 1418 Salvatoris.
3116 1359 3210 1417 Ait
3237 1377 3364 1432 ergo
3391 1357 3769 1432 Evangelium
3795 1377 3808 1416 :

2215 1475 2233 1498 ι
2268 1453 2341 1507 Et
2367 1450 2483 1507 vim
2523 1451 2782 1509 facientes
2811 1451 3082 1524 diripiunt
3109 1451 3250 1507 illud
3281 1449 3494 1523 (Matth.
3525 1448 3743 1520 xi,12).
3777 1473 3798 1496 ι

2200 1542 2464 1614 Raptores
2513 1541 2682 1615 igitur
2731 1559 2943 1612 sumus,
3005 1549 3249 1614 raptores
3291 1547 3474 1596 autem
3516 1554 3630 1594 non
3690 1537 3815 1594 nisi

2201 1630 2380 1688 aliena
2411 1629 2704 1704 diripiunt.
2755 1633 3010 1704 Agnosco
3037 1646 3224 1686 veram
3251 1644 3368 1685 esse
3413 1627 3754 1684 sententiam
3793 1643 3808 1682 :

2203 1725 2487 1784 Christum
2515 1723 2663 1780 enim
2697 1721 2942 1778 Ecclesia
2972 1719 3153 1792 rapuit
3172 1719 3496 1792 Synagogm,
3525 1724 3580 1772 et
3603 1716 3812 1772 aliena:

2203 1817 2385 1890 gentis
2416 1831 2643 1888 regnum
2672 1813 2788 1869 vim
2819 1810 3070 1868 faciendo
3100 1807 3360 1882 possedit.
3389 1808 3526 1864 Nam
3547 1807 3815 1864 Salvator

2203 1907 2405 1963 missus
2471 1903 2576 1961 sub
2630 1904 2768 1976 lege,
2827 1909 2990 1957 natus
3035 1899 3138 1957 sub
3181 1900 3322 1970 lege,
3369 1895 3613 1952 nutritus
3635 1894 3817 1968 juxta

503 2000 619 2074 ipse
651 1999 712 2056 in
741 1996 1044 2070 Evangelio
1072 2001 1260 2052 sancto
1289 1992 1426 2050 dicit
1451 2011 1462 2050 :
1523 2017 1541 2040 ε
1571 1992 1619 2048 Α
1650 1991 1844 2049 diebus
1865 1988 2091 2048 Joannis

2220 2005 2406 2074 legem,
2453 1999 2586 2056 dum
2628 2015 2660 2054 a
2697 1997 2905 2054 Iudaeis
2942 1995 3266 2068 negligitur,
3300 2009 3333 2048 a
3359 1991 3614 2066 gentibus
3639 2006 3813 2046 occu-

505 2093 768 2168 Baptistas
802 2109 1030 2166 regnum
1060 2091 1323 2149 caelorum
1355 2087 1570 2160 cogitur
1600 2085 1816 2157 (Matth.
1840 2101 1922 2151 xi,
1945 2083 2082 2156 12).-

507 2181 640 2253 Quae
693 2182 965 2241 sententia
1010 2197 1174 2258 quem
1223 2177 1567 2238 intellectum
1624 2173 1844 2244 habeat,
1903 2171 2100 2228 videa-

507 2289 632 2333 mus
640 2321 650 2333 .

581 2400 634 2458 3.
673 2400 923 2473 Regnum
951 2398 1220 2456 caelorum
1265 2410 1378 2452 non
1408 2392 1520 2450 nisi
1549 2391 1803 2450 Christus
1851 2396 1934 2446 est
1983 2390 2104 2445 Do-

512 2489 718 2558 minus,
759 2489 855 2562 qui
884 2495 1076 2562 regnat
1116 2486 1176 2542 in
1214 2484 1390 2543 caelis.
1447 2481 1580 2555 Cogi
1631 2489 1814 2538 autem
1869 2478 2103 2535 verbum

511 2591 648 2640 tunc
675 2582 814 2640 solet
841 2581 974 2650 dici,
1023 2595 1151 2636 cum
1183 2594 1270 2634 res
1297 2577 1483 2650 aliqua
1515 2573 1690 2631 rarior
1719 2569 1937 2626 assidua
1966 2585 2105 2642 ope-

514 2672 728 2730 ratione
775 2671 1056 2728 densatur.
1103 2670 1190 2724 Ex
1247 2683 1356 2740 quo
1401 2681 1530 2736 ergo
1577 2663 1813 2720 Joannes
1859 2658 2106 2730 Baptista

515 2759 818 2818 Salvatoris
863 2755 1216 2817 annuntiavit
1259 2753 1582 2819 adventum,
1632 2765 1702 2805 ex
1756 2765 1821 2804 eo
1875 2763 2104 2820 regnum

517 2851 806 2916 omlorum,
854 2847 1002 2921 quod
1047 2845 1198 2918 prius
1236 2841 1468 2899 ﬂuidum
1517 2847 1571 2896 et
1618 2837 1908 2894 remissum
1961 2835 2106 2908 apud

518 2941 736 2999 Iudaeos
757 2939 994 3013 jacebat,
1025 2935 1373 2996 credentium
1403 2932 1734 3007 populorum
1767 2928 1932 3001 coepit
1961 2925 2108 2982 assi-

519 3031 731 3088 duitate
760 3029 1000 3097 densari,
1054 3035 1108 3084 et
1137 3026 1319 3083 omnis
1347 3024 1444 3080 illa
1471 3021 1622 3094 regni
1655 3019 1852 3077 raritas
1897 3015 2110 3090 pradi-

521 3119 802 3178 cationum
831 3115 1274 3190 frequentatione
1303 3111 1532 3170 solidari
1560 3129 1573 3167 :
1607 3118 1719 3166 tam
1749 3106 1897 3164 enim
1923 3121 2108 3162 rarum

523 3207 632 3266 fuit
659 3207 804 3280 apud
830 3205 1046 3262 Iudaeos
1077 3219 1330 3277 regnum,
1389 3209 1450 3258 ut
1483 3199 1740 3257 transiret
1785 3197 1852 3252 ad
1883 3203 2106 3269 gentes:

521 3304 634 3352 tam
660 3293 918 3361 ﬂuidum,
949 3300 1012 3349 ut
1041 3299 1320 3349 emanaret
1351 3289 1418 3346 ad
1447 3289 1698 3362 populos.
1737 3287 1896 3342 Nunc
1922 3293 2103 3341 autem

2209 2099 2369 2164 patur
2402 2108 2413 2146 :
2446 2096 2500 2144 et
2527 2087 2661 2144 dum
2687 2103 2719 2142 a
2747 2084 3123 2142 sacerdotibus
3154 2081 3404 2156 perditur
3423 2080 3530 2153 (6),
3557 2095 3586 2134 a
3607 2093 3812 2152 pecca-

2208 2179 2424 2237 toribus
2452 2177 2764 2245 invenitur,
2796 2175 2942 2233 sicut
2967 2175 3085 2248 ipse
3105 2174 3219 2230 ait:
3261 2197 3278 2220 ι
3309 2167 3591 2228 Publicani
3613 2177 3666 2224 et
3691 2183 3814 2224 me-

2208 2269 2441 2328 retrices
2466 2266 2784 2342 praecedunt
2811 2283 2912 2322 vos
2940 2265 2999 2321 in
3033 2280 3264 2337 regnum
3295 2263 3557 2319 caelorum
3584 2257 3811 2330 (Matth.

2209 2376 2332 2428 xxr,
2363 2358 2480 2430 31).
2511 2380 2530 2405 ι
2573 2357 2837 2430 Raptores
2860 2355 3031 2429 igitur
3058 2369 3268 2410 sumus.

2281 2449 2335 2506 ὅ.
2383 2447 2705 2514 Mirandum
2738 2463 2850 2503 non
2895 2455 2997 2514 est,
3031 2444 3232 2519 quippe
3262 2443 3358 2517 qui
3388 2459 3420 2499 a
3451 2441 3550 2498 tali
3577 2447 3816 2498 auctore

2212 2537 2626 2606 descendimus;
2685 2535 2954 2610 scriptum
3013 2543 3095 2592 est
3157 2533 3309 2591 enim
3362 2531 3431 2589 de
3491 2529 3818 2606 patriarcha

2213 2635 2401 2684 nostro
2432 2625 2720 2699 Benjamin
2759 2643 2771 2682 :
2820 2649 2839 2673 ι
2869 2626 3057 2698 Lupus
3081 2639 3249 2698 rapax
3277 2623 3430 2696 (Gen.
3460 2637 3612 2688 xux,
3646 2619 3801 2691 27);»

2214 2719 2358 2790 rapit
2385 2718 2536 2774 enim
2567 2716 2713 2791 quod
2737 2733 2901 2772 suum
2933 2731 3046 2772 non
3073 2721 3176 2770 est.
3202 2713 3284 2769 Ita
3311 2718 3364 2768 et
3385 2725 3482 2766 nos
3516 2709 3670 2764 velut
3698 2706 3818 2764 ﬁlii

2215 2809 2424 2880 rapacis
2473 2806 2591 2880 lupi
2627 2806 2927 2862 alienarum
2969 2813 3244 2878 pastorem
3274 2801 3462 2858 ovium
3507 2807 3700 2857 nostra
3726 2799 3818 2856 in-

2219 2901 2469 2960 tentione
2499 2899 2875 2974 praeripimus,
2909 2898 3058 2956 sicut
3081 2897 3196 2971 ipse
3225 2895 3364 2954 dicit
3396 2913 3408 2952 :
3461 2917 3481 2942 ι
3519 2895 3642 2951 Non
3689 2910 3821 2950 sum

2218 2993 2436 3062 missus,
2469 2993 2579 3050 nisi
2614 2991 2684 3048 ad
2731 3007 2862 3046 oves
2893 2989 3141 3063 perditas
3167 2987 3367 3044 domus
3395 2985 3559 3042 Israel
3591 2984 3816 3056 (Matth.

2217 3099 2317 3152 xv,
2349 3081 2466 3155 24).
2497 3105 2515 3130 ›
2571 3080 2810 3153 Rapitur
2852 3080 3038 3152 itaque
3065 3075 3340 3142 Christus,
3383 3090 3509 3132 cum
3550 3089 3585 3129 a
3611 3071 3824 3130 Judmis

2220 3171 2540 3240 dimittitur,
2587 3177 2642 3226 et
2697 3170 2766 3226 ab
2799 3165 3126 3238 alienigenis
3181 3163 3531 3236 praedicatur.
3581 3161 3823 3234 Rapitur

2221 3259 2492 3327 Christus,
2534 3273 2660 3314 cum
2707 3255 2984 3314 occiditur
3039 3270 3072 3309 a
3107 3251 3332 3320 Iudaeis,
3376 3259 3430 3306 et
3479 3249 3750 3322 sepelitur
3790 3266 3827 3306 a

523 3337 1327 3454 ἱὲἒὶα“ὶίῖὲὲἓέιὲαἷ“οζέςῖἐιίἑ
1351 3337 1698 3444 “sagas:
1721 3337 2014 3432 ifilli;
2027 3337 2111 3428 ’ἑὲ
2143 3352 2186 3412 c
2218 3349 2396 3454 notis.
2447 3347 2679 3454 sapgur
2733 3344 3069 3454 Chgistusng
3105 3339 3472 3441 veil-anuus
3501 3337 3822 3411 discipulis,

521 3473 764 3531 solidum
814 3479 1033 3530 maneat
1079 3471 1200 3528 sine
1239 3469 1370 3538 ﬁne,
1422 3468 1567 3526 sicut
1607 3465 1890 3538 Scriptura
1933 3462 2108 3520 dicit:

537 3585 556 3609 ι
581 3561 656 3618 Et
684 3560 838 3632 regni
867 3559 986 3632 ejus
1012 3575 1127 3615 non
1155 3558 1264 3614 erit
1295 3555 1423 3612 ﬁnis
1471 3555 1624 3628 (Luc.
1659 3570 1700 3619 ι,
1725 3551 1840 3624 33).
1879 3575 1897 3597 ι
1939 3548 2114 3622 Cogi-

523 3667 648 3708 mus
685 3666 814 3723 ergo
855 3666 1085 3722 regnum
1141 3647 1405 3704 caelorum
1453 3652 1508 3700 et
1553 3643 1667 3698 vim
1707 3639 2113 3716 quodammodo

525 3739 781 3806 facimus,
841 3738 985 3794 sicut
1035 3736 1114 3792 ait
1167 3735 1485 3808 evangelica
1538 3731 1738 3790 lectio:
1813 3754 1832 3777 ι
1877 3730 1948 3784 Et
1997 3727 2111 3783 vim

524 3825 788 3884 facientes
835 3825 1110 3898 diripiunt
1137 3823 1281 3881 illud
1325 3823 1539 3897 (Matth.
1587 3837 1670 3885 x1,
1726 3818 1840 3890 i2).
1873 3842 1892 3866 ι
1959 3815 2109 3884 Vim,

526 3914 777 3988 inquam,
827 3914 1061 3972 facimus
1105 3913 1366 3981 Domino,
1417 3927 1530 3968 non
1571 3905 1952 3982 compellando
2006 3904 2112 3977 (3),

527 4003 624 4061 sed
672 4002 892 4060 ﬂendo:
954 4019 1067 4060 non
1122 4001 1475 4074 provocando
1523 3998 1766 4072 injuriis,
1824 4001 1970 4060 393
2021 3993 2116 4049 sed

525 4102 790 4176 lacrymis
823 4101 1134 4159 exorando:
1194 4115 1305 4156 non
1333 4097 1766 4171 blasphemando
1797 4112 1891 4169 per
1917 4110 2117 4166 super-

525 4193 700 4260 biam,
747 4190 841 4248 sed
868 4206 965 4262 per
994 4189 1368 4245 humilitatem
1395 4185 1696 4242 maerendo.
1729 4186 1774 4242 Ο
1802 4185 1958 4240 beata
1986 4183 2116 4238 vio-

529 4279 734 4339 lentia!
781 4295 902 4352 quae
931 4295 1042 4335 non
1074 4276 1452 4350 indignatione
1481 4274 1820 4348 percutitur,
1859 4271 1955 4328 sed
2001 4271 2118 4327 mi-

527 4367 826 4426 sericordia
851 4365 1226 4424 condonatur:
1273 4364 1452 4432 beata,
1512 4362 1764 4435 inquam,
1826 4358 2112 4428 violentia,

527 4473 648 4530 quae
699 4455 814 4512 vim
861 4453 1092 4527 patienti
1133 4451 1434 4510 bonitatem
1483 4449 1654 4517 elicit,
1709 4457 1764 4506 et
1817 4447 2114 4504 utilitatem

524 4545 724 4602 tribuit
749 4543 1044 4600 inferenti:
1091 4542 1238 4598 mala
1265 4557 1352 4598 res
1382 4539 1722 4608 admittitur,
1765 4545 1820 4594 et
1858 4537 1924 4594 de
1955 4535 2116 4609 inju-

523 4639 608 4696 ria
648 4654 811 4695 nemo
845 4645 1100 4694 causatur
1147 4633 1266 4708 (Is):
1315 4633 1403 4689 vis
1435 4631 1770 4700 admittitur,
1822 4639 1876 4688 et
1921 4629 2116 4702 religio

2220 3458 2252 3496 a
2283 3437 2687 3496 dormientibus
2715 3433 2967 3508 perditur
2995 3429 3286 3487 Pharisaeis
3317 3449 3329 3486 :
3373 3429 3518 3486 sicut
3546 3429 3824 3484 mentien-

2221 3529 2292 3585 do
2321 3527 2426 3600 ipsi
2458 3524 2699 3582 confessi
2746 3529 2896 3588 sunt,
2939 3521 3072 3580 dum
3113 3517 3392 3577 custodias
3436 3525 3708 3590 ponerent
3737 3533 3825 3574 se-

2222 3620 2478 3692 pulturae,
2526 3622 2650 3688 post
2708 3612 3167 3670 resurrectionem
3224 3607 3470 3676 Domini,
3521 3607 3820 3664 dicentes:

2236 3736 2254 3760 ι
2293 3709 2434 3778 Quia
2458 3705 2718 3779 discipuli
2747 3702 2864 3776 ejus
2893 3711 3054 3759 nocte
3081 3706 3372 3768 venerunt,
3399 3705 3454 3754 et
3479 3697 3648 3754 furati
3687 3705 3828 3754 sunt

2221 3816 2368 3868 eum,
2400 3796 2559 3854 nobis
2580 3792 3223 3865 dormientibustllmtth.
3246 3805 3452 3856 xxvrn,
3483 3788 3568 3844 l3.
3602 3812 3622 3836 ι
3659 3787 3828 3845 Unde

2219 3889 2542 3966 spiritaliter
2571 3883 2934 3956 intelligimus
2963 3881 3094 3955 quia
3121 3879 3404 3939 Christum
3442 3893 3636 3934 omnes
3683 3876 3826 3933 dor-

2223 3963 2452 4036 mientes
2498 3975 2755 4050 perdunt,
2803 3969 3098 4045 vigilantes
3116 3969 3412 4028 inveniunt
3439 3983 3453 4034 ;
3483 3973 3650 4040 atque
3681 3963 3822 4021 ideo

2223 4073 2520 4146 Apostolus
2545 4069 2683 4126 dicit
2715 4085 2728 4122 :
2785 4091 2802 4114 ι
2847 4065 3037 4136 Surge,
3071 4063 3166 4137 qui
3224 4061 3454 4129 dormis,
3499 4067 3554 4115 et
3582 4074 3828 4132 exsurge

2223 4181 2256 4220 a
2283 4159 2516 4218 mortuis
2539 4165 2594 4215 et
2621 4153 2962 4213 illuminabit
2990 4161 3044 4210 te
3065 4151 3319 4210 Christus
3337 4151 3552 4221 (Ephes.
3577 4165 3634 4218 v,
3661 4147 3810 4220 14)..

2228 4252 2394 4311 Vides
2438 4265 2566 4323 ergo
2611 4253 2896 4302 mortuum
2944 4257 3080 4312 esse,
3111 4240 3208 4315 qui
3255 4239 3332 4295 ita
3354 4237 3582 4307 dormit,
3609 4244 3674 4294 ut
3703 4253 3824 4294 non

2224 4341 2499 4402 custodiat
2543 4337 2925 4402 Salvatorem;
2976 4339 3030 4388 et
3060 4331 3184 4388 ideo
3227 4329 3312 4386 illi
3359 4325 3620 4384 Pharisaei
3661 4327 3828 4384 velut

2225 4435 2452 4504 mortui,
2481 4449 2594 4490 non
2623 4435 2921 4505 potuerunt
2949 4442 3170 4484 servare
3191 4423 3823 4496 viventem,Propterea,

2224 4527 2418 4582 fratres
2446 4539 2558 4580 non
2595 4520 2956 4587 dormiamus,
2989 4517 3084 4574 sed
3113 4515 3406 4589 vigilemus
3443 4513 3591 4572 circa
3634 4512 3822 4586 ipsum

2222 4615 2521 4675 Dominum
2551 4618 2800 4668 nostrum
2833 4609 3172 4666 Salvatorem
3193 4613 3303 4676 ;ut,
3318 4603 3586 4678 appositis
3605 4601 3826 4676 jugiter

523 4734 871 4802 propagatur.
905 4690 1167 4798 Quisquis
1197 4690 1347 4780 enim
1389 4720 1689 4778 violentior
1717 4690 1940 4778 Christo
1985 4690 2116 4776 frie-
2148 4707 2198 4766 D
2226 4703 2516 4802 custodiis,
2563 4717 2725 4802 nemo
2755 4697 3158 4802 illum‘auferat
3209 4711 3240 4751 a
3268 4693 3548 4802 sepultura
3573 4690 3823 4802 pectoris

524 4819 620 4886 rit,
675 4815 984 4890 religiosior
1038 4812 1332 4871 habebitur
1377 4828 1410 4868 a
1460 4810 1703 4870 Christo.
1745 4809 2112 4882 Aggredimur

524 4921 652 4979 ergo
681 4905 741 4962 in
768 4905 966 4962 itinere
1003 4904 1326 4972 Dominum,
1379 4900 1427 4958 si
1457 4899 1679 4974 quidem
1730 4899 1848 4972 ipse
1893 4907 1975 4956 est
2020 4899 2113 4956 via

525 4997 710 5070 (Joan.
739 5011 860 5066 xrv,
890 4995 972 5068 6),
1009 5004 1066 5052 et
1117 5009 1272 5051 more
1299 4994 1581 5050 latronum
1613 4989 1777 5047 bonis
1821 5005 1948 5046 eum
1996 4988 2112 5046 suis

521 5085 826 5160 exspoliare
860 5085 1114 5154 nitimur,
1167 5085 1427 5157 cupimus
1479 5081 1566 5138 illi
1597 5080 1812 5138 auferre
1854 5096 2108 5152 regnum,

520 5174 829 5244 thesauros,
859 5182 913 5231 et
940 5173 1151 5230 vitam:
1201 5171 1297 5230 sed
1327 5173 1423 5228 ille
1475 5178 1588 5226 tam
1627 5169 1784 5226 dives
1831 5175 1884 5226 et
1929 5170 2112 5242 largus

519 5273 623 5333 est,
674 5272 737 5322 ut
785 5279 897 5320 non
929 5261 1156 5330 abnuat,
1202 5277 1318 5317 non
1347 5259 1609 5316 resistat:
1661 5265 1717 5314 et
1759 5274 1885 5316 cum
1924 5257 2115 5314 omnia

517 5353 750 5422 dederit,
781 5351 1148 5410 nihilominus
1177 5349 1365 5406 omnia
1399 5348 1513 5422 ipse
1551 5347 1848 5422 possideat.
1896 5349 2114 5420 Aggre—

519 5443 722 5514 dimur,
767 5443 1014 5517 inquam,
1059 5440 1220 5497 illum
1264 5456 1376 5496 non
1419 5439 1586 5506 ferro,
1637 5453 1749 5494 non
1799 5435 1968 5502 fuste,
2000 5451 2112 5492 non

617 5567 673 5705 3)
714 5567 901 5624 Codex
927 5565 1122 5634 Vind.,
1154 5581 1262 5620 non
1290 5561 1668 5619 contendendo.

617 5638 650 5692 4
711 5639 861 5694 Idem
889 5637 1036 5705 cod.,
1067 5644 1116 5692 et
1141 5637 1203 5692 de
1226 5634 1440 5704 injuria
1466 5649 1614 5688 nemo
1641 5651 1668 5687 α

615 5634 673 5705 4)
711 5639 861 5694 Idem
889 5637 1036 5705 cod.,
1067 5644 1116 5692 et
1141 5637 1203 5692 de
1226 5634 1440 5704 injuria
1466 5649 1614 5688 nemo
1641 5636 1936 5705 accusetur.

712 5709 976 5764 Nonnulli
1018 5701 1172 5774 inss.,
1195 5701 1542 5777 emptu-gemas
1570 5704 1926 5777 membrorum
1953 5701 2109 5777 uitia.

591 5771 672 5849 (6)
715 5779 845 5850 Reg.
905 5795 1123 5850 uis.,_a
1157 5771 1888 5850 sacerdotibusrepettitur.
1958 5771 2112 5826 Idem

516 5847 680 5906 etiam
705 5847 991 5922 sequentia
1020 5848 1148 5904 illa:
1203 5850 1459 5919 Raptores
1487 5847 1658 5918 igitur
1687 5859 1888 5912 sumus,
1933 5858 2110 5915 usque

2221 4795 2416 4864 nostri,
2455 4809 2557 4850 nec
2591 4791 2842 4849 dicamus
2881 4785 3184 4862 aliquando
3226 4804 3238 4842 :
3271 4785 3576 4850 Venerunt,
3605 4789 3661 4837 et
3691 4781 3823 4838 dor-

2220 4884 2520 4944 mientibus
2555 4879 2736 4948 nobis,
2790 4877 2959 4934 furati
2989 4883 3122 4933 sunt
3159 4892 3308 4932 eum.
3355 4873 3634 4930 Habemus
3663 4870 3819 4928 enim

2222 4977 2498 5046 inimicos,
2543 4975 2639 5048 qui
2671 4971 2954 5032 Christum
2983 4970 3052 5028 de
3087 4969 3349 5028 cordibus
3387 4966 3611 5034 nostris,
3643 4965 3690 5021 si
3721 4963 3826 5022 ob-

2220 5066 2629 5130 dormierimus,
2659 5061 2874 5118 auferre
2902 5061 3179 5116 nitantur.
3213 5057 3368 5116 Unde
3399 5054 3656 5130 pervigili
3682 5071 3828 5112 cura

2221 5169 2503 5214 servemus
2545 5167 2671 5209 eum
2717 5150 2776 5206 in
2805 5149 3056 5222 sepulcro
3102 5147 3414 5204 animarum
3449 5152 3772 5202 nostrarum
3810 5163 3828 5215 ;

2222 5248 2301 5305 ibi
2330 5245 2690 5322 perquiescat,
2721 5242 2799 5300 ibi
2816 5241 3072 5310 dormiat,
3095 5239 3174 5298 ibi
3202 5255 3329 5296 cum
3359 5237 3619 5306 voluerit,
3638 5253 3831 5294 resur-

2223 5345 2330 5412 gat.

2294 5428 2347 5486 6.
2377 5429 2543 5500 Ergo,
2583 5424 2801 5492 fratres,
2831 5420 3080 5480 Natalem
3112 5419 3194 5493 (7)
3226 5417 3452 5476 Domini
3483 5419 3827 5490 suscepturi,

2221 5553 2288 5612 ad
2327 5557 2493 5625 Ergo,
2523 5551 2744 5625 fratres,
2775 5549 3012 5625 natalem
3041 5589 3060 5612 ,
3097 5545 3493 5620 praetermittit.

2295 5621 2572 5698 (7)4Ergo
2599 5621 2820 5694 fratres,
2853 5621 3108 5698 natalem,
3134 5625 3191 5698 et
3217 5626 3558 5698 amaraque)
3578 5631 3829 5698 sequun-

2222 5687 2314 5754 tur
2341 5687 2407 5752 ad
2435 5687 2608 5772 ﬁnem
2625 5687 2912 5772 usque,le
2930 5689 3106 5772 codd:
3133 5690 3264 5772 Reg.
3296 5697 3352 5745 et
3364 5687 3533 5772 Vind.
3560 5687 3831 5746 restituta

2221 5777 2370 5836 sunt,
2395 5782 2524 5824 cum
2555 5765 2616 5822 in
2645 5759 2770 5819 aliis
2799 5769 2854 5818 et
2883 5759 3041 5818 editt.
3073 5759 3476 5818 desiderentur.
