3972 6362
156 487 282 546 629

1023 485 1396 546 SERMONES
1434 487 1489 544 S.
1531 486 1889 545 AMBROSIO
1928 486 2298 545 HACTENUS
2336 487 2671 546 ASCRIPT].

3387 485 3497 544 630

157 612 241 669 ab
275 610 438 667 omni
476 610 840 668 conscientias
886 618 1100 667 nostras
1144 610 1277 668 faece
1312 610 1679 679 mundemus;
1721 627 1784 667 ac
1810 614 1861 672 A
1895 610 1954 667 in
1979 621 2208 684 angusto
2256 613 2518 685 praesepio
2548 612 2699 683 poni,
2749 612 2847 685 qui
2885 620 3110 669 venerat
3152 613 3311 670 nobis
3340 618 3495 688 regni

157 717 444 758 curemus
498 717 597 757 nos
639 717 751 756 non
810 700 1002 757 sericis
1055 700 1320 769 vestibus,
1380 700 1473 756 sed
1528 700 1786 772 cperibus

160 788 463 861 pretiosis.
514 788 855 845 Vestimenta
896 789 1043 845 enim
1074 789 1252 845 nitida
1284 788 1532 846 membra
1574 789 1787 862 operire

162 884 441 951 possunt,
501 876 896 933 conscientiam
947 894 1143 934 ornare
1183 893 1297 933 non
1353 886 1619 951 possunt;
1678 877 1785 933 nisi

164 973 336 1046 quod
379 970 608 1043 majoris
637 972 983 1029 verecundia:
1013 981 1094 1029 est
1122 974 1364 1029 nitidum
1397 972 1660 1029 membris
1690 973 1788 1029 in-

164 1062 400 1129 cedere,
456 1070 510 1118 et
538 1063 813 1134 pollutum
857 1062 1109 1119 sensibus
1154 1062 1457 1118 ambulare.
1508 1062 1788 1119 Interioris

166 1151 360 1225 igitur
391 1151 636 1208 hominis
663 1153 817 1223 prius
839 1168 1098 1208 ornemus
1117 1151 1397 1219 affectum,
1420 1160 1481 1208 ut
1501 1152 1789 1208 exterioris

167 1255 407 1313 quoque
465 1240 536 1296 sit
592 1241 827 1297 amictus
872 1246 1135 1307 ornatus;
1184 1238 1498 1312 spirituales
1548 1241 1789 1296 maculas

166 1330 495 1400 abluamus,
528 1339 590 1387 ut
622 1330 680 1385 in
711 1331 871 1387 nobis
894 1330 1137 1387 carnalia
1164 1330 1407 1403 fulgeant
1438 1330 1784 1387 vestimenta.

167 1418 339 1473 Nihil
371 1425 552 1473 autem
594 1418 816 1491 prodest
844 1419 1054 1491 fulgere
1082 1418 1452 1487 vestimentis,
1484 1429 1537 1476 et
1566 1422 1789 1477 sordere

169 1507 433 1578 ﬂagitiis.
464 1507 569 1564 Ubi
616 1508 765 1564 enim
792 1508 1083 1564 tenebrosa
1115 1509 1452 1565 conscientia
1480 1516 1581 1577 est,
1612 1517 1786 1566 totum

169 1613 386 1669 corpus
415 1596 814 1653 subobscuram
843 1606 942 1653 est.
992 1596 1266 1653 Habemus
1308 1607 1490 1654 autem
1525 1614 1634 1671 quo
1662 1616 1788 1655 con-

171 1687 435 1745 scientiae
488 1691 729 1746 maculas
785 1689 1091 1757 abluamus,
1155 1690 1299 1747 sicut
1353 1690 1619 1763 scriptum
1659 1699 1784 1747 est:

188 1798 210 1822 α
242 1778 387 1833 Date
430 1778 859 1849 eleemosynam,
910 1786 964 1833 et
994 1778 1180 1833 omnia
1226 1780 1432 1835 munda
1475 1787 1603 1836 sunt
1632 1779 1789 1836 vobis

176 1867 345 1939 (Luc.
376 1886 456 1936 χι,
489 1869 606 1939 lii).
642 1895 660 1918 ι
705 1870 918 1925 Bonum
941 1870 1301 1943 eleemosynze
1329 1871 1671 1936 mandatum,
1694 1886 1790 1943 per

1895 700 2131 757 cmlestis
2182 701 2527 758 latitudinem
2577 717 2900 774 praeparare.
2949 702 3072 757 Non
3102 700 3161 757 in
3189 702 3378 759 sericis
3405 704 3494 759 vel

1897 789 1951 845 in
1988 790 2195 846 auratis
2224 791 2441 863 pannis,
2475 790 2569 847 sed
2598 790 2657 845 in
2684 789 2890 846 vilibus
2912 789 3129 845 involvi
3158 790 3362 859 voluit,
3395 792 3494 864 qui

1896 878 2057 935 nobis
2108 879 2543 936 immortalitatis
2593 881 2789 937 stolam
2846 879 3074 936 reddere
3130 889 3376 937 venerat.
3419 880 3495 937 Iis

1895 971 2126 1042 astringi
2161 988 2215 1026 se
2245 971 2513 1043 permisit,
2557 971 2653 1044 qui
2683 977 2901 1027 nostros
2929 971 3092 1043 pedes
3121 978 3175 1026 et
3206 987 3400 1026 manus
3426 970 3496 1027 ad

1897 1075 2062 1130 opera
2091 1059 2234 1115 bona
2260 1060 2468 1132 agenda
2491 1060 2703 1115 solvere
2732 1059 3078 1131 properabat.
3106 1057 3252 1125 Quid
3280 1057 3348 1113 ad
3376 1059 3495 1116 haec

1899 1147 2195 1204 dicendum
2248 1158 2362 1218 est,
2424 1150 2670 1206 fratres?
2734 1147 3173 1206 Exclamandum
3228 1155 3309 1203 est
3365 1164 3493 1204 cum

1900 1239 2187 1295 Psalmista
2221 1258 2233 1296 :
2289 1264 2306 1286 ε
2339 1240 2482 1307 Quid
2511 1240 2810 1296 retribuam
2841 1238 3083 1296 Domino
3111 1255 3211 1311 pro
3235 1238 3493 1295 omnibus

1902 1345 2021 1401 quae
2050 1328 2308 1385 retribuit
2334 1329 2473 1384 mihi
2505 1331 2680 1401 (Psal.
2715 1346 2844 1397 cxv,
2885 1328 3021 1397 i2)?
3052 1352 3069 1375 ι
3132 1328 3229 1383 Ille
3269 1327 3492 1400 quidem

1900 1418 2116 1473 invenit
2147 1420 2395 1487 calicem,
2440 1437 2599 1492 quem
2634 1419 2903 1474 retribuet
2938 1436 2950 1474 :
2994 1434 3096 1474 nos
3124 1434 3254 1473 vero
3286 1417 3492 1474 redda—

1898 1525 2021 1563 mus
2051 1508 2196 1581 quod
2243 1526 2551 1580 possumus,
2602 1509 2660 1564 id
2693 1517 2774 1564 est
2802 1509 3198 1580 eleemosynas,
3250 1506 3490 1578 vigilias,

1899 1598 2188 1669 lacrymas,
2221 1614 2405 1671 pacem
2441 1616 2453 1653 :
2503 1596 2849 1654 dimittamus
2878 1596 2935 1652 in
2968 1614 3068 1652 nos
3114 1596 3487 1670 peccantibus,

1899 1692 1960 1741 ut
1989 1692 2174 1740 nostra
2202 1685 2362 1741 nobis
2389 1685 2743 1741 dimittantur
2764 1702 2795 1740 a
2816 1687 2931 1741 Deo
2960 1691 3199 1757 peccata.

1969 1772 2022 1828 3.
2064 1774 2313 1831 Pastores
2342 1792 2473 1830 vero
2513 1775 2629 1849 qui,
2679 1783 2935 1832 nascente
2974 1775 3073 1831 Dei
3118 1773 3280 1843 Filio,
3327 1790 3491 1846 supra

1898 1877 2112 1934 gregem
2170 1881 2330 1919 suum
2396 1864 2722 1937 vigilabant,
2793 1872 2848 1921 et
2910 1864 3132 1938 angelos
3204 1862 3489 1929 videbant,

175 1958 338 2030 quod
371 1959 623 2016 manibus
654 1976 963 2032 oper-amur,
1020 1960 1183 2016 corde
1240 1961 1593 2029 mundamur,
1652 1978 1785 2034 ρι-ω.
1819 1972 1866 2032 Β
1898 1960 2114 2008 sanctos
2139 1954 2527 2025 praedicatores
2555 1953 2870 2026 signiﬁcant
2900 1971 2912 2010 :
2946 1953 3042 2022 qui
3084 1968 3196 2025 quo
3225 1950 3489 2022 majorem

174 2054 368 2102 stante
396 2048 634 2104 Domino
676 2056 866 2104 nostro
894 2049 1022 2105 Jesu
1067 2048 1308 2117 Christo,
1350 2050 1600 2123 quicum
1631 2051 1787 2106 Patre

174 2144 237 2193 et
269 2138 484 2209 Spiritu
520 2147 710 2196 sancto
750 2140 893 2196 vivit
920 2147 974 2196 et
1003 2149 1192 2213 regnat
1232 2140 1291 2196 in
1322 2140 1521 2199 saecula
1548 2141 1786 2198 saeculo-

177 2243 334 2296 rum,
365 2244 546 2285 amen.

695 2375 843 2434 394
883 2369 1119 2426 SERMO
1157 2372 1251 2427 III.

614 2468 677 2523 In
706 2467 796 2523 die
824 2466 1034 2523 Natalis
1064 2464 1288 2523 Domini
1320 2467 1364 2522 Ι.

181 2579 391 2636 Aberat
406 2595 470 2634 ea:
498 2579 732 2649 antiquis
759 2578 1095 2633 editionibus.
1120 2578 1390 2633 Ambrosii
1412 2581 1602 2650 procul
1630 2580 1786 2634 dubio

261 2650 401 2706 nihil
427 2667 543 2721 prce
569 2667 622 2722 se
650 2650 757 2719 fert
791 2667 809 2704 .·
858 2650 1014 2722 verba
1040 2656 1212 2704 autem
1244 2650 1361 2716 illa,
1402 2658 1622 2722 propter
1650 2667 1787 2722 pro-

263 2720 541 2777 lixitatem
585 2721 764 2776 divini
796 2720 1102 2777 oﬂicii......
1137 2727 1360 2792 propter
1387 2720 1784 2776 dissenantiam

260 2809 473 2865 regum,
505 2793 666 2865 eidem
696 2793 911 2865 minime
937 2791 1280 2865 conveniunt.
1298 2791 1456 2846 Forte
1482 2793 1657 2865 minus
1680 2794 1785 2847 ab-

259 2862 517 2918 horreant
551 2882 585 2919 a
613 2864 866 2931 Caesarie,
903 2862 1056 2932 cujus
1084 2862 1156 2916 ad
1180 2863 1375 2933 stytum
1407 2868 1543 2917 totus
1568 2863 1651 2918 hic
1678 2880 1785 2918 ser-

255 2952 342 2990 mo
372 2936 502 2990 satis
530 2935 743 2990 accedit.

256 3058 308 3115 1.
349 3057 576 3115 Domini
608 3058 783 3115 nostri
819 3059 946 3114 Jesu
977 3056 1207 3126 Christi,
1246 3058 1461 3128 fratres,
1503 3058 1786 3116 Nativita-

180 3157 298 3205 tem
328 3148 687 3217 celebrantes,
742 3147 1028 3204 videamus
1074 3163 1292 3203 sensum
1339 3146 1505 3219 hujus
1541 3165 1786 3222 evange—

182 3238 307 3295 licae
338 3236 613 3305 lectionis,
647 3252 767 3309 quae
798 3236 963 3292 modo
993 3236 1133 3292 lecta
1157 3242 1270 3303 est;
1304 3235 1441 3293 dicit
1468 3238 1617 3293 enim
1647 3254 1785 3294 san-

182 3336 309 3385 ctus
365 3327 699 3399 evangelista
755 3327 989 3399 Augusti
1039 3326 1269 3383 Caesaris
1326 3325 1507 3382 edicto
1558 3343 1782 3383 censum
1820 3330 1863 3389 C

184 3415 493 3488 professum
551 3431 667 3471 esse
727 3415 996 3471 mundum
1052 3413 1395 3482 universum,
1449 3424 1503 3471 e-t
1551 3415 1621 3471 ob
1676 3414 1783 3471 hoc

186 3504 494 3562 ascendisse
535 3503 736 3576 Joseph
775 3519 807 3559 a
848 3503 1073 3559 Galilaea
1127 3502 1194 3558 de
1241 3502 1466 3559 civitate
1518 3504 1781 3560 Nazareth

188 3595 250 3651 in
278 3593 519 3650 Iudaeam
552 3592 610 3647 in
640 3592 923 3649 civitatem
972 3590 1168 3658 David,
1201 3607 1320 3663 quae
1353 3599 1581 3648 vocatur
1606 3594 1783 3648 Beth-

190 3683 328 3739 leem
363 3699 374 3737 :
428 3690 491 3738 ut
528 3681 607 3737 ibi
648 3679 998 3753 proﬁteretur
1041 3695 1167 3736 cum
1206 3679 1377 3737 Maria
1416 3697 1589 3737 uxore
1637 3698 1784 3753 prae-

191 3780 410 3845 gnante,
456 3779 513 3827 et
555 3787 658 3843 pro
710 3778 949 3842 utroque
1005 3768 1243 3827 solveret
1292 3786 1540 3836 censum,
1595 3776 1784 3842 utpote

191 3860 261 3917 de
287 3859 475 3916 eadem
505 3857 718 3915 familia
757 3858 910 3930 (Luc.
942 3876 1005 3927 ιι,
1042 3858 1179 3932 1-5).
1218 3858 1389 3914 Tanta
1432 3858 1635 3932 quippe
1677 3859 1785 3915 fuit

194 3965 322 4022 pax,
362 3947 506 4004 Filio
541 3947 641 4004 Dei
681 3954 975 4020 apparente
1013 3946 1071 4002 in
1110 3963 1293 4016 carne,
1354 3963 1451 4020 per
1488 3947 1784 4005 duodecim

193 4055 385 4107 annos,
416 4047 479 4095 ut
508 4054 722 4107 omnes,
753 4037 1056 4094 secundum
1082 4038 1234 4094 Isaiae
1264 4038 1612 4108 vaticinium,
1643 4055 1787 4096 con-

195 4127 485 4185 tunderent
533 4127 745 4200 gladios
777 4143 906 4183 suos
947 4126 1008 4182 in
1053 4134 1254 4196 aratra,
1300 4134 1355 4182 et
1402 4127 1615 4184 lanceas
1662 4144 1787 4184 suas

195 4218 257 4274 in
284 4218 446 4274 falces
495 4218 631 4287 (Isa.
665 4234 727 4284 ιι,
759 4216 840 4287 4).
892 4215 1019 4273 Ideo
1046 4233 1176 4272 vero
1219 4215 1394 4273 Filius
1437 4217 1557 4286 Dei,
1598 4225 1789 4274 auctor

198 4307 362 4380 pacis,
394 4314 641 4377 tempore
691 4304 838 4376 pacis
884 4305 1151 4373 nascitur,
1201 4314 1264 4362 ut
1297 4322 1488 4362 omnes
1534 4322 1789 4379 sequaces

198 4413 321 4454 suos
349 4412 536 4468 pacem
581 4410 762 4450 amare
792 4394 1030 4451 doceret.
1080 4396 1217 4452 Nam
1265 4396 1408 4452 sicut
1455 4397 1634 4454 Cesar
1661 4399 1788 4453 Au-

202 4494 387 4560 gustus
417 4484 570 4541 misit
608 4483 878 4556 Cyrinum
924 4484 993 4540 ad
1032 4486 1363 4559 exigendum
1394 4504 1653 4555 censum;
1712 4488 1790 4543 ita

202 4581 345 4637 Deus
387 4591 554 4631 verus
595 4575 878 4646 Augustus
920 4574 1073 4630 misit
1117 4576 1500 4646 praedicatores
1529 4579 1588 4632 in
1618 4594 1791 4633 mun-

201 4669 329 4727 dum
357 4666 426 4723 ad
472 4682 696 4722 censum
733 4664 862 4720 ﬁdei
900 4663 1253 4736 exigendum.
1304 4666 1613 4722 Reddamus
1641 4683 1787 4740 ergo,

204 4757 413 4825 fratres,
437 4771 663 4812 censum
686 4753 815 4811 ﬁdei
844 4760 897 4809 et
926 4753 1083 4809 bonae
1113 4753 1364 4810 actionis.
1395 4756 1594 4811 Nullus
1620 4772 1787 4811 rema-

208 4854 348 4915 neat,
380 4861 571 4901 omnes
601 4842 960 4901 ascendamus
990 4843 1057 4899 de
1088 4844 1332 4912 Galilzea,
1365 4843 1421 4901 id
1452 4852 1554 4912 est,
1583 4846 1650 4902 de
1682 4863 1792 4901 vo-

206 4934 475 4992 lubilitate
520 4933 714 4989 mundi
747 4933 805 4988 in
842 4932 1107 5001 Iudaeam,
1159 4932 1215 4987 id
1245 4940 1347 5001 est,
1378 4942 1537 4989 rectae
1567 4934 1792 4991 confes-

208 5024 370 5081 sionis
399 5024 709 5095 regionem;
743 5029 1014 5095 quatenus
1043 5021 1345 5089 Bethleem,
1379 5022 1436 5077 id
1465 5031 1565 5091 est,
1596 5023 1793 5081 domus

209 5115 356 5191 panis
392 5130 508 5170 esse
559 5129 887 5180 mereamur,
945 5111 1099 5167 illius
1154 5110 1417 5168 videlicet
1461 5113 1554 5186 qui
1610 5113 1789 5170 dicit:

222 5228 241 5253 .
271 5205 378 5275 Ego
401 5220 523 5260 sum
553 5200 711 5276 panis
741 5200 922 5269 vivus,
950 5199 1043 5273 qui
1072 5198 1138 5255 de
1167 5198 1304 5256 oculo
1324 5198 1583 5257 descendi
1607 5201 1791 5273 (Joan.

212 5311 286 5362 VI,
317 5293 431 5365 51).
473 5316 491 5339 ι

279 5389 326 5446 2.
365 5389 561 5445 Narrat
619 5395 879 5460 praeterea
934 5384 1297 5456 Evangelium
1357 5386 1486 5458 quia
1541 5403 1665 5443 cum
1698 5405 1799 5460 ge-

214 5479 415 5539 nuisset
444 5478 603 5534 beata
632 5493 844 5549 semper
872 5475 1029 5548 virgo
1053 5474 1224 5531 Maria
1254 5474 1557 5545 Christum,
1603 5477 1799 5548 pannis

214 5571 383 5643 ipsum
430 5567 746 5622 involutum
784 5564 1029 5637 posuerit
1073 5563 1129 5619 in
1177 5564 1484 5637 praesepio:
1537 5583 1657 5639 quas
1700 5582 1801 5622 nec

217 5656 470 5731 mysterio
502 5661 735 5721 vacant;
782 5653 964 5709 voluit
992 5653 1139 5708 enim
1187 5654 1439 5711 Christus
1479 5655 1676 5729 pannis
1704 5654 1803 5709 in-

216 5747 379 5814 volvi,
416 5753 478 5800 ut
509 5760 607 5799 nos
635 5760 666 5799 a
695 5742 905 5815 laqueis
946 5743 1139 5799 mortis
1179 5743 1505 5800 absolveret.
1562 5746 1634 5800 Et
1666 5743 1801 5801 bene

220 5835 376 5897 dicit:
409 5835 584 5901 Ibant,
625 5840 687 5888 ut
713 5829 965 5887 ostendat
996 5831 1143 5903 quod
1174 5831 1233 5887 in
1264 5833 1355 5888 via
1385 5834 1628 5890 nascitur
1655 5852 1665 5889 :
1700 5832 1805 5889 hoc

224 5933 395 5985 autem
419 5922 550 5999 quia
578 5920 726 5980 viam
754 5918 915 5978 nobis
942 5936 999 5977 se
1028 5921 1314 5979 ostendere
1345 5931 1589 5981 venerat.
1614 5924 1807 5982 Voluit

1896 2056 2084 2097 curam
2125 2042 2329 2099 habent
2367 2045 2702 2111 animarum,
2750 2060 2816 2099 eo
2858 2042 3200 2115 frequentius
3243 2040 3491 2113 angelica

1895 2129 2229 2186 allocutione
2272 2132 2506 2189 relevari
2554 2140 2855 2189 merentur.
2903 2130 3115 2202 Angelo
3156 2145 3286 2185 vero
3314 2145 3492 2202 appa-

1896 2226 2069 2288 rente,
2119 2228 2360 2291 pastores
2389 2221 2704 2291 turbantur,
2727 2221 2859 2295 quia
2886 2219 3143 2277 humanae
3172 2225 3381 2275 naturae
3409 2226 3491 2275 est

1896 2304 1966 2361 ad
2009 2309 2327 2380 angelorum
2381 2318 2662 2383 aspectum
2716 2325 2938 2382 pavere,
2991 2316 3047 2366 et
3089 2307 3366 2365 bonorum
3408 2315 3492 2364 est

1895 2396 2214 2466 angelorum
2244 2398 2674 2455 consolationem
2700 2398 2962 2455 adhibere
2982 2396 3490 2455 timentibus.Unde

1895 2502 2028 2542 mox
2075 2494 2319 2559 pastores
2366 2489 2687 2562 alloquitur,
2728 2488 2960 2545 dicens:
3021 2511 3040 2535 ι
3082 2488 3265 2544 Nolite
3294 2487 3489 2543 timere

1899 2575 2049 2646 (Luc.
2084 2593 2146 2645 ιι,
2196 2576 2308 2647 10),
2341 2602 2358 2623 ι
2416 2586 2470 2633 et
2512 2577 2700 2632 subdit
2750 2593 2961 2650 quare:
3028 2599 3045 2624 ι
3073 2576 3238 2640 Ecce,
3282 2574 3484 2647 inquit,

1895 2666 2209 2736 evangelizo
2238 2666 2396 2722 vobis
2426 2666 2684 2739 gaudium
2714 2682 2995 2738 magnum,
3029 2666 3173 2738 quod
3203 2665 3308 2721 erit
3333 2665 3485 2721 omni

1895 2754 2097 2825 populo
2128 2754 2343 2825 (Ibid).
2376 2779 2394 2802 ι
2438 2755 2672 2810 Pulchre
2700 2754 2837 2810 dicit
2871 2771 2882 2810 :
2932 2779 2950 2802 ι
2981 2753 3145 2809 Omni
3174 2753 3377 2826 populo
3405 2769 3418 2808 :
3450 2777 3471 2802 ι

1895 2842 2023 2914 quia
2048 2842 2115 2898 de
2140 2842 2292 2898 omni
2324 2843 2527 2915 populo
2557 2850 2828 2899 venerunt
2857 2842 2926 2899 ad
2952 2842 3139 2898 ﬁdem.

1964 2930 2017 2986 4.
2062 2931 2182 2987 Uno
2222 2930 2407 3003 itaque
2448 2934 2642 3004 angelo
2686 2948 2812 2988 cum
2859 2930 3171 3004 pastoribus
3208 2931 3485 3004 loquente,

1894 3023 2078 3079 subito
2109 3023 2410 3079 multitudo
2439 3026 2759 3096 angelorum
2816 3039 3082 3098 apparens
3126 3023 3268 3079 hanc
3294 3038 3487 3080 vocem

1894 3112 2077 3169 subito
2119 3113 2422 3169 multitudo
2470 3115 2789 3186 angelorum
2821 3130 3087 3187 apparens
3124 3112 3268 3170 hanc
3297 3129 3486 3170 vocem

1893 3205 2077 3261 emisit
2108 3223 2119 3260 :
2170 3230 2187 3252 ι
2219 3204 2406 3260 Gloria
2440 3204 2499 3260 in
2527 3204 2814 3261 altissimis
2851 3207 2985 3273 Deo,
3031 3214 3085 3262 et
3118 3205 3175 3261 in
3206 3212 3351 3262 terra
3380 3220 3488 3276 pax

1894 3293 2215 3350 hominibus
2270 3293 2428 3349 bonae
2485 3293 2789 3349 voluntatis
2826 3293 2990 3365 (Ibid.
3043 3293 3156 3363 14).
3198 3317 3217 3340 ›
3276 3293 3340 3347 In
3377 3307 3488 3365 quo

1892 3382 2038 3439 facto
2070 3382 2352 3439 moraliter
2390 3398 2700 3450 monemur,
2755 3391 2835 3450 ut,
2884 3398 2995 3437 uno
3039 3381 3205 3436 fratre
3252 3381 3484 3453 legente,

1892 3472 1979 3527 vel
2036 3471 2287 3539 docente,
2345 3471 2432 3526 vel
2472 3469 2761 3542 quodlibet
2816 3486 2951 3542 opus
3008 3468 3216 3524 bonum
3272 3475 3482 3541 agente,

1894 3560 2194 3616 multitudo
2240 3560 2494 3616 ﬁdelium
2543 3561 2601 3615 in
2654 3558 2872 3615 laudem
2918 3558 3018 3615 Dei
3063 3565 3402 3631 prorumpat,
3432 3565 3487 3614 et

1893 3649 1962 3705 ad
1991 3649 2323 3706 imitandum
2372 3649 2581 3706 bonum
2612 3648 2759 3722 quod
2794 3648 2991 3715 cernit,
3048 3654 3312 3719 assurgat.
3361 3649 3488 3719 Ap-

1892 3752 2119 3817 parente
2150 3761 2281 3801 vero
2310 3744 2454 3801 Filio
2482 3744 2581 3801 Dei
2614 3744 2672 3800 in
2699 3758 2883 3811 carne,
2914 3741 3087 3814 gloria
3115 3740 3175 3797 in
3203 3738 3488 3797 altissimis

1893 3837 2006 3891 Deo
2031 3834 2270 3903 canitur,
2315 3842 2368 3890 et
2398 3850 2506 3908 pax
2549 3834 2607 3889 in
2636 3841 2784 3889 terra
2828 3847 2944 3888 esse
2971 3829 3292 3887 hominibus
3328 3829 3487 3886 bona:

1894 3923 2199 3980 voluntatis
2227 3924 2613 3981 annuntiatur.
2665 3923 2851 3978 Simus
2878 3937 3005 3994 ergo
3035 3927 3090 3977 et
3116 3936 3240 3986 nos,
3268 3918 3483 3987 fratres,

1894 4013 2054 4069 bonae
2083 4013 2410 4081 voluntatis,
2446 4020 2716 4086 quatenus
2764 4010 2823 4067 in
2862 4025 2993 4084 pace
3037 4010 3225 4067 vivere
3270 4023 3488 4066 merea-

1896 4121 2039 4161 mur.

1966 4196 2020 4252 5.
2062 4193 2294 4250 Sensum
2321 4198 2507 4249 tamen
2538 4191 2865 4262 evangelicae
2904 4189 3157 4246 lectionis
3184 4195 3239 4244 et
3267 4195 3489 4260 propter

1898 4284 2225 4340 brevitatem
2266 4281 2398 4348 diei,
2445 4289 2497 4337 et
2542 4280 2916 4352 prolivitatem
2964 4277 3142 4334 divini
3189 4277 3358 4333 ofﬁcii
3385 4275 3489 4332 sub

1897 4373 2167 4430 brevitate
2205 4370 2665 4445 perstringimus;
2704 4379 2769 4427 ut
2809 4385 2909 4425 vos
2954 4384 3177 4424 monere
3216 4365 3491 4438 possimus

1898 4463 1965 4518 de
1997 4462 2084 4518 his
2126 4479 2245 4534 quae
2289 4461 2356 4517 ad
2403 4469 2641 4517 vestram
2690 4459 3000 4532 specialiter
3046 4458 3278 4514 salutem
3309 4454 3489 4528 perti-

1900 4558 2050 4606 nent.
2107 4549 2366 4606 Monendi
2424 4549 2569 4604 enim
2616 4564 2824 4614 sumus,
2868 4553 2931 4602 ut
2967 4545 3318 4601 aﬁlictionem
3368 4558 3488 4614 quae

1901 4639 2061 4695 nobis
2121 4648 2342 4711 propter
2414 4637 2811 4695 dissonantiam
2886 4652 3074 4707 regum
3148 4630 3489 4705 supervenit,

1902 4728 2102 4786 nostris
2133 4738 2384 4802 reputare
2420 4727 2736 4784 studeamus
2770 4724 3025 4797 peccatis.
3076 4724 3146 4779 Ut
3183 4738 3310 4793 ergo
3338 4727 3392 4777 et
3419 4718 3490 4776 ab

1899 4827 2044 4885 395
2084 4822 2187 4879 ista
2236 4818 2636 4894 persecutione,
2695 4825 2748 4874 et
2794 4816 2861 4872 ab
2908 4823 3111 4873 aeterna
3138 4812 3491 4871 damnatione

1902 4918 2121 4975 liberari
2162 4915 2506 4983 mereamini,
2560 4912 2938 4986 unusquisque
2994 4910 3265 4985 quidquid
3321 4909 3379 4965 in
3435 4925 3493 4965 se

1902 5007 2332 5082 reprehensibile
2366 5003 2730 5076 recognoscit,
2763 5002 2821 5058 in
2847 5002 2951 5058 hac
2979 5002 3068 5058 die
3098 5001 3156 5057 in
3183 5016 3290 5073 qua
3315 4999 3495 5057 Filius

1901 5099 2001 5156 Dei
2031 5098 2295 5164 nascitur,
2353 5092 2611 5165 corrigat,
2667 5091 2724 5148 id
2781 5099 2883 5160 est,
2943 5090 3038 5164 qui
3098 5090 3207 5146 fuit
3257 5088 3500 5155 adulter,

1903 5196 2101 5244 voveat
2156 5188 2269 5242 Deo
2316 5182 2672 5240 castitatem:
2724 5180 2821 5254 qui
2867 5196 3090 5247 avarus,
3147 5178 3495 5251 largitatem;

1905 5277 2172 5343 ebriosus,
2205 5273 2553 5329 sobrietatem
2581 5289 2595 5338 ;
2637 5271 2730 5345 qui
2761 5269 3049 5343 superbus,
3082 5267 3453 5325 humilitatem
3482 5284 3497 5333 ;

1907 5373 2000 5445 qui
2033 5371 2327 5435 detractor,
2359 5366 2684 5424 charitatem
2714 5374 2931 5433 voveat,
2962 5372 3016 5420 et
3047 5363 3256 5432 reddat,
3290 5374 3498 5419 secun-

1907 5464 2039 5520 dum
2070 5460 2228 5516 illum
2277 5456 2471 5531 psalmi
2502 5456 2837 5513 versiculum
2869 5472 2880 5510 :
2946 5477 2965 5502 ‹
2994 5453 3226 5518 Vovete,
3270 5460 3323 5508 et
3365 5450 3502 5507 red-

1909 5552 2024 5609 dite
2064 5547 2302 5606 Domino
2350 5547 2463 5602 Deo
2510 5551 2693 5602 vestro
2738 5543 2912 5614 (Psal.
2948 5558 3120 5609 LXXV,
3167 5540 3280 5612 12).
3321 5565 3339 5588 ι
3391 5540 3503 5598 Nos

1910 5639 2148 5697 ﬁdeliter
2197 5651 2517 5702 voveamus,
2572 5633 2667 5689 ille
2713 5630 2867 5687 dabit
2915 5629 3334 5703 possibilitatem
3383 5628 3506 5686 sol-

1913 5729 2100 5787 vendi.
2138 5755 2148 5766 ο

1984 5830 2038 5885 6.
2080 5826 2253 5884 Valde
2278 5824 2480 5898 quippe
2511 5822 2801 5878 honestum
2834 5828 2936 5888 est,
2977 5819 3195 5887 fratres,
3230 5826 3292 5874 ut
3321 5816 3509 5872 nullus

1916 5919 1989 5976 sit
2016 5915 2112 5992 qui
2158 5931 2272 5972 non
2302 5912 2469 5970 hodie
2508 5910 2747 5969 Domino
2774 5908 2987 5983 aliquid
3016 5907 3226 5965 offerat.
3275 5902 3512 5976 Regibus
