3972 6380
501 488 606 546 631

1523 493 1620 548 AD
1657 491 1890 548 OPERA
1927 491 1984 546 S.
2027 489 2366 548 AMBROSII
2407 490 2790 549 APPENDIX.

3745 491 3871 550 632

503 613 593 669 vel
639 612 834 670 amicis
887 614 1154 686 susceptis
1213 629 1443 671 munera
1481 594 1708 682 damus,
1767 623 1822 672 et
1869 614 2103 674 creatori
2135 619 2186 676 A
2215 632 2328 672 uno
2355 615 2657 689 eodemque
2697 621 2826 671 ortu
2855 615 3034 671 lucem
3074 613 3281 688 pariter
3314 613 3508 671 intulit
3535 621 3592 671 et
3624 615 3868 673 homi-

504 703 755 761 omnium
775 703 846 760 ad
864 721 967 761 nos
994 705 1243 761 venienti
1270 704 1414 761 nihil
1443 704 1740 763 dabimus?
1766 705 1918 762 Nihil
1949 705 2098 760 enim

2209 704 2374 764 nibus
2397 713 2452 762 et
2477 704 2692 762 diebus.
2724 703 2879 761 Unde
2903 720 3017 761 non
3043 711 3127 762 est
3154 703 3359 760 mirum
3386 703 3434 761 si
3461 705 3672 762 crescit
3692 705 3864 776 dies,

504 811 538 852 a
565 793 728 859 nobis
760 795 935 867 magis
965 794 1216 868 requirit,
1263 811 1425 868 quam
1455 797 1837 869 nosmetipsos.
1884 797 2104 852 Oﬂ'era-
2210 811 2332 868 quae
2360 795 2578 868 gemino
2607 794 2840 868 fulgoris
2870 794 3163 868 splendore
3192 793 3452 850 vestitur.

505 899 630 940 mus
657 900 786 956 ergo
831 884 882 940 ei
930 900 1030 940 nos
1065 885 1232 956 ipsos,
1279 891 1547 957 quatenus
1591 892 1647 941 et
1675 901 1707 941 a
1743 885 2104 958 praesentibus

505 973 692 1042 malis,
717 982 772 1029 et
791 971 860 1028 ab
879 972 1100 1029 aeternis
1129 971 1484 1042 cruciatibus,
1512 974 1688 1047 ipsius
1708 974 1974 1032 ineffabili
1994 975 2104 1048 pie-

504 1064 608 1122 tati
636 1064 883 1134 liberati,
915 1065 974 1120 in
1021 1065 1258 1122 caelestis
1294 1065 1447 1138 regni
1476 1065 1816 1123 beatitudine
1842 1067 2104 1139 suscepti,

507 1161 772 1227 perpetuo
793 1153 1078 1210 valeamus
1109 1154 1344 1226 gaudere
1369 1171 1381 1209 :
1405 1164 1694 1226 praestante
1724 1155 1843 1228 ipso
1867 1154 2106 1212 Domino

506 1259 572 1299 ac
605 1242 951 1315 redemptore
1000 1253 1192 1300 nostro
1224 1244 1354 1299 Jesu
1400 1243 1641 1313 Christo,
1681 1245 1771 1302 cui
1817 1253 1896 1300 est
1924 1244 2108 1301 omnis

508 1330 688 1388 honor
711 1341 765 1388 et
793 1332 970 1406 gloria
995 1348 1122 1389 cum
1149 1331 1311 1388 Patre
1333 1341 1387 1390 et
1415 1333 1623 1407 Spiritu
1647 1341 1834 1392 sancto
1863 1349 1960 1408 per
1985 1333 2106 1391 inﬁ-

509 1420 628 1479 uita
658 1421 858 1480 saecula
881 1421 1233 1492 saeculorum,
1267 1437 1448 1479 amen.

1113 1547 1350 1606 SERMO
1386 1549 1482 1606 IV.

829 1648 909 1703 De
943 1645 1123 1702 Natali
1152 1646 1376 1705 Domini
1407 1645 1705 1704 Salvatoris
1737 1649 1806 1704 II.

519 1753 732 1826 Videtur
759 1769 786 1807 e
811 1754 1138 1826 sermonibus
1166 1753 1496 1809 diversorum
1525 1756 1749 1812 Patrum
1775 1756 2111 1826 compilatus,

579 1824 810 1898 maxime
858 1841 1004 1898 veroA
1023 1824 1310 1898 Augustini
1330 1843 1365 1898 ,χ
1399 1843 1505 1880 non
1537 1829 1708 1882 solum
1753 1824 1900 1882 enini
1914 1828 1971 1883 in
1999 1829 2112 1898 ejus

585 1896 722 1952 libro
747 1896 956 1969 Quaest.
978 1895 1066 1969 83,
1089 1895 1280 1969 quaest.
1305 1897 1395 1966 58,
1417 1915 1600 1953 verum
1625 1899 1780 1954 etiam
1801 1899 1857 1954 in
1881 1895 2114 1969 ejusdem

2283 895 2336 951 3.
2376 893 2482 951 Sed
2525 893 2812 951 videamus
2839 893 3022 952 adhuc
3066 893 3342 966 quomodo
3381 894 3664 954 Dominus
3699 894 3856 952 Sal-

2216 991 2373 1038 vator
2401 992 2628 1052 crescat,
2679 984 2914 1040 Joannes
2941 983 3187 1056 Baptista
3215 981 3523 1040 decrescat.
3554 983 3855 1041 Diximus

2216 1071 2274 1128 in
2303 1072 2678 1145 superioribus
2711 1072 2826 1145 (11)
2879 1072 3026 1146 quod
3055 1073 3290 1128 Joannes
3327 1073 3551 1146 quidem
3583 1073 3852 1146 ﬁguram

2217 1161 2350 1234 legis
2379 1162 2878 1234 prophetarumque
2925 1161 3218 1234 gestaverit
3242 1179 3254 1218 :
3297 1177 3516 1218 necesse
3545 1169 3671 1218 erat
3701 1178 3849 1234 ergo

2217 1259 2278 1308 ut
2305 1253 2560 1309 deﬁceret
2591 1254 2702 1321 lex,
2733 1253 3038 1324 Evangelio
3067 1261 3426 1320 coruscante;
3461 1260 3517 1308 et
3547 1251 3850 1308 minuere-

2217 1351 2306 1399 tur
2334 1341 2594 1399 Judaicus
2627 1342 2884 1416 populus,
2929 1343 3134 1415 populo
3186 1341 3504 1400 Christiano
3535 1350 3846 1416 surgente.

2216 1431 2350 1501 Quis
2379 1432 2525 1488 enim
2552 1431 2770 1490 dubitat
2797 1431 3088 1488 nativitate
3115 1431 3680 1506 Domini,Synagogae
3717 1449 3851 1489 esse

2215 1522 2603 1578 conventicula
2663 1529 2916 1592 vacuata,
2981 1521 3168 1595 plebes
3233 1522 3634 1595 multiplicatas
3681 1527 3849 1586 396

2220 1620 2500 1688 Ecclesiae,
2547 1627 2600 1676 et
2629 1619 2831 1677 mirum
2878 1620 2937 1676 in
2968 1619 3193 1676 modum
3242 1619 3490 1694 quotidie
3529 1621 3844 1679 Christum

2220 1725 2318 1781 per
2343 1708 2688 1766 Christianos
2733 1727 2860 1766 suos
2902 1725 3163 1777 crescere,
3212 1709 3476 1765 Joannem
3511 1709 3697 1766 minui
3739 1727 3850 1784 per

2221 1801 2436 1856 Judzeos
2456 1801 2484 1857 ‘i
2526 1799 2628 1856 hos
2657 1799 2767 1856 diei
2797 1799 3076 1856 Dominici
3109 1801 3400 1873 splendore
3431 1799 3664 1872 fulgere,
3699 1801 3848 1859 illos

2221 1889 2556 1947 obscuritate
2581 1888 2829 1945 noctium
2863 1889 3113 1946 laborare
3133 1889 3162 1944 ?
3193 1889 3316 1946 Nox
3343 1889 3491 1944 enim
3521 1906 3692 1962 super
3722 1891 3848 1946 Ju-

583 1967 1040 2052 sermonibus
1067 1967 1119 2022 et
1145 1967 1248 2024 194
1267 1970 1596 2052 novieedit,
1620 1988 1727 2025 non
1747 1967 1920 2042 pauca
1950 1989 2108 2044 repe-
2133 1979 2180 2040 B
2212 1979 2358 2035 daeos
2386 1977 2792 2052 quodammodo
2818 1977 2992 2050 major
3021 1976 3301 2045 incubuit,
3333 1993 3402 2032 ex
3425 1993 3534 2050 quo
3552 1977 3844 2036 dixerunt

582 2037 719 2106 rias,
751 2055 868 2108 qua:
919 2039 1012 2094 tibi
1051 2040 1369 2110 persuadeas
1414 2040 1472 2095 in
1511 2037 1646 2097 hunc
1687 2037 1975 2098 sermonem
2003 2037 2107 2100 esse

587 2111 869 2166 translata.
889 2111 1148 2166 Emndem
1176 2112 1330 2166 etiam
1349 2111 1396 2166 si
1414 2129 1532 2167 cum
1557 2114 1775 2170 Hieron.
1795 2113 2102 2172 Comment.

586 2180 643 2254 in
662 2197 790 2254 cap.
825 2199 881 2237 IV
906 2180 974 2254 ad
1005 2182 1185 2254 Galat.
1217 2199 1306 2238 nec
1334 2200 1440 2238 non
1467 2200 1586 2238 cum
1609 2186 1935 2241 sermonibus
1963 2188 2033 2242 98
2063 2194 2110 2242 et

587 2253 1200 2335 19:7.appemni._z_iug_ust.
1233 2256 1605 2328 composueris,
1635 2257 1975 2329 compitatu-m
2004 2275 2110 2314 esse

584 2323 851 2380 nobiseum
879 2323 1146 2396 fateberis.

589 2432 640 2488 1.
681 2432 889 2490 Verum
924 2441 1005 2490 est
1037 2433 1184 2507 quod
1217 2433 1294 2490 ait
1324 2442 1545 2492 sanctus
1587 2435 1824 2492 Joannes
1865 2437 2110 2510 Baptista

515 2521 584 2579 de
638 2521 876 2578 Domino
935 2523 1252 2593 Salvatore,
1307 2523 1540 2580 dicens:
1617 2549 1635 2572 ι
1675 2525 1838 2581 Illum
1896 2535 2111 2598 oportet

515 2626 782 2681 crescere,
821 2627 909 2668 me
939 2620 1120 2668 autem
1156 2613 1334 2668 minui
1367 2613 1548 2686 (Joan.
1583 2631 1666 2683 ιιι,
1695 2613 1809 2686 30).
1841 2640 1860 2663 ι
1915 2615 2110 2690 Siqui—

517 2699 644 2758 dem
691 2700 796 2758 hoc
840 2699 1079 2774 primum
1128 2701 1293 2756 etiam
1341 2701 1474 2774 ipsis
1519 2702 1860 2774 temporibus
1905 2721 2113 2778 appro-

517 2788 718 2858 batur;
769 2806 892 2848 ecce
921 2791 1068 2846 enim
1109 2790 1166 2846 in
1196 2790 1483 2848 nativitate
1511 2790 1718 2848 Christi
1748 2791 1866 2848 dies
1892 2795 2108 2864 crescit,

521 2885 576 2934 et
625 2878 853 2935 Joannis
901 2879 1190 2935 nativitate
1235 2878 1549 2937 decrescit:
1608 2879 1708 2936 illo
1752 2881 1962 2938 oriente
2013 2883 2112 2939 lux

519 2967 760 3040 proﬁcit,
816 2967 924 3024 hoc
979 2978 1236 3026 nascente
1277 2969 1568 3026 minuitur.
1614 2971 1737 3042 Ipsa
1779 2971 1932 3027 enim
1971 2989 2109 3046 quo-

521 3055 822 3112 dammodo
850 3065 1098 3129 tempora
1139 3057 1465 3116 famulantia
1506 3059 1752 3132 partibus
1793 3061 1909 3117 suis
1947 3060 2112 3118 detri-

523 3155 772 3204 mentum
806 3148 1116 3222 patiuntur,
1155 3167 1280 3208 cum
1313 3166 1502 3207 servus
1531 3149 1774 3222 gignitur
1805 3151 1886 3224 (8)
1924 3168 1936 3207 :
1984 3168 2112 3208 cum

521 3246 703 3296 autem
725 3241 998 3298 Dominus
1021 3243 1284 3313 nascitur,
1306 3252 1718 3317 consequuntur
1735 3253 2109 3316 augmentum.

2215 2069 2282 2124 de
2312 2084 2444 2125 nece
2474 2067 2776 2124 Salvatoris
2812 2085 2824 2123 :
2871 2092 2890 2114 ι
2937 2067 3173 2138 Sanguis
3218 2063 3386 2138 hujus
3425 2083 3590 2139 super
3631 2084 3744 2124 nos
3777 2077 3843 2126 et

2216 2172 2379 2229 super
2401 2157 2545 2212 ﬁlios
2581 2163 2799 2212 nostros
2831 2155 3050 2228 (Matth.
3085 2171 3270 2223 xxvn,
3300 2154 3418 2227 25).
3450 2178 3468 2203 ι
3514 2155 3841 2228 Majoribus

2217 2246 2377 2319 plane
2405 2253 2534 2302 sunt
2563 2244 2810 2330 noctium
2857 2243 3100 2301 tenebris
3128 2243 3427 2314 obscurati,
3479 2261 3548 2301 ex
3576 2261 3689 2319 quo
3716 2262 3839 2304 co-

2218 2335 2332 2391 nati
2359 2343 2490 2392 sunt
2517 2333 2664 2389 diem
2695 2333 2946 2390 veritatis
2965 2331 3236 2391 occidere.

2287 2433 2342 2489 4.
2383 2434 2500 2490 Hoc
2526 2441 2710 2490 autem
2741 2433 2890 2506 quod
2917 2432 3178 2502 dicimus,
3205 2441 3268 2490 ut
3291 2433 3478 2490 verius
3509 2431 3834 2506 approbare

2219 2523 2510 2596 possimus,
2556 2523 2844 2596 utriusque
2891 2522 3240 2580 nativitatem
3289 2521 3532 2579 breviter
3557 2537 3836 2594 expona—

2220 2629 2365 2670 mus.
2410 2613 2552 2670 Ecce
2582 2613 2731 2669 enim
2772 2627 2898 2668 cum
2929 2609 3176 2668 nascitur
3223 2609 3492 2678 Christus,
3529 2611 3833 2667 exsultant

2219 2703 2419 2776 angeli,
2465 2711 2710 2778 pastores
2737 2702 3090 2776 pervigilant,
3122 2701 3268 2776 magi
3295 2701 3617 2770 adveniunt,
3648 2704 3830 2759 stella
3937 2756 3939 2782 λ

2219 2794 2514 2869 praecedit;
2567 2801 2622 2852 et
2669 2803 2869 2852 cuncta
2905 2809 3027 2867 quae
3067 2800 3198 2850 sunt
3242 2792 3300 2848 in
3344 2791 3499 2848 caelis
3535 2791 3828 2866 terrisque

2220 2885 2614 2958 pulcherrima,
2661 2885 2766 2958 ipsi
2813 2884 3054 2941 Domino
3083 2883 3430 2941 deferuntur.
3480 2882 3834 2940 Deferuntur

2219 2975 2371 3031 enim
2410 2974 2495 3031 illi
2544 2973 2715 3048 gloria
2746 2989 2842 3046 per
2881 2974 3126 3045 angelos,
3179 2972 3402 3030 claritas
3442 2986 3538 3042 per
3578 2971 3827 3042 stellam,

2221 3065 2415 3138 religio
2470 3079 2566 3136 per
2618 3079 2825 3135 magos,
2881 3061 3217 3134 simplicitas
3265 3077 3364 3133 per
3417 3068 3712 3133 pastores:
3773 3069 3830 3117 et

2223 3155 2370 3228 quod
2398 3154 2542 3226 apud
2592 3153 2772 3225 ipsum
2803 3151 2982 3208 solum
3033 3150 3221 3206 futura
3249 3157 3432 3206 essent
3461 3150 3582 3206 haec
3609 3149 3825 3218 omnia,

2223 3243 2346 3299 ideo
2378 3241 2622 3299 nascenti
2652 3240 2737 3296 illi
2778 3241 3039 3296 universa
3070 3237 3428 3294 famulantur.
3463 3237 3605 3295 Cum
3636 3246 3820 3294 autem

521 3330 838 3388 Proiectum
877 3333 1039 3406 plane
1085 3333 1219 3392 facit
1263 3334 1402 3402 dies,
1449 3351 1575 3391 cum
1625 3334 1818 3392 mundi
1865 3336 2114 3392 Salvator
2149 3331 2192 3392 C
2221 3333 2456 3388 Joannes
2483 3327 2815 3403 concipitur,
2849 3328 3140 3384 Zacharias
3169 3326 3526 3393 obmutescit,
3558 3326 3829 3384 solemnis

523 3419 702 3476 oritur
739 3439 752 3476 :
801 3421 1080 3479 defectum
1132 3423 1356 3496 patitur,
1409 3440 1537 3481 cum
1583 3424 1815 3480 ultimus
1849 3423 2114 3498 propheta

511 3516 817 3582 generatur
849 3528 861 3566 :
897 3511 1166 3584 scriptum
1210 3519 1293 3569 est
1321 3511 1467 3570 enim
1501 3530 1514 3569 :
1561 3536 1580 3560 ε
1610 3512 1723 3569 Lex
1752 3520 1806 3568 et
1835 3513 2115 3586 prophetae

521 3611 695 3670 usque
736 3595 804 3652 ad
845 3596 1112 3655 Joannem
1161 3599 1313 3671 (Luc.
1363 3617 1481 3669 XVI,
1528 3599 1640 3671 16).
1672 3624 1692 3647 ι
1761 3602 1943 3673 Atque
1991 3599 2114 3656 ideo

522 3699 743 3741 necesse
787 3693 903 3740 erat
940 3693 1002 3742 ut
1029 3689 1416 3744 obscuraretur
1460 3687 1596 3760 legis
1639 3689 1970 3756 observatio,
2017 3687 2116 3744 ubi

523 3773 794 3844 evocatio,
843 3773 941 3830 ubi
981 3775 1272 3848 Evangelii
1321 3777 1494 3850 gratia
1539 3776 1844 3850 refulgebat
1888 3777 2011 3848 (9);
2061 3783 2116 3832 et

523 3868 762 3920 cessaret
803 3861 1092 3936 prophetia
1142 3863 1358 3921 Veteris
1411 3865 1768 3934 Testamenti,
1825 3881 1952 3922 cum
1982 3864 2116 3920 novi

525 3949 862 4008 Testamenti
912 3953 1086 4026 gratia
1128 3952 1472 4012 succedebat.
1521 3954 1666 4028 Ergo
1704 3953 1765 4011 in
1817 3953 2116 4012 Nativitate

525 4044 750 4103 Domini
781 4047 999 4118 proﬁcit
1026 4047 1163 4106 dies.

597 4133 652 4190 2.
690 4133 814 4190 Non
853 4135 1057 4192 mirum
1112 4136 1160 4192 si
1222 4135 1442 4210 proﬁcit
1489 4137 1626 4206 dies,
1675 4137 1733 4193 in
1783 4154 1891 4211 qua
1937 4153 2116 4194 novus

520 4223 754 4298 justitiae
822 4225 905 4280 sol
969 4231 1218 4281 coruscat
1270 4241 1282 4280 :
1347 4242 1462 4281 non
1522 4226 1724 4282 mirum
1787 4228 1834 4283 si
1899 4226 2118 4300 proﬁcit

525 4313 645 4372 dies
667 4314 806 4388 (10),
839 4330 1002 4388 quam
1032 4312 1479 4387 splendidissima
1505 4316 1605 4372 lux
1632 4317 1880 4374 veritatis
1912 4317 2116 4374 illumi-

525 4413 669 4463 nat:
727 4406 807 4462 ait
851 4406 1002 4462 enim
1049 4405 1386 4478 evangelista
1442 4406 1509 4464 de
1557 4407 1780 4466 Christo
1826 4409 2064 4466 Domino
2101 4428 2112 4466 :

537 4519 559 4544 ε
587 4497 722 4554 Erat
767 4497 868 4552 lux
899 4512 1048 4565 vera,
1095 4512 1215 4570 quae
1257 4495 1538 4554 illuminat
1583 4514 1804 4554 omnem
1831 4498 2117 4556 hominem

527 4585 710 4659 (Joan.
743 4603 783 4655 ι,
813 4586 896 4658 9).
929 4611 948 4635 ι
1008 4587 1182 4659 Igitur
1211 4585 1258 4641 si
1287 4594 1404 4643 erat
1431 4586 1531 4642 lux
1560 4602 1708 4655 vera,
1741 4604 1860 4661 quae
1892 4589 2118 4645 illumi-

2222 3419 2543 3479 conticescit
2579 3418 2850 3486 sacerdos,
2891 3416 3178 3474 Elizabeth
3226 3424 3401 3473 mater
3438 3416 3826 3488 absconditur,

2223 3510 2541 3584 signiﬁcans
2565 3516 2688 3583 post
2732 3515 2915 3564 ortum
2943 3524 3105 3564 suum
3137 3505 3274 3579 legis
3301 3505 3608 3575 silentium,
3639 3506 3825 3563 amis-

2225 3602 2435 3658 sionem
2466 3599 2781 3668 sacerdotii,
2813 3597 3045 3654 latebras
3076 3598 3398 3670 Synagogae.
3440 3597 3686 3653 Dubium
3715 3613 3830 3654 au-

2223 3699 2334 3748 tem
2363 3707 2475 3746 non
2500 3698 2602 3759 est,
2622 3687 2769 3763 quod
2790 3688 3028 3746 Joannes
3055 3694 3219 3744 natus
3238 3685 3532 3742 Pharisaeis
3543 3685 3826 3758 justitiam

2225 3782 2360 3854 legis
2385 3779 2695 3846 abstulerit,
2735 3777 2886 3852 quod
2913 3784 3213 3850 conceptus
3241 3775 3384 3850 patri
3409 3774 3642 3832 abstulit
3669 3777 3829 3833 vocis

2223 3871 2570 3946 obsequium.
2590 3868 2800 3928 Crescit
2824 3866 2996 3941 igitur
3020 3864 3294 3924 Dominus
3321 3881 3554 3939 semper,
3584 3865 3829 3922 Joannes

2223 3961 2469 4035 Baptista
2500 3957 2794 4016 minuitur.

2293 4069 2349 4127 5.
2388 4068 2510 4125 Non
2549 4066 2674 4123 ideo
2703 4063 2998 4134 minuitur,
3044 4063 3192 4138 quod
3221 4061 3435 4120 meritis
3463 4060 3674 4136 aliquid
3717 4063 3828 4120 de-

2225 4167 2446 4232 rogetur
2478 4176 2490 4215 :
2533 4157 2640 4214 sed-
2666 4155 2926 4230 quoniam
2957 4155 3261 4212 Salvatoris
3288 4152 3536 4228 quotidie
3566 4167 3825 4210 accumu-

2224 4249 2371 4306 latur
2413 4247 2608 4322 gloria,
2664 4245 2820 4302 illius
2875 4243 3060 4300 minor
3113 4243 3236 4300 ﬁeri
3284 4242 3525 4299 videtur.
3573 4241 3828 4299 Lucerna

2225 4338 2462 4412 denique
2501 4344 2731 4394 vocatur
2767 4335 3024 4403 Joannes,
3063 4333 3281 4390 dicente
3324 4331 3564 4390 Domino
3595 4349 3608 4388 :
3665 4355 3684 4380 ι
3722 4333 3827 4389 Ille

2227 4438 2342 4485 erat
2370 4429 2594 4484 lucerna
2619 4425 2817 4483 ardens
2849 4425 3032 4498 (Joan.
3062 4442 3119 4494 v,
3151 4425 3268 4496 35).
3301 4447 3321 4472 ι
3361 4425 3624 4480 Lucernae
3652 4422 3827 4497 igitur

2229 4517 2552 4574 obscuratur
2597 4518 2804 4584 lumen,
2855 4532 2986 4572 cum
3033 4513 3222 4571 radius
3267 4513 3402 4571 solis
3442 4512 3711 4584 effulget:
3767 4520 3824 4569 et

2227 4607 2590 4664 defectionem
2630 4607 2924 4679 quamdam
2959 4604 3227 4677 lampadis
3269 4620 3382 4660 suae
3419 4602 3646 4675 patitur,
3693 4619 3822 4660 cum

525 4686 622 4768 {at
649 4678 957 4768 h9minem,
981 4695 1080 4736 ουτ
1107 4695 1225 4768 non,
1247 4678 1588 4735 illuminant
1610 4680 1878 4737 mundum
1898 4681 2120 4754 ἳΑιίιιιθ
2146 4696 2196 4756 D
2221 4697 2472 4754 clarioris
2517 4678 2662 4753 lucis
2686 4695 2978 4768 splendore
3031 4700 3342 4766 superatur.
3397 4691 3533 4760 Quis
3560 4690 3705 4746 enim
3739 4708 3821 4748 sa-

524 4765 650 4824 ideo
683 4767 822 4838 dies,
855 4785 976 4842 quin
1007 4769 1188 4825 lucem
1215 4767 1460 4825 humano
1491 4768 1674 4842 generi
1705 4769 1932 4842 peperit,
1966 4768 2120 4842 prius

525 4862 645 4934 ipsa
672 4863 917 4936 ejusdem
957 4863 1094 4921 lucis
1124 4863 1338 4936 fulgore
1366 4863 1728 4936 resplenduit,
1779 4871 1833 4920 et
1861 4864 2121 4920 conclusa

520 4949 636 5023 jam
682 4953 858 5024 spatia
889 4969 990 5011 sua
1038 4953 1286 5010 noctium
1333 4953 1586 5010 tenebras
1630 4952 1932 5010 Dominicis
1981 4954 2121 5010 lucis

525 5042 706 5100 nitore
761 5043 1044 5101 discussit.
1103 5044 1478 5118 Occupaverat
1531 5046 1680 5102 enim
1741 5052 1913 5102 totam
1971 5046 2117 5102 diem

525 5130 774 5188 noctium
803 5131 1116 5203 longitudo,
1137 5131 1247 5188 nisi
1267 5131 1323 5190 in
1341 5133 1461 5207 ipsa
1479 5133 1590 5190 diei
1614 5133 1888 5192 brevitate
1909 5133 2118 5192 Christi

525 5220 830 5280 refulsisset
875 5221 1144 5279 adventus
1177 5241 1189 5280 :
1237 5223 1332 5296 qui
1379 5223 1523 5282 sicut
1567 5233 1696 5282 ortu
1743 5241 1844 5282 suo
1885 5224 2116 5282 humani

525 5313 740 5388 generis
785 5322 1133 5388 peccatorum
1180 5314 1434 5373 tenebras
1480 5316 1758 5386 discussit,
1811 5317 1888 5374 ita
1928 5326 1984 5375 et
2027 5315 2118 5374 die

523 5404 833 5462 nativitatis
881 5422 994 5462 suae
1039 5403 1338 5479 caliginum
1379 5406 1634 5464 tenebras
1679 5407 2007 5480 amputavit,
2067 5414 2121 5464 et

599 5514 681 5588 (8)
713 5515 916 5572 Omnes
939 5515 1072 5572 edit.
1096 5531 1221 5588 cum
1252 5514 1424 5588 Lugd.
1444 5515 1590 5583 cod.,
1610 5532 1726 5588 cum
1753 5513 2119 5570 detrimentum

524 5582 751 5659 faciunt,
798 5603 980 5642 scmus
1016 5582 1362 5659 gignitur”...
1384 5582 1718 5659 consequitur
1745 5592 2115 5658 augmentum;

525 5653 622 5726 alii
642 5672 782 5726 mss.
815 5653 1160 5726 concinhius,
1191 5665 1254 5713 ut
1282 5674 1383 5713 nos
1412 5657 1470 5712 in
1495 5653 1672 5714 textu.

729 5728 841 5807 Ubi“
869 5731 1120 5807 evocatio,
1146 5724 1604 5807 'deest_in_mss.
1661 5729 1884 5807 tribus;
1931 5736 1984 5784 et
2005 5745 2118 5807 pro

525 5797 706 5939 3:31;?
749 5797 1059 5870 refulgebat,
1104 5799 1164 5856 in
1210 5799 1384 5874 Lugd.
1439 5799 1674 5857 habetur
1716 5799 1890 5874 gloria
1930 5797 2116 5873 reful-

2228 4786 2383 4860 piens
2442 4786 2722 4843 lucernam
2787 4783 3031 4856 requirat
3087 4781 3146 4837 in
3203 4783 3318 4838 sole
3342 4781 3370 4838 (ἰ
3420 4780 3542 4837 Non
3598 4778 3816 4852 quidem

2227 4875 2618 4950 exstinguitur,
2656 4873 2750 4932 sed
2783 4871 3096 4930 necessaria
3123 4888 3235 4928 non
3264 4870 3501 4928 habetur
3529 4889 3542 4927 :
3584 4868 3688 4926 hoc
3715 4879 3816 4941 est,

2228 4969 2352 5042 quis
2380 4966 2450 5023 ad
2477 4965 2704 5022 Joannis
2733 4962 3073 5038 poenitentiae
3103 4961 3439 5034 baptismum
3467 4960 3671 5028 veniat,
3692 4975 3818 5016 cum

2227 5056 2400 5129 possit
2447 5054 2752 5111 Salvatoris
2806 5051 3081 5126 baptismo
3130 5049 3377 5108 salvari?
3429 5049 3552 5104 Non
3599 5047 3817 5120 quidem

2229 5146 2370 5203 illud
2400 5144 2844 5218 reprehenditur,
2859 5142 2977 5218 ~sed
3028 5142 3135 5199 hoc
3175 5141 3349 5214 magis
3388 5139 3526 5196 utile
3559 5146 3614 5195 et
3641 5155 3817 5198 neces-

2227 5237 2431 5294 sarium
2457 5235 2771 5308 judicatur:
2809 5235 2940 5310 quia
2969 5235 3028 5290 in
3056 5251 3122 5291 eo
3152 5233 3268 5307 (12)
3297 5231 3549 5290 remissio
3579 5242 3816 5306 peccato-

2228 5342 2354 5383 rum
2376 5325 2666 5384 tribuitur.

2304 5510 2420 5582 (10)
2462 5509 2826 5569 Bestituimus
2853 5525 2883 5566 e
2911 5507 3126 5566 cunctis
3156 5525 3307 5578 mss.,
3337 5507 3394 5564 in
3429 5523 3536 5580 qua
3564 5525 3816 5568 novus....

2230 5582 2278 5638 si
2299 5583 2514 5655 proﬁcit
2537 5583 2666 5638 dies.

2333 5650 2422 5720 11)
2460 5655 2617 5712 Rom.
2650 5651 2784 5708 edit.
2814 5653 2949 5720 sola,
2982 5653 3233 5710 Diximus
3264 5650 3416 5708 alibi.

2333 5656 2393 5710 11
2460 5656 2617 5712 Rom.
2650 5656 2784 5708 edit.
2814 5656 2949 5720 sola,
2982 5656 3233 5710 Diximus
3264 5656 3416 5708 alibi.

2304 5656 2422 5808 (123
2463 5727 2526 5781 In
2579 5723 2704 5808 cod.
2763 5723 2936 5798 Lugd.
2987 5723 3328 5782 desideratur
3373 5721 3490 5780 haec
3528 5723 3814 5794 sententia,

2231 5803 2358 5869 quia
2387 5803 2444 5853 in
2470 5814 2550 5866 eo,
2575 5803 2680 5854 etc.
