3972 6370
205 479 333 538 633

866 612 1101 670 SERMO
1132 614 1201 672 V.

689 701 766 757 De
797 701 977 759 Natali
1006 702 1231 759 Domini
1262 703 1356 759 ΙΙΙ.

204 784 283 840 In
321 802 381 840 eo
415 786 730 862 locus_num.
758 790 799 862 Ali.
841 791 1050 861 legitur,
1090 809 1241 862 quem
1268 808 1333 846 ea:
1358 791 1627 846 Ambrosii
1664 790 1822 848 Com-

292 858 535 934 mentiti
559 858 690 915 Luc.
727 860 817 917 lib.
852 858 915 930 1i,
955 858 1222 931 num—50,
1272 880 1575 934 expressum
1610 863 1822 917 minime

289 928 648 1002 dubitamus:
703 949 819 1002 qua:
869 928 1041 988 autem
1098 936 1162 989 ab
1208 928 1517 990 illis-num.
1559 934 1592 989 6
1630 935 1818 1002 verbis,

288 999 444 1066 Quid
474 1001 622 1056 enim
652 999 766 1058 tam
797 1004 1040 1072 silenter,
1069 1007 1140 1060 ad
1160 1007 1311 1078 ﬁnem
1349 1023 1512 1076 usque
1539 999 1821 1061 continené

289 1078 406 1138 tur,
463 1080 616 1128 extra
640 1078 1050 1131 controversiam
1079 1085 1151 1132 est
1189 1079 1395 1132 totidem
1419 1078 1589 1132 verbis
1610 1078 1821 1132 exseri—

283 1150 385 1213 pta
414 1161 519 1198 esse
547 1163 612 1199 ex
640 1146 947 1221 Comment.
990 1149 1048 1204 in
1085 1149 1217 1220 psal.
1250 1166 1407 1217 LXXI,
1447 1150 1585 1221 quod
1625 1150 1819 1221 Ruﬁno

278 1232 573 1287 perperam
604 1218 767 1274 tribui
793 1221 939 1275 solet.

289 1322 344 1377 1.
396 1322 513 1390 Qua
547 1325 740 1396 gratia,
782 1327 869 1381 vel
927 1328 1128 1400 quibus
1178 1327 1436 1384 laudibus
1492 1328 1640 1385 hunc
1668 1329 1816 1386 diem

201 1409 430 1468 Natalis
475 1415 699 1470 Domini
752 1416 868 1488 (13)
908 1417 1221 1489 praedicem,
1249 1435 1472 1490 prorsus
1501 1420 1727 1492 ignoro;
1759 1420 1817 1476 in

202 1506 373 1554 tanta
400 1500 546 1556 enim
580 1503 877 1561 festivitate
911 1507 979 1563 ad
1013 1507 1482 1577 magniﬁcandum
1504 1511 1677 1565 Deum
1700 1508 1815 1565 hu-

203 1606 378 1645 mana
435 1592 652 1666 loquela
707 1612 819 1650 non
868 1596 1089 1654 sufficit.
1122 1599 1258 1653 Nam
1286 1598 1330 1654 si
1365 1606 1497 1655 tunc
1543 1616 1670 1654 cum
1708 1615 1817 1655 na-

200 1679 469 1737 scebatur
530 1682 804 1753 Christus,
856 1687 1173 1757 angelorum
1233 1704 1367 1743 voce
1414 1688 1665 1743 laudatus
1689 1696 1808 1743 est:

202 1770 485 1841 numquid
532 1787 645 1827 non
695 1773 869 1845 magis
920 1792 1068 1830 nunc
1115 1776 1354 1831 humana
1401 1776 1709 1833 laudandus
1733 1785 1814 1833 est

201 1872 374 1925 voce,
406 1875 533 1915 cum
567 1862 803 1931 regnat?
851 1862 1273 1935 Supergreditur
1302 1865 1449 1920 enim
1488 1866 1639 1921 illius
1670 1874 1812 1921 tem-

1062 486 1431 547 SERMONES
1467 488 1523 546 S.
1562 486 1921 547 AMBROSIO
1956 485 2328 545 HACTENUS
2364 488 2705 547 ASCBIPTI.

3415 486 3522 547 634

1850 613 1902 673 Α
1928 610 2151 680 bus,sed
2180 611 2501 670 hominibus
2529 612 2842 670 rusticanis.
2861 613 2982 670 Non
3008 630 3135 686 ergo
3158 614 3273 687 jam
3302 615 3522 673 miran-

1930 703 2063 760 dum
2092 704 2139 761 si
2172 705 2377 762 Christi
2394 707 2624 779 gratiam
2644 714 2769 762 ante
2784 706 2925 763 scire
2954 706 3216 763 meruerit
3245 706 3522 763 innocen-

1929 796 2009 852 tia
2049 813 2213 869 quam
2266 805 2543 869 potestas:
2578 807 2633 854 et
2678 797 2830 869 prius
2877 813 3203 868 cognoscere
3230 796 3518 853 veritatem

1929 884 2165 956 simplex
2196 885 2505 954 rnsticatio,
2532 903 2697 960 quam
2728 886 2963 958 superba
2991 884 3296 941 dominatio
3330 904 3340 941 :
3374 884 3523 957 quod

1929 974 2076 1030 enim
2124 984 2501 1046 cognoverunt
2554 984 2817 1047 pastores,
2878 974 3154 1047 principes
3196 990 3522 1047 cognoscere

1928 1062 2317 1135 nequiverunt.
2353 1064 2505 1119 Unde
2538 1072 2591 1119 et
2628 1065 2821 1120 beatus
2853 1064 3151 1136 Apostolus
3169 1063 3263 1119 ait:
3309 1062 3519 1130 «Quem

1927 1167 2089 1207 nemo
2119 1151 2429 1223 principum
2470 1152 2656 1207 saeculi
2686 1156 2806 1226 ejus
2835 1153 3095 1223 cognovit
3123 1154 3170 1223 (Ι
3201 1151 3508 1222 Cor.u,8),-

1926 1250 1981 1298 et
2009 1242 2239 1316 reliqua.
2272 1244 2417 1314 Ergo
2449 1243 2506 1298 in
2536 1243 2826 1299 nativitate
2850 1243 3073 1301 Domini
3102 1242 3280 1314 angeli
3320 1243 3523 1315 pariter

1925 1348 2051 1388 cum
2080 1332 2392 1404 pastoribus
2416 1340 2548 1388 sunt
2592 1333 2784 1403 laetati,
2818 1334 3087 1389 excelsam
3136 1334 3249 1389 Deo
3278 1331 3522 1388 dicentes

1926 1421 2154 1492 gloriam
2181 1440 2192 1478 :
2225 1438 2352 1479 nam
2378 1422 2584 1478 vicinis
2625 1421 3033 1495 quodammodo
3057 1430 3111 1479 et
3134 1421 3344 1495 junctis
3375 1420 3521 1479 cho-

1924 1509 2000 1565 ris
2017 1510 2113 1566 Dei
2145 1510 2373 1582 gloriam
2396 1510 2857 1583 prmdicaverunt.

1994 1598 2048 1654 4.
2108 1598 2263 1655 Unde
2317 1606 2371 1653 et
2418 1600 2582 1656 credo
2650 1600 2866 1656 eosdem
2915 1600 3136 1672 angelos
3181 1600 3240 1655 in
3274 1598 3518 1671 ejusdem

1922 1686 2147 1743 Domini
2205 1686 2395 1743 eadem
2463 1686 2772 1744 festivitate
2815 1688 2985 1745 simili
3015 1688 3285 1745 nobiscun
3315 1686 3521 1744 laetitias

1923 1776 2209 1833 vicinitate
2259 1776 2530 1849 gaudere;
2565 1794 2692 1834 nam
2737 1780 2833 1852 qui
2864 1780 3042 1836 solent
3070 1786 3292 1852 prepter
3312 1775 3520 1836 Christi

1923 1874 2105 1920 ortum
2127 1866 2335 1937 alloqui
2364 1874 2626 1938 pastores,
2650 1884 2761 1922 non
2788 1876 3015 1938 possunt
3035 1876 3256 1940 propter
3275 1867 3518 1939 ejusdem

202 1946 363 2017 poris
402 1948 759 2006 festivitatem
791 1960 981 2008 nostra
1006 1955 1346 2011 solemnitas:
1372 1956 1644 2029 siquidem
1678 1964 1813 2012 tunc
1845 1975 1891 2037 Β
1922 1957 2128 2015 Christi
2189 1961 2448 2033 gaudium
2504 1979 2615 2018 non
2646 1963 2925 2035 inquirere
2956 1962 3281 2019 sacerdotes.
3319 1961 3519 2034 Siqui-

195 2044 541 2107 stupuerunt
574 2039 660 2094 illi
709 2040 826 2113 (14)
862 2050 1077 2098 tantum
1118 2052 1430 2100 nascentem
1462 2045 1761 2101 Dominum
1792 2063 1810 2113 ;

198 2140 310 2179 nos
342 2125 501 2182 illum
546 2128 881 2199 suspicimus
930 2140 1265 2201 nascentem,
1300 2140 1672 2204 resurgentem
1705 2149 1809 2204 pa-

202 2213 348 2268 riter
390 2224 444 2272 et
477 2226 817 2289 regnantem.
850 2219 1025 2275 Tanto
1054 2219 1225 2292 igitur
1254 2220 1543 2277 fecundior
1566 2220 1810 2276 laudatio

199 2319 329 2359 esse
357 2303 520 2362 debet
549 2306 717 2379 hujus
740 2307 1023 2380 temporis,
1055 2318 1263 2382 quanto
1291 2318 1419 2365 sunt
1458 2308 1666 2382 majora
1693 2309 1811 2366 mi-

198 2394 418 2449 racula.

275 2489 332 2546 2.
369 2491 475 2547 Sed
522 2494 783 2567 quoniam
811 2494 1035 2567 dignam
1065 2496 1513 2570 praedicationem
1543 2496 1809 2554 exhibere

194 2596 315 2636 non
352 2590 528 2653 potest
572 2584 812 2642 humana
855 2586 1120 2659 fragilitas
1150 2631 1164 2656 ,
1227 2586 1296 2643 ad
1340 2588 1658 2659 angelorum
1707 2603 1808 2643 nos

195 2674 479 2743 prmeonia
529 2677 910 2746 conferamus;
957 2686 1013 2734 et
1041 2679 1173 2752 quia
1201 2678 1401 2735 merito
1432 2694 1524 2733 eos
1553 2678 1807 2751 aequipa-

194 2778 322 2817 rare
360 2780 472 2818 non
502 2782 810 2837 possumus,
845 2766 1139 2823 devotione
1169 2768 1535 2824 comitemur:
1568 2767 1675 2823 hoc
1702 2775 1805 2829 est.

204 2851 265 2906 in
296 2869 359 2908 ea
378 2854 704 2925 festivitate,
727 2857 914 2913 eadem
951 2874 1059 2930 qua
1087 2858 1171 2913 illi
1202 2858 1809 2927 laetitia,nossentent1a

204 2944 602 3012 persultemus,
635 2945 916 3002 dicentes:
964 2970 982 2993 ι
1011 2946 1200 3003 Gloria
1227 2947 1286 3002 in
1324 2948 1557 3004 excelsis
1584 2949 1717 3016 Deo,
1752 2955 1807 3004 et

208 3032 272 3086 in
330 3040 472 3089 terra
528 3051 635 3107 pax
683 3035 1005 3093 hominibus
1032 3036 1190 3092 bona;
1221 3037 1524 3093 voluntatis
1556 3038 1707 3109 (Luc.
1744 3055 1802 3107 ιι,

215 3120 357 3193 14).»
400 3123 575 3195 Digna
606 3126 765 3197 plane
794 3135 846 3182 et
874 3125 1022 3199 justa
1049 3127 1339 3196 sententia,
1372 3144 1492 3200 quae
1522 3128 1579 3182 in
1608 3128 1806 3183 nativi-

207 3220 321 3269 tate
367 3213 573 3272 Christi
613 3224 666 3272 et
700 3218 813 3274 Deo
856 3216 1122 3274 honorem
1153 3226 1503 3289 reprzesentat
1534 3218 1592 3273 in
1630 3218 1801 3286 cmlis,

1921 2047 2046 2103 dem
2076 2057 2130 2105 et
2159 2050 2305 2123 quod
2337 2058 2471 2108 tunc
2500 2052 2568 2107 ad
2590 2052 2716 2107 illos
2744 2069 2907 2124 super
2935 2069 3148 2124 gregem
3177 2068 3336 2107 suum
3368 2050 3522 2122 vigi-

1921 2138 2024 2194 lias
2055 2139 2412 2196 observantes
2467 2149 2628 2197 nocte
2668 2141 2992 2214 intempesta
3022 2141 3190 2198 locuti
3232 2150 3383 2209 sunt,
3420 2140 3521 2196 hu-

1914 2226 2009 2299 jus
2037 2228 2302 2301 temporis
2323 2229 2652 2301 mysterium
2704 2230 3049 2304 designabat.
3081 2231 3217 2286 Nam
3248 2231 3347 2287 illo
3376 2230 3521 2288 facto

1920 2316 2027 2373 hoc
2055 2317 2247 2391 utique
2275 2318 2708 2387 monstrabatur,
2737 2336 2951 2392 gregem
2975 2320 3260 2392 populum,
3303 2328 3519 2377 noctem

1919 2406 2206 2476 saeculum,
2265 2408 2573 2464 sacerdotes
2627 2424 2745 2464 esse
2790 2419 3053 2480 pastores,
3086 2409 3179 2482 qui
3204 2408 3324 2481 jugi
3354 2424 3519 2481 super

1919 2495 2133 2567 plebem
2161 2495 2542 2551 sollicitudine
2573 2497 2867 2569 vigilantes
2887 2506 3109 2570 propter
3138 2497 3419 2555 Christum
3450 2497 3520 2554 ab

1919 2586 2129 2658 angelis
2160 2586 2392 2643 minime
2421 2587 2770 2644 deseruntur.

1987 2678 2041 2733 5.
2104 2678 2382 2734 Hodierna
2432 2677 2602 2749 igitur
2656 2677 2746 2733 die
2775 2677 3075 2734 secundum
3106 2692 3323 2734 carnem
3355 2685 3519 2733 natus

1916 2775 1998 2824 est
2042 2767 2415 2835 Dominus,ita
2446 2776 2673 2834 secreto,
2708 2768 2782 2822 ita
2816 2768 3060 2836 silentio,
3091 2775 3153 2823 ut
3183 2775 3366 2823 ortum
3399 2767 3519 2839 ejus

1916 2856 2181 2911 saeculum
2204 2855 2423 2928 penitus
2444 2854 3028 2929 ignoraret.lgnoravit
3062 2855 3209 2911 enim
3226 2857 3510 2924 saeculum;

1915 2946 2043 3019 quia
2107 2954 2161 3002 et
2217 2956 2373 3002 extra
2416 2945 2809 3003 conscientiam
2859 2946 3030 3019 patris
3060 2954 3221 3003 natus
3258 2956 3339 3004 est
3370 2947 3511 3019 (16),

1916 3044 1972 3091 et
2028 3043 2186 3091 extra
2229 3036 2482 3092 ordinem
2525 3044 2734 3091 naturae
2780 3045 3096 3107 conceptus.
3144 3036 3281 3092 Nam
3314 3036 3513 3110 Ioseph
3582 3044 3593 3049 ’

1919 3133 2253 3199 conceptum
2302 3126 2546 3198 suscepit
2575 3125 2776 3195 ﬁlium,
2810 3143 2966 3199 quem
3000 3143 3111 3182 non
3140 3127 3329 3198 genuit
3362 3144 3372 3181 :
3406 3129 3515 3185 Ma-

1919 3217 2001 3274 ria
2051 3224 2269 3288 partum
2323 3215 2527 3287 posuit,
2580 3232 2742 3288 quem
2774 3232 2938 3271 sexus
2966 3216 3363 3273 consuetudine
3403 3234 3514 3273 non

204 3309 264 3357 et
307 3303 628 3361 hominibus
679 3323 865 3378 pacem
931 3316 1282 3380 repraesentat
1346 3307 1404 3364 in
1432 3308 1594 3363 terris
1622 3326 1634 3374 ;
1676 3316 1800 3363 ante
1838 3336 1881 3396 Ο
1916 3306 2145 3363 creavit.
2178 3306 2268 3362 Sic
2298 3304 2465 3377 igitur
2486 3311 2647 3360 natus
2676 3314 2758 3360 est
2785 3304 3079 3374 Dominus,
3108 3314 3170 3361 ut
3198 3313 3380 3361 ortum
3396 3305 3514 3377 ejus

205 3389 506 3448 Salvatoris
562 3394 710 3450 enim
767 3403 950 3450 ortum
1008 3412 1109 3452 nec
1145 3397 1387 3453 coelestia
1434 3396 1799 3453 reverentiam

206 3479 547 3550 deferebant,
608 3500 709 3540 nec
757 3492 974 3540 terrena
1015 3486 1259 3558 requiem
1290 3485 1661 3558 possidebant.
1698 3485 1802 3541 Sed

208 3569 393 3626 videte
433 3572 566 3644 quid
614 3573 765 3630 dicat
795 3575 912 3647 ipsa
936 3577 1207 3631 sententia
1236 3594 1246 3631 :
1293 3600 1311 3623 ι
1336 3578 1450 3632 Pax
1480 3575 1803 3631 hominibus

206 3659 365 3714 bonae
409 3660 734 3717 voluntatis.
785 3687 803 3710 ι
864 3664 985 3719 Non
1011 3664 1430 3738 quibuscunque
1458 3664 1798 3732 hominibus,

208 3747 304 3802 sed
332 3747 488 3803 bona:
522 3751 823 3808 voluntatis
857 3752 1196 3822 hominibus;
1222 3764 1283 3812 ut
1312 3755 1585 3827 intelligas
1614 3772 1800 3828 pacem

209 3836 415 3894 Christi
460 3856 572 3896 non
596 3840 769 3898 debiti
816 3858 951 3912 esse,
983 3844 1077 3900 sed
1107 3844 1329 3900 meriti:
1368 3861 1478 3900 non
1504 3845 1651 3900 enim
1683 3860 1801 3900 eam

208 3933 448 3982 meretur
484 3929 752 4001 conditio,
784 3933 879 3989 sed
908 3933 1166 3991 voluntas
1198 3934 1337 4007 (15).

292 4029 435 4088 397
464 4034 517 4091 3.
541 4028 658 4087 Hac
681 4034 1058 4104 persultarunt
1083 4034 1262 4106 angeli
1291 4034 1351 4090 in
1389 4033 1487 4089 illa
1509 4041 1803 4106 nocte,qua

209 4130 451 4197 pastores
499 4130 814 4180 nascentem
865 4123 1169 4179 Dominum
1195 4139 1358 4195 super
1387 4140 1599 4195 gregem
1640 4139 1799 4178 suum

208 4212 424 4284 vigilias
451 4212 822 4282 observantes,
854 4231 964 4286 prae
996 4213 1255 4270 omnibus
1280 4212 1445 4286 primi
1465 4213 1798 4283 didicerunt;

209 4300 314 4372 ipsi
363 4302 510 4358 enim
574 4301 740 4374 primi
810 4311 994 4359 ortum
1069 4303 1369 4359 Salvatoris
1432 4311 1559 4359 ante
1612 4321 1803 4360 omnes

1917 3413 2079 3451 nemo
2118 3396 2367 3451 futurum
2414 3394 2805 3466 suspicaretur,
2857 3411 3019 3449 nemo
3048 3393 3312 3463 crederet,
3350 3411 3513 3451 nemo

1913 3484 2161 3540 sentiret.
2222 3482 2697 3551 Quemadmodum
2750 3482 3036 3539 crederent
3090 3482 3195 3539 hoc
3237 3483 3507 3552 futurum,

1913 3574 2059 3647 quod
2112 3581 2467 3647 posteaquam
2528 3574 2733 3629 factum
2766 3581 2868 3641 est,
2900 3572 3102 3629 factum
3132 3589 3246 3629 esse
3274 3574 3374 3630 vix
3397 3588 3509 3629 cre-

1913 3663 2107 3719 dunt?

1984 3754 2035 3810 6.
2096 3753 2232 3809 Nam
2291 3751 2438 3826 quod
2496 3752 2571 3809 ita
2621 3752 2853 3809 latenter
2896 3759 2951 3808 et
2986 3759 3193 3807 secreto
3259 3751 3509 3807 Salvator

1912 3843 2275 3900 descensurus
2333 3848 2474 3897 esset
2529 3841 2588 3897 in
2641 3841 2949 3913 Virginem,
3004 3840 3118 3913 jam
3156 3848 3283 3897 ante
3327 3840 3508 3898 David

1915 3932 2182 4006 propheta
2235 3938 2461 3988 testatus
2516 3937 2618 3999 est,
2669 3930 2885 3988 dicens:
2953 3954 2971 3977 ε
3014 3929 3316 3987 Descendet
3363 3930 3509 3989 sicut

1913 4022 2102 4095 pluvia
2146 4022 2205 4077 in
2249 4021 2427 4076 vellus
2474 4018 2649 4092 (Psal.
2681 4037 2838 4089 LXXI,
2868 4020 2948 4092 6).
2982 4043 3000 4067 ι
3044 4019 3189 4088 Quid
3217 4020 3365 4077 enim
3391 4027 3504 4076 tam

1913 4111 2140 4168 silenter
2190 4119 2243 4167 et
2300 4110 2416 4167 sine
2482 4110 2715 4182 strepitu
2761 4110 2844 4179 ﬁt,
2893 4127 3056 4183 quam
3089 4128 3211 4167 cum
3244 4112 3420 4168 imber
3447 4112 3504 4167 in

1913 4203 2053 4260 lanae
2081 4204 2261 4259 vellus
2305 4201 2621 4258 infunditur
2640 4202 2668 4258 ?
2696 4202 2915 4259 Nullius
2952 4219 3109 4260 aures
3137 4221 3271 4260 sono
3303 4204 3507 4260 verbe-

1913 4303 2018 4359 rat,
2080 4292 2290 4349 nnllius
2339 4307 2537 4363 corpus
2592 4290 2822 4348 humore
2869 4294 3171 4366 repercussi
3217 4295 3355 4352 roris
3383 4293 3501 4366 (17)

211 4389 480 4458 homines,
537 4392 927 4448 nuntiantibus
965 4393 1192 4465 angelis,
1243 4402 1605 4465 agnoverunt.
1650 4393 1802 4450 Unde

1921 4382 2197 4456 aspergit:
2258 4381 2352 4437 sed
2408 4380 2527 4436 sine
2581 4380 2967 4455 inquietudine
3024 4382 3272 4439 omnium
3327 4391 3501 4439 totum

211 4495 319 4536 non
374 4480 577 4536 mirum
625 4488 707 4537 est
760 4481 907 4553 quod
963 4482 1392 4553 redemptionem
1443 4482 1629 4539 saeculi
1678 4492 1803 4540 ante

212 4576 450 4641 pastores
496 4570 684 4625 saeculi
731 4578 1028 4642 potuerunt
1070 4570 1229 4639 scire,
1279 4587 1442 4643 quam
1488 4571 1796 4645 principes:

1912 4475 2143 4532 imbrem
2176 4488 2271 4545 per
2302 4471 2637 4543 multiplices
2657 4473 2889 4529 effusum
2916 4483 3094 4546 partes
3123 4482 3241 4530 toto
3278 4490 3505 4546 corpore

1912 4566 1969 4621 in
2027 4581 2083 4622 se
2134 4563 2326 4633 trahit,
2385 4563 2554 4619 unius
2609 4572 2820 4620 meatus
2873 4564 3165 4621 scissuram
3220 4564 3499 4633 nesciens,

212 4674 318 4715 non
352 4659 502 4715 enim
544 4659 724 4731 angeli
752 4660 1154 4716 nuntiaverunt
1195 4659 1432 4732 regibus,
1464 4677 1576 4715 non
1601 4660 1799 4732 judici-
1827 4692 1874 4751 Β
1912 4655 2091 4711 solida
2138 4652 2373 4709 mollitie
2412 4654 2597 4725 plures
2652 4653 2896 4725 pra-hens
2950 4661 3196 4709 meatus:
3256 4661 3310 4709 et
3350 4652 3500 4726 quod

280 4781 392 4856 (13)
423 4783 572 4840 Edit.
606 4783 853 4856 quasdam
886 4783 1085 4856 Paris”
1117 4783 1364 4839 Natalem
1408 4784 1626 4840 Domini
1648 4801 1791 4855 prce-

209 4854 441 4982 fledamus
471 4854 639 4921 ;alia§
660 4871 871 4926 omnes,
902 4854 1275 4927 prwdicemus:
1320 4872 1450 4912 mss.
1479 4872 1632 4924 vero,
1650 4854 1791 4928 pras-

251 4943 385 4982 ieem.

251 4943 385 4982 ιοειη.

279 4997 391 5077 (14)
425 4997 551 5053 Mss.
593 4997 826 5077 aliquot,
846 5005 970 5077 tunc
1006 5006 1344 5077 susceperunt
1372 5000 1476 5077 illi.
1519 5001 1592 5055 At
1622 4998 1787 5068 infra,

210 5067 303 5124 ubi
331 5084 518 5142 omnes
550 5067 779 5126 edit.‘ac
807 5071 990 5142 plures
1016 5067 1184 5142 mssf,
1208 5072 1520 5142 suscipimus
1558 5067 1791 5127 unseen;

214 5146 323 5215 tem,
340 5140 548 5215 melius
567 5142 739 5215 codex
762 5140 958 5215 Lugd.,
992 5141 1305 5213 suspicimus
1321 5140 1629 5199 nascentem.

281 5212 391 5283 (15)
442 5213 566 5270 Vet.
612 5214 772 5282 edit.,
824 5212 930 5269 non
983 5212 1121 5268 enim
1174 5230 1290 5268 eam
1318 5216 1495 5269 meriti
1532 5215 1705 5286 angeli
1734 5215 1790 5269 in

211 5301 268 5339 ea
306 5289 466 5353 nocte,
524 5302 683 5355 quam
714 5292 972 5357 pastores
996 5291 1287 5341 nascentem
1314 5288 1601 5342 Dominum
1628 5303 1792 5357 super

212 5371 397 5481 gregem
460 5372 614 5411 suum
668 5356 877 5429 vigilias
902 5358 1247 5424 observantes,
1276 5358 1442 5427 primi
1464 5375 1582 5430 pra:
1608 5356 1792 5413 omni-

248 5442 299 5480 us
349 5426 708 5481 didicerunt...
744 5429 1109 5481 intimantibus
1164 5430 1365 5481 anaelis
1418 5436 1783 5481 connoverunt.

248 5426 1109 5501 usAdidicerunt...vintimantibus
1164 5426 1365 5499 angelis
1418 5426 1783 5501 cognoverunt.

219 5498 349 5555 Unde
373 5498 569 5572 mirum
596 5506 670 5555 est
699 5501 841 5570 quod
862 5501 1020 5572 prius
1048 5501 1451 5571 redemptionem
1479 5498 1674 5557 saeculi
1692 5518 1786 5571 po-

215 5575 414 5645 tuerunt
466 5571 598 5645 scire
652 5571 1197 5645 quamLprincipes...
1252 5573 1374 5628 Non
1401 5591 1521 5644 ergo
1543 5573 1660 5641 jam
1690 5573 1785 5627 mi-

213 5641 431 5699 randum
462 5647 553 5696 est.
576 5643 732 5699 Rom.
760 5641 918 5712 edit.,
948 5641 1058 5699 non
1083 5645 1219 5700 enim
1255 5662 1371 5700 eam
1398 5641 1627 5700 meretur
1655 5661 1788 5699 con-

214 5712 355 5778 ditio,
404 5713 493 5789 sed
538 5715 798 5789 voluntas.
831 5716 980 5772 Hanc
996 5723 1234 5788 pastores
1262 5735 1321 5772 ea
1346 5724 1506 5783 nocte,
1530 5734 1658 5789 qua,
1694 5734 1785 5772 na-

214 5792 365 5841 scente
398 5784 643 5869 Domino,
694 5801 859 5867 super
901 5784 1119 5869 gregem
1150 5789 1380 5869 _vigilias_
1423 5784 1783 5869 observabant,

216 5872 314 5930 pra
331 5857 568 5913 omnibus
614 5857 778 5961 primi
805 5857 1111 5918 audierunt.
1140 5857 1255 5934 Ipsi
1286 5862 1582 5920 Saluatoris
1610 5867 1787 5918 ortum

1894 4784 2063 4858 primi
2115 4791 2235 4839 ante
2270 4800 2451 4858 omnes
2476 4783 2728 4858 homines,
2760 4782 3127 4858 intimantibus
3156 4782 3395 4858 angelis,
3418 4800 3501 4838 co-

1899 4853 2187 4929 gnoverunt
2204 4874 2247 4929 ;d
2277 4856 2450 4927 angeli
2501 4856 2637 4929 enim
2684 4870 2790 4908 non
2813 4853 3039 4929 regibus,
3072 4870 3178 4929 non
3198 4853 3494 4929 judicibus,

1900 4926 1987 4984 sed
2030 4927 2324 4983 hominibus
2358 4926 2664 4981 'rustimnis
2697 4926 2874 4980 διεθηιί
2907 4926 3312 4996 redemptionem
3339 4927 3496 4996 prius

1899 5000 2375 5056 annuntiaverunt.
2436 4998 2540 5052 Nec
2590 4996 2789 5052 mirum
2843 4997 2910 5066 si,
2967 5004 3073 5054 etc.
3108 4999 3217 5057 Nos
3243 4998 3427 5056 locum
3466 5013 3495 5054 θ

1898 5088 2031 5127 mss.
2062 5070 2241 5126 tribus
2263 5068 2624 5125 restituimus.

1974 5143 2090 5215 (16)
2119 5143 2279 5215 Βοω,
2308 5140 2444 5195 edit.
2487 5141 2623 5207 sola,
2650 5139 3257 5215 patris‘coneeptus,get..
3280 5147 3495 5197 natura

1896 5212 2075 5270 natus.
2104 5213 2513 5283 Consequenter
2541 5221 2724 5268 autem
2756 5212 2850 5268 ubi
2882 5229 3072 5269 omnes
3102 5212 3235 5269 edit.
3264 5228 3329 5268 ac
3360 5228 3492 5268 mss.

1896 5285 2176 5352 nonnulli,
2222 5300 2346 5338 nam
2398 5284 2587 5355 Ioseph
2634 5290 2951 5356 conceptum,
3007 5283 3131 5341 cod.
3199 5283 3371 5356 Lugd.
3432 5299 3496 5341 ac

1896 5357 2033 5413 Silv.
2086 5371 2279 5411 vocem
2323 5362 2633 5427 Aconceptum
2679 5355 2792 5411 non
2852 5362 3177 5427 agnoscunt.
3209 5355 3493 5411 Postremo

1893 5428 1992 5484 ubi
2045 5442 2237 5483 omnes
2277 5425 2436 5494 edit.,
2478 5425 2698 5499 partum
2740 5425 2924 5496 edidit,
2959 5442 3149 5483 omnes
3178 5443 3308 5483 mss.
3343 5443 3491 5499 pras-

1894 5499 2100 5572 ferunt,
2121 5505 2340 5572 partum
2365 5500 2564 5572 posuit.

1970 5571 2085 5643 (17)
2119 5569 2320 5628 Omnes
2350 5570 2507 5639 edit.,
2547 5570 2954 5642 repereussionis
2975 5570 3234 5643 aspergit:
3265 5569 3353 5625 sed
3377 5569 3491 5626 sine

1893 5641 2250 5714 inquietudine
2304 5643 2572 5698 hominum
2588 5641 2617 5707 ξ
2662 5644 2842 5714 Βοῐη.³
2899 5641 3075 5714 ovium
3114 5648 3301 5711 totum,
3351 5648 3480 5714 etc;

1894 5712 2105 5790 omnes
2132 5732 2260 5790 mss.
2293 5722 2355 5769 ut
2385 5715 2443 5790 in
2471 5721 2755 5790 contextu,
2788 5713 2895 5770 nisi
2927 5712 3072 5788 quod
3109 5730 3208 5790 pro
3245 5712 3391 5770 roris
3430 5712 3488 5771 in

1895 5787 2069 5862 Lugd.
2092 5787 2343 5856 habetur,
2375 5786 2534 5860 foris.
2564 5785 2684 5843 Non
2716 5793 2881 5843 recte.
