3972 6360
495 487 600 546 635

1508 489 1604 546 ΑΙ)
1643 488 1878 547 OPEBA
1913 488 1970 545 S.
1997 487 2330 546 AMBROSII
2367 487 2746 546 APPENDIX.

3713 491 3837 550 636

492 621 740 676 clausum
787 619 1009 676 videtur
1055 635 1151 692 per
1197 619 1553 686 densitatem,
1607 627 1689 676 est
1711 621 1960 693 patulum
1990 635 2086 692 per
2111 621 2161 681 Α
2193 620 2341 691 quod
2389 619 2558 692 Virgo
2606 618 2902 692 peperit.Si
2934 625 3126 674 autem
3159 627 3354 692 praeter
3381 620 3612 677 solitum
3648 623 3832 678 nati-

493 709 840 766 tenuitatem.

567 801 624 858 7.
665 800 831 856 Recte
885 819 1014 874 ergo
1041 801 1267 857 Mariam
1299 798 1494 856 velleri
1545 815 1940 871 comparamus,
1973 815 2094 872 quae

495 889 573 946 ita
629 891 883 963 concepit
929 891 1253 958 Dominum,
1283 898 1344 946 ut
1385 896 1504 945 toto
1541 905 1664 943 eum
1703 888 1950 944 hauriret
1975 906 2092 946 cor-

493 999 645 1055 pore,
703 999 806 1038 nec
851 981 1096 1054 ejusdem
1157 981 1450 1038 scissuram
1481 979 1729 1052 corporis
1762 988 2045 1052 pateretur
2077 997 2088 1035 :

495 1072 589 1128 sed
624 1079 764 1127 esset
792 1071 978 1128 mollis
1003 1071 1072 1128 ad
1101 1069 1452 1143 obsequiam,
1484 1069 1662 1124 solida
1699 1069 1762 1125 ad
1797 1070 2092 1126 sanctimo-

494 1159 672 1216 nium.
701 1162 886 1230 Recte,
945 1160 1190 1234 inquam,
1233 1159 1404 1215 Maria
1431 1158 1623 1214 velleri
1655 1159 2094 1231 comparatur,de

494 1267 658 1322 cujus
709 1251 894 1306 fructu
941 1249 1203 1306 salutaria
1249 1247 1468 1321 populis
1523 1247 1855 1303 vestimenta
1883 1255 2094 1304 texun-

493 1347 604 1396 tur.
633 1339 827 1397 Vellus
858 1341 1018 1412 plane
1037 1339 1209 1395 Maria
1230 1345 1346 1405 est;
1381 1336 1653 1410 siquidem
1682 1335 1750 1392 de
1781 1335 1936 1392 molli
1967 1337 2093 1393 sinu

493 1428 612 1501 ejus
637 1446 809 1503 agnus
842 1445 1089 1502 egressus
1109 1435 1210 1495 est,
1238 1427 1333 1501 qui
1364 1435 1418 1482 et
1449 1427 1563 1498 ipse
1585 1421 1777 1482 matris
1813 1425 2090 1496 laniciem,

495 1517 602 1576 hoc
647 1526 728 1576 est
791 1534 1033 1586 carnem,
1083 1525 1318 1590 gestans,
1349 1515 1505 1572 molli
1535 1516 1740 1571 vellere
1767 1523 2090 1573 cunctorum

389 1673 398 1684 I
493 1607 675 1682 aperit
739 1609 972 1664 vulnera
1024 1609 1378 1680 p0pulorum.
1441 1606 1616 1663 Omne
1676 1607 1826 1662 enim
1882 1605 2091 1680 peccati

491 1699 700 1754 vulnus
725 1695 934 1754 Christi
961 1697 1086 1752 lana
1113 1695 1473 1764 suffunditur,
1507 1695 1711 1753 Christi
1735 1696 1956 1752 fovetur
1973 1711 2090 1752 san-

492 1787 690 1859 guine;
725 1793 860 1842 etut
891 1785 1182 1844 sanitatem
1225 1785 1479 1860 recipiat,
1513 1785 1723 1848 Christi
1762 1785 2092 1844 indumento

489 1874 745 1933 vestitur.

1029 2004 1034 2011 ’
1115 2013 1351 2072 SERMO
1383 2015 1480 2072 VI.

962 2121 1042 2177 De
1065 2119 1247 2178 Natali
1276 2119 1501 2178 Domini
1530 2120 1626 2178 IV.

500 2246 658 2302 Totus
711 2243 876 2315 ferme
901 2243 958 2299 in
996 2261 1052 2300 eo
1094 2251 1360 2310 versatur,
1389 2244 1530 2314 quod
1557 2243 1758 2300 natalis
1785 2243 2002 2298 Domini
2027 2259 2084 2299 eo

563 2325 790 2388 tempore
840 2317 920 2372 sol
953 2332 1121 2372 novus
1153 2316 1444 2383 dicebatur,
1475 2315 1534 2370 id
1560 2321 1849 2388 est,iannius
1877 2331 2079 2388 novus:

561 2386 986 2458 quandoquidem
1003 2387 1070 2444 ab
1095 2405 1156 2443 ea
1191 2388 1274 2443 die
1297 2404 1472 2443 annus
1488 2387 1756 2458 quondam
1781 2386 2082 2457 incipiebat.

571 2457 799 2530 Videtur,
811 2465 984 2515 autem
1011 2457 1243 2530 ejusdem
1273 2457 1509 2514 auctoris
1543 2475 1649 2513 esse
1679 2458 1762 2530 hic
1789 2474 2086 2530 sermo,c_u-

550 2529 647 2601 jus
696 2536 772 2585 est
823 2527 1051 2602 quartus
1083 2530 1440 2602 superiorum,
1494 2545 1611 2584 cum
1656 2529 1752 2602 sub
1789 2529 1944 2600 ﬁnem
1971 2527 2084 2602 ejus

559 2601 847 2658 admodum
873 2602 1075 2658 similia
1103 2601 1174 2658 eis
1205 2603 1462 2673 legantur,
1493 2617 1608 2672 qua:
1637 2601 1698 2656 de
1725 2602 1937 2673 lucerna
1957 2601 2085 2673 satis

555 2673 761 2746 prwvia
787 2673 868 2746 hic
893 2670 1264 2746 disseruntur;
1288 2673 1438 2740 Quod
1455 2670 1626 2746 autem
1657 2673 1719 2746 de
1743 2670 1900 2746 fabro
1931 2671 2080 2746 habe-

559 2743 677 2799 mus
728 2743 881 2814 infra
924 2761 1071 2802 nam.
1132 2746 1183 2814 7,
1216 2744 1274 2800 in
1303 2760 1460 2799 serm.
1495 2744 1618 2800 135.
1669 2743 1808 2813 Aug.
1839 2743 2079 2814 Append.

555 2813 793 2886 reperire
809 2817 996 2871 est:sed
1010 2816 1148 2872 illud
1170 2813 1380 2887 quoque
1397 2816 1616 2887 ductum
1630 2814 1847 2887 videtur:
1865 2813 1933 2887 egi
1957 2813 2082 2887 4m-

558 2883 732 2944 brosio
777 2889 836 2942 in
879 2887 1091 2954 Lucam,
1125 2883 1214 2942 tio.
1257 2883 1337 2955 in,
1371 2887 1514 2941 circa
1539 2886 1770 2940 initium.
1802 2885 1943 2942 Unde
1969 2883 2082 2954 for-

568 2963 614 3012 te
639 2974 713 3012 an
762 2956 922 3027 hujus
963 2959 1220 3014 sermonis
1252 2963 1520 3013 auctorem
1547 2974 1650 3012 esse
1679 2957 1882 3012 beatum
1909 2956 2084 3014 Maxi-

555 3044 702 3084 mum
731 3028 882 3084 liceat
908 3028 1184 3100 conjicere.

563 3153 614 3208 1.
655 3150 800 3207 Bene
831 3151 1238 3226 quodammodo
1267 3160 1517 3210 sanctum
1550 3151 1698 3210 hunc
1736 3152 1882 3210 diem
1909 3152 2084 3208 Nata-

2205 708 2346 764 vitas
2365 709 2659 774 exstitit,et
2688 717 2884 782 praeter
2913 709 3136 764 solitum
3157 709 3419 786 obsequia
3446 719 3578 766 sunt
3599 710 3825 766 delata.

2201 800 2346 872 Ergo
2391 801 2602 858 oriente
2649 801 2906 868 Domino,
2941 809 3187 873 pastores
3215 801 3572 874 pervigilant,
3605 806 3830 861 exsul-

2199 895 2320 943 tant
2376 888 2579 960 angeli,
2631 889 2714 944 sol
2769 889 3116 962 obsequitur,
3175 891 3334 945 stella
3379 890 3714 950 famulatur.
3749 895 3826 950 Et

2201 975 2424 1048 quidem
2455 977 2636 1048 angeli
2659 978 2746 1033 vel
2779 985 3022 1048 pastores
3053 977 3252 1050 gaudia
3282 995 3381 1034 sua
3409 995 3545 1036 voce
3576 981 3671 1036 vel
3704 989 3844 1038 ser-'

2203 1065 2461 1122 monibus
2489 1075 2926 1140 prosequuntur:
2961 1068 3232 1123 elementa
3260 1075 3441 1124 autem
3472 1069 3578 1124 ista
3607 1071 3824 1142 gaudia

2203 1156 2456 1231 sua,quia
2502 1173 2636 1213 voce
2660 1173 2769 1212 non
2801 1166 3054 1229 poterant
3086 1159 3228 1230 (18),
3263 1158 3447 1215 oﬂicio
3475 1168 3817 1232 protestan-

2201 1257 2312 1306 tur.
2359 1249 2451 1306 Sol
2506 1249 2676 1321 igitur
2709 1256 2908 1322 praeter
2933 1249 3392 1306 consuetudinem
3414 1250 3472 1305 in
3504 1249 3611 1308 hac
3642 1252 3822 1308 festi—
3857 1285 3867 1296 -

2199 1337 2370 1394 vitate
2414 1339 2722 1394 matutinus
2782 1338 2994 1394 illuxit.
3043 1337 3156 1394 Nec
3205 1337 3431 1394 mirum.
3467 1337 3523 1393 Si
3553 1339 3714 1395 enim
3746 1341 3820 1398 ad

2199 1428 2325 1483 Jesu
2371 1426 2519 1482 Nave
2566 1427 2869 1483 orationem
2901 1427 3117 1484 deﬁxus
3147 1427 3298 1483 stetit
3326 1427 3385 1482 in
3409 1427 3500 1483 die
3529 1428 3726 1499 (Iosue
3755 1447 3819 1498 x,

2203 1517 2318 1590 13),
2367 1533 2466 1573 cur
2512 1533 2623 1573 non
2675 1518 2745 1574 ad
2798 1519 2927 1574 Jesu
2955 1517 3162 1574 Christi
3191 1517 3538 1574 nativitatem
3568 1519 3820 1576 festinus

2201 1615 2550 1680 promoveret
2579 1607 2637 1662 in
2667 1615 2828 1664 nocte
2849 1607 2878 1663 ?

2273 1699 2324 1756 3.
2355 1699 2538 1756 Solem
2573 1699 2742 1774 igitur
2761 1717 2970 1757 novum
2991 1699 3136 1758 hanc
3155 1699 3302 1757 diem
3320 1702 3520 1774 vulgus
3533 1705 3812 1778 appellat;

2199 1795 2254 1844 et
2289 1805 2415 1846 cum
2453 1789 2592 1846 dicit
2618 1805 2846 1857 novum,
2868 1789 3059 1862 utique
3080 1796 3135 1846 et
3167 1797 3409 1846 veterem
3431 1807 3548 1848 esse
3567 1791 3809 1849 demon-

2198 1886 2336 1936 strat
2364 1897 2376 1935 :
2410 1888 2652 1936 veterem
2682 1887 2863 1936 autem
2893 1878 3132 1936 dixerim
3172 1879 3342 1953 hujus
3371 1881 3567 1938 mundi
3595 1885 3802 1950 solem,

2116 1975 2164 2036 Β
2197 1969 2294 2042 qui
2321 1969 2685 2025 defectionem
2714 1968 2942 2040 patitur,
2993 1968 3088 2042 qui
3109 1968 3414 2040 parietibus
3455 1971 3806 2041 excluditur,

2195 2059 2292 2130 qui
2347 2057 2590 2114 nubibus
2645 2056 3006 2124 obscuratur;
3070 2067 3309 2115 veterem
3334 2059 3575 2116 dixerim
3600 2061 3804 2129 solem,

2195 2149 2293 2222 qui
2327 2148 2562 2206 vanitati
2594 2147 2860 2220 subjacet,
2891 2147 2985 2222 qui
3016 2149 3428 2221 corruptionem
3477 2151 3806 2224 metuit,qui

2189 2238 2466 2311 judicium
2526 2237 2884 2310 pertimescit.
2939 2237 3217 2310 Scriptum
3281 2247 3365 2298 est
3410 2238 3603 2296 enim:
3649 2263 3670 2288 ι
3705 2241 3803 2297 Sol

2194 2333 2550 2385 convertetur
2607 2325 2665 2381 in
2725 2325 3010 2394 tenebras,
3059 2334 3115 2383 et
3178 2327 3310 2382 luna
3353 2326 3412 2383 in
3470 2328 3802 2401 sanguinem

2197 2417 2337 2486 (Joel
2395 2434 2459 2482 ιι,
2514 2415 2630 2487 31).
2698 2439 2717 2464 υ
2790 2415 3070 2484 Veterem,
3127 2416 3378 2490 inquam,
3404 2417 3662 2486 dixerim,
3698 2419 3802 2492 qui

2195 2508 2494 2565 sceleribus
2545 2507 2780 2564 interest
2817 2505 3132 2574 hominum,
3177 2507 3322 2565 facta
3365 2508 3634 2566 adulteria
3677 2526 3798 2565 non

2194 2600 2417 2673 refugit,
2462 2599 2830 2657 homicidium
2873 2616 2988 2655 non
3035 2599 3298 2658 declinat.
3343 2602 3414 2657 Et
3453 2618 3576 2658 cum
3624 2618 3802 2657 omne

2194 2707 2364 2764 genus
2417 2689 2708 2746 hominum
2767 2690 2908 2745 nolit
2961 2705 3076 2745 esse
3106 2689 3370 2758 medium,
3405 2707 3529 2746 cum
3559 2689 3802 2762 aliquod

2193 2779 2404 2836 crimen
2433 2778 2772 2845 admittitur,
2805 2777 2898 2834 hic
2922 2777 3072 2833 solus
3112 2776 3170 2832 in
3205 2779 3420 2834 cunctis
3443 2775 3798 2834 facinoribus

2193 2883 2318 2932 stat.

2268 2966 2322 3023 4.
2355 2966 2502 3038 Ergo
2531 2963 2660 3038 quia
2687 2965 2838 3022 hunc
2872 2972 3112 3020 veterem
3146 2980 3263 3020 esse
3293 2963 3650 3021 manifestum
3685 2971 3794 3032 est,

2194 3073 2400 3114 novum
2441 3072 2600 3130 quem
2631 3055 2741 3112 nisi
2771 3055 3052 3112 Christum
3083 3055 3384 3111 Dominum
3414 3053 3796 3126 reperiemus?

2193 3144 2260 3202 de
2319 3162 2428 3219 quo
2483 3145 2750 3216 scriptum
2815 3151 2941 3200 est:
3015 3165 3033 3190 ι
3081 3143 3306 3200 Orietur
3342 3143 3503 3199 vobis
3549 3143 3666 3216 (19)
3709 3143 3794 3198 sol

489 3241 558 3298 lis
605 3241 831 3297 Domini
879 3243 1050 3298 solem
1093 3258 1298 3298 novum
1334 3243 1532 3315 vulgus
1557 3242 1814 3314 appellat,
1853 3249 1907 3298 et
1933 3249 2086 3298 tanta
2187 3233 2421 3307 justitize
2455 3233 2712 3305 (Malach.
2745 3249 2824 3300 ιν,
2855 3231 2944 3304 3);
2979 3256 2998 3279 ι
3041 3231 3108 3288 de
3139 3247 3246 3304 quo
3268 3230 3441 3286 etiam
3471 3247 3543 3286 ex
3560 3247 3799 3304 persona

487 3330 812 3388 auctoritate
841 3335 988 3394 398
1036 3329 1094 3387 id
1115 3331 1428 3399 conﬁrmat,
1462 3339 1526 3387 ut
1569 3329 1745 3387 Judaei
1785 3331 1949 3386 etiam
1992 3338 2086 3386 at—
2117 3335 2161 3396 α
2193 3330 2540 3395 peccatorum
2595 3319 2733 3378 dicit
2769 3320 3072 3392 propheta:
3147 3343 3165 3366 ι
3213 3319 3304 3374 801
3350 3335 3462 3375 non
3510 3326 3594 3374 est
3637 3327 3797 3376 ortus

488 3440 592 3498 que
639 3425 869 3498 gentiles
897 3425 958 3482 in
995 3425 1098 3483 hac
1125 3441 1260 3482 voce
1291 3424 1660 3482 consentiant.
1695 3423 1854 3494 Quod
1892 3425 2084 3482 liben-

485 3522 570 3572 ter
624 3517 1068 3590 amplectendum
1130 3517 1292 3572 nobis
1320 3524 1400 3572 est
1431 3534 1444 3584 ;
1503 3516 1633 3589 quia
1662 3515 1874 3575 oriente
1902 3515 2084 3572 Salva-

484 3615 604 3664 tore
641 3625 755 3664 non
807 3609 987 3665 solum
1045 3607 1277 3664 humani
1333 3607 1548 3680 generis
1591 3607 1760 3674 salus,
1792 3605 1888 3662 sed
1917 3607 2083 3662 etiam

485 3699 619 3755 solis
649 3699 824 3772 ipsius
851 3699 1072 3755 claritas
1101 3697 1428 3766 innovatur,
1461 3697 1606 3754 sicut
1630 3697 1708 3752 ait
1735 3696 2034 3770 Apostolus
2067 3713 2080 3752 :

484 3789 556 3846 Ut
611 3804 706 3860 per
761 3787 943 3862 ipsum
1015 3811 1034 3835 ι
1087 3795 1421 3844 restauraret
1477 3786 1685 3864 omnia,
1726 3785 1844 3842 sive
1875 3801 1997 3858 quae
2028 3785 2086 3842 in

481 3876 636 3934 oculis
691 3877 808 3932 sive
853 3893 972 3950 quae
1029 3876 1090 3932 in
1136 3885 1286 3934 terra
1315 3883 1448 3932 sunt
1486 3877 1707 3948 (Ephes.
1739 3891 1779 3944 ι,
1816 3873 1930 3947 10).
1967 3899 1986 3924 ι
2027 3873 2084 3931 Si

481 3967 629 4024 enim
661 3966 992 4024 obscuratur
1021 3969 1127 4037 sol,
1165 3985 1291 4025 cum
1323 3966 1578 4024 Christus
1609 3965 1839 4038 patitur,
1865 3979 2086 4022 necesse

483 4062 566 4112 est
599 4055 756 4110 illum
799 4055 1150 4129 splendidius
1175 4057 1340 4113 solito
1371 4057 1706 4126 lucere,cnm
1727 4055 1992 4112 nascitur.
2015 4055 2087 4110 Et

481 4143 528 4200 si
580 4143 784 4200 Iudaeis
840 4154 1077 4202 mortem
1135 4144 1493 4218 operantibus
1538 4144 1782 4200 offundit
1835 4143 2086 4200 tenebras

485 4233 640 4306 (Luc.
667 4252 835 4304 xxm,
883 4235 1003 4307 44),
1046 4253 1146 4293 cur
1173 4253 1286 4292 non
1314 4237 1498 4292 Mariae
1528 4235 1859 4308 parturienti
1889 4235 2084 4304 vitam,

481 4322 746 4381 exhibeat
769 4324 1110 4381 claritatem?
1141 4326 1254 4381 Aut
1274 4340 1442 4398 quare
1473 4341 1582 4381 non
1613 4324 1899 4380 credamus
1918 4324 2084 4398 quod,

483 4430 740 4480 nascente
791 4422 1037 4492 Christo,
1087 4424 1168 4479 sol
1200 4422 1267 4478 ad
1301 4422 1629 4496 obsequium
1664 4422 1902 4478 lucidior
1928 4423 2086 4480 adve~

483 4512 648 4581 nerit,
683 4529 813 4570 cum
835 4529 1021 4585 magos
1039 4513 1107 4569 ad
1131 4512 1404 4569 indicium
1427 4512 1630 4568 clarior
1660 4513 1821 4568 stella
1848 4528 2088 4586 praeces-

483 4605 649 4662 serit?
667 4604 806 4662 Etsi
825 4604 987 4661 stella
1003 4604 1150 4660 diem
1171 4605 1339 4660 alieni
1363 4604 1627 4678 temporis
1647 4605 1890 4661 cilicium
1909 4605 2088 4660 mini-

2193 3409 2376 3478 nobis,
2433 3417 2487 3465 et
2525 3407 2758 3482 jnstitiaa
2805 3411 2992 3466 lumen
3024 3426 3136 3465 non
3167 3408 3316 3465 luxit
3344 3409 3506 3466 nobis
3537 3409 3694 3481 (Sap.
3735 3426 3793 3478 v,

2194 3507 2275 3579 6).
2309 3532 2328 3557 ι
2370 3505 2475 3562 Hic
2504 3505 2650 3562 enim
2683 3507 2788 3576 sol,
2820 3522 2946 3562 cum
2977 3505 3186 3563 diaboli
3213 3505 3458 3562 tenebris
3493 3505 3796 3560 universus

2194 3597 2437 3652 mundus
2456 3603 2597 3652 esset
2626 3611 2937 3668 oppressus,
2954 3602 3007 3650 et
3031 3595 3207 3666 caligo
3235 3594 3435 3651 referta
3463 3593 3799 3650 criminibus

2193 3685 2458 3742 saeculum
2503 3683 2826 3758 possideret,
2877 3683 3134 3755 dignatus
3177 3691 3259 3739 est
3287 3681 3489 3738 ultimo
3521 3690 3794 3754 tempore,

2194 3773 2301 3831 hoc
2349 3782 2450 3842 est,
2511 3772 2866 3829 incumbente
2887 3771 2999 3844 jam
3031 3779 3214 3842 nocte,
3247 3779 3430 3828 ortum
3459 3785 3572 3828 sua;
3592 3770 3798 3827 nativi-

2193 3863 2324 3921 tatis
2352 3861 2666 3918 infundere.
2717 3859 2904 3916 Primo
2941 3861 3165 3934 quidem
3196 3868 3324 3917 ante
3353 3861 3556 3926 lucem,
3585 3858 3695 3917 hoc
3714 3867 3800 3916 est

2193 3961 2485 4025 antequam
2516 3949 2862 4005 illuminaret
2891 3948 3124 4021 justitim
3144 3951 3246 4017 sol,
3270 3949 3425 4005 velut
3453 3947 3796 4004 matutinum

2194 4045 2471 4119 quoddam
2516 4041 2908 4118 prophetarum
2951 4041 3104 4098 misit
3133 4042 3442 4110 oraculum,
3473 4043 3620 4098 sicut
3643 4041 3798 4098 scri-

2196 4155 2360 4219 ptum
2413 4152 2496 4200 est
2530 4160 2542 4198 :
2581 4167 2598 4190 σ
2630 4140 2909 4199 Mittebam
2943 4138 3243 4212 prophetas
3273 4153 3424 4194 meos
3451 4144 3580 4194 ante
3609 4138 3796 4193 lucem

2199 4232 2416 4305 (Jerem.
2449 4247 2551 4298 vn,
2583 4229 2701 4301 25).
2733 4255 2751 4278 ιι
2787 4229 2981 4284 Postea
3008 4243 3140 4283 vero
3165 4226 3282 4299 ipse
3301 4241 3427 4283 cum
3457 4225 3574 4282 suis
3599 4224 3799 4294 radiis,

2195 4322 2301 4379 hoc
2342 4327 2424 4377 est
2470 4335 2596 4376 cum
2636 4318 3011 4392 apostolorum
3057 4331 3282 4372 suorum
3309 4314 3524 4387 fulgore
3552 4314 3800 4386 resplen-

2195 4410 2338 4478 duit,
2397 4425 2462 4466 ac
2515 4414 2668 4464 tanta
2705 4405 2902 4462 mundi
2933 4403 3224 4477 caliginem
3257 4403 3508 4458 veritatis
3535 4403 3659 4458 luce
3688 4403 3804 4459 dis-

2197 4499 2390 4568 cussit,
2421 4507 2484 4554 ut
2512 4497 2570 4552 in
2595 4496 2804 4554 diaboli
2825 4493 3070 4552 tenebris
3098 4493 3289 4549 nullus
3312 4491 3615 4548 offenderet
3646 4491 3796 4562 (20).

2265 4588 2320 4644 5.
2355 4587 2458 4643 Hic
2486 4593 2567 4643 est
2599 4585 2770 4658 igitur
2793 4585 2872 4640 sol
2903 4599 3102 4650 novus,
3135 4581 3233 4654 qui
3265 4583 3506 4638 claustra
3521 4589 3797 4652 penetrat,

483 4695 702 4762 stravit,
732 4711 833 4750 cur
849 4710 958 4750 non
977 4694 1267 4752 credamus
1287 4693 1433 4767 quod
1451 4671 1530 4750 sol
1556 4710 1774 4767 quoque
1793 4693 2083 4750 nocturnis
2113 4695 2162 4754 D
2198 4679 2414 4734 inferna
2462 4684 2684 4745 reserat,
2741 4675 2913 4767 θοι·ᾷὲ
2934 4674 3204 4767 Δι’ίῐῐιᾶῖιιΐο
3239 4671 3343 4730 Ηίο
3372 4687 3550 4728 novus
3577 4679 3661 4726 θεῖ
3687 4673 3800 4740 $01.

483 4784 638 4842 horis
665 4783 1072 4857 aliquantulum
1101 4783 1344 4840 adventu
1373 4783 1678 4840 maturiore
1699 4782 2032 4854 decerpserit
2057 4783 2085 4840 ‘i

483 4876 571 4932 Ex
601 4891 664 4931 eo
695 4875 932 4950 denique
960 4875 1165 4932 factum
1198 4881 1331 4948 puto
1358 4881 1420 4930 ut
1447 4889 1559 4928 nox
1589 4871 2082 4942 decresceret,dum

484 4964 566 5022 sol
591 4963 826 5020 festinus
845 4963 914 5020 ob
936 4963 1240 5022 Dominicae
1268 4963 1591 5020 Nativitatis
1611 4961 1936 5036 obsequium
1957 4970 2083 5018 ante

484 5052 694 5108 mundo
741 5053 919 5109 lucem
949 5053 1202 5126 protulit,
1234 5069 1396 5126 quam
1430 5070 1542 5109 nox
1572 5067 1798 5110 cursum
1819 5051 1905 5106 sui
1932 5057 2084 5107 tem-

483 5141 633 5216 poris
665 5149 1092 5198 consummaret.

556 5231 763 5300 2.Quin
827 5229 1014 5304 potius
1068 5230 1242 5304 ipsam
1299 5239 1516 5289 noctem
1575 5231 1746 5288 fuisse
1775 5248 1888 5288 non
1933 5232 2078 5302 dico,

487 5340 590 5381 nec
637 5321 850 5396 aliquid
904 5321 1262 5378 obscuritatis
1307 5321 1584 5390 habuisse,
1617 5323 1675 5378 in
1709 5339 1814 5396 qua
1845 5331 2084 5396 pastores

484 5415 840 5489 pervigilant,
877 5417 1160 5473 exsultant
1185 5415 1386 5488 angeli,
1427 5424 1574 5472 astra
1603 5417 1944 5472 deserviunt.
1975 5416 2085 5472 Nec

486 5504 676 5560 mirari
733 5505 996 5562 debemus
1059 5505 1208 5580 quod
1264 5506 1322 5561 in
1371 5506 1661 5561 nativitate
1691 5505 1899 5564 Christi
1940 5522 2086 5562 nova

487 5595 674 5652 omnia
733 5597 878 5655 facta
933 5607 1082 5668 sunt,
1143 5614 1270 5655 cum
1300 5613 1508 5652 novum
1548 5596 1654 5654 hoc
1682 5597 1862 5670 ipsum
1895 5597 2083 5668 fuerit,

562 5773 680 5846 (18)
718 5773 891 5846 Lugd.
924 5775 1120 5846 codex,
1149 5792 1258 5846 qua
1276 5791 1394 5830 voce
1415 5781 1680 5846 poterant.

567 5844 682 5916 (19)
713 5844 899 5903 Codex
933 5844 1210 5916 Valliscll,
1242 5844 1446 5902 orietur
1469 5846 1638 5916 nobis,
1668 5852 1772 5903 etc.

2195 4767 2291 4841 qui
2333 4767 2544 4840 Spiritu
2584 4774 2774 4823 sancto
2799 4763 3049 4821 viviﬁcat
3077 4770 3316 4831 mortua,
3342 4767 3600 4834 corrupta
3627 4776 3804 4832 repa-

2195 4865 2300 4925 rat,
2337 4855 2568 4912 suscitat
2589 4853 2704 4927 jam
2755 4853 3050 4910 defuncta:
3085 4852 3174 4906 vel
3207 4849 3304 4923 qui
3332 4851 3512 4907 calore
3540 4865 3640 4905 suo
3667 4865 3802 4922 pur-

2195 4957 2285 5021 gat
2327 4947 2574 5015 sordida,
2623 4944 2830 5001 exuriti
2857 4942 3050 5011 ﬂuida,
3087 4939 3354 5014 decoquit
3395 4941 3617 4996 vitiosa.
3651 4942 3800 5013 Ipse,

2194 5039 2444 5112 inquam,
2509 5045 2590 5094 est
2647 5035 2745 5108 qui
2795 5034 3012 5092 cunctis
3063 5033 3275 5090 actibus
3327 5031 3530 5088 nostris
3573 5033 3805 5105 perSpi-

2190 5127 2268 5184 cit
2295 5127 2479 5183 omnia
2513 5142 2675 5200 opera
2701 5132 2908 5194 nostra,
2937 5133 2991 5180 et
3029 5140 3142 5180 non
3168 5133 3280 5181 tam
3311 5123 3642 5180 condemnat
3670 5124 3803 5179 cri-

2192 5216 2363 5284 mina,
2396 5232 2560 5290 quam
2589 5215 2865 5272 emendat.
2923 5212 3025 5270 Hic
3054 5213 3215 5286 plane
3273 5220 3356 5269 est
3403 5212 3484 5268 sol
3515 5211 3702 5284 justus
3744 5220 3804 5268 et

2193 5307 2430 5379 sapiens,
2462 5305 2556 5378 qui
2587 5321 2698 5360 non
2720 5305 2838 5360 sine
2857 5303 3212 5369 discretione,
3241 5302 3386 5360 sicut
3407 5302 3568 5358 istius
3597 5303 3802 5358 mundi

2193 5399 2296 5466 sol,
2356 5397 2518 5452 bonis
2568 5412 2632 5452 ac
2687 5395 2850 5450 malis
2908 5393 3172 5450 similiter
3221 5393 3648 5450 circumfertur:
3699 5393 3803 5449 sed

2191 5491 2429 5567 quodam
2451 5491 2666 5564 judicio
2707 5487 2981 5556 veritatis,
3007 5493 3200 5544 sancto
3233 5487 3398 5554 lucet,
3433 5485 3638 5542 occidit
3671 5501 3801 5556 pec-

2190 5585 2382 5644 catori.
2435 5585 2551 5640 Hoc
2609 5589 2792 5639 autem
2833 5581 2980 5638 inter
3005 5588 3304 5654 utrumque
3337 5579 3569 5636 interest
3597 5579 3802 5648 solem,

2265 5771 2384 5842 (20)
2413 5773 2494 5828 Ita
2523 5786 2678 5836 mss.;
2715 5776 2771 5824 at
2797 5783 2988 5842 omnes
3017 5764 3151 5823 edit.
3181 5781 3212 5822 e
3238 5765 3544 5836 contrario,
3578 5771 3637 5822 ut
3663 5767 3805 5824 dia-

2193 5839 2300 5900 boli
2327 5839 2538 5901 tenebra
2564 5843 2744 5898 nullos
2771 5839 3077 5912 offenderet.
