3972 6370
150 525 278 583 637
1017 524 1388 585 SERMONES
1424 524 1480 581 S.
1520 523 1877 583 AMBROSIO
1916 525 2288 585 HACTENUS
2325 526 2664 586 ASCRIPTI.
3383 526 3490 585 638

150 653 332 726 quod
355 653 731 726 illejudicium
750 656 966 726 metuit,
992 655 1083 714 hic
1093 656 1368 729 judicium
1390 656 1780 715 comminatur:
1812 660 1863 719 Α
1962 659 2098 713 hunc
2144 658 2279 713 diem
2305 677 2341 714 a
2377 659 2656 728 gentilibus
2696 659 2966 714 institutas
3003 675 3098 729 per
3141 660 3349 730 aliquot
3395 678 3490 717 sie-

153 744 336 817 quod
383 745 479 801 ille
507 746 879 819 corruptionis
926 747 1177 803 minister
1204 755 1306 816 est,
1336 746 1429 804 hic
1457 749 1777 805 aeternitatis

1964 731 2086 785 cula
2119 730 2416 819 ςιροίξξίαηὶ
2446 748 2552 785 non
2591 731 2752 813 pauci
2779 730 3083 811 retinerent,
3115 732 3353 819 maxima
3382 732 3492 801 fuit

154 842 257 890 est
306 835 583 891 Dominus
614 853 626 892 :
686 838 833 909 quod
865 837 959 893 ille
1003 845 1252 893 creatura
1282 845 1385 902 est,
1422 836 1514 893 hic
1543 844 1771 893 creator.

1966 817 2097 856 cura
2124 802 2219 858 SS.
2250 803 2497 869 Patrum,
2531 809 2589 857 ut
2639 803 2779 872 ipsos
2831 808 2943 857 tum
2998 802 3054 855 in
3108 802 3343 872 synodis,
3378 810 3490 857 tum

1963 872 2020 925 in
2067 873 2402 927 concionibus
2448 874 2513 928 ab
2556 873 2860 942 hujusmodi
2911 874 3243 927 deterrerent.
3282 874 3433 929 Illud
3463 891 3489 928 e

244 922 307 979 6.
350 923 553 979 Tamen
572 925 738 981 istum
768 925 960 981 mundi
988 926 1183 994 solem,
1206 926 1526 998 priusquam
1544 926 1774 993 oriatur,

1966 960 2105 998 conc.
2148 946 2320 999 Trull.
2364 961 2481 999 can.
2514 917 2845 1001 62.JTuron.
2888 961 2929 999 ιι
2977 960 3093 998 can.
3132 945 3193 998 17
3238 950 3285 998 et
3323 946 3485 1000 Tolet.

157 1010 370 1067 adhuc
416 1018 564 1076 399
609 1022 734 1070 ante
780 1015 955 1071 lucem
1009 1024 1230 1087 propter
1271 1016 1604 1072 necessarios
1648 1034 1779 1072 usus

1968 1031 2027 1069 Iv
2076 1032 2192 1069 can.
2231 1017 2290 1070 11
2341 1018 2483 1071 clare
2508 1017 2867 1085 cognoscitur,
2902 1032 2964 1070 ac
2994 1016 3135 1069 varii
3168 1032 3431 1069 sermones
3453 1034 3489 1071 a

160 1112 479 1169 hominum
510 1115 649 1169 solet
690 1115 915 1171 lucerna
943 1115 1263 1187 praecedere.
1302 1115 1476 1171 Habet
1514 1122 1695 1170 autem
1727 1121 1780 1169 et

162 1201 439 1229 Πι-ζηι..-
497 1204 574 1229 ,ΑΙ
633 1204 905 1229 1..-Α----..
962 1222 1109 1229 -.--...
1196 1223 1306 1229 -..μ
1362 1224 1475 1229 _-_-_
1507 1204 1776 1229 --.νημαι-..ει

1972 1086 2359 1157 Clirysostomo,
2398 1088 2717 1157 Augustino,
2746 1088 2985 1144 Maximo
3014 1093 3063 1140 et
3087 1087 3214 1141 aliis
3264 1088 3321 1141 in
3375 1103 3491 1141 eam

1967 1174 2079 1211 rem
2126 1159 2290 1212 habiti
2336 1160 2668 1229 conﬁrmant.
2721 1159 2933 1214 Citatur
2961 1174 3165 1228 quoque
3209 1158 3276 1213 ab
3328 1159 3489 1229 Ivone

162 1201 442 1259 Christus
496 1204 576 1259 sol
633 1204 911 1261 lucernam
960 1222 1135 1274 suam,
1191 1223 1309 1280 quae
1357 1224 1480 1262 eum
1507 1204 1780 1277 praecessit
1967 1175 2920 1285 ggnzzogréznlmrfr’zzﬁ(ﬁalis;
2956 1175 3276 1299 ἕᾶῗὲᾅῖηῗοο
3328 1175 3487 1297 2:32:

165 1294 336 1365 (21),
383 1295 526 1352 sicut
566 1296 703 1353 dicit
761 1297 1031 1369 Propheta
1080 1313 1093 1351 :
1167 1321 1184 1344 ι
1242 1295 1436 1352 Paravi
1499 1295 1777 1351 lucernam
1971 1300 2180 1369 quidem
2203 1302 2395 1369 priora
2426 1302 2581 1356 verba
2632 1319 2744 1355 cum
2794 1302 2887 1355 hoc
2936 1318 3170 1354 sermone
3210 1272 3316 1354 ndn
3354 1316 3487 1353 con-

168 1338 336 1365 \..-,,
383 1338 526 1352 ων...
566 1338 703 1353 ...νη
761 1338 1031 1369 “opus...
1080 1340 1092 1351 .
1169 1338 1184 1344 -
1242 1338 1436 1352 ........
1499 1338 1777 1351 ...w........

161 1383 408 1441 Christo
468 1402 590 1440 meo
620 1387 791 1457 (Psal.
837 1404 1031 1454 cxxxr,
1086 1388 1199 1458 17).
1243 1412 1261 1434 ι
1303 1387 1433 1454 Qua)
1461 1392 1643 1440 autem
1674 1385 1778 1439 ista

1971 1300 2180 1370 quidem
2203 1302 2395 1371 priora
2426 1302 2581 1356 verba
2632 1319 2744 1355 cum
2794 1302 2887 1355 hoc
2936 1318 3170 1354 sermone
3210 1316 3316 1354 non
3354 1316 3489 1353 con-

1972 1372 2207 1439 veniunt,
2239 1373 2351 1427 alia
2399 1373 2531 1426 satis
2567 1379 2876 1442 congruunt.
2912 1372 3011 1428 Sed
3039 1388 3145 1427 sive
3189 1372 3324 1426 hanc
3371 1387 3489 1425 con-

168 1474 413 1529 lucerna
458 1474 549 1542 sit,
594 1476 835 1532 ostendit
880 1476 1170 1543 Dominus,
1218 1476 1409 1533 dicens
1463 1476 1529 1531 de
1571 1476 1777 1530 Joanne

169 1562 479 1634 Baptista:
536 1589 554 1611 ι
608 1566 706 1621 Ille
762 1574 876 1621 erat
926 1568 1155 1623 lucerna
1223 1565 1419 1621 ardens
1473 1572 1527 1621 et
1591 1564 1778 1619 lucens

1973 2157 2023 2212 1.
2055 2156 2155 2212 Est
2191 2155 2330 2212 mihi
2359 2155 2621 2212 adversus
2652 2156 2939 2229 plerosque
2970 2161 3237 2221 vestrum,
3262 2155 3486 2222 fratres,

1972 1443 2191 1511 cionem,
2249 1444 2354 1497 sive
2404 1445 2573 1499 aliam
2605 1444 2696 1499 ille
2726 1443 2937 1507 viderit,
2967 1450 3209 1498 neutram
3234 1448 3491 1514 putamus

1974 1515 2421 1579 Ambrosianum;
2460 1532 2563 1569 non
2612 1516 2748 1569 enim
2778 1516 2907 1569 istas
2936 1513 3331 1585 superstitiones
3357 1513 3488 1585 obti-

1973 1586 2147 1640 nuisse
2188 1586 2475 1641 Mediolani
2522 1587 2899 1641 crediderimus
2940 1584 3056 1640 cuin
3096 1587 3153 1639 in
3204 1584 3340 1640 veris
3379 1584 3493 1639 illis

168 1656 378 1726 (Joan.
410 1674 470 1725 v,
500 1656 617 1730 45),
653 1683 670 1704 ι
715 1660 833 1730 Ipse
863 1666 1044 1714 autem
1097 1660 1351 1725 Joannes,
1380 1665 1440 1713 ut
1470 1656 1781 1728 praecedens
1973 1657 2316 1724 sermonibus,
2372 1674 2436 1711 ea:
2484 1658 2670 1730 quibus
2707 1658 2871 1728 primi
2914 1657 3494 1730 votuminisgtractatus

172 1745 430 1801 lucorum
462 1747 648 1802 lumen
678 1747 940 1819 exiguum
962 1747 1040 1802 ait
1073 1764 1084 1802 :
1132 1772 1149 1793 ι
1171 1748 1311 1803 Ecce
1341 1752 1462 1817 post
1492 1761 1577 1800 me
1606 1743 1778 1810 venit,

1972 1735 2229 1810 constant,
2261 1726 2523 1819 nusquam
2554 1729 2609 1782 in
2640 1726 2764 1819 illas
2812 1730 3039 1819 invectus
3082 1726 3249 1819 [πιεῖν-ξε
3277 1732 3493 1819 ξςιηοεηε

682 1798 1083 1819 massa”---
1171 1798 1305 1803 -νη
1341 1798 1357 1817 ι
1652 1798 1663 1799 κ
1764 1798 1777 1810 ,

172 1835 351 1907 cujus
383 1837 499 1907 (22)
541 1853 653 1892 non
681 1854 804 1892 sum
853 1837 1053 1909 dignus
1099 1838 1311 1892 solvere
1342 1836 1630 1907 corrigiam
1659 1834 1783 1891 cal-

1970 1801 2205 1855 antistes.
2269 1800 2392 1856 Vide
2438 1817 2596 1870 super
2649 1801 2743 1854 hoc
2791 1817 2908 1871 qua:
2974 1805 3098 1853 tom.
3156 1800 3216 1865 Ι,
3275 1798 3366 1853 lib.
3425 1814 3491 1865 ιι,

1972 1869 2039 1926 de
2093 1871 2374 1927 Internell.
2444 1870 2620 1926 David
2672 1888 2788 1927 can.
2837 1872 2889 1927 1.
2947 1886 3091 1924 num.
3138 1870 3194 1927 5.
3243 1868 3490 1923 subnota-

179 1886 348 1907 ,ηπ
385 1886 496 1907 \__,
541 1886 653 1892 ---η
682 1886 804 1892 ηπ
857 1886 1052 1909 _-o_-_-
1100 1886 1307 1892 ---._--
1346 1886 1630 1907 ---ηοηπ

174 1932 599 1979 ceamentorum
648 1923 785 1995 ejus,
836 1926 951 1997 ipse
983 1942 1079 1980 vos
1125 1925 1423 1996 baptizabit
1478 1925 1534 1979 in
1573 1923 1781 1995 Spiritu

1972 1886 2039 1926 ae
2093 1886 2374 1941 interpeu.
2444 1886 2620 1926 uavnu
2672 1888 2788 1942 cap.
2837 1886 2889 1936 1,
2947 1886 3091 1924 num.
3138 1886 3194 1937 ι),
3243 1886 3490 1923 subnata-

1968 1942 2156 1996 vimus.
2191 1942 2341 1997 Adde
2377 1942 2517 2013 quod
2568 1948 2618 1996 et
2662 1943 2718 1997 in
2757 1959 2882 1998 msc.
2909 1940 3161 2012 pluribus
3191 1938 3490 2011 Augustino

175 2021 382 2068 sancto
410 2022 464 2070 et
492 2012 615 2086 igne
644 2015 801 2083 (Luc.
837 2031 920 2081 ιιι,
956 2014 1067 2084 16).
1096 2038 1113 2060 ι
1161 2013 1336 2069 Simul
1367 2013 1533 2068 etiam
1565 2009 1785 2067 intelli-
1824 2022 1871 2084 Β
1974 2013 2265 2068 tribuatur.

179 2104 557 2175 genslumen
606 2121 767 2161 suum
807 2105 941 2161 solis
994 2103 1163 2160 radiis
1212 2103 1617 2170 offuscandum,
1665 2111 1790 2158 ante

180 2192 443 2264 praedicit
475 2209 486 2247 :
534 2218 551 2240 ι
582 2196 745 2251 Illum
764 2203 977 2267 oportet
999 2210 1263 2260 crescere,
1286 2210 1373 2248 me
1392 2202 1579 2249 autem
1611 2192 1791 2247 minui

183 2281 380 2352 (Joan.
412 2299 495 2349 ιιι,
520 2282 634 2355 30).
661 2307 679 2329 ι
722 2283 877 2340 Sicut
895 2284 1042 2339 enim
1074 2284 1309 2338 lucernae
1326 2281 1545 2338 claritas
1559 2280 1792 2337 destrui-

183 2377 283 2425 tur
308 2371 443 2428 solis
471 2372 732 2441 adventu,
763 2373 839 2429 ita
887 2381 941 2430 et
968 2372 1194 2430 Joannis
1227 2371 1563 2445 pmnitentiaa
1602 2371 1793 2444 bapti-

184 2478 376 2517 smum
407 2464 825 2535 superveniente
850 2463 1055 2521 Christi
1081 2463 1253 2536 gratia
1280 2471 1570 2520 vacuatum
1618 2473 1718 2520 est.

268 2551 323 2607 7.
366 2551 665 2607 Videamus
686 2553 855 2625 igitur
875 2553 966 2610 hic
996 2554 1075 2609 sol
1104 2560 1290 2608 noster
1309 2568 1489 2608 novus
1504 2568 1614 2624 quo
1643 2553 1795 2609 fonte

191 2651 472 2699 nascatur.
532 2644 687 2702 Sicut
746 2654 829 2701 est
882 2662 1096 2712 verum,
1156 2648 1270 2701 Deo
1315 2644 1493 2699 oritur
1529 2654 1790 2702 auctore:

190 2731 512 2788 divinitatis
535 2749 662 2804 ergo
682 2740 764 2788 est
784 2732 966 2799 filius;
989 2733 1323 2800 divinitatis,
1347 2732 1596 2805 inquam,
1618 2733 1797 2790 incor-

200 2829 399 2893 ruptze,
424 2822 670 2893 integras,
692 2821 938 2877 illibatae.
972 2822 1228 2893 Intelligo
1258 2823 1419 2893 plane
1449 2824 1793 2893 mysterium:

200 2910 331 2965 ideo
409 2909 556 2965 enim
616 2910 857 2965 secunda
912 2909 1175 2966 nativitas
1242 2927 1338 2982 per
1390 2910 1797 2967 immaculatam

199 2998 455 3067 Mariam,
514 2998 642 3071 quia
697 2998 849 3070 prior
920 3014 1017 3070 per
1070 2998 1421 3055 divinitatem
1480 2999 1801 3057 constiterat

203 3085 424 3143 illibata
458 3106 469 3143 :
504 3094 567 3142 ut
593 3087 681 3144 cui
715 3087 866 3159 prior
887 3087 1150 3143 nativitas
1170 3087 1406 3160 gloriosa
1426 3088 1661 3157 exstitit,
1684 3088 1801 3159 ejus

204 3176 447 3232 secunda
475 3177 877 3233 contumeliosa
906 3192 1015 3232 non
1036 3175 1222 3233 ﬁeret:
1248 3175 1356 3233 hoc
1377 3184 1479 3244 est,
1501 3184 1584 3246 ut,
1615 3194 1801 3250 quem-

203 3264 504 3321 admodum
553 3266 709 3335 virgo
757 3265 917 3321 illum
961 3265 1226 3321 divinitas
1264 3265 1531 3333 ediderat,
1575 3266 1650 3321 ita
1676 3282 1801 3322 eum

1902 2247 2122 2318 querela
2150 2262 2262 2302 non
2291 2245 2509 2303 modica
2544 2264 2556 2301 :
2617 2244 2685 2300 de
2727 2243 2815 2301 his
2847 2246 3042 2317 loquor
3069 2243 3165 2317 qui
3208 2242 3496 2298 nobiscum

1901 2335 2146 2391 Natalem
2189 2334 2414 2390 Domini
2463 2333 2828 2401 celebrantes,
2883 2331 3173 2406 gentilium
3227 2348 3286 2387 se
3342 2329 3499 2387 feriis

1902 2423 2192 2492 dederunt,
2241 2430 2295 2481 et
2340 2432 2461 2495 post
2500 2423 2643 2480 illud
2683 2424 2901 2480 caeleste
2946 2420 3267 2479 convivium
3296 2436 3500 2492 super-

1905 2513 2148 2569 stitionis
2191 2513 2298 2569 sibi
2330 2512 2620 2585 prandium
2666 2519 3042 2586 praepararunt
3077 2528 3089 2566 :
3135 2517 3197 2565 ut
3248 2510 3344 2584 qui
3373 2515 3500 2565 ante

1904 2600 2169 2657 laetiﬁcati
2224 2601 2443 2657 fuerant
2497 2600 2807 2667 sanctitate,
2870 2598 3276 2655 inebriarentur
3314 2606 3500 2670 postea

1906 2693 2171 2761 vanitate,
2219 2692 2535 2765 ignorantes
2580 2692 2727 2764 quod
2774 2691 2867 2764 qui
2914 2692 3037 2747 vult
3093 2706 3316 2763 regnare
3371 2705 3497 2746 cum

1907 2780 2148 2849 Christo,
2202 2797 2315 2836 non
2359 2780 2533 2852 possit
2580 2779 2814 2853 gaudere
2853 2796 2980 2837 cum
3026 2780 3227 2836 saeculo
3262 2794 3274 2832 :
3321 2785 3375 2835 et
3403 2776 3499 2851 qui

1906 2872 2029 2928 vult
2048 2870 2297 2927 invenire
2312 2870 2610 2943 justitiam,
2652 2870 2845 2927 debeat
2873 2870 3147 2927 declinare
3194 2870 3496 2926 luxuriam.

1908 2960 2033 3017 Alia
2061 2959 2207 3016 enim
2252 2960 2393 3015 ratio
2439 2967 2522 3015 est
2570 2961 2697 3015 vitae
2734 2967 2969 3028 aeternae,
3027 2959 3136 3017 alia
3184 2958 3493 3031 deSperatio

1909 3048 2147 3106 lasciviae
2176 3048 2517 3120 temporalis:
2545 3047 2611 3103 ad
2643 3047 2795 3104 illam
2830 3048 3035 3105 virtute
3064 3047 3402 3114 ascenditur,
3429 3046 3498 3103 ad

1912 3140 2070 3197 istam
2099 3138 2405 3211 perditione
2434 3138 2811 3195 descenditur.

1982 3252 2034 3308 2.
2069 3250 2248 3323 Atque
2278 3249 2401 3306 ideo
2429 3250 2524 3324 qui
2555 3251 2676 3305 vult
2700 3265 2816 3305 esse
2846 3248 3166 3306 divinbrum
3197 3248 3494 3322 particeps,

206 3361 263 3409 et
314 3353 470 3425 virgo
541 3354 712 3410 Maria
771 3361 1074 3426 generaret.
1165 3353 1372 3409 Habere
1433 3353 1599 3409 etiam
1658 3352 1804 3425 apud
1834 3374 1878 3434 ο
1913 3339 2225 3434 non_debe_t
2271 3355 2386 3395 esse
2406 3340 2592 3434 socius
2623 3339 2897 3395 idolorum
2933 3356 2944 3394 :
2976 3338 3111 3394 idoli
3137 3338 3286 3434 enim
3311 3337 3497 3434 portio

211 3442 463 3497 homines
545 3450 756 3514 patrem
841 3443 1127 3509 scribitur,
1207 3442 1351 3497 sicut
1432 3440 1663 3512 legimus
1744 3442 1802 3496 in

219 3530 542 3600 Evangelia,
588 3528 901 3585 dicentibus
930 3528 1219 3584 Pharisaeis
1257 3544 1268 3581 :
1314 3552 1333 3574 ι
1363 3527 1554 3582 Nonne
1600 3526 1692 3584 hic
1725 3536 1806 3583 est

211 3618 363 3673 ﬁlius
394 3618 594 3689 Joseph
638 3616 802 3683 fabri,
840 3624 892 3671 et
934 3624 1105 3672 mater
1134 3615 1251 3687 ejus
1279 3615 1448 3671 Maria
1475 3622 1557 3670 est
1590 3616 1799 3685 (Matth.

212 3724 335 3774 xm,
389 3707 534 3776 55)?
590 3729 607 3752 ι
651 3706 711 3760 In
768 3704 873 3759 hoc
933 3720 1150 3778 quoque
1204 3704 1426 3759 adverte
1455 3704 1801 3776 mysterium.

213 3795 385 3853 Faber
430 3802 582 3867 pater
633 3795 841 3851 dicitur
871 3794 1099 3852 Christi.
1158 3797 1229 3851 Et
1270 3798 1430 3868 plane
1469 3795 1620 3852 faber
1648 3796 1805 3851 Pater

214 3886 378 3953 Deus,
429 3884 522 3957 qui
556 3884 724 3940 totius
780 3884 974 3940 mundi
1030 3901 1194 3957 opera
1246 3885 1543 3942 fabricatus
1598 3894 1716 3940 est:
1751 3893 1805 3941 et

216 3977 373 4049 plane
401 3975 572 4044 faber,
602 3976 696 4032 sed
725 3976 818 4049 qui
851 3976 909 4031 in
935 3976 1151 4033 diluvio
1178 3977 1293 4033 Noe
1323 3992 1503 4033 arcam
1538 3976 1804 4033 fabricare

215 4065 501 4139 disposuit.
544 4066 736 4134 Faber,
787 4067 1038 4140 inquam,
1071 4076 1154 4124 est
1197 4068 1293 4140 qui
1322 4066 1601 4123 ordinavit
1629 4066 1804 4138 Moysi

215 4156 648 4225 tabernaculum,
678 4172 861 4213 arcam
883 4156 1216 4212 Testamenti
1247 4156 1510 4225 instituit,
1539 4158 1803 4229 templum

217 4244 519 4301 Salomonis
576 4245 773 4300 erexit.
832 4244 1076 4299 Fabrum
1135 4244 1399 4313 dixerim,
1469 4245 1567 4318 qui
1598 4253 1806 4301 mentes

220 4335 419 4406 rigidas
474 4335 689 4390 emollit
757 4335 900 4406 (23),
959 4336 1321 4407 COgitationes
1397 4337 1656 4409 superbas
1713 4354 1806 4393 re-

219 4424 439 4492 scindit,
487 4423 724 4478 humilia
781 4424 926 4479 facta
978 4423 1262 4481 sublimat.
1326 4426 1429 4483 Hic
1480 4434 1661 4481 autem
1719 4426 1808 4481 fa—

222 4513 315 4569 ber
343 4512 488 4569 circa
515 4510 735 4567 arbores
781 4529 954 4568 curvo
982 4512 1159 4567 utitur
1187 4513 1536 4577 ferramento.
1571 4514 1713 4570 sicut
1749 4514 1807 4569 in

220 4603 515 4675 Evangelio
533 4602 781 4673 legimus,
807 4600 1023 4657 dicente
1038 4601 1246 4656 Joanne
1274 4617 1285 4654 :
1325 4626 1342 4648 ι
1362 4602 1480 4657 Jam
1504 4603 1710 4659 securis
1739 4602 1809 4658 ad

223 4693 451 4752 radicem
485 4692 744 4748 arborum
788 4691 964 4764 posita
993 4698 1094 4747 est.
1140 4691 1334 4748 Omnis
1388 4691 1550 4748 arbor
1579 4710 1688 4748 non
1717 4694 1809 4748 fa—

1912 3439 1992 3485 est
2037 3429 2309 3485 inebriare
2361 3427 2495 3482 vino
2538 3435 2798 3495 mentem,
2849 3435 3098 3483 ventrem
3140 3426 3265 3483 cibo
3294 3425 3497 3482 disten-

1912 3530 2060 3596 dere,
2106 3527 2491 3584 saltationibus
2527 3526 2770 3597 membra
2820 3523 2966 3579 400
3015 3536 3267 3599 torquere
3296 3541 3307 3580 :
3341 3532 3395 3580 et
3424 3523 3501 3579 ita

1913 3618 2096 3689 pravis
2142 3618 2356 3675 actibus
2402 3617 2678 3690 occupari,
2722 3627 2783 3675 ut
2830 3618 3041 3690 cogaris
3073 3618 3323 3691 ignorare
3352 3614 3499 3689 quod

1914 3708 2058 3765 Deus
2082 3716 2184 3763 est.
2232 3706 2389 3763 Unde
2433 3714 2654 3762 sanctus
2694 3707 2992 3780 Apostolus
3026 3706 3143 3763 haec
3190 3705 3502 3777 praevidens

1913 3796 2051 3853 dicit
2084 3815 2095 3853 :
2147 3822 2166 3846 ι
2212 3798 2343 3866 Quae
2372 3796 2552 3870 portio
2575 3796 2810 3869 justitiae
2861 3814 2989 3855 cum
3038 3798 3331 3872 iniquitate
3351 3797 3379 3853 ?
3406 3804 3503 3853 aut

1913 3904 2034 3960 quae
2062 3888 2290 3945 societas
2320 3888 2431 3945 luci
2450 3905 2576 3945 cum
2608 3889 2850 3945 tenebris
2870 3890 2899 3945 ‘l
2924 3897 3019 3945 aut
3048 3905 3170 3962 quae
3195 3905 3318 3962 pars
3349 3886 3501 3945 ﬁdeli

1913 3994 2039 4034 cum
2070 3977 2282 4034 inﬁdeli
2305 3978 2332 4034 ‘l
2362 3978 2484 4050 quis
2503 3985 2685 4034 autem
2707 3995 3008 4036 consensus
3027 3978 3234 4051 templo
3255 3977 3354 4034 Dei
3375 3994 3501 4034 cum

1912 4067 2078 4123 idolis
2108 4068 2198 4138 (ΙΙ
2244 4068 2368 4125 Cor.
2406 4085 2483 4136 v1,
2518 4067 2602 4135 14,
2636 4069 2725 4139 15)
2759 4068 2787 4124 ‘l
2814 4092 2831 4117 ι
2881 4070 3025 4141 Ergo
3068 4068 3114 4123 si
3163 4083 3264 4123 nos
3312 4083 3505 4123 sumus

1913 4157 2179 4228 templum
2205 4155 2325 4225 Dei,
2370 4172 2470 4213 cur
2499 4156 2556 4212 in
2602 4159 2808 4229 templo
2844 4157 2940 4214 Dei
2981 4158 3185 4214 colitur
3234 4155 3506 4213 festivitas

1914 4245 2189 4303 idolorum
2207 4248 2235 4303 ‘l
2263 4263 2361 4303 cur
2390 4246 2487 4303 ubi
2518 4246 2775 4303 Christus
2804 4247 3031 4314 habitat,
3064 4247 3160 4319 qui
3208 4254 3290 4302 est
3334 4244 3504 4301 absti-

1914 4336 2124 4404 nentia,
2161 4335 2543 4409 temperantia,
2576 4337 2818 4404 castitas,
2843 4336 3127 4394 inducitur
3154 4334 3501 4403 comessatio,

1916 4426 2168 4494 ebrietas,
2216 4433 2378 4498 atque
2425 4426 2651 4483 lascivia
2696 4426 2724 4482 ‘l
2794 4424 2941 4482 Dicit
2994 4424 3141 4480 enim
3186 4424 3437 4480 Salvator
3487 4439 3500 4477 :

1932 4539 1949 4562 ι
1976 4515 2147 4570 Nemo
2168 4522 2344 4587 potest
2371 4513 2585 4571 duobus
2635 4513 2878 4570 dominis
2918 4513 3123 4570 servire
3176 4513 3388 4584 (Matth.
3422 4528 3503 4576 vr,

1917 4604 2033 4675 24),
2076 4629 2093 4652 ι
2135 4603 2241 4660 hoc
2269 4610 2372 4672 est,
2402 4605 2515 4659 Deo
2545 4612 2598 4660 et
2631 4619 2975 4659 mammonae.
3009 4600 3296 4669 Quomodo
3327 4600 3500 4671 igitur

1840 4736 1889 4795 D
1918 4692 2144 4765 potestis
2185 4692 2435 4765 religiose
2483 4690 2848 4765 Epiphaniam
2900 4690 3123 4747 Domini
3177 4703 3502 4761 procurare,

224 4786 365 4843 ciens
387 4786 628 4842 fructum
664 4784 783 4857 (24)
817 4783 1125 4852 excidetur,
1173 4792 1228 4840 et
1256 4784 1314 4839 in
1344 4785 1524 4858 ignem
1557 4786 1807 4841 mittetur
1840 4776 1889 4795 "
1914 4784 2008 4856 qui
2024 4783 2136 4855 jam
2161 4781 2450 4850 Kalendas,
2477 4788 2743 4855 quantum
2764 4779 2821 4835 in
2843 4778 2999 4835 vobis
3019 4785 3120 4847 est,
3141 4776 3503 4835 devotissime

229 4877 430 4947 (Matth.
473 4893 557 4944 ιιι,
619 4875 731 4947 10).
755 4899 773 4921 ι
838 4875 952 4932 Hoc
981 4873 1129 4930 enim
1183 4873 1295 4947 agit
1318 4880 1519 4942 totum,
1556 4880 1616 4929 ut
1645 4874 1811 4931 utiles

226 4966 453 5023 caelestis
474 4966 694 5022 fabricae
719 4964 941 5021 arbores
965 4963 1025 5020 in
1048 4972 1326 5021 structura
1344 4972 1638 5036 componat
1665 4964 1809 5037 (25),

226 5053 584 5110 infructuosas
665 5070 794 5110 vero
850 5053 1068 5110 evulsas
1138 5052 1403 5113 radicitus
1460 5052 1807 5111 ﬂammarum

230 5159 506 5211 consumat
533 5152 809 5210 incendio.

818 5244 1053 5302 SERMO
1082 5244 1204 5302 VII.

663 5334 741 5390 De
770 5332 1033 5390 Kalendis
1060 5332 1355 5390 Januariis.

235 5421 357 5477 Cum
388 5420 537 5476 ludos
576 5438 638 5476 ac
663 5420 931 5493 pro/anas
979 5422 1318 5477 caeremonias
1344 5422 1415 5477 ad
1441 5423 1808 5481 celebrandum

300 5520 410 5592 (2i)
462 5522 664 5579 Omnes
719 5522 878 5591 edit.,
928 5539 1046 5595 quae
1108 5520 1221 5597 ejus
1266 5529 1442 5597 ortum
1483 5527 1749 5597 prceeessit
1787 5546 1807 5594 ;

231 5608 407 5667 omnes
446 5610 601 5667 mss.,
646 5611 763 5667 quae
788 5612 905 5650 eum
948 5596 1233 5667 prwcessit.
1285 5596 1355 5651 Et
1385 5596 1583 5653 iterum
1615 5615 1807 5656 omnes

232 5663 352 5722 edit.
374 5680 508 5737 cum
541 5663 711 5737 Lugd.
743 5667 889 5735 cod.,
926 5663 1138 5722 lucerna
1167 5668 1341 5722 lucens
1363 5685 1381 5722 :
1410 5668 1586 5725 codex
1608 5670 1804 5727 Vallis-

367 5736 579 5792 lucerna
633 5736 866 5807 ardens;
899 5739 1095 5795 melius
1140 5738 1303 5808 Silv.,
1359 5740 1571 5796 lucerna
1612 5744 1807 5800 ardens

236 5826 261 5862 e
324 5823 491 5861 acens.

236 5814 281 5865 et
305 5814 491 5862 lucens.

302 5878 410 5951 (22)
450 5880 609 5938 Rom.
639 5878 773 5938 edit.
802 5880 939 5951 sola,
975 5882 1146 5942 Veniet
1162 5882 1360 5956 fortior
1377 5901 1477 5953 me,
1492 5886 1666 5960 cujus,
1695 5894 1801 5947 etc.

1920 4872 2234 4929 celebrastis
2254 4873 2283 4930 ‘l

1989 4979 2043 5036 3.
2074 4980 2243 5037 Janus
2273 4978 2421 5035 enim
2467 4977 2634 5033 homo
2659 4975 2768 5032 fuit
2796 4975 2961 5033 unius
3003 4974 3260 5033 conditor
3306 4974 3503 5032 civita-

1916 5069 2008 5137 tis,
2039 5086 2159 5143 qua:
2185 5067 2497 5125 Janiculum
2539 5074 2910 5138 nuncupatur,
2953 5064 3012 5121 in
3043 5064 3202 5138 cujus
3231 5064 3503 5123 honorem

1916 5174 1949 5215 a
1976 5157 2228 5231 gentibus
2256 5156 2503 5213 kalendae
2532 5164 2661 5212 sunt
2682 5154 2954 5213 Januarias
2982 5163 3332 5229 nuncupatas,
3353 5155 3501 5213 unde

1916 5248 2012 5321 qui
2046 5246 2304 5303 kalendas
2335 5246 2618 5301 Januarias
2663 5244 2816 5313 colit,
2849 5253 3055 5317 peccat,
3097 5245 3355 5318 quoniam
3407 5245 3503 5301 ho-

1916 5334 2053 5389 mini
2083 5340 2302 5389 mortuo
2334 5333 2510 5389 defert
2536 5332 2847 5390 divinitatis
2875 5333 3223 5406 obsequium.
3256 5331 3389 5388 Inde
3416 5340 3499 5388 est

1915 5422 2060 5497 quod
2082 5422 2159 5479 ait
2187 5424 2513 5495 Apostolus:
2551 5446 2569 5470 ι
2592 5422 2719 5479 Dies
2748 5423 3072 5491 observatis,
3102 5430 3155 5477 et
3185 5437 3419 5491 menses,
3450 5429 3507 5479 et

1988 5530 2109 5613 (23)
2136 5533 2338 5613 Omnes
2365 5530 2495 5613 edit.
2529 5547 2591 5588 ac
2618 5530 2727 5613 dup
2757 5548 2922 5613 _mss.,
2955 5531 3051 5613 qui
3076 5536 3266 5613 mentes
3297 5529 3505 5601 rigidas

1914 5602 2151 5674 expolit;
2176 5604 2373 5660 melius
2403 5612 2584 5659 tamen
2612 5603 2732 5659 cod.
2757 5602 3285 5674 Valliscl.,gemollit.

2013 5675 2103 5745 24)
2136 5676 2294 5732 Rom.
2324 5675 2455 5731 edit.
2488 5676 2623 5742 sola,
2662 5692 2766 5729 non
2796 5674 2996 5745 faciens
3022 5672 3261 5743 fructum
3290 5673 3501 5730 bonum.

2013 5744 2106 5816 25)
2137 5746 2287 5802 Edit.
2320 5762 2446 5803 cum
2479 5763 2579 5802 ms.
2610 5745 2808 5817 Lugd,
2848 5746 2906 5801 in
2948 5744 3135 5816 futuro
3178 5751 3453 5816 componat
3488 5761 3499 5799 :

1914 5818 2119 5892 optime
2146 5817 2307 5877 codd.
2342 5818 2485 5877 Vall.
2516 5826 2571 5876 et
2609 5817 2773 5888 Silv.,
2804 5817 2864 5873 in
2904 5822 3176 5875 structura
3204 5819 3497 5890 componat.
