3972 6366
517 497 622 556 639

1539 504 1638 560 AD
1677 501 1912 560 OPEBA
1948 501 2005 558 S.
2045 499 2380 559 AMBROSII
2421 502 2806 562 APPENDIX.

3741 505 3858 562 640

519 630 788 698 tempora,
819 635 874 683 et
899 641 1094 695 annos;
1117 603 1384 685 timeo'ne
1412 627 1535 684 sine
1563 643 1726 685 causa
1751 625 2114 684 laboraverim
2140 628 2193 687 Α
2225 627 2438 687 scilicet
2483 631 2612 703 quia
2658 629 2950 706 ἴπιςραίυιω
2998 627 3116 700 (27)
3167 631 3372 700 Graece,
3422 630 3624 688 Latine
3681 629 3851 689 dici-

517 713 579 770 in
611 713 772 772 vobis
801 715 1009 788 (Galat.
1042 734 1120 786 1v,
1145 715 1232 786 10,
1253 717 1366 789 ii).
1389 742 1408 765 ι
1449 716 1779 773 Observavit
1799 717 1946 772 enim
1968 715 2114 794 diem

519 813 574 861 et
607 821 874 876 mensem,
905 806 998 880 qui
1030 806 1118 862 his
1147 807 1342 863 diebus
1388 815 1485 863 aut
1526 823 1635 862 non
1678 806 1975 878 jejunavit,
2024 813 2119 863 aut

519 892 591 949 ad
621 894 903 951 ecclesiam
945 911 1055 950 non
1099 895 1362 966 processit
1398 913 1409 950 :
1455 893 1772 952 observavit
1817 893 1991 964 diem,
2021 895 2118 968 qui

521 981 778 1041 hesterna
822 983 912 1040 die
959 1000 1070 1039 non
1120 982 1390 1055 processit
1415 983 1485 1040 ad
1512 984 1821 1052 ecclesiam,
1851 985 2118 1057 processit

517 1072 588 1128 ad
642 1089 917 1144 campum.
955 1072 1121 1143 Ergo,
1155 1071 1373 1140 fratres,
1423 1071 1575 1127 omni
1605 1073 1790 1129 studio
1828 1073 2116 1145 gentilium

518 1161 875 1218 festivitatem
925 1169 979 1217 et
1027 1161 1190 1217 ferias
1237 1163 1610 1231 declinemus,
1651 1172 1716 1220 ut
1762 1165 1984 1237 quando
2033 1165 2118 1220 illi

518 1251 814 1322 epulantur
847 1256 902 1305 et
925 1250 1035 1305 laeti
1061 1259 1210 1319 sunt,
1243 1259 1378 1308 tunc
1407 1269 1506 1308 nos
1537 1252 1713 1308 simus
1753 1252 1925 1309 sobrii
1953 1261 2118 1326 atque

512 1337 693 1412 jejuni
727 1355 738 1394 :
773 1355 884 1412 quo
925 1338 1242 1414 intelligant
1272 1341 1524 1398 laetitiam
1554 1358 1707 1399 suam
1742 1349 1928 1400 nostra
1954 1342 2118 1399 absti-

518 1427 711 1485 nentia
738 1427 1114 1485 condemnari.

589 1517 642 1575 4.
675 1519 797 1576 Non
826 1520 1006 1575 solum
1027 1527 1210 1575 autem
1241 1517 1555 1592 gentilium,
1611 1518 1706 1575 sed
1722 1526 1778 1576 et
1802 1517 2118 1576 Iudaeorum

519 1609 798 1666 consortia
828 1609 1003 1665 vitare
1017 1607 1305 1676 debemus,
1334 1625 1571 1682 quorum
1601 1609 1767 1666 etiam
1789 1608 2119 1666 confabula-

517 1698 600 1755 tio
629 1706 711 1756 est
740 1715 936 1772 magna
966 1699 1221 1773 pollutio.
1256 1699 1326 1755 Hi
1350 1699 1556 1756 etenim
1596 1709 1711 1756 arte
1741 1700 2034 1757 insinuant
2061 1716 2117 1756 se

518 1790 860 1859 hominibus,
919 1790 1112 1847 domos
1167 1797 1476 1863 penetrant,
1524 1789 1914 1864 ingrediuntur
1965 1807 2118 1864 prae-

517 1880 684 1950 toria,
723 1897 883 1936 aures
905 1879 1157 1952 judicum
1189 1887 1242 1936 et
1275 1880 1527 1954 publicas
1555 1880 1887 1954 inquietant,
1911 1889 1964 1937 et
1993 1879 2117 1936 ideo

519 1971 693 2066 magis
722 1971 1040 2043 praevalent,
1081 1969 1396 2066 quo-magis
1439 1977 1572 2066 sunt
1599 1969 1969 2042 impudentes.
2000 1971 2117 2066 Hoc
2143 1995 2188 2056 Β
2221 1993 2339 2066 ejus
2385 1969 2569 2056 adhuc
2616 1998 2748 2055 ﬁdei

520 2065 702 2114 autem
738 2074 850 2114 non
888 2073 1076 2114 recens
1105 2059 1164 2113 in
1194 2057 1348 2130 ipsis,
1379 2057 1475 2114 sed
1521 2057 1892 2116 inveteratum
1927 2067 1982 2115 et
2010 2057 2116 2114 ori-

519 2148 793 2223 ginarium
841 2150 1046 2205 malum
1095 2156 1196 2206 est.
1248 2149 1388 2206 Nam
1425 2149 1558 2205 olim
1608 2149 1772 2206 etiam
1817 2150 2114 2207 Dominum

519 2239 861 2296 Salvatorem
893 2239 1040 2295 intra
1066 2239 1386 2312 praetorium
1419 2240 1690 2312 persecuti
1719 2247 1867 2309 sunt,
1901 2249 1957 2298 et
1979 2257 2113 2314 prat~

519 2329 657 2386 sidis
707 2345 836 2386 cum
881 2327 1096 2401 judicio
1141 2327 1581 2386 condemnarunt
1615 2330 1830 2402 (Matth.
1860 2347 2041 2400 xxvn,
2082 2329 2116 2387 2

518 2419 675 2492 scq.).
705 2419 769 2476 In
797 2418 1054 2492 prmtorio
1101 2435 1228 2490 ergo
1271 2435 1303 2474 a
1327 2417 1532 2475 Iudaeis
1581 2418 1898 2476 innocentia
1933 2418 2114 2492 oppri-

517 2508 713 2578 mitur,
773 2516 1041 2565 secretum
1103 2507 1386 2581 proditur,
1439 2508 1634 2581 religio
1688 2509 2111 2566 condemnatur.

518 2598 657 2657 Cum
713 2598 860 2654 enim
891 2597 1146 2656 Christus
1174 2597 1467 2666 occiditur,
1500 2597 1684 2654 omnis
1713 2598 1772 2654 in
1819 2615 1884 2654 eo
1913 2598 2115 2655 veritas

519 2695 574 2745 et
595 2687 814 2760 justitia
837 2687 1275 2754 condemnatur;
1309 2686 1572 2760 quoniam
1602 2686 1718 2760 ipse
1745 2697 1827 2746 est
1855 2688 2114 2746 innocen-

520 2779 619 2848 tia,
650 2777 846 2852 religio
871 2777 1200 2846 sanctitatis,
1233 2785 1395 2850 atque
1425 2777 1772 2850 mysterium.

1083 2919 1318 2978 SERMO
1384 2919 1532 2977 VIII.

968 3031 1049 3086 De
1075 3036 1267 3086 sancta
1285 3027 1596 3100 Epiphania
1623 3028 1666 3085 Ι.

523 3145 592 3202 1η
611 3143 911 3215 Appendice
935 3143 1162 3215 August.
1193 3159 1364 3199 sermo
1391 3149 1558 3215 exsto.
1589 3158 1809 3215 numero
1839 3140 1962 3215 135,
1998 3158 2116 3198 cum

629 3213 712 3270 ubi
740 3215 823 3271 hic
868 3213 1044 3270 noster
1088 3215 1145 3270 in
1204 3232 1260 3286 eo
1313 3214 1574 3286 congruit,
1606 3214 1746 3284 quod
1762 3214 1836 3286 de
1861 3213 2116 3284 festorum

629 3232 696 3270 uo
740 3231 823 3271 mc
868 3231 1044 3270 noster
1088 3233 1145 3270 in
1204 3232 1260 3270 eo
1313 3231 1574 3286 congruit,
1606 3231 1746 3284 quoa
1773 3231 1836 3269 ae
1861 3231 2116 3284 [estorum

593 3231 895 3358 grequentia
925 3287 1071 3342 dicit.
1103 3285 1366 3356 Majorem
1391 3287 1571 3358 adhuc
1591 3289 1728 3340 inter
1753 3285 1888 3340 hunc
1915 3291 1962 3358 et
1985 3287 2118 3356 pri-

2224 723 2316 774 tur
2361 738 2638 793 apparere.
2697 727 2842 799 Ergo
2893 725 3024 799 quia
3078 732 3214 784 tunc
3269 721 3511 794 primum
3571 722 3852 794 apparuit

2224 806 2476 866 Salvator
2503 812 2562 868 in
2602 815 2832 884 mundo,
2867 815 2984 888 ipsa
3012 814 3130 870 dies
3157 811 3349 869 eodem
3380 810 3666 869 vocabulo
3694 813 3852 886 Epi-

2225 897 2428 970 phania
2452 912 2771 976 nuncupata
2798 913 2900 961 est.

2299 989 2351 1046 3.
2393 991 2681 1058 Quomodo
2719 1005 2905 1054 autem
2948 995 3262 1070 apparuerit
3304 993 3685 1068 requiramus,
3731 1011 3846 1050 non

2225 1079 2372 1149 quod
2398 1081 2459 1136 in
2499 1085 2707 1142 mundo
2736 1095 2863 1142 ante
2905 1103 3017 1143 non
3064 1085 3254 1154 fuerit,
3301 1101 3428 1142 cum
3461 1083 3720 1140 mundus
3752 1102 3849 1156 per

2225 1165 2408 1240 ipsum
2457 1171 2636 1230 factus
2664 1175 2736 1232 sit
2775 1179 2960 1249 (Joan.
3011 1195 3050 1245 ι,
3085 1175 3174 1247 l0)
3211 1193 3222 1231 :
3255 1174 3350 1231 sed
3379 1173 3528 1248 quod
3556 1183 3704 1231 tunc
3735 1175 3845 1247 pri-

2226 1279 2380 1322 mum
2421 1268 2594 1340 signis
2625 1279 2789 1345 atque
2833 1271 3119 1330 miraculis
3147 1269 3489 1329 credentium
3517 1275 3669 1332 401
3705 1285 3846 1325 cor-

2225 1362 2388 1422 dibus
2443 1366 2694 1426 Christus
2752 1374 2898 1428 Deus
2955 1370 3230 1438 illuxerit,
3307 1370 3456 1424 etin
3509 1365 3846 1423 tenebrosas

2225 1455 2594 1514 conscientias
2609 1459 2897 1517 hominum
2919 1460 3046 1517 ﬁdei
3068 1458 3330 1532 splendor
3347 1457 3642 1514 advenerit
3658 1501 3670 1513 .
3699 1456 3844 1514 Cum

2227 1543 2400 1616 igitur
2438 1548 2584 1604 Deus
2611 1549 2817 1623 ubique
2845 1551 2936 1619 sit,
2987 1559 3042 1606 et
3069 1549 3328 1606 universa
3367 1547 3671 1620 possideat,
3725 1554 3848 1602 tan-

2225 1649 2390 1706 quam
2423 1653 2533 1692 non
2565 1639 2718 1695 visus
2747 1651 2928 1709 antea,
2953 1639 3270 1713 apparuisse
3299 1637 3524 1694 dicitur.
3557 1636 3848 1710 Apparuit

2225 1733 2406 1782 autem
2439 1743 2550 1783 non
2580 1736 2690 1785 tam
2725 1732 2903 1787 oculis
2931 1731 3223 1786 hominum
3255 1745 3420 1802 quam
3451 1728 3618 1784 saluti
3661 1744 3674 1782 :
3711 1743 3843 1782 nam

2225 1816 2325 1871 etsi
2348 1818 2500 1890 prius
2527 1829 2690 1878 natus
2719 1839 2789 1878 ex
2835 1823 3064 1896 Virgine
3094 1820 3273 1878 oculis
3316 1819 3638 1876 carnalibus
3669 1810 3846 1874 vide-

2223 1903 2404 1974 batur,
2455 1915 2638 1964 tamen
2694 1927 2805 1967 non
2871 1911 3182 1984 apparebat,
3237 1909 3506 1984 quoniam
3561 1909 3841 1964 virtutem

2789 2001 2931 2057 acies
2980 1999 3282 2072 ignorabat.
3315 1998 3471 2056 Unde
3499 1997 3715 2055 Iudaeis
3746 2015 3844 2071 per

2225 2086 2548 2158 prophetam
2601 2089 2852 2146 dicitur:
2915 2114 2934 2138 ι
2965 2091 3230 2148 Videntes
3275 2088 3560 2156 videbitis,
3610 2095 3670 2144 et
3723 2105 3842 2144 non

2225 2174 2488 2232 videbitis
2510 2177 2654 2249 (Isa.
2685 2196 2765 2245 vr,
2797 2179 2879 2251 9),
2913 2205 2932 2228 ι
2985 2180 3091 2236 hoc
3134 2187 3235 2248 est,
3285 2178 3626 2235 Salvatorem
3666 2194 3840 2251 quem

2222 2275 2511 2323 cernerent
2537 2268 2716 2324 oculis
2759 2269 3160 2342 corporalibus,
3193 2267 3432 2341 spiritali
3463 2268 3681 2324 lumine
3713 2284 3835 2324 non

2224 2355 2498 2412 viderent.
2536 2357 2730 2414 Postea
2758 2357 2906 2415 enim
2937 2375 3102 2432 quam
3133 2357 3484 2414 divinitatem
3519 2372 3677 2414 suam
3719 2356 3845 2412 mi-
3929 2369 3931 2432 ξ

2226 2443 2494 2502 rabilibus
2543 2446 2863 2517 declaravit,
2917 2448 3177 2504 humanis
3225 2446 3506 2504 mentibus
3554 2453 3837 2520 tanquam

2227 2549 2407 2590 novus
2433 2544 2488 2591 et
2517 2537 2832 2610 inopinatus
2866 2555 3155 2612 apparens,
3187 2539 3378 2596 oculos
3407 2536 3678 2610 quosdam
3715 2553 3844 2592 cor-

2223 2621 2311 2678 dis
2363 2623 2590 2693 infudit,
2642 2633 2702 2682 ut
2745 2637 3097 2700 cognosceret
3137 2644 3326 2683 sensus
3367 2642 3526 2700 quem
3575 2641 3696 2680 non
3735 2643 3845 2682 co—

2223 2712 2416 2784 gnovit
2443 2722 2712 2786 aspectus.
2736 2715 2893 2771 Unde
2922 2717 2984 2772 fit
3005 2726 3067 2774 ut
3092 2733 3192 2773 nos
3221 2715 3496 2774 Christum
3517 2713 3837 2770 Dominum

2225 2818 2321 2874 per
2346 2801 2535 2873 ﬁdem,
2559 2821 2720 2878 quem
2750 2821 3034 2876 nunquam
3071 2805 3336 2874 vidimus,
3365 2804 3837 2877 contemplemur:

2222 2891 2397 2948 Judaei
2429 2909 2592 2965 quem
2637 2903 3037 2966 perspexerant
3067 2895 3265 2963 oculis,
3312 2894 3677 2966 palpaverunt
3709 2909 3840 2949 ma-

2221 2980 2409 3046 nibus.
2432 2982 2598 3040 hodie
2628 3001 2799 3058 usque
2820 3001 2928 3041 non
2960 2985 3205 3041 videant.

2293 3070 2347 3128 4.
2382 3072 2743 3146 Requiramus
2781 3073 2952 3146 igitur
2998 3073 3146 3145 quod
3192 3072 3416 3144 signum
3447 3079 3712 3144 operatus
3741 3073 3833 3140 sit,

2221 3168 2285 3216 ut
2311 3160 2658 3218 divinitatem
2680 3179 2834 3219 suam
2860 3162 3078 3234 populis
3107 3161 3428 3220 declararet.
3463 3163 3688 3220 Dicitur
3729 3163 3835 3222 hoc

2222 3249 2462 3322 primum
2513 3251 2707 3307 fecisse
2760 3251 3108 3320 miraculum,
3140 3257 3202 3306 ut
3247 3267 3447 3323 aquam
3486 3259 3729 3308 mutaret
3771 3253 3827 3308 in

593 3337 739 3414 inuiti
792 3358 1022 3417 Maximi
1075 3359 1132 3412 in
1191 3337 1315 3414 illis
1367 3357 1692 3412 advertimus
1736 3337 2113 3427 cognationem,

2229 3337 2417 3393 vinum
2444 3339 2634 3408 (Joan.
2667 3355 2728 3408 ιι,
2765 3339 2881 3427 ις).
2916 3340 3171 3411 Magnum
3199 3339 3361 3411 plane
3388 3339 3635 3410 signum,
3667 3347 3723 3395 et
3755 3339 3826 3396 ad

593 3430 743 3501 queis
788 3430 847 3485 in
903 3437 1126 3501 utroque
1171 3447 1324 3500 aqua
1383 3429 1442 3484 in
1501 3429 1680 3484 vinum
1728 3428 2107 3484 conversionem

587 3519 870 3574 corporum
932 3503 1336 3556 resurrectionis
1393 3501 1682 3574 symbolum
1738 3517 1842 3554 esse
1887 3501 2109 3574 ostendi-

591 3573 701 3630 tur.
760 3573 896 3629 Hinc
946 3573 1256 3644 conjicimus
1283 3579 1550 3628 auctorem
1577 3573 1852 3627 amborum
1879 3573 2114 3644 eumdem

588 3660 712 3699 esse.
749 3647 820 3699 Et
845 3661 970 3700 sane
997 3643 1116 3700 huic
1153 3645 1381 3699 sermoni
1430 3645 1500 3699 ad
1549 3643 1840 3714 marginem
1867 3643 2112 3714 editionis

589 3715 812 3770 Erasmi
864 3721 1052 3770 auctor
1087 3716 1376 3772 ascribitur
1429 3716 1569 3770 idem
1621 3713 1930 3774 Maximus:
1960 3713 2114 3784 cujus

589 3785 750 3841 etiam
781 3786 921 3842 inter
947 3804 1209 3843 sermones
1228 3805 1366 3843 unus
1390 3788 1452 3842 de
1494 3787 1626 3856 festo
1673 3787 1890 3842 Paschte
1923 3787 2113 3842 eisdem

587 3873 837 3930 prorsus,
864 3858 1053 3930 quibus
1081 3859 1164 3916 hic
1195 3860 1324 3932 ipse,
1350 3859 1522 3915 verbis
1541 3858 1742 3931 incipit.

591 3983 642 4039 1.
698 3983 1106 4042 Exsultaudum
1156 3985 1318 4042 nobis
1369 3992 1472 4053 est,
1521 3985 1718 4040 fratres
1771 3981 2110 4052 charissimi,

517 4071 664 4146 quod
709 4070 855 4128 votis
898 4073 1101 4129 nostris
1145 4083 1276 4130 vota
1325 4073 1652 4141 succedunt,
1695 4071 1844 4146 quod
1897 4070 2112 4144 gaudiis

517 4161 716 4234 gaudia
733 4162 1088 4219 cumulantur
1112 4183 1124 4220 :
1157 4180 1282 4221 ecce
1311 4163 1457 4220 enim
1487 4163 1669 4219 adhuc
1695 4162 1907 4219 Natalis
1926 4161 2110 4218 Domi-

516 4252 633 4310 nici
687 4253 1038 4310 solemnitate
1092 4256 1260 4310 corda
1313 4261 1502 4310 nostra
1537 4253 1864 4326 persultant,
1917 4260 1972 4308 et
1996 4251 2112 4324 jam

517 4343 821 4400 festivitate
878 4351 1078 4400 sanctae
1129 4344 1455 4418 Epiphaniae
1514 4344 1835 4418 gloriamur.
1899 4344 2113 4402 Gratias

519 4431 690 4506 igitur
731 4449 886 4506 agere
915 4433 1182 4490 debemus
1227 4433 1467 4490 Domino
1509 4433 1603 4506 qui
1651 4449 1752 4488 nos
1799 4433 2115 4508 frequenter

521 4523 732 4592 visitat,
764 4531 828 4579 ut
856 4540 998 4596 saepe
1028 4523 1270 4580 laetificet
1322 4541 1334 4579 :
1385 4523 1836 4596 frequentiusque
1883 4523 2116 4596 requirit

521 4613 663 4686 (26),
721 4622 784 4671 ut
854 4615 1202 4672 numerosius
1258 4614 1568 4672 benedicat.
1630 4614 1894 4682 Quamvis
1947 4615 2117 4688 igitur

2221 3427 2321 3484 Dei
2371 3428 2699 3484 credendam
2747 3419 3027 3485 suiﬁciens
3070 3427 3438 3500 majestatem.
3491 3428 3632 3496 Quis
3674 3431 3825 3484 enim

2221 3532 2332 3572 non
2383 3517 2616 3574 miretur
2661 3517 2720 3574 in
2759 3518 2911 3574 aliud
2957 3534 3118 3590 quam
3165 3523 3341 3584 erant,
3401 3517 3678 3572 elementa
3711 3535 3832 3574 esse

2219 3608 2488 3664 translata
2520 3608 2549 3665 7
2604 3609 2776 3665 Nemo
2831 3607 2978 3664 enim
3041 3615 3221 3680 potest
3275 3615 3491 3664 mutare
3544 3616 3828 3678 naturam,

2220 3695 2330 3752 nisi
2358 3695 2454 3770 qui
2485 3696 2745 3754 dominus
2772 3705 2854 3754 est
2883 3706 3114 3754 naturae.

2289 3793 2342 3850 5.
2383 3793 2729 3851 Credendum
2781 3804 2862 3852 est
2886 3795 3004 3868 jam
3035 3811 3106 3852 ex
3161 3793 3274 3852 hoc
3303 3795 3598 3852 mortalem
3631 3793 3834 3852 homi-

2219 3899 2346 3941 nem
2377 3883 2434 3938 in
2464 3883 2942 3943 immortalitatem
2973 3901 3132 3958 posse
3165 3885 3437 3954 converti,
3469 3884 3699 3959 quando
3732 3887 3834 3943 vi-

2221 3973 2292 4029 lis
2349 3971 2656 4030 substantia
2711 3975 2770 4030 in
2799 3975 3094 4048 pretiosam
3145 3982 3227 4032 est
3271 3991 3534 4032 conversa
3559 3974 3835 4032 substan-

2218 4060 2374 4118 tiam.
2406 4062 2546 4119 Nolo
2573 4063 2742 4132 enim,
2767 4064 3008 4133 auditor,
3035 4064 3263 4121 nomina
3282 4071 3497 4121 tantum
3524 4065 3836 4138 perspicias

2220 4150 2340 4206 vini
2392 4158 2447 4207 et
2491 4167 2666 4225 aquae,
2715 4155 2831 4222 sed,
2885 4155 2933 4210 si
2960 4155 3047 4210 vis
3100 4155 3402 4228 potentiam
3443 4154 3832 4226 comprobare,

2221 4239 2485 4295 virtutem
2516 4256 2698 4296 rerum
2731 4243 2912 4314 aspice
2936 4261 2949 4311 ;
2975 4243 3119 4301 facto
3139 4243 3288 4299 enim
3310 4241 3417 4299 hoc
3438 4241 3609 4299 altius
3638 4245 3834 4300 nescio

2223 4327 2358 4400 quid
2389 4328 2816 4388 demonstratur.
2835 4333 2973 4388 Nam
2993 4348 3121 4388 cum
3141 4330 3412 4388 Dominus
3431 4346 3632 4404 aquam
3655 4333 3838 4388 vertit

2223 4417 2282 4472 in
2313 4417 2528 4486 vinum,
2551 4435 2662 4474 non
2685 4426 2794 4476 tam
2812 4419 2918 4477 hoc
2939 4427 3216 4492 operatur,
3238 4435 3306 4475 ne
3345 4419 3838 4477 discumbentibus

2224 4503 2368 4562 desit
2388 4506 2646 4577 ebrietas,
2671 4509 2764 4564 sed
2786 4517 2848 4564 ut
2869 4507 3222 4566 credentibus
3254 4507 3351 4564 ﬁat
3372 4507 3651 4565 aeternitas
3684 4510 3833 4582 (28).

2227 4595 2512 4668 Siquidem
2556 4607 2841 4671 propterea
2869 4599 2930 4654 in
2977 4598 3247 4654 mundum
3299 4597 3513 4654 venerit
3540 4597 3828 4670 Christus,

521 4705 776 4778 gentiles,
815 4705 943 4762 licet
973 4721 1136 4772 vane,
1165 4720 1456 4761 numerosa
1485 4703 1833 4760 solemnitate
1864 4687 2114 4760 laetentur

2229 4702 2336 4741 non
2386 4695 2450 4744 ut
2518 4689 2908 4745 conviviorum
2937 4687 3160 4746 cellaria
3209 4695 3552 4761 procuraret,
3606 4687 3704 4743 sed
3770 4698 3836 4745 ut

522 4803 744 4866 propter
780 4793 1158 4850 diversitatem
1205 4793 1434 4850 deorum
1460 4800 1910 4858 suorum,tamen
1933 4793 2116 4865 plures

525 4883 688 4938 nobis
735 4883 1061 4940 festivitates
1090 4893 1312 4956 praestat
1341 4883 1509 4940 unius
1529 4883 1626 4940 Dei
1657 4881 1922 4951 visitatio,
1951 4898 2113 4954 quam

522 4971 638 5028 illis
666 4973 968 5029 multorum
995 4973 1308 5030 daemonum
1333 4973 1713 5045 superstitiosa
1740 4972 2113 5045 praesumptio.

519 5061 657 5119 Nam
689 5062 834 5119 sicut
883 5079 976 5120 eos
1003 5065 1239 5120 veritate
1267 5065 1553 5138 religionis
1582 5063 1880 5133 vincimus,
1901 5063 1979 5120 ita
2007 5079 2116 5118 vo-

520 5161 705 5209 torum
743 5168 976 5208 numero
1003 5168 1342 5224 superamus.

592 5242 646 5299 2.
693 5241 1022 5314 Epiphaniae
1077 5257 1206 5314 ergo
1255 5241 1422 5298 hodie
1471 5259 1829 5316 procuramus
1896 5241 2111 5314 gaudia.

524 5333 744 5402 Quaerat
770 5333 913 5390 forte
943 5332 1146 5406 aliquis
1171 5333 1307 5406 quid
1331 5333 1721 5407 interpretetur
1744 5334 1849 5391 hoc
1861 5333 2111 5404 verbum,

584 5497 712 5578 ,(26)
737 5499 864 5578 Vet.
884 5499 1052 5578 edit.,
1085 5500 1346 5578 copiosius
1364 5500 1631 5578 requirit:
1653 5508 1772 5578 tres
1797 5517 1952 5578 mss._,
1981 5517 2116 5555 con-

521 5571 673 5644 s_cius_
687 5571 947 5644 requirit;
979 5571 1155 5644 Botn.’
1189 5571 1352 5638 edit.,
1396 5572 1728 5644 frequentius
1771 5572 1994 5644 repetit;
2025 5588 2113 5629 co-

522 5637 823 5711 dexiLug‘d.
856 5650 917 5698 ut
935 5637 1036 5699 nos
1063 5642 1122 5700 in
1151 5652 1330 5702 textu.

596 5710 714 5797 (‘2.7)
745 5710 970 5797 'anes
1017 5731 1172 5784 mss.,
1225 5715 1418 5797 scilicet
1445 5715 1573 5786 quia
1599 5715 1883 5797 epipbania
1915 5715 2114 5797 Qrtece,

526 5781 724 5856 Latine
759 5783 964 5856 dicitur
1007 5781 1267 5856 apparere
1308 5805 1320 5844 :
1372 5781 1528 5844 Eras.
1560 5781 1888 5852 et'Gill.,....
1920 5785 2116 5841 dicitur

527 5853 801 5928 apparitio
833 5872 846 5913 :
873 5853 1228 5928 Bomféditu
1257 5859 1472 5930 scilicet,
1493 5858 1798 5932 epiphania,
1829 5857 1957 5930 quia
1997 5863 2110 5920 im-

2225 4775 2391 4830 saluti
2447 4774 2737 4834 hominum
2776 4777 3092 4849 provideret
3125 4793 3137 4832 :
3170 4791 3274 4833 nec
3317 4783 3380 4832 ut
3405 4775 3636 4848 hydrias
3669 4778 3829 4834 sub-

2227 4864 2435 4920 stantia
2475 4865 2608 4922 boni
2651 4866 2838 4922 odoris
2865 4866 3140 4938 impleret,
3191 4865 3285 4922 sed
3313 4874 3376 4921 ut
3402 4864 3616 4922 animas
3648 4869 3835 4938 gratia

2225 4955 2402 5010 sancti
2440 4955 2678 5027 Spiritus
2708 4957 2978 5028 irrigaret.
3007 4957 3153 5028 Ergo
3179 4971 3304 5012 cum
3337 4955 3430 5011 ille
3454 4970 3523 5009 ex
3553 4953 3656 5009 vili
3685 4971 3836 5028 aqua

2225 5046 2345 5104 vini
2375 5048 2574 5119 optimi
2597 5064 2847 5121 saporem
2878 5048 3062 5104 voluit
3089 5055 3310 5121 gustare
3334 5047 3616 5114 convivas,
3651 5047 3835 5118 magis

2226 5135 2409 5191 voluit
2437 5152 2506 5192 ex
2537 5136 2642 5194 hac
2692 5137 2794 5193 vili
2823 5153 2987 5194 carne
3018 5137 3438 5196 resurrectionis
3465 5136 3706 5194 caelestis
3734 5155 3836 5195 sa-

2226 5227 2491 5300 pientiam
2526 5238 2741 5300 gustare
2769 5229 3070 5287 credentes.

2295 5327 2350 5386 6.
2393 5329 2532 5387 Nam
2563 5329 2670 5388 hoc
2693 5331 2912 5403 signum
2942 5337 3120 5388 totum
3154 5329 3348 5402 utique
3400 5327 3835 5388 resurrectionis

2227 5504 2430 5588 suum
2469 5516 2652 5571 graece,
2684 5506 2788 5556 etc.
2818 5499 2930 5556 Nos
2969 5495 3630 5557 Amerbachiilectionem
3666 5507 3837 5556 ante-

2225 5589 2769 5718 Ροῗὲῧῃῗίθῑκθᾱίῐη
2799 5641 2868 5698 sit
2881 5640 3146 5718 (eternitas
3176 5659 3190 5709 ;
3215 5643 3397 5710 Rom.,
3425 5641 3654 5718 abundet
3681 5649 3838 5700 (eter-

2222 5713 2490 5777 nitizsﬁEt
2519 5714 2666 5772 infra
2703 5730 2894 5770 omnes
2921 5713 3082 5782 edit.,
3110 5730 3218 5768 non
3245 5721 3304 5770 ut
3330 5713 3684 5770 convivarum
3711 5720 3840 5775 cel-

2225 5792 2390 5861 laria,
2424 5807 2553 5847 mss.
2584 5786 2898 5860 utrobique,
2935 5793 2998 5844 ut
3025 5785 3083 5842 in
3112 5792 3397 5844 contextu.
