3972 6358
116 401 234 460 641

966 402 1339 462 SERMONES
1374 402 1431 459 S.
1474 401 1829 462 AMBROSIO
1866 401 2240 462 HACTENUS
2278 402 2617 463 ASCRIPTI.

3329 404 3434 463 642

122 527 467 601 mysterium
520 526 803 585 continet:
862 543 1004 602 aqua
1057 528 1206 584 enim
1258 528 1412 599 vilis,
1442 527 1651 601 pallida
1677 534 1733 584 et
1758 530 1809 590 Α
1838 527 2089 586 exhibita
2127 536 2209 585 est
2254 528 2605 602 praesentium
2638 544 2823 585 rerum
2855 530 2914 585 in
2946 530 3296 589 mirabilibus
3324 531 3435 587 vir-

120 617 358 691 frigida,
395 617 451 673 in
486 617 679 674 vinum
713 618 1104 685 versa,scilicet
1129 618 1449 691 pretiosum,
1483 618 1736 687 rubrum,

122 707 224 762 vel
273 707 532 779 ignitum,
581 706 688 763 hoc
738 706 1013 779 signiﬁcat
1059 707 1305 765 hominis
1347 707 1734 776 substantiam,

123 806 429 861 mortalem
459 804 976 874 conditione,vilem
1007 804 1411 875 imbecillitate,
1440 807 1737 879 pallentem

130 902 343 963 morte,
394 894 454 949 in
508 894 914 950 resurrectione
982 896 1100 967 (29)
1134 896 1193 951 in
1224 897 1451 968 gloriam
1479 910 1739 953 commu—

124 984 385 1051 tandam,
416 999 536 1056 quae
567 991 647 1038 est
677 984 984 1041 mternitate
1014 986 1270 1057 pretiosa,
1313 987 1488 1058 gloria
1517 986 1741 1041 colora-

124 1081 215 1141 ta,
248 1072 450 1145 spiritu
476 1073 909 1129 immortalitatis
940 1074 1131 1145 ignita.
1166 1076 1281 1131 Hoc
1311 1077 1481 1147 igitur
1508 1074 1738 1145 dignum

124 1170 223 1216 est
274 1162 495 1218 credere
547 1163 844 1219 Dominum
893 1164 1105 1235 operari
1136 1163 1399 1232 voluisse,
1429 1172 1490 1219 ut
1513 1180 1608 1237 per
1636 1164 1741 1219 hoc

124 1258 422 1307 terrenum
475 1253 716 1323 signum,
750 1253 998 1310 futurum
1028 1253 1142 1325 jam
1174 1262 1310 1310 tunc
1339 1271 1370 1310 a
1399 1252 1741 1325 sapientibus

125 1343 362 1398 caeleste
406 1346 734 1416 mysterium
770 1346 1076 1403 videretur.
1125 1346 1262 1402 Nam
1295 1346 1341 1401 si
1372 1346 1625 1401 mirabile
1659 1353 1740 1401 est

123 1432 359 1510 ptique,
411 1450 533 1507 qua
576 1435 888 1493 defecerant
938 1438 1214 1506 convivis,
1259 1437 1391 1492 vina
1438 1437 1739 1510 supplesse,

126 1530 351 1593 quanto
388 1531 471 1579 est
525 1524 839 1582 mirabilius
894 1526 1088 1596 vitam,
1148 1542 1271 1599 quae
1313 1532 1394 1583 est
1451 1525 1737 1594 exhausta,

127 1611 468 1669 hominibus
521 1616 836 1687 reparassel
893 1616 965 1671 Et
996 1615 1042 1671 si
1084 1615 1384 1687 gloriosum
1433 1621 1514 1671 est
1542 1630 1739 1687 aquam

136 1702 209 1758 in
260 1702 456 1759 vinum
505 1712 953 1779 mutare,quanto
999 1714 1081 1762 est
1116 1706 1409 1779 gloriosius
1439 1712 1659 1779 peccata
1682 1705 1741 1761 in

120 1789 415 1862 justitiam
464 1802 824 1864 commutare,
876 1804 932 1852 et
979 1811 1159 1852 mores
1197 1794 1383 1868 potius
1415 1802 1737 1867 temperare,

125 1898 309 1954 quam
342 1885 540 1956 pocula
564 1885 576 1939 l

216 1973 272 2030 7.
302 1972 493 2028 Audeo
521 1972 705 2029 dicere
734 1973 858 2030 illas
883 1972 1111 2047 hydrias
1137 1990 1250 2031 non
1280 1974 1459 2030 solum
1493 1974 1577 2030 illi
1597 1990 1743 2031 con-

124 2060 320 2131 vivio,
366 2062 461 2119 sed
499 2063 762 2119 universo
806 2064 1017 2120 mundo
1049 2063 1343 2136 pretiosam
1374 2063 1526 2118 illam
1565 2062 1746 2119 mini-

127 2162 319 2210 strare
348 2154 736 2224 substantiam,
766 2155 875 2211 nisi
906 2155 1053 2229 quod
1082 2155 1244 2211 nobis
1265 2155 1465 2211 melius
1494 2154 1744 2211 admini-

127 2251 342 2301 strant.
375 2245 604 2303 Constat
632 2246 780 2303 enim
811 2263 881 2303 ex
910 2245 1045 2318 ipsis
1073 2247 1315 2304 vasculis
1344 2245 1468 2303 illos
1497 2245 1744 2302 hausisse

128 2333 489 2403 ebrietatem,
548 2350 649 2391 nos
680 2334 902 2391 haurire
922 2334 1195 2406 justitiam
1237 2351 1249 2389 :
1285 2336 1411 2392 illos
1441 2335 1743 2408 percepisse

127 2422 261 2479 vini
324 2424 606 2495 poculum,
662 2440 765 2480 nos
790 2424 1018 2481 calicem
1047 2424 1243 2480 salutis
1283 2424 1529 2496 accipere
1560 2443 1572 2481 :
1613 2431 1667 2480 et
1695 2423 1743 2481 si

130 2511 261 2569 dici
312 2500 395 2568 fas
424 2520 524 2580 est,
552 2513 698 2585 apud
727 2513 853 2569 illos
883 2512 1243 2585 pertransisse
1271 2513 1421 2587 quod
1463 2513 1738 2583 biberant,

128 2600 291 2675 apud
323 2618 425 2659 nos
447 2617 579 2659 vero
608 2618 930 2675 permanere
955 2603 1103 2677 quod
1134 2603 1490 2676 sumpsimus.

667 2716 815 2775 402
847 2711 1082 2769 SERMO
1106 2714 1205 2768 IX.

569 2810 648 2865 De
680 2815 869 2865 sancta
898 2806 1211 2883 Epiphania
1240 2808 1309 2864 II.

138 2899 304 2970 Quod
334 2898 416 2955 hic
442 2899 640 2954 dicitur
666 2899 728 2953 de
754 2898 1028 2970 apostolis,
1058 2897 1171 2952 viso
1197 2897 1478 2965 miraculo,
1510 2896 1568 2970 in
1592 2895 1743 2954 Chri-

215 2979 356 3027 stum
410 2971 757 3036 credentibus,
793 2969 927 3025 ’cum
981 2969 1035 3023 in
1083 2986 1319 3023 sermone
1346 2969 1611 3040 superiori
1638 2985 1745 3023 non

212 3044 491 3111 habeatur,
547 3043 619 3097 ad
669 3042 843 3097 alium
883 3040 1083 3110 referri
1110 3040 1447 3111 manifestum
1478 3047 1569 3096 est.
1598 3041 1745 3096 Idem

216 3121 392 3170 autem
450 3114 587 3170 illud
640 3114 860 3168 habetur
896 3113 954 3166 in
1009 3129 1245 3167 sermone
1294 3112 1524 3170 Maximi
1564 3112 1625 3166 de
1653 3113 1745 3166 hoc

217 3186 334 3264 ipso
394 3185 548 3256 festo,
606 3185 741 3264 sicut
788 3191 836 3239 et
862 3186 979 3239 alia
1005 3184 1266 3254 quadam,
1297 3184 1485 3264 quibus
1511 3183 1745 3264 illecum

1847 627 1954 685 tus,
1987 618 2173 675 eadem
2206 619 2386 674 virtus
2406 618 2566 675 nobis
2585 626 2667 674 est
2695 618 3001 675 litterarum
3031 619 3289 676 thesauro
3308 636 3437 677 con-

1846 715 2090 776 servata;
2133 718 2195 765 ut
2213 709 2373 765 nobis
2404 717 2686 782 praestaret
2712 708 2912 781 pagina
2942 708 3089 781 quod
3117 709 3174 764 in
3201 709 3315 765 illis
3353 727 3437 783 ge-

1846 799 2000 855 rebat
2053 798 2325 856 historia:
2374 800 2486 855 imo
2533 800 2695 855 nobis
2722 808 2997 870 gereretur
3024 798 3140 869 (31)
3169 797 3440 871 quidquid

1847 888 1906 944 in
1952 888 2113 945 nobis
2155 888 2470 945 insinuante
2506 889 2909 962 Scripturarum
2960 890 3183 961 speculo
3211 887 3440 944 dictare-

1848 986 1959 1046 tur,
1996 985 2050 1033 et
2071 978 2371 1050 potentiam
2400 979 2814 1051 Domini,quam
2846 978 2929 1034 illi
2960 977 3272 1035 carnalibus
3298 993 3441 1033 ocu-

1849 1070 1918 1126 lis
1943 1080 2251 1140 cernerent,
2282 1088 2385 1127 nos
2412 1071 2647 1144 spiritali
2677 1071 2887 1128 lumine
2905 1070 3240 1127 videremus.

1919 1168 1971 1223 2.
2020 1193 2037 1215 ι
2066 1170 2138 1224 Et
2185 1168 2583 1237 manifestavit,
2638 1168 2839 1241 inquit,
2873 1168 3103 1240 gloriam
3133 1184 3287 1223 suam
3328 1167 3437 1224 dis-

1848 1258 2048 1330 cipulis
2074 1258 2208 1326 suis,
2241 1266 2295 1313 et
2333 1259 2687 1315 crediderunt
2713 1259 2770 1314 in
2796 1276 2919 1313 cum
2953 1258 3211 1330 discipuli
3233 1257 3370 1329 ejus.
3408 1283 3426 1305 ι

1848 1346 2023 1413 Quam
2073 1347 2211 1403 bene
2241 1346 2544 1419 potentiam
2585 1346 2808 1403 Domini
2838 1347 3190 1420 subsequitur
3218 1346 3442 1402 devotio

1848 1438 2194 1494 servulorum
2223 1456 2235 1505 ;
2277 1448 2330 1495 et
2383 1438 2531 1511 quod
2580 1438 2838 1512 magister
2865 1439 3024 1495 docet
3053 1454 3234 1512 opere,
3264 1437 3445 1494 disci-

1848 1528 1969 1600 puli
2015 1527 2181 1584 corde
2226 1528 2566 1585 describunt!
2602 1529 2743 1585 Ecce
2774 1528 2932 1585 vobis
2955 1527 3068 1600 jam
3096 1527 3445 1586 credentibus

1848 1617 2027 1673 virtus
2056 1619 2333 1690 operantis
2349 1618 2811 1685 manifestatur,et
2830 1617 2965 1673 ﬁdes
2976 1616 3442 1689 credentium(32)

1848 1708 2220 1779 apostolorum
2307 1706 2602 1763 manifesta
2674 1706 3021 1778 praedicatur.
3091 1704 3447 1762 Praedicanda

1848 1797 2010 1869 plane
2037 1796 2412 1869 apostolorum
2443 1794 2726 1869 ﬁdes,quze
2748 1798 2868 1853 viso
2888 1812 3000 1852 uno
3028 1794 3448 1868 signo,credidit

1769 1894 1817 1955 Β
1850 1885 1908 1941 in
1935 1886 2394 1959 omnipotentiam
2446 1885 2748 1942 Salvatoris
2773 1902 2784 1941 :
2836 1894 2891 1942 et
2913 1884 3147 1957 apostoli
3178 1883 3311 1940 dum
3342 1882 3444 1939 mi-

1851 1982 2044 2033 rantur
2072 1993 2271 2050 aquam
2300 1977 2360 2032 in
2390 1976 2583 2031 vinum
2615 1991 2850 2043 versam,
2883 1973 2989 2046 ipsi
3024 1990 3096 2028 ex
3128 1972 3283 2028 omni
3312 1971 3446 2028 faece

1852 2081 2200 2147 peccatorum
2257 2074 2517 2131 similiter
2571 2082 2702 2130 sunt
2756 2070 3029 2139 conversi,
3079 2077 3133 2126 et
3180 2068 3249 2124 ad
3275 2067 3449 2125 instar

1853 2160 1983 2219 facti
2022 2162 2277 2220 miraculi
2333 2178 2402 2218 ex
2449 2161 2553 2217 vili
2609 2160 3001 2232 superstitione
3052 2155 3345 2229 gentilium
3386 2155 3447 2211 in

1852 2259 2146 2331 pretiosam
2166 2258 2520 2315 devotionem
2551 2257 2898 2314 credentium
2928 2263 3058 2312 sunt
3088 2254 3360 2312 translati.
3378 2254 3450 2309 Et

1851 2353 1915 2401 ut
1942 2363 2083 2420 aqua
2113 2347 2172 2403 in
2203 2349 2399 2405 vinum
2440 2366 2619 2419 versa,
2653 2366 2866 2423 sapore,
2915 2347 3137 2418 rubore,
3185 2356 3238 2404 et
3267 2347 3449 2405 calore

1850 2436 2130 2507 conditur,
2186 2438 2264 2494 ita
2295 2440 2563 2510 scientiae,
2596 2441 2743 2514 quod
2781 2448 2898 2498 erat
2940 2441 2998 2496 in
3028 2438 3116 2495 his
3153 2439 3448 2508 insulsum,

1851 2528 2063 2601 accepit
2116 2544 2411 2601 saporem:
2458 2528 2606 2602 quod
2658 2530 2871 2601 pallens
2902 2572 2917 2598 ,
2968 2527 3155 2601 gratia:
3209 2525 3449 2599 sumpsit

1851 2619 2089 2674 colorem
2116 2634 2128 2673 :
2161 2616 2307 2690 quod
2338 2617 2624 2690 frigidum,
2648 2618 2881 2677 incaluit
2907 2614 3339 2673 immortalitatis
3366 2629 3451 2669 ar-

1851 2714 1982 2771 dore
1992 2759 2003 2770 .

1922 2810 2391 2883 3.Magniﬁcanda
2419 2798 2589 2885 igitur
2617 2812 2991 2885 apostolorum
3018 2808 3300 2885 ﬁdes,qu2e
3320 2806 3444 2868 ideo

1852 2905 2166 2976 evangelico
2195 2920 2447 2960 sermone
2477 2904 2752 2978 descripta
2776 2911 2880 2974 est,
2900 2913 2963 2961 ut
2991 2912 3045 2961 et
3074 2904 3189 2961 illis
3215 2911 3354 2960 esset
3376 2901 3447 2960 ad

1852 2992 2091 3063 laudem,
2125 3002 2179 3051 et
2207 2994 2366 3051 nobis
2394 2994 2681 3067 proﬁceret
2709 2995 2777 3052 ad
2807 2996 3145 3068 exemplum.
3168 2992 3273 3050 Sed
3300 2990 3450 3067 quod

1852 3081 2007 3156 pejus
2038 3093 2139 3150 est,
2170 3084 2285 3141 illis
2315 3086 2434 3141 laus
2467 3101 2567 3141 sua
2597 3091 2900 3157 permanet,
2926 3099 3027 3140 nos
3057 3083 3311 3156 exempla
3337 3099 3449 3139 non

1852 3184 2192 3245 permovent;
2223 3192 2349 3231 nam
2372 3183 2579 3249 quanto
2599 3175 2927 3249 posteriores
2957 3192 3149 3232 sumus
3177 3182 3448 3249 tempore,

217 3255 312 3339 tiae
371 3255 419 3311 et
458 3257 723 3339 superiori
751 3273 858 3310 non
881 3273 1088 3337 parum.
1104 3255 1341 3339 convenit
1368 3273 1389 3320 ;
1419 3256 1563 3335 unde,
1585 3255 1745 3339 trium
1780 3256 1825 3318 C
1859 3272 2012 3321 tanto
2038 3274 2092 3322 et
2123 3266 2411 3325 inferiores
2431 3268 2648 3326 merito.
2680 3269 2771 3324 Illi
2796 3268 3102 3337 enim,viso
3131 3285 3243 3324 uno
3271 3268 3450 3339 signo,

215 3329 438 3384 illorum
493 3326 601 3383 rion
659 3326 929 3383 diversum
982 3327 1290 3398 scriptorem
1319 3344 1423 3398 esse
1447 3326 1747 3396 conjectura

219 3401 299 3473 ﬁt.
350 3402 472 3456 Haec
516 3416 687 3471 porro
718 3400 933 3473 uerba:
990 3399 1063 3473 Et
1087 3397 1138 3453 si
1167 3397 1443 3473 interdum
1476 3399 1746 3473 vigorem,

259 3488 338 3526 ua:
389 3468 913 3542 cum—superioribus
941 3470 1081 3525 male
1107 3470 1389 3533 conterent,
1412 3468 1465 3522 in
1488 3470 1748 3524 codicibus

266 3543 465 3613 ugdun.
524 3548 569 3596 et
610 3541 798 3599 Vultis
833 3542 1011 3613 Clara
1056 3557 1565 3613 novumAsermonemA
1594 3557 1749 3613 peror-

219 3611 464 3669 diuntur.
520 3613 672 3679 Quod
718 3629 839 3666 vero
867 3612 937 3665 ad
962 3612 1201 3665 auctoris
1233 3611 1294 3666 de
1316 3611 1456 3665 vocis
1484 3611 1752 3666 debilitate

219 3685 629 3756 querimoniam,
654 3682 776 3756 jam
824 3700 921 3737 nos
970 3683 1046 3756 ad
1089 3682 1283 3756 librum
1331 3699 1350 3737 ι
1385 3684 1462 3737 De
1493 3699 1747 3756 sacram.,

218 3754 336 3827 cap.
374 3756 428 3823 6,
450 3755 834 3810 annotabamus
863 3771 976 3810 eam
988 3754 1244 3827 plurimis
1294 3755 1751 3810 concionatoribus

220 3826 327 3883 esse
353 3844 692 3883 communem.
728 3828 888 3894 Quem
930 3828 1097 3882 locum
1127 3826 1236 3898 ipse
1267 3827 1511 3881 consulas
1543 3827 1679 3883 licet.

225 3918 278 3974 1.
338 3916 591 3972 Meminit
655 3916 917 3972 sanctitas
964 3923 1163 3984 vestra,
1207 3914 1423 3984 fratres,
1455 3913 1751 3988 superioris

141 4005 557 4080 praedicationis
589 4014 812 4076 nostrae,
842 4022 951 4080 qua
977 4004 1369 4077 descripsimus
1396 4005 1583 4062 beatos
1610 4021 1752 4078 apo-

145 4100 322 4156 stolos
381 4100 522 4173 (30),
573 4116 686 4155 uno
731 4100 850 4155 viso
898 4098 1190 4166 miraculo,
1259 4095 1365 4154 hoc
1389 4104 1490 4167 est,
1523 4112 1662 4170 aqua
1691 4096 1752 4152 in

144 4189 348 4245 vinum
408 4205 439 4244 a
468 4189 750 4245 Salvatore
779 4204 1065 4256 conversa,
1096 4187 1155 4243 in
1183 4202 1308 4243 eum
1340 4187 1594 4260 protinus
1622 4202 1753 4243 cre-

145 4278 360 4335 didisse
390 4296 402 4333 :
450 4277 529 4333 ita
559 4278 707 4334 enim
742 4278 819 4335 ait
846 4277 1185 4350 evangelista
1212 4277 1280 4333 de
1311 4277 1549 4334 Domino
1574 4295 1586 4333 :
1634 4301 1653 4325 ι
1679 4278 1753 4333 Et

146 4364 528 4423 manifestavit
572 4366 800 4438 gloriam
843 4382 1019 4435 suam,
1072 4374 1126 4423 et
1155 4364 1510 4422 crediderunt
1538 4365 1597 4421 in
1625 4382 1751 4422 eum

147 4463 415 4538 discipuli
473 4464 592 4537 ejus
651 4465 833 4536 (Joan.
891 4482 954 4532 II,
1003 4464 1115 4535 11).
1157 4488 1176 4514 ι
1220 4464 1379 4532 Quod
1405 4464 1609 4522 factum
1640 4481 1752 4521 non

150 4556 280 4613 ideo
336 4563 550 4611 tantum
600 4554 866 4627 scriptum
914 4560 1014 4621 est,
1060 4561 1123 4609 ut
1160 4553 1385 4609 illorum
1418 4553 1522 4609 sub
1552 4553 1753 4626 quibus

1854 3356 2038 3413 statim
2067 3358 2305 3414 Domino
2333 3359 2688 3415 crediderunt
2720 3377 2733 3427 ;
2766 3374 2868 3415 nos
2896 3357 3133 3430 acceptis
3158 3356 3341 3413 adhuc
3367 3364 3454 3414 tot

1855 3445 2255 3505 beneﬁciorum
2304 3449 2673 3517 mirabilibus,
2722 3448 3074 3515 dubitamus;
3104 3446 3448 3517 dubitamus,

1856 3536 2101 3611 inquam;
2125 3539 2254 3612 quia
2281 3539 2569 3613 prementia
2598 3538 2767 3597 nimis
2795 3537 3239 3611 diligimus,dum
3267 3537 3455 3593 futura

1857 3642 1970 3683 non
2001 3629 2304 3697 credimus;
2335 3630 2561 3686 divitias
2589 3646 2837 3686 amamus
2864 3629 2923 3685 in
2952 3628 3174 3695 saeculo,
3201 3627 3335 3683 dum
3364 3641 3454 3683 eas

1857 3720 2102 3793 accipere
2130 3731 2457 3780 cunctamur
2488 3740 2521 3780 a
2548 3722 2772 3781 Christo
2797 3739 2808 3778 :
2855 3721 3142 3778 iracundia
3170 3720 3453 3777 immode-

1859 3819 1973 3867 rate
2001 3813 2341 3882 extollimur,
2372 3812 2505 3869 dum
2538 3812 2922 3871 retributionis
2936 3811 3212 3884 judicium
3245 3828 3356 3868 non
3386 3811 3454 3867 ti-

1858 3916 2091 3958 memus.
2142 3902 2414 3959 Caeterum
2462 3903 2559 3975 qui
2590 3903 2751 3960 novit
2779 3902 3048 3974 scriptum
3078 3918 3193 3958 esse
3226 3918 3239 3957 :
3284 3924 3303 3949 ι
3331 3900 3455 3969 Quo

1853 3988 2067 4061 judicio
2114 3991 2523 4065 judicaveritis,
2563 3994 2755 4051 eodem
2807 3991 3153 4065 judicabitur
3194 3990 3263 4047 de
3291 3989 3454 4047 vobis

1862 4080 2073 4148 (Matth.
2110 4099 2208 4152 vn,
2238 4083 2295 4155 2)
2326 4101 2340 4152 ;
2370 4108 2387 4131 ι
2429 4084 2634 4157 absque
2665 4083 2839 4141 dubio
2872 4083 3032 4152 lenis,
3064 4082 3376 4139 moderatus
3401 4086 3456 4138 et

1858 4172 2011 4229 mitis
2064 4181 2182 4230 est:
2234 4181 2289 4231 et
2330 4175 2454 4247 plus
2480 4175 2729 4231 bonitate
2759 4174 2925 4248 cogit,
2967 4190 3133 4248 quam
3163 4172 3457 4231 severitate

1858 4264 2142 4336 compellit
2166 4282 2177 4321 :
2210 4264 2419 4322 amicus
2440 4264 2818 4338 indulgentiae,
2850 4264 3142 4321 familiaris
3157 4271 3239 4320 est
3256 4262 3456 4331 veniae,

1857 4360 1919 4408 ut
1947 4352 2078 4408 dum
2102 4369 2220 4409 eam
2252 4354 2569 4427 frequenter
2598 4354 2874 4428 impertit,
2914 4371 2943 4410 a
2971 4355 3215 4411 Domino
3243 4366 3461 4425 semper

1858 4444 2109 4516 accipiat.
2156 4444 2440 4519 Siquidem
2477 4445 2771 4518 prudentis
2816 4446 2891 4502 sit
2920 4446 3147 4503 rectoris
3185 4445 3263 4500 ita
3293 4449 3460 4502 terre-

1858 4552 1958 4592 nos
1996 4535 2234 4593 honores
2278 4552 2455 4605 agere,
2505 4543 2567 4591 ut
2600 4534 3084 4591 honoriﬁcentiam
3113 4533 3354 4592 ctelestis
3379 4533 3459 4589 di-

155 4646 364 4703 factum
419 4653 519 4714 est,
565 4644 696 4701 ﬁdei
714 4618 729 4627 ⁸
751 4644 925 4718 gloria
952 4618 1354 4700 monstraretur
1378 4659 1389 4697 :
1424 4642 1519 4699 sed
1547 4618 1600 4699 e-t
1630 4660 1749 4715 pro-
1777 4618 1827 4679 Β
1856 4625 2079 4698 εηίῐλιίε
2098 4627 2370 4699 acquirat-

154 4744 279 4807 pter
306 4752 427 4803 nos,
458 4734 553 4808 qui
583 4733 771 4790 eodem
804 4732 1120 4790 devotionis
1162 4734 1417 4804 exemplo
1447 4731 1753 4789 credulita-

153 4824 227 4880 tis
256 4824 429 4896 gloria
459 4840 845 4897 provocamur.
878 4822 1132 4881 Christus
1148 4822 1295 4878 enim
1324 4820 1472 4894 quod
1504 4830 1759 4893 operatus

154 4921 257 4980 est,
310 4928 422 4967 non
479 4910 593 4968 illis
637 4917 851 4969 tantum
903 4920 1159 4983 operatus
1206 4917 1311 4977 est,
1358 4924 1495 4981 quos
1524 4907 1757 4965 habebat

155 5006 291 5058 tunc
333 5009 662 5073 praesentes:
710 5000 804 5057 sed
847 5009 902 5056 et
949 5000 1113 5056 nobis
1155 5006 1341 5072 postea
1370 4997 1660 5067 secuturis,
1690 5006 1755 5056 ut

156 5089 287 5146 licet
324 5089 557 5161 majores
596 5091 775 5147 nostri
814 5099 1059 5161 tempore
1110 5106 1210 5145 nos
1255 5088 1645 5160 prmcederent,
1678 5096 1752 5144 ta~

160 5195 284 5234 men
331 5178 619 5251 signorum
670 5179 843 5251 gratia
868 5195 978 5234 non
1001 5178 1277 5251 praeirent.
1305 5178 1435 5245 Quae
1463 5178 1610 5235 enim
1639 5179 1753 5237 illis

231 5286 349 5357 (29)
388 5287 513 5344 Vet.
554 5286 712 5355 edit.,
741 5286 1088 5342 substantiam
1127 5286 1421 5341 conditione
1448 5286 1624 5354 vilem,
1654 5286 1750 5341 im-

156 5356 432 5415 becillitate
474 5361 780 5430 pallentem,
823 5365 988 5414 morte
1031 5358 1087 5413 in
1125 5357 1538 5424 resurrectione;
1587 5359 1746 5415 Rom.

159 5430 318 5502 edit.,
368 5435 533 5485 morte
581 5430 881 5502 frigentem,
908 5430 968 5486 in
1004 5430 1418 5496 resurrectione;
1453 5446 1584 5486 mss.
1618 5445 1748 5487 vero

161 5500 446 5557 nobiscum
478 5500 706 5558 faciunt.

234 5572 572 5655 (βολεοάωε
600 5573 1036 5655 Reg.prmm_issis
1060 5572 1269 5655 aliquot
1289 5571 1543 5655 versibus
1564 5572 1743 5654 Evan-

1937 4721 1991 4779 4.
2024 4724 2091 4779 Et
2120 4723 2166 4779 si
2199 4723 2478 4779 interdum
2516 4721 2764 4796 vigorem
2795 4718 3017 4778 dicendi
3042 4718 3100 4774 in
3131 4716 3292 4774 nobis
3329 4732 3462 4774 cor-

1864 4813 2014 4885 poris
2043 4812 2310 4870 obtundat
2361 4811 2680 4880 inﬁrmitas,
2715 4817 2899 4866 tamen
2930 4807 3115 4867 studio
3143 4807 3461 4865 devotionis

1862 4912 2057 4961 vestrae
2105 4904 2360 4961 fortiores
2393 4901 2683 4960 eﬁicimur.
2716 4901 2859 4956 Nam
2888 4916 2998 4972 quo
3030 4916 3129 4955 vos
3157 4897 3462 4957 studiosius

1862 4994 2088 5060 auditis,
2118 5011 2182 5050 eo
2212 5011 2311 5050 nos
2342 4993 2605 5048 libentius
2630 4989 3036 5062 praedicamus;
3064 4994 3120 5044 et
3146 4986 3326 5045 virtus
3361 5003 3459 5045 no-

1860 5084 1946 5141 bis
1999 5082 2258 5156 loquendi
2304 5081 2547 5148 additur,
2574 5095 2702 5136 cum
2736 5096 2833 5135 vos
2874 5077 3229 5151 intelligendi
3249 5094 3461 5135 accom-

1860 5172 2095 5230 modatis
2122 5170 2533 5238 auditum.Quis
2567 5171 2716 5226 enim
2743 5186 2859 5226 non
2891 5176 3127 5227 conetur
3154 5168 3273 5226 illic
3303 5168 3458 5225 verbi

1857 5283 2174 5356 praeferunt,
2217 5282 2276 5337 in
2329 5280 2503 5356 nobis
2529 5280 2776 5356 geritur;
2822 5280 2958 5356 edit.
3015 5294 3204 5356 vero_,_
3239 5278 3345 5356 imo
3398 5278 3458 5334 in

1855 5350 2002 5409 nobis
2026 5355 2249 5425 geritur,
2281 5350 2547 5426 quidquid
2568 5354 2716 5410 nobis
2756 5353 3041 5425 ingeritur,
3076 5350 3337 5422 quidquid
3364 5367 3455 5406 no-

1856 5426 1932 5481 bis
1964 5426 2291 5481 insinuatur.

1927 5497 2044 5569 (32)
2086 5498 2288 5554 Omnes
2317 5495 2450 5554 edit.
2483 5512 2612 5555 cum
2647 5494 2959 5569 Beg.cod.,
3007 5496 3138 5569 Ecce
3165 5492 3250 5547 cui
3286 5492 3457 5569 mani-

1851 5567 2079 5641 festatur
2119 5570 2287 5624 virtus
2332 5570 2621 5641 operantis,
2646 5640 2651 5641 ί
2674 5567 2746 5623 εἴ
2768 5568 2896 5639 ﬁdes
2920 5567 3249 5641 praedicatur
3271 5568 3440 5641 mani-

165 5634 502 5712 gelii,'hanc
560 5634 842 5700 homiliam
874 5646 951 5701 ita
999 5634 1323 5702 ordin'atur:
1358 5645 1744 5715 Descripsimus
1850 5634 1984 5711 festa
2039 5634 2407 5707 credentium}
2452 5640 2657 5712 reliqui
2702 5634 2834 5695 mss.
2885 5634 2936 5694 e'
2956 5635 3256 5708 contrario,
3303 5637 3456 5693 utin

163 5715 331 5787 beatos
360 5716 643 5787 apostolos,
662 5723 769 5787 etc.

234 5786 350 5860 (31)
382 5789 461 5843 lta
492 5786 733 5843 mss.nisi
764 5786 909 5861 quod
930 5804 1029 5861 pro
1054 5788 1204 5846 nobis
1221 5787 1739 5864 gereretur,quidam

1849 5722 2132 5771 contextu.
