3972 6368
527 377 634 436 643

1532 383 1630 441 ΑΙ)
1667 383 1902 442 OPERA
1938 383 1994 442 S.
2037 385 2372 444 AMBROSII
2407 385 2788 446 APPENDIX.

3753 391 3876 448 6&4
3932 393 3933 434 ἓ

527 505 767 564 caelestis
797 505 1009 562 semina
1050 506 1253 580 jacere,
1284 506 1380 564 ubi
1422 507 1560 566 illud
1605 511 1728 583 puri
1757 515 1904 573 403
1928 509 2111 568 cordis
2138 512 2189 572 A
2217 517 2360 567 stros
2418 511 2663 569 hausisse
2715 528 2911 588 aquam
2953 511 3022 568 de
3051 512 3256 585 puteis,
3286 513 3489 570 vinum
3520 514 3586 571 in
3616 513 3876 588 hydriis
3932 511 3933 588 ᾗ

528 601 764 660 fecunda
805 613 950 660 terra
993 604 1306 677 suscipiat?
1346 605 1500 676 Quis,
1547 607 1794 682 inquam,
1841 625 1954 665 non
2001 609 2122 666 illic

529 693 763 750 verbum
811 693 1112 750 Salvatoris
1161 695 1432 752 collocare
1479 697 1635 766 velit,
1689 698 1784 754 ubi
1833 698 1975 754 illud
2005 715 2119 754 non

529 781 876 840 saecularium
907 783 1225 839 sollicitudo
1259 785 1536 857 praefocet,
1570 786 1663 842 sed
1692 787 2118 860 disciplinarum

529 871 864 943 spiritalium
904 872 1084 928 virtus
1125 873 1367 929 enutriat
1400 874 1428 929 ?
1456 875 1622 946 Ergo,
1653 875 1870 945 fratres,
1903 876 2032 949 quia
2064 875 2122 931 in

532 969 717 1016 sancta
769 959 1079 1032 Epiphania
1132 963 1538 1020 exsultavimus
1565 964 1819 1022 videntes
1858 966 2126 1022 miracula

529 1048 850 1117 Salvatoris,
879 1049 1142 1106 debemus
1164 1050 1341 1107 facere
1373 1053 1520 1124 quod
1553 1053 1706 1110 illius
1733 1055 1998 1127 temporis
2015 1055 2124 1111 dis-

530 1138 703 1210 cipuli
728 1146 862 1196 tunc
893 1139 1161 1198 fecerunt.

603 1229 657 1285 5.
685 1228 842 1297 Quod
885 1237 1071 1284 autem
1097 1229 1217 1286 dixi
1246 1230 1450 1288 vidisse
1479 1249 1580 1288 nos
1607 1235 1790 1303 modo,
1816 1235 1961 1308 quod
1990 1234 2124 1290 olim

529 1326 739 1390 gestum
781 1327 899 1375 est:
949 1319 1193 1375 vidimus
1241 1323 1421 1392 plane,
1464 1322 1826 1397 videmusque
1855 1324 2122 1398 quotidie.

528 1406 608 1462 Ea
653 1407 802 1463 enim
834 1417 964 1464 sunt
993 1407 1200 1465 Christi
1233 1409 1532 1478 mirabilia,
1559 1419 1622 1467 ut
1652 1429 1764 1468 non
1797 1412 2126 1486 antiquitate

528 1503 855 1569 praetereant
888 1496 1128 1568 (33),sed
1160 1497 1333 1570 gratia
1379 1499 1803 1556 convalescant:
1836 1517 1947 1557 non
1973 1501 2127 1556 obli—

531 1585 695 1642 vione
724 1585 1180 1658 sepeliantur,sed
1195 1587 1571 1644 utvirtutibus
1599 1589 2126 1662 innoventur.Apud

527 1675 987 1747 omnipotentiam
1038 1675 1188 1732 enim
1229 1675 1328 1731 Dei
1376 1676 1518 1734 nihil
1547 1686 1628 1734 est
1655 1678 1946 1748 abolitum,
1980 1679 2126 1736 nihil

527 1763 900 1838 praeteritum:
935 1765 1030 1821 sed
1068 1781 1166 1838 pro
1195 1766 1283 1822 sui
1313 1767 1694 1840 magnitudine
1727 1770 1918 1828 omnia
1946 1769 2031 1827 illi
2064 1770 2124 1826 in

2231 599 2543 664 invenisse:
2575 609 2738 675 atque
2769 601 2992 658 utiliore
3019 601 3312 674 dispendio
3338 602 3666 675 perdidisse
3703 605 3874 677 quod
3932 599 3933 650 ἓ

2231 686 2616 761 impleverant,
2670 692 2933 764 reperisse
2963 691 3113 764 quod
3167 692 3391 748 deerat:
3446 701 3717 766 tuncque
3751 695 3873 765 pri-

2231 793 2382 833 mum
2431 777 2538 834 hoc
2568 778 2809 834 mirabili
2839 779 2996 851 signo
3023 779 3340 836 divinitatis
3368 797 3482 838 sum
3526 783 3870 839 declarasse
3932 795 3933 800 ‘

2232 865 2494 924 virtutem
2553 867 2734 939 (Joan.
2793 885 2856 939 ιι,
2905 869 3094 941 2-11).
3124 871 3394 928 Nonnulli
3423 880 3617 929 autem
3653 873 3724 929 in
3761 873 3871 930 hac
3932 875 3933 941 ξ

2233 966 2422 1014 sancta
2476 958 2565 1014 die
2616 958 2684 1015 ab
2729 959 2938 1016 Joanne
2980 960 3316 1034 baptizatum
3349 979 3475 1019 eum
3505 965 3567 1019 in
3603 963 3868 1021 Iordane

2236 1054 2524 1117 testantur,
2552 1056 2716 1122 atque
2735 1050 2794 1106 in
2826 1051 3031 1108 lavacri
3051 1050 3171 1123 ejus
3200 1053 3373 1125 gratia
3401 1053 3750 1111 interfuisse
3789 1057 3863 1110 Ιο-

2235 1137 2452 1210 quendo
2498 1139 2672 1194 Deum
2727 1139 2962 1208 Patrem,
3015 1149 3264 1197 sanctum
3313 1158 3536 1216 quoque
3565 1143 3860 1216 Spiritum

2233 1225 2600 1284 descendisse.
2645 1227 2756 1284 Nec
2801 1228 3005 1284 mirum
3036 1228 3082 1284 si
3116 1229 3174 1285 in
3205 1230 3432 1286 Domini
3462 1232 3704 1288 lavacro
3741 1249 3862 1304 my-

2235 1314 2460 1370 sterium
2487 1331 2598 1372 non
2613 1316 2788 1372 defuit
2810 1317 3250 1387 Trinitatis,cum
3274 1327 3530 1375 nostrum
3553 1321 3858 1376 lavacrum

2235 1403 2523 1461 Trinitatis
2577 1406 2850 1479 compleat
2874 1415 3314 1464 sacramentum:
3349 1425 3533 1483 neque
3565 1409 3735 1465 enim
3767 1426 3859 1481 po-

2234 1500 2374 1548 terat
2433 1494 2701 1550 Dominus
2757 1511 2868 1551 non
2927 1496 3169 1568 primum
3228 1497 3380 1554 circa
3428 1513 3488 1554 se
3547 1498 3858 1567 exhibere,

2235 1581 2382 1654 quod
2411 1590 2527 1638 erat
2556 1591 2742 1656 postea
2771 1584 3012 1642 humano
3043 1585 3226 1657 generi
3261 1593 3672 1658 praecepturus,
3727 1603 3858 1644 cum

2235 1669 2423 1726 omnia
2459 1685 2568 1729 non
2609 1671 2694 1728 sui
2723 1687 2906 1741 causa,
2934 1671 3030 1729 sed
3057 1681 3261 1730 nostra
3289 1673 3466 1745 gratia
3493 1673 3716 1730 salutis
3745 1673 3859 1729 elli-

2235 1766 2402 1816 ceret.

525 1853 781 1928 praesenti
818 1861 1152 1923 sunt,totum
1193 1855 1277 1911 illi
1307 1865 1522 1929 tempus
1551 1866 1633 1914 est
1668 1858 1852 1916 hodie.
1886 1860 2042 1916 Unde
2071 1867 2126 1916 et
2153 1883 2200 1944 Β
2307 1847 2360 1904 2ο
2415 1851 2488 1904 At
2517 1851 2788 1944 numquid
2832 1859 3050 1944 propter
3083 1850 3434 1944 εςὸςιιρξίωτὶ
3467 1853 3688 1944 Voluit,
3724 1870 3854 1944 cum

527 1951 750 2002 sanctus
769 1942 1040 2015 Propheta
1070 1943 1227 2001 dicit:
1265 1968 1282 1990 σ
1309 1945 1460 2002 Mille
1487 1947 1620 2003 anni
1641 1955 1769 2004 ante
1788 1949 1978 2006 oculos
2001 1957 2123 2005 tuos

527 2039 788 2104 tanquam
815 2031 934 2088 dies
963 2033 1252 2104 una(Psal.
1273 2050 1508 2104 Lxxxix,
1538 2035 1620 2108 4).
1644 2061 1663 2085 ι
1696 2036 1855 2104 Quod
1884 2036 1930 2092 si
1960 2053 2124 2094 omne

530 2121 858 2178 seculorum
889 2129 1104 2193 tempus
1122 2137 1233 2177 una
1257 2121 1374 2178 dies
1403 2131 1484 2180 est
1513 2125 1773 2195 Domino,
1805 2125 1996 2183 eadem
2027 2127 2118 2184 die

529 2227 638 2286 qua
689 2209 965 2267 mirabilia
1006 2209 1257 2267 Salvator
1284 2212 1532 2284 patribus
1562 2223 1818 2288 operatus
1848 2224 1952 2286 est,
1982 2233 2126 2290 ope-

529 2306 682 2356 ratus
714 2306 768 2356 et
796 2297 958 2356 nobis
983 2307 1084 2356 est.
1117 2299 1378 2358 Vidimus
1407 2299 1576 2374 igitur
1605 2311 1660 2360 et
1695 2321 1794 2361 nos
1817 2304 1961 2363 sicut
1997 2323 2126 2364 ma-

523 2386 672 2462 jores
690 2391 868 2446 nostri
902 2389 1180 2446 mirabilia
1203 2390 1584 2460 Domini,cum
1615 2393 1734 2465 pari
1773 2411 1836 2452 ea
1862 2412 1987 2453 cum
2012 2397 2126 2454 illis

528 2485 750 2552 stupore
779 2478 1514 2551 suspeximus.Gustavimus
1541 2489 1597 2537 et
1631 2498 1731 2538 nos
1767 2483 1912 2542 sicut
1943 2483 2029 2542 illi
2057 2485 2126 2542 de

527 2565 662 2640 ipsis
693 2568 945 2642 hydriis;
978 2567 1250 2642 siquidem
1284 2568 1366 2625 illi
1396 2569 1464 2625 de
1491 2569 1580 2627 his
1607 2574 1867 2645 poculum
1898 2575 2016 2630 vini
2042 2574 2124 2632 bi-

526 2655 750 2727 berunt,
779 2673 881 2714 nos
905 2655 1101 2713 salutis
1123 2656 1348 2714 calicem
1373 2659 1790 2731 sumpserimus.

599 2748 652 2805 6.
680 2748 952 2804 Debemus
977 2763 1105 2820 ergo
1126 2747 1324 2815 facere,
1356 2747 1476 2804 viso
1505 2749 1662 2820 signo
1693 2751 1941 2820 Domini,
1975 2750 2122 2824 quod

527 2838 704 2895 nostri
735 2837 908 2894 fecere
935 2834 1180 2908 priores;
1213 2836 1257 2892 si
1288 2836 1436 2893 enim
1467 2837 1654 2894 eadem
1684 2838 1743 2894 in
1769 2840 1928 2896 nobis
1969 2840 2125 2897 divi-

528 2928 720 2985 nitatis
753 2927 970 2983 refulsit
1007 2925 1198 3000 gratia,
1229 2926 1419 2983 eadem
1451 2933 1504 2981 et
1539 2926 1670 2984 ﬁdei
1725 2928 1869 3001 apud
1891 2945 1992 2984 nos
2020 2927 2126 2984 de-

527 3019 626 3076 bet
654 3034 769 3075 esse
799 3017 1038 3074 devotio.
1059 3017 1207 3074 Dicit
1225 3019 1371 3075 enim
1408 3020 1746 3092 evangelista
1771 3022 1839 3078 de
1864 3022 2123 3092 Domino,

527 3107 634 3165 hoc
661 3107 930 3164 miraculo
959 3115 1300 3181 perpetrato:
1348 3133 1366 3156 ε
1389 3110 1460 3164 Et
1491 3111 1868 3168 manifestavit
1897 3113 2125 3184 gloriam

529 3210 706 3266 suam,
738 3203 793 3252 et
820 3194 1171 3253 crediderunt
1201 3196 1461 3270 discipuli
1491 3197 1611 3271 ejus
1636 3200 1694 3256 in
1713 3203 2028 3275 eum(Joan.
2061 3220 2122 3274 ιι,
2161 3238 2206 3300 G

531 3286 644 3359 11).
677 3310 696 3334 ι
741 3284 972 3343 Credere
997 3301 1124 3358 ergo
1151 3285 1432 3356 debemus,
1471 3286 1615 3345 sicut
1643 3296 1699 3344 et
1727 3297 1862 3347 tunc
1893 3292 2126 3364 apostoli

527 3374 900 3432 crediderunt.
931 3374 1080 3430 Dicit
1109 3383 1290 3432 autem
1319 3375 1460 3433 alius
1494 3392 1507 3430 :
1549 3402 1566 3424 ε
1593 3378 1664 3433 Et
1694 3395 1794 3435 nos
1825 3379 2126 3439 Christiani

525 3481 736 3535 sumus,
768 3473 822 3521 et
848 3463 1124 3521 credimus
1146 3463 1204 3520 in
1225 3463 1525 3521 Dominum
1555 3465 1921 3526 Salvatorem.
1959 3497 1980 3520 ι»
2021 3471 2126 3529 Sed

523 3555 746 3613 credere
794 3570 932 3627 opus
973 3561 1056 3610 est
1084 3570 1266 3626 opere,
1298 3571 1410 3610 non
1441 3570 1693 3612 sermone
1722 3575 1734 3613 :
1773 3574 1882 3614 non
1913 3559 2122 3633 lingua,

526 3643 623 3702 sed
643 3642 844 3711 corde;
877 3658 945 3698 ne
973 3649 1028 3698 et
1057 3641 1216 3698 nobis
1243 3642 1494 3701 dicatur:
1551 3669 1571 3694 ε
1601 3645 1762 3704 Plebs
1812 3647 1932 3706 haec
1966 3648 2126 3706 labiis

527 3746 616 3788 me
671 3731 929 3800 honorat,
983 3747 1079 3788 cor
1119 3739 1299 3788 autem
1347 3749 1539 3792 eorum
1601 3734 1761 3808 longe
1817 3744 1900 3793 est
1951 3752 1982 3792 a
2039 3753 2126 3794 me

537 3822 674 3891 (Isa.
703 3837 866 3892 xxxx,
890 3821 1002 3895 13).
1033 3844 1053 3872 ι

1153 3968 1388 4028 SERMO
1425 3969 1500 4027 X.

952 4075 1032 4132 De
1058 4083 1247 4133 sancta
1273 4076 1585 4150 Epiphania
1612 4078 1707 4135 ΙΙΙ.

549 4188 819 4266 Christum
847 4189 940 4247 hoc
968 4189 1067 4266 die
1090 4191 1148 4246 in
1169 4191 1404 4266 Iordane
1437 4193 1653 4248 tinctum
1685 4194 1751 4249 ab
1779 4193 1905 4250 aliis
1930 4195 2124 4266 astrui,

602 4263 670 4319 ab
713 4263 840 4318 aliis
883 4262 1068 4335 negari
1098 4263 1267 4335 tradit
1303 4263 1386 4318 hic
1433 4280 1601 4319 sermo
1631 4281 1648 4319 :
1682 4282 1788 4335 qua
1817 4267 1880 4320 de
1904 4284 1964 4321 re
1991 4262 2128 4323 Hie-'-

600 4350 882 4408 ronymusq
909 4333 968 4388 in
1012 4333 1358 4408 Ezechielem,
1416 4335 1519 4389 Leo
1544 4333 1812 4408 ‘Maghus,
1872 4337 2022 4408 epist.
2058 4339 2126 4396 16

600 4421 752 4460 nocte
800 4405 946 4477 edit.,
1003 4411 1160 4477 atque
1205 4405 1305 4460 alii
1349 4405 1554 4462 consuli
1595 4415 1836 4477 possunt.
1870 4405 2127 4466 Nostrum

601 4493 737 4550 cerro,
757 4483 831 4532 est
863 4476 945 4532 hic
989 4474 1272 4550 admouere
1321 4494 1444 4550 cum
1499 4474 1781 4550 seruionei
1817 4482 1986 4535 sancti
2011 4483 2126 4538 Ma-

600 4545 758 4617 ximi,
789 4564 880 4604 nec
908 4565 1011 4622 non
1041 4565 1158 4602 cum
1185 4545 1296 4604 alio
1326 4547 1648 4622 inﬂAppend.
1677 4550 1815 4622 Aug.
1851 4551 2128 4622 {34,quem

617 4604 783 4676 eidem
833 4620 1220 4693 Maximomss.
1261 4604 1831 4693 etedit.‘communiter
1861 4604 2119 4693 tribuunt,
2155 4604 2204 4664 D

601 4695 828 4768 multum
868 4691 1238 4768 conpeuireAt
1268 4691 1400 4746 nihil
1430 4693 1608 4768 etcum
1635 4693 1922 4748 Ambrosio
1954 4691 2126 4768 afﬁni}

607 4765 730 4828 tatis
777 4781 910 4838 esse,
943 4763 1104 4838 facile
1130 4763 1461 4838 is‘agnoscet,
1480 4765 1580 4838 qui
1607 4771 1805 4819 tantum
1837 4783 1952 4835 qua:
1979 4763 2126 4838 apud

602 4838 778 4908 ipsum
829 4836 922 4908 sub
952 4836 1107 4908 ﬁnem
1157 4834 1246 4908 lib.
1297 4852 1338 4908 ιι
1383 4835 1440 4890 in
1469 4835 1686 4903 Lucam,
1717 4843 1765 4890 et
1795 4834 1911 4907 qua:
1942 4839 1994 4892 in
2010 4834 2118 4894 'hoc

601 4906 836 4962 sermone
889 4906 959 4962 ds
998 4906 1248 4962 columbae
1292 4907 1468 4978 ﬁgura
1523 4906 1878 4974 disseruntur,
1909 4909 2045 4966 inter
2073 4927 2124 4966 se

602 4978 900 5037 contulerit.

605 5104 657 5160 1.
697 5102 951 5176 Plerique
993 5103 1050 5158 in
1097 5103 1200 5160 bac
1235 5111 1422 5162 sancta
1459 5105 1782 5178 Epiphaniae
1820 5105 1911 5164 die
1940 5105 2121 5164 hacte-

533 5208 640 5250 nus
687 5209 718 5248 a
769 5190 1008 5248 Domino
1053 5193 1330 5250 mirabilia
1357 5194 1498 5250 facta
1523 5212 1636 5252 esse
1665 5203 2122 5265 commemorant,

533 5289 596 5339 ut
642 5289 864 5354 rogatus
919 5281 986 5338 ad
1044 5281 1266 5354 nuptias
1321 5299 1475 5356 aquae
1523 5285 1886 5342 substantiam
1918 5286 1974 5341 in
2005 5284 2125 5340 vini

533 5371 772 5444 speciem
825 5378 1208 5440 commutaret,
1256 5389 1320 5430 ac
1362 5373 1633 5446 liquorem
1661 5373 1898 5430 fontium
1925 5371 1983 5430 in
2014 5390 2124 5431 me-

534 5459 730 5516 liorem
785 5477 946 5517 usum
991 5460 1078 5518 sui
1120 5461 1508 5520 benedictione
1553 5463 1904 5520 transferret:
1956 5461 2118 5519 mini~

608 5620 724 5690 (33)
771 5621 974 5678 Omnes
1013 5621 1382 5691 edit.,Christi
1407 5621 1676 5696 miraculi,
1710 5629 1768 5678 ut
1794 5641 1900 5680 non
1929 5623 2125 5696 iniqui-

537 5696 640 5745 tate
656 5698 972 5760 prmtereant
999 5711 1012 5760 ;
1047 5710 1240 5750 omnes
1268 5711 1396 5750 mss.
1429 5702 1490 5750 ut
1520 5695 1575 5748 in
1607 5703 1888 5752 contextu.

610 5759 729 5832 (3’s)
787 5763 942 5819 Rom.
991 5759 1126 5820 edit.
1171 5781 1296 5821 cum
1327 5767 1458 5839 Reg.
1517 5765 1663 5836 cod.,
1695 5767 1830 5824 sicut
1853 5767 1982 5824 dicit
2004 5784 2127 5840 pro-

2231 1945 2512 2010 peccatum
2543 1955 2656 1995 non
2684 1940 3076 2010 haberet,sicut
3107 1941 3246 1998 dicit
3275 1942 3469 1998 Petrus
3501 1941 3654 2013 (34):
3701 1967 3722 1990 ι
3750 1943 3852 2010 Qui

2231 2026 2582 2101 iniquitatem
2613 2044 2724 2084 non
2754 2029 2905 2098 fecit,
2939 2045 3042 2086 nec
3071 2029 3332 2085 inventus
3358 2037 3440 2086 est
3464 2031 3636 2089 dolus
3669 2031 3738 2089 in
3763 2049 3854 2088 ore

2231 2115 2350 2189 ejus
2391 2118 2448 2188 (Ι
2489 2119 2602 2175 Pet.
2650 2136 2710 2188 ιι,
2742 2120 2869 2191 22)?
2890 2146 2909 2170 ι
2947 2119 3052 2176 Sed
3081 2127 3306 2193 propter
3334 2136 3436 2178 nos
3460 2121 3697 2194 utique,
3733 2123 3851 2196 qui,

2233 2211 2536 2268 multorum
2585 2213 2884 2270 criminum
2929 2215 3168 2288 peccatis
3209 2213 3464 2282 obnoxii,
3496 2233 3644 2289 opus
3687 2215 3856 2272 habe-

2231 2299 2430 2373 bamus
2465 2307 2528 2356 ut
2558 2299 2615 2357 in
2666 2301 2872 2360 Christi
2915 2301 3190 2376 baptismo
3231 2320 3634 2377 purgaremur:
3681 2313 3853 2379 atque

2234 2387 2360 2446 ideo
2388 2389 2543 2446 venit
2570 2390 2842 2448 Dominus
2868 2390 2938 2449 ad
2968 2393 3268 2463 lavacrum,
3292 2409 3405 2450 non
3429 2401 3490 2450 ut
3509 2393 3855 2466 puriﬁcetur

2235 2477 2352 2550 ipse
2401 2479 2578 2552 aquis,
2633 2481 2729 2537 sed
2778 2488 2841 2538 ut
2886 2481 3047 2539 nobis
3093 2498 3360 2555 aquarum
3407 2483 3622 2540 ﬂuenta
3647 2483 3851 2556 puriﬁ-

2233 2575 2320 2625 cet
2349 2569 2464 2641 (35)
2501 2588 2514 2626 :
2555 2587 2624 2626 ex
2653 2587 2763 2644 quo
2793 2571 2942 2628 enim
2971 2571 3068 2629 ille
3097 2590 3213 2630 sese
3243 2574 3302 2630 in
3325 2589 3496 2646 aquas
3520 2575 3748 2642 mersit,
3781 2591 3850 2630 ex

2234 2673 2299 2714 eo
2326 2658 2576 2714 omnium
2606 2659 2949 2718 credentium
2976 2670 3198 2734 peccata
3225 2663 3452 2720 delevit.
3491 2663 3739 2720 Necesse
3769 2671 3849 2720 est

2233 2753 2415 2801 autem
2468 2755 2530 2803 ut
2575 2747 2823 2804 omnium
2871 2757 3093 2820 peccata
3132 2749 3424 2819 deleverit,
3451 2751 3548 2823 qui
3580 2752 3844 2808 omnium
3934 2747 3935 2774 ἰ

2234 2838 2454 2902 peccata
2493 2833 2772 2906 suscepit;
2833 2833 2976 2892 sicut
3023 2835 3101 2890 ait
3123 2835 3496 2908 evangelista:
3543 2862 3562 2885 ‹
3604 2838 3717 2895 Hic
3765 2848 3843 2895 est

2233 2922 2424 2993 Agnus
2469 2921 2590 2991 Dei,
2635 2922 2726 2979 hic
2755 2932 2836 2980 est
2863 2923 2957 2996 qui
2989 2924 3138 2980 tollit
3168 2933 3387 2998 peccata
3417 2926 3616 2982 mundi
3650 2929 3839 3000 (Joan.

2234 3027 2275 3080 ι,
2316 3010 2432 3083 29).
2466 3035 2484 3060 ι
2527 3011 2729 3068 Mirum
2759 3028 2888 3084 ergo
2932 3013 2991 3068 in
3021 3013 3249 3071 modum
3277 3031 3423 3072 unus
3452 3017 3755 3090 mergitur,
3785 3027 3839 3075 et

2234 3100 2382 3156 salus
2411 3100 2660 3156 omnium
2693 3110 2992 3174 reparatur.

2313 3193 2463 3250 404
2497 3187 2548 3244 3.
2596 3188 2767 3245 Adest
2811 3207 2938 3263 ergo
2963 3193 3109 3248 Deus
3136 3191 3314 3262 Pater,
3347 3209 3474 3251 cum
3520 3193 3841 3268 baptizatur

2235 3284 2537 3353 Dominus;
2569 3284 2722 3360 adest
2748 3285 2988 3358 Spiritus
3028 3296 3267 3346 sanctus.
3305 3289 3502 3346 Videte
3531 3291 3838 3350 Salvatoris

2237 3373 2700 3446 benevolentiam,
2733 3392 2838 3450 qua
2864 3379 3015 3434 solus
3034 3395 3090 3434 se
3114 3379 3172 3434 in
3197 3379 3449 3451 passione
3475 3384 3839 3439 contumeliis

2236 3465 2506 3534 subdidit,
2563 3465 2620 3522 in
2679 3467 2899 3524 lavacro
2947 3468 3098 3524 solus
3148 3469 3379 3541 gratiam
3409 3485 3520 3526 non
3551 3473 3836 3544 quaesivit,

2236 3557 2358 3613 vult
2401 3556 2694 3630 participes
2737 3572 2854 3614 esse
2897 3558 3103 3632 gloriae.
3153 3559 3326 3616 Adest
3355 3576 3502 3633 ergo,
3535 3560 3687 3617 sicut
3715 3561 3837 3618 dixi

2235 3645 2414 3716 Pater,
2455 3647 2609 3704 adest
2634 3655 2688 3704 et
2727 3647 2967 3720 Spiritus
3004 3655 3260 3706 sanctus:
3294 3657 3349 3705 et
3387 3649 3519 3723 quia
3566 3651 3721 3706 Deus
3749 3651 3836 3706 vi-

2234 3737 2353 3794 deri
2382 3753 2494 3794 non
2523 3745 2720 3810 potest,
2751 3736 2990 3809 Spiritus
3021 3737 3078 3794 in
3109 3738 3388 3806 columba,
3427 3738 3590 3794 Pater
3607 3739 3836 3795 descen-

2236 3827 2320 3885 dit
2347 3827 2404 3883 in
2454 3843 2608 3884 voce:
2652 3828 2906 3901 quodque
2939 3829 3119 3884 solum
3165 3827 3234 3884 ad
3274 3828 3628 3884 astruendam
3661 3828 3832 3886 ﬁdem

2236 3915 2559 3974 hominibus
2595 3916 2962 3974 necessarium
3011 3924 3152 3983 erat,
3201 3917 3427 3974 exhibet
3459 3917 3834 3974 Salvatorem.

2235 4007 2398 4064 Fides
2425 4007 2573 4064 enim
2608 4015 2796 4063 nostra
2819 4023 2930 4063 non
2960 4005 3072 4062 nisi
3101 4006 3295 4063 auditu
3325 4014 3539 4065 constat
3570 4014 3624 4063 et
3657 4007 3787 4063 visu
3819 4024 3834 4073 ;

2236 4096 2361 4154 ideo
2398 4113 2454 4153 se
2491 4097 2728 4170 Spiritus
2759 4097 2813 4154 in
2842 4097 3103 4155 columba
3131 4098 3308 4155 oculis
3345 4097 3554 4167 subdit,
3583 4098 3750 4154 Pater
3779 4100 3835 4155 in

2236 4204 2372 4246 voce
2419 4205 2476 4244 se
2531 4187 2756 4244 auribus
2813 4188 3232 4260 subministrat;
3274 4205 3402 4246 nam
3457 4188 3568 4244 nisi
3610 4197 3839 4262 propter

2236 4285 2478 4334 nostram
2529 4277 2910 4335 credulitatem
2967 4278 3073 4335 ista
3115 4277 3236 4334 ﬁeri
3267 4276 3618 4350 oportuisset,
3649 4279 3838 4350 potuit

2234 4367 2394 4423 Pater
2435 4374 2490 4424 et
2530 4366 2767 4439 Spiritus
2802 4374 3060 4440 tanquam
3094 4365 3398 4422 invisibilis
3421 4367 3568 4422 Deus
3592 4365 3662 4421 ad
3696 4367 3836 4423 Ver-

2233 4457 2365 4514 bum
2405 4456 2610 4512 Filium
2641 4456 2914 4513 invisibili
2936 4456 3281 4530 prolapsione
3303 4455 3838 4528 descenderngitur

2235 4555 2456 4619 propter
2508 4555 2750 4604 nostram
2798 4545 2960 4603 ﬁdem
3019 4554 3208 4618 aperto
3257 4547 3418 4615 coelo,
3475 4545 3724 4617 Spiritus
3767 4547 3836 4602 ad

2236 4636 2541 4706 Christum,
2573 4637 2734 4694 Pater
2762 4636 2831 4693 ad
2859 4635 3090 4703 Filium,
3137 4653 3250 4693 vox
3287 4633 3572 4693 descendit
3601 4633 3670 4690 ad
3700 4635 3837 4692 Ver-

2232 4728 2398 4785 bum:
2435 4729 2679 4787 Verbum
2711 4727 2858 4785 enim
2898 4727 3156 4786 Christus
3183 4727 3359 4795 est,de
3389 4743 3496 4800 quo
3525 4724 3833 4782 scribitur:

2247 4840 2266 4866 ι
2313 4819 2377 4873 In
2433 4817 2706 4890 principio
2748 4824 2863 4873 erat
2910 4816 3153 4874 Verbum
3196 4817 3376 4888 (Joan.
3411 4833 3450 4884 ι,
3486 4817 3561 4887 1).
3595 4839 3614 4862 ι
3661 4815 3834 4883 Bene,

2234 4905 2482 4980 inquam,
2514 4908 2676 4962 Pater
2703 4923 2832 4974 vox,
2865 4913 2918 4962 et
2943 4906 3120 4962 Filius
3149 4905 3394 4962 Verbum
3432 4904 3663 4968 dicitur,
3703 4905 3838 4976 quia

2234 4996 2482 5054 Verbum
2526 4997 2750 5052 nonnisi
2779 4995 2846 5052 de
2873 5013 3012 5054 voce
3040 4994 3306 5068 procedit.
3339 4993 3696 5051 Conveniunt
3736 4994 3836 5050 ita-

2234 5103 2339 5160 que
2385 5087 2490 5143 sibi
2530 5104 2641 5143 vox
2667 5094 2721 5144 et
2751 5086 3019 5155 Verbum,
3049 5093 3102 5142 et
3131 5084 3296 5142 saluti
3326 5083 3616 5140 hominum
3647 5085 3831 5156 provi-

2234 5177 2366 5234 dent
2392 5177 2651 5234 societate
2681 5176 2954 5250 mysterii.

2308 5269 2358 5324 1.
2391 5266 2512 5334 Qua
2541 5275 2721 5324 autem
2753 5267 2968 5324 ratione
3017 5263 3257 5340 Spiritus
3293 5270 3512 5320 sanctus
3540 5261 3610 5318 ad
3675 5263 3832 5322 Chri-

2235 5365 2378 5414 stum
2447 5357 2505 5413 in
2568 5356 2746 5430 specie
2795 5355 3066 5413 columbas
3111 5351 3474 5420 descenderit,
3514 5351 3830 5410 videamus:

2234 5453 2424 5504 utrum
2471 5447 2544 5504 sit
2589 5446 2774 5519 aliqua
2821 5441 3134 5502 similitudo
3161 5440 3431 5500 columbas
3462 5442 3549 5498 vel
3582 5443 3829 5514 Domini,

2231 5616 2408 5698 pheta}

2309 5697 2426 5768 (35)
2475 5689 2634 5768 Edit.
2677 5690 2888 5768 ultimae
2938 5685 3132 5760 Paris,
3173 5687 3262 5746 sed
3310 5695 3369 5745 ut
3420 5707 3516 5744 nos
3559 5705 3830 5760 aquarum

2236 5764 2448 5837 fluentis
2470 5765 2734 5839 puriﬁcet.
2768 5764 2890 5822 Non
2927 5773 3092 5822 recte.
