  <div class='ocr_page' id='page_1' title='image "/cluster/home/n/w/nwhite01/storage/ocr_20150623/17/umn.31951002477311b/330.png"; bbox 0 0 3972 6370; ppageno 0'>
   <div class='ocr_carea' id='block_1_1' title="bbox 138 422 274 481">
    <p class='ocr_par' dir='ltr' id='par_1_1' title="bbox 138 422 274 481">
     <span class='ocr_line' id='line_1_1' title="bbox 138 422 274 481; baseline 0 0"><span class='ocrx_word' id='word_1_1' title='bbox 138 422 274 481; x_wconf 71' lang='grc' dir='ltr'>6ιό</span> 
     </span>
    </p>
   </div>
   <div class='ocr_carea' id='block_1_2' title="bbox 145 819 1766 893">
    <p class='ocr_par' dir='ltr' id='par_1_2' title="bbox 145 819 1766 893">
     <span class='ocr_line' id='line_1_2' title="bbox 145 819 1766 893; baseline 0 -20"><span class='ocrx_word' id='word_1_2' title='bbox 145 828 391 876; x_wconf 87' lang='lat' dir='ltr'>sanctos</span> <span class='ocrx_word' id='word_1_3' title='bbox 434 836 562 875; x_wconf 91' lang='lat' dir='ltr'>suos</span> <span class='ocrx_word' id='word_1_4' title='bbox 606 835 721 875; x_wconf 90' lang='lat' dir='ltr'>esse</span> <span class='ocrx_word' id='word_1_5' title='bbox 775 820 1031 893; x_wconf 55' lang='lat' dir='ltr'>praecepit</span> <span class='ocrx_word' id='word_1_6' title='bbox 1082 828 1145 876; x_wconf 89' lang='lat' dir='ltr'>ut</span> <span class='ocrx_word' id='word_1_7' title='bbox 1198 820 1505 885; x_wconf 85' lang='lat' dir='ltr'>columbas,</span> <span class='ocrx_word' id='word_1_8' title='bbox 1540 819 1766 875; x_wconf 92' lang='lat' dir='ltr'>dicens:</span> 
     </span>
    </p>
   </div>
   <div class='ocr_carea' id='block_1_3' title="bbox 162 908 1755 981">
    <p class='ocr_par' dir='ltr' id='par_1_3' title="bbox 162 908 1755 981">
     <span class='ocr_line' id='line_1_3' title="bbox 162 908 1755 981; baseline 0.001 -18"><span class='ocrx_word' id='word_1_9' title='bbox 162 929 187 953; x_wconf 73' lang='grc' dir='ltr'>ι</span> <span class='ocrx_word' id='word_1_10' title='bbox 237 909 436 964; x_wconf 88' lang='lat' dir='ltr'>Estote</span> <span class='ocrx_word' id='word_1_11' title='bbox 473 908 750 981; x_wconf 79' lang='lat' dir='ltr'>simplices</span> <span class='ocrx_word' id='word_1_12' title='bbox 784 909 927 965; x_wconf 90' lang='lat' dir='ltr'>sicut</span> <span class='ocrx_word' id='word_1_13' title='bbox 956 910 1225 966; x_wconf 66' lang='lat' dir='ltr'>columba:</span> <span class='ocrx_word' id='word_1_14' title='bbox 1260 911 1472 981; x_wconf 81' lang='lat' dir='ltr'>(Matth.</span> <span class='ocrx_word' id='word_1_15' title='bbox 1505 926 1563 978; x_wconf 71' lang='grc' dir='ltr'>χ,</span> <span class='ocrx_word' id='word_1_16' title='bbox 1599 909 1711 981; x_wconf 92' lang='grc'>16).</span> <span class='ocrx_word' id='word_1_17' title='bbox 1737 936 1755 958; x_wconf 78' lang='grc' dir='ltr'>ι</span> 
     </span>
    </p>
   </div>
   <div class='ocr_carea' id='block_1_4' title="bbox 147 997 1771 1075">
    <p class='ocr_par' dir='ltr' id='par_1_4' title="bbox 147 997 1771 1075">
     <span class='ocr_line' id='line_1_4' title="bbox 147 997 1771 1075; baseline 0.003 -21"><span class='ocrx_word' id='word_1_18' title='bbox 147 997 331 1065; x_wconf 85' lang='lat' dir='ltr'>Quod</span> <span class='ocrx_word' id='word_1_19' title='bbox 357 1008 537 1055; x_wconf 89' lang='lat' dir='ltr'>autem</span> <span class='ocrx_word' id='word_1_20' title='bbox 572 1001 826 1057; x_wconf 90' lang='lat' dir='ltr'>columba</span> <span class='ocrx_word' id='word_1_21' title='bbox 847 1001 1099 1059; x_wconf 77' lang='lat' dir='ltr'>Christus</span> <span class='ocrx_word' id='word_1_22' title='bbox 1118 1002 1211 1068; x_wconf 88' lang='lat' dir='ltr'>sit,</span> <span class='ocrx_word' id='word_1_23' title='bbox 1245 1002 1512 1075; x_wconf 82' lang='lat' dir='ltr'>Propheta</span> <span class='ocrx_word' id='word_1_24' title='bbox 1538 1002 1675 1059; x_wconf 82' lang='lat' dir='ltr'>dicit</span> <span class='ocrx_word' id='word_1_25' title='bbox 1698 1020 1771 1059; x_wconf 83' lang='lat' dir='ltr'>ex</span> 
     </span>
    </p>
   </div>
   <div class='ocr_carea' id='block_1_5' title="bbox 149 1091 1769 1164">
    <p class='ocr_par' dir='ltr' id='par_1_5' title="bbox 149 1091 1769 1164">
     <span class='ocr_line' id='line_1_5' title="bbox 149 1091 1769 1164; baseline -0.001 -18"><span class='ocrx_word' id='word_1_26' title='bbox 149 1107 407 1161; x_wconf 81' lang='lat' dir='ltr'>persona</span> <span class='ocrx_word' id='word_1_27' title='bbox 455 1091 647 1162; x_wconf 88' lang='lat' dir='ltr'>ipsius,</span> <span class='ocrx_word' id='word_1_28' title='bbox 680 1091 995 1147; x_wconf 88' lang='lat' dir='ltr'>describens</span> <span class='ocrx_word' id='word_1_29' title='bbox 1043 1099 1164 1163; x_wconf 87' lang='lat' dir='ltr'>post</span> <span class='ocrx_word' id='word_1_30' title='bbox 1194 1092 1500 1164; x_wconf 81' lang='lat' dir='ltr'>passionem</span> <span class='ocrx_word' id='word_1_31' title='bbox 1530 1091 1769 1147; x_wconf 79' lang='lat' dir='ltr'>reditum</span> 
     </span>
    </p>
   </div>
   <div class='ocr_carea' id='block_1_6' title="bbox 147 1178 1770 1253">
    <p class='ocr_par' dir='ltr' id='par_1_6' title="bbox 147 1178 1770 1253">
     <span class='ocr_line' id='line_1_6' title="bbox 147 1178 1770 1253; baseline 0.002 -21"><span class='ocrx_word' id='word_1_32' title='bbox 147 1178 289 1249; x_wconf 87' lang='lat' dir='ltr'>ejus</span> <span class='ocrx_word' id='word_1_33' title='bbox 344 1180 411 1234; x_wconf 91' lang='lat' dir='ltr'>ad</span> <span class='ocrx_word' id='word_1_34' title='bbox 467 1182 715 1236; x_wconf 67' lang='lat' dir='ltr'>coelum:</span> <span class='ocrx_word' id='word_1_35' title='bbox 765 1206 783 1228; x_wconf 77' lang='grc' dir='ltr'>ι</span> <span class='ocrx_word' id='word_1_36' title='bbox 812 1180 947 1247; x_wconf 89' lang='lat' dir='ltr'>Quis</span> <span class='ocrx_word' id='word_1_37' title='bbox 1000 1181 1157 1236; x_wconf 86' lang='lat' dir='ltr'>dabit</span> <span class='ocrx_word' id='word_1_38' title='bbox 1213 1181 1353 1236; x_wconf 88' lang='lat' dir='ltr'>mihi</span> <span class='ocrx_word' id='word_1_39' title='bbox 1386 1197 1593 1253; x_wconf 87' lang='lat' dir='ltr'>pennas</span> <span class='ocrx_word' id='word_1_40' title='bbox 1624 1180 1770 1237; x_wconf 81' lang='lat' dir='ltr'>sicut</span> 
     </span>
    </p>
   </div>
   <div class='ocr_carea' id='block_1_7' title="bbox 148 1268 1755 1342">
    <p class='ocr_par' dir='ltr' id='par_1_7' title="bbox 148 1268 1755 1342">
     <span class='ocr_line' id='line_1_7' title="bbox 148 1268 1755 1342; baseline 0.001 -18"><span class='ocrx_word' id='word_1_41' title='bbox 148 1268 462 1337; x_wconf 84' lang='lat' dir='ltr'>columbae,</span> <span class='ocrx_word' id='word_1_42' title='bbox 495 1278 549 1326; x_wconf 89' lang='lat' dir='ltr'>et</span> <span class='ocrx_word' id='word_1_43' title='bbox 574 1269 791 1337; x_wconf 81' lang='lat' dir='ltr'>volabo,</span> <span class='ocrx_word' id='word_1_44' title='bbox 820 1279 875 1325; x_wconf 88' lang='lat' dir='ltr'>et</span> <span class='ocrx_word' id='word_1_45' title='bbox 904 1271 1238 1342; x_wconf 84' lang='lat' dir='ltr'>requiescam</span> <span class='ocrx_word' id='word_1_46' title='bbox 1273 1272 1456 1341; x_wconf 82' lang='lat' dir='ltr'>(Psal.</span> <span class='ocrx_word' id='word_1_47' title='bbox 1491 1287 1603 1338; x_wconf 84' lang='lat' dir='ltr'>LIV,</span> <span class='ocrx_word' id='word_1_48' title='bbox 1637 1272 1667 1326; x_wconf 92' lang='lat'><strong>7</strong></span> <span class='ocrx_word' id='word_1_49' title='bbox 1690 1270 1718 1326; x_wconf 79' lang='lat'><strong>?</strong></span> <span class='ocrx_word' id='word_1_50' title='bbox 1737 1294 1755 1316; x_wconf 75' lang='grc' dir='ltr'>ι</span> 
     </span>
    </p>
   </div>
   <div class='ocr_carea' id='block_1_8' title="bbox 150 1356 1772 1430">
    <p class='ocr_par' dir='ltr' id='par_1_8' title="bbox 150 1356 1772 1430">
     <span class='ocr_line' id='line_1_8' title="bbox 150 1356 1772 1430; baseline 0 -16"><span class='ocrx_word' id='word_1_51' title='bbox 150 1356 312 1414; x_wconf 86' lang='lat' dir='ltr'>Cum</span> <span class='ocrx_word' id='word_1_52' title='bbox 343 1374 470 1430; x_wconf 89' lang='lat' dir='ltr'>ergo</span> <span class='ocrx_word' id='word_1_53' title='bbox 517 1358 769 1415; x_wconf 87' lang='lat' dir='ltr'>Christus</span> <span class='ocrx_word' id='word_1_54' title='bbox 796 1360 1068 1416; x_wconf 87' lang='lat' dir='ltr'>Dominus</span> <span class='ocrx_word' id='word_1_55' title='bbox 1110 1359 1354 1415; x_wconf 82' lang='lat' dir='ltr'>initiaret</span> <span class='ocrx_word' id='word_1_56' title='bbox 1382 1360 1643 1416; x_wconf 63' lang='lat' dir='ltr'>Ecclesiae</span> <span class='ocrx_word' id='word_1_57' title='bbox 1673 1376 1772 1414; x_wconf 90' lang='lat' dir='ltr'>sa-</span> 
     </span>
    </p>
   </div>
   <div class='ocr_carea' id='block_1_9' title="bbox 150 1452 1771 1526">
    <p class='ocr_par' dir='ltr' id='par_1_9' title="bbox 150 1452 1771 1526">
     <span class='ocr_line' id='line_1_9' title="bbox 150 1452 1771 1526; baseline 0.003 -22"><span class='ocrx_word' id='word_1_58' title='bbox 150 1457 471 1518; x_wconf 89' lang='lat' dir='ltr'>cramenta,</span> <span class='ocrx_word' id='word_1_59' title='bbox 530 1467 560 1507; x_wconf 82' lang='grc' dir='ltr'><strong>θ</strong></span> <span class='ocrx_word' id='word_1_60' title='bbox 616 1452 757 1507; x_wconf 71' lang='lat' dir='ltr'>ccelo</span> <span class='ocrx_word' id='word_1_61' title='bbox 803 1452 1124 1525; x_wconf 85' lang='lat' dir='ltr'>supervenit</span> <span class='ocrx_word' id='word_1_62' title='bbox 1174 1452 1449 1507; x_wconf 89' lang='lat' dir='ltr'>columba.</span> <span class='ocrx_word' id='word_1_63' title='bbox 1516 1453 1771 1526; x_wconf 80' lang='lat' dir='ltr'>Intelligo</span> 
     </span>
    </p>
   </div>
   <div class='ocr_carea' id='block_1_10' title="bbox 154 1540 1772 1611">
    <p class='ocr_par' dir='ltr' id='par_1_10' title="bbox 154 1540 1772 1611">
     <span class='ocr_line' id='line_1_10' title="bbox 154 1540 1772 1611; baseline 0.002 -18"><span class='ocrx_word' id='word_1_64' title='bbox 154 1540 524 1611; x_wconf 85' lang='lat' dir='ltr'>mysterium,</span> <span class='ocrx_word' id='word_1_65' title='bbox 555 1556 788 1611; x_wconf 88' lang='lat' dir='ltr'>agnosco</span> <span class='ocrx_word' id='word_1_66' title='bbox 818 1541 983 1598; x_wconf 89' lang='lat' dir='ltr'>etiam</span> <span class='ocrx_word' id='word_1_67' title='bbox 1035 1549 1438 1598; x_wconf 86' lang='lat' dir='ltr'>sacramentum</span> <span class='ocrx_word' id='word_1_68' title='bbox 1471 1558 1482 1595; x_wconf 90' lang='lat'>:</span> <span class='ocrx_word' id='word_1_69' title='bbox 1514 1541 1772 1598; x_wconf 87' lang='lat' dir='ltr'>columba</span> 
     </span>
    </p>
   </div>
   <div class='ocr_carea' id='block_1_11' title="bbox 149 1629 1769 1702">
    <p class='ocr_par' dir='ltr' id='par_1_11' title="bbox 149 1629 1769 1702">
     <span class='ocr_line' id='line_1_11' title="bbox 149 1629 1769 1702; baseline 0.002 -19"><span class='ocrx_word' id='word_1_70' title='bbox 149 1629 320 1684; x_wconf 90' lang='lat' dir='ltr'>enim</span> <span class='ocrx_word' id='word_1_71' title='bbox 367 1629 485 1701; x_wconf 89' lang='lat' dir='ltr'>ipsa</span> <span class='ocrx_word' id='word_1_72' title='bbox 536 1638 637 1699; x_wconf 91' lang='lat' dir='ltr'>est,</span> <span class='ocrx_word' id='word_1_73' title='bbox 669 1645 788 1702; x_wconf 65' lang='lat' dir='ltr'>quas</span> <span class='ocrx_word' id='word_1_74' title='bbox 817 1646 965 1688; x_wconf 90' lang='lat' dir='ltr'>nunc</span> <span class='ocrx_word' id='word_1_75' title='bbox 1004 1630 1072 1686; x_wconf 88' lang='lat' dir='ltr'>ad</span> <span class='ocrx_word' id='word_1_76' title='bbox 1124 1632 1426 1687; x_wconf 90' lang='lat' dir='ltr'>Ecclesiam</span> <span class='ocrx_word' id='word_1_77' title='bbox 1475 1630 1681 1688; x_wconf 87' lang='lat' dir='ltr'>Christi</span> <span class='ocrx_word' id='word_1_78' title='bbox 1710 1630 1769 1687; x_wconf 91' lang='lat' dir='ltr'>in</span> 
     </span>
    </p>
   </div>
   <div class='ocr_carea' id='block_1_12' title="bbox 150 1717 1771 1794">
    <p class='ocr_par' dir='ltr' id='par_1_12' title="bbox 150 1717 1771 1794">
     <span class='ocr_line' id='line_1_12' title="bbox 150 1717 1771 1794; baseline 0.003 -22"><span class='ocrx_word' id='word_1_79' title='bbox 150 1717 443 1789; x_wconf 87' lang='lat' dir='ltr'>baptismo</span> <span class='ocrx_word' id='word_1_80' title='bbox 474 1720 645 1787; x_wconf 87' lang='lat' dir='ltr'>venit,</span> <span class='ocrx_word' id='word_1_81' title='bbox 675 1737 795 1792; x_wconf 67' lang='lat' dir='ltr'>quae</span> <span class='ocrx_word' id='word_1_82' title='bbox 827 1721 1107 1794; x_wconf 89' lang='lat' dir='ltr'>quondam</span> <span class='ocrx_word' id='word_1_83' title='bbox 1136 1722 1203 1778; x_wconf 91' lang='lat' dir='ltr'>ad</span> <span class='ocrx_word' id='word_1_84' title='bbox 1226 1738 1403 1777; x_wconf 90' lang='lat' dir='ltr'>arcam</span> <span class='ocrx_word' id='word_1_85' title='bbox 1432 1722 1544 1778; x_wconf 89' lang='lat' dir='ltr'>Noe</span> <span class='ocrx_word' id='word_1_86' title='bbox 1578 1722 1634 1777; x_wconf 91' lang='lat' dir='ltr'>in</span> <span class='ocrx_word' id='word_1_87' title='bbox 1674 1722 1771 1778; x_wconf 93' lang='lat' dir='ltr'>di-</span> 
     </span>
    </p>
   </div>
   <div class='ocr_carea' id='block_1_13' title="bbox 152 1806 1769 1881">
    <p class='ocr_par' dir='ltr' id='par_1_13' title="bbox 152 1806 1769 1881">
     <span class='ocr_line' id='line_1_13' title="bbox 152 1806 1769 1881; baseline 0.004 -20"><span class='ocrx_word' id='word_1_88' title='bbox 152 1806 326 1863; x_wconf 87' lang='lat' dir='ltr'>luvio</span> <span class='ocrx_word' id='word_1_89' title='bbox 356 1808 669 1881; x_wconf 90' lang='lat' dir='ltr'>properavit</span> <span class='ocrx_word' id='word_1_90' title='bbox 699 1810 856 1880; x_wconf 85' lang='lat' dir='ltr'>(Gen.</span> <span class='ocrx_word' id='word_1_91' title='bbox 890 1828 1013 1879; x_wconf 81' lang='lat' dir='ltr'>VIII,</span> <span class='ocrx_word' id='word_1_92' title='bbox 1032 1811 1114 1881; x_wconf 89' lang='lat'>9),</span> <span class='ocrx_word' id='word_1_93' title='bbox 1148 1818 1279 1868; x_wconf 89' lang='lat' dir='ltr'>tunc</span> <span class='ocrx_word' id='word_1_94' title='bbox 1307 1811 1391 1867; x_wconf 91' lang='lat' dir='ltr'>illi</span> <span class='ocrx_word' id='word_1_95' title='bbox 1420 1811 1769 1868; x_wconf 86' lang='lat' dir='ltr'>securitatem</span> 
     </span>
    </p>
   </div>
   <div class='ocr_carea' id='block_1_14' title="bbox 152 1897 1848 1973">
    <p class='ocr_par' dir='ltr' id='par_1_14' title="bbox 152 1897 1848 1973">
     <span class='ocr_line' id='line_1_14' title="bbox 152 1897 1848 1973; baseline 0.004 -22"><span class='ocrx_word' id='word_1_96' title='bbox 152 1897 512 1953; x_wconf 85' lang='lat' dir='ltr'>annuntians</span> <span class='ocrx_word' id='word_1_97' title='bbox 540 1897 704 1954; x_wconf 65' lang='lat' dir='ltr'>olivae</span> <span class='ocrx_word' id='word_1_98' title='bbox 724 1915 896 1967; x_wconf 89' lang='lat' dir='ltr'>ramo,</span> <span class='ocrx_word' id='word_1_99' title='bbox 919 1899 1083 1956; x_wconf 90' lang='lat' dir='ltr'>modo</span> <span class='ocrx_word' id='word_1_100' title='bbox 1103 1898 1236 1957; x_wconf 90' lang='lat' dir='ltr'>huic</span> <span class='ocrx_word' id='word_1_101' title='bbox 1263 1900 1621 1957; x_wconf 74' lang='lat' dir='ltr'>aeternitatem</span> <span class='ocrx_word' id='word_1_102' title='bbox 1643 1916 1771 1957; x_wconf 91' lang='lat' dir='ltr'>con-</span> <span class='ocrx_word' id='word_1_103' title='bbox 1801 1911 1848 1973; x_wconf 87' lang='grc' dir='ltr'>Β</span> 
     </span>
    </p>
   </div>
   <div class='ocr_carea' id='block_1_15' title="bbox 150 1986 1771 2063">
    <p class='ocr_par' dir='ltr' id='par_1_15' title="bbox 150 1986 1771 2063">
     <span class='ocr_line' id='line_1_15' title="bbox 150 1986 1771 2063; baseline 0.004 -22"><span class='ocrx_word' id='word_1_104' title='bbox 150 1986 352 2045; x_wconf 86' lang='lat' dir='ltr'>ferens</span> <span class='ocrx_word' id='word_1_105' title='bbox 401 1987 713 2045; x_wconf 89' lang='lat' dir='ltr'>divinitatis</span> <span class='ocrx_word' id='word_1_106' title='bbox 757 1988 1000 2059; x_wconf 85' lang='lat' dir='ltr'>indicio;</span> <span class='ocrx_word' id='word_1_107' title='bbox 1050 1997 1185 2048; x_wconf 89' lang='lat' dir='ltr'>tunc</span> <span class='ocrx_word' id='word_1_108' title='bbox 1230 1990 1450 2063; x_wconf 89' lang='lat' dir='ltr'>signum</span> <span class='ocrx_word' id='word_1_109' title='bbox 1496 1991 1644 2063; x_wconf 88' lang='lat' dir='ltr'>pacis</span> <span class='ocrx_word' id='word_1_110' title='bbox 1677 2007 1771 2047; x_wconf 88' lang='lat' dir='ltr'>ore</span> 
     </span>
    </p>
   </div>
   <div class='ocr_carea' id='block_1_16' title="bbox 152 2076 1773 2152">
    <p class='ocr_par' dir='ltr' id='par_1_16' title="bbox 152 2076 1773 2152">
     <span class='ocr_line' id='line_1_16' title="bbox 152 2076 1773 2152; baseline 0.003 -21"><span class='ocrx_word' id='word_1_111' title='bbox 152 2076 426 2143; x_wconf 66' lang='lat' dir='ltr'>atterens,</span> <span class='ocrx_word' id='word_1_112' title='bbox 458 2077 621 2134; x_wconf 93' lang='lat' dir='ltr'>modo</span> <span class='ocrx_word' id='word_1_113' title='bbox 656 2077 773 2152; x_wconf 89' lang='lat' dir='ltr'>ipsa</span> <span class='ocrx_word' id='word_1_114' title='bbox 821 2094 1009 2152; x_wconf 89' lang='lat' dir='ltr'>pacem</span> <span class='ocrx_word' id='word_1_115' title='bbox 1039 2079 1322 2138; x_wconf 90' lang='lat' dir='ltr'>Christum</span> <span class='ocrx_word' id='word_1_116' title='bbox 1352 2080 1437 2137; x_wconf 90' lang='lat' dir='ltr'>sui</span> <span class='ocrx_word' id='word_1_117' title='bbox 1467 2080 1773 2137; x_wconf 86' lang='lat' dir='ltr'>substantia</span> 
     </span>
    </p>
   </div>
   <div class='ocr_carea' id='block_1_17' title="bbox 154 2166 591 2239">
    <p class='ocr_par' dir='ltr' id='par_1_17' title="bbox 154 2166 591 2239">
     <span class='ocr_line' id='line_1_17' title="bbox 154 2166 591 2239; baseline 0.007 -18"><span class='ocrx_word' id='word_1_118' title='bbox 154 2166 591 2239; x_wconf 89' lang='lat' dir='ltr'>superfendens.</span> 
     </span>
    </p>
   </div>
   <div class='ocr_carea' id='block_1_18' title="bbox 238 2255 1768 2331">
    <p class='ocr_par' dir='ltr' id='par_1_18' title="bbox 238 2255 1768 2331">
     <span class='ocr_line' id='line_1_18' title="bbox 238 2255 1768 2331; baseline 0.003 -20"><span class='ocrx_word' id='word_1_119' title='bbox 238 2255 296 2312; x_wconf 80' lang='lat'>5.</span> <span class='ocrx_word' id='word_1_120' title='bbox 339 2256 402 2311; x_wconf 93' lang='lat' dir='ltr'>In</span> <span class='ocrx_word' id='word_1_121' title='bbox 453 2257 694 2313; x_wconf 89' lang='lat' dir='ltr'>Jordane</span> <span class='ocrx_word' id='word_1_122' title='bbox 756 2257 927 2331; x_wconf 89' lang='lat' dir='ltr'>igitur</span> <span class='ocrx_word' id='word_1_123' title='bbox 982 2257 1290 2331; x_wconf 85' lang='lat' dir='ltr'>baptizatus</span> <span class='ocrx_word' id='word_1_124' title='bbox 1346 2265 1426 2314; x_wconf 90' lang='lat' dir='ltr'>est</span> <span class='ocrx_word' id='word_1_125' title='bbox 1480 2259 1768 2316; x_wconf 88' lang='lat' dir='ltr'>Dominus.</span> 
     </span>
    </p>
   </div>
   <div class='ocr_carea' id='block_1_19' title="bbox 153 2345 1772 2422">
    <p class='ocr_par' dir='ltr' id='par_1_19' title="bbox 153 2345 1772 2422">
     <span class='ocr_line' id='line_1_19' title="bbox 153 2345 1772 2422; baseline 0.004 -20"><span class='ocrx_word' id='word_1_126' title='bbox 153 2346 345 2403; x_wconf 89' lang='lat' dir='ltr'>Multa</span> <span class='ocrx_word' id='word_1_127' title='bbox 396 2345 674 2404; x_wconf 89' lang='lat' dir='ltr'>mirabilia</span> <span class='ocrx_word' id='word_1_128' title='bbox 708 2348 768 2403; x_wconf 92' lang='lat' dir='ltr'>in</span> <span class='ocrx_word' id='word_1_129' title='bbox 817 2348 922 2405; x_wconf 91' lang='lat' dir='ltr'>hoc</span> <span class='ocrx_word' id='word_1_130' title='bbox 975 2348 1205 2405; x_wconf 89' lang='lat' dir='ltr'>ﬂumine</span> <span class='ocrx_word' id='word_1_131' title='bbox 1259 2349 1459 2422; x_wconf 70' lang='lat' dir='ltr'>saepius</span> <span class='ocrx_word' id='word_1_132' title='bbox 1488 2350 1629 2407; x_wconf 89' lang='lat' dir='ltr'>facta</span> <span class='ocrx_word' id='word_1_133' title='bbox 1656 2367 1772 2408; x_wconf 90' lang='lat' dir='ltr'>esse</span> 
     </span>
    </p>
   </div>
   <div class='ocr_carea' id='block_1_20' title="bbox 154 2434 1774 2507">
    <p class='ocr_par' dir='ltr' id='par_1_20' title="bbox 154 2434 1774 2507">
     <span class='ocr_line' id='line_1_20' title="bbox 154 2434 1774 2507; baseline 0.002 -16"><span class='ocrx_word' id='word_1_134' title='bbox 154 2434 452 2507; x_wconf 88' lang='lat' dir='ltr'>Scriptura</span> <span class='ocrx_word' id='word_1_135' title='bbox 495 2445 908 2507; x_wconf 89' lang='lat' dir='ltr'>commemorat,</span> <span class='ocrx_word' id='word_1_136' title='bbox 959 2437 1105 2493; x_wconf 90' lang='lat' dir='ltr'>inter</span> <span class='ocrx_word' id='word_1_137' title='bbox 1141 2445 1334 2494; x_wconf 82' lang='lat' dir='ltr'>caetera</span> <span class='ocrx_word' id='word_1_138' title='bbox 1357 2437 1606 2495; x_wconf 71' lang='lat' dir='ltr'>“dicens:</span> <span class='ocrx_word' id='word_1_139' title='bbox 1644 2464 1662 2487; x_wconf 73' lang='grc' dir='ltr'><strong>ε</strong></span> <span class='ocrx_word' id='word_1_140' title='bbox 1700 2440 1774 2495; x_wconf 92' lang='lat' dir='ltr'>Et</span> 
     </span>
    </p>
   </div>
   <div class='ocr_carea' id='block_1_21' title="bbox 155 2526 1757 2606">
    <p class='ocr_par' dir='ltr' id='par_1_21' title="bbox 155 2526 1757 2606">
     <span class='ocr_line' id='line_1_21' title="bbox 155 2526 1757 2606; baseline 0.005 -24"><span class='ocrx_word' id='word_1_141' title='bbox 155 2526 426 2584; x_wconf 77' lang='lat' dir='ltr'>Iordanis</span> <span class='ocrx_word' id='word_1_142' title='bbox 459 2545 758 2585; x_wconf 87' lang='lat' dir='ltr'>conversus</span> <span class='ocrx_word' id='word_1_143' title='bbox 786 2538 867 2586; x_wconf 91' lang='lat' dir='ltr'>est</span> <span class='ocrx_word' id='word_1_144' title='bbox 896 2539 1197 2587; x_wconf 88' lang='lat' dir='ltr'>retrorsum</span> <span class='ocrx_word' id='word_1_145' title='bbox 1225 2532 1407 2602; x_wconf 83' lang='lat' dir='ltr'>(Psal.</span> <span class='ocrx_word' id='word_1_146' title='bbox 1440 2550 1597 2602; x_wconf 86' lang='lat' dir='ltr'>cxm,</span> <span class='ocrx_word' id='word_1_147' title='bbox 1623 2533 1704 2606; x_wconf 92' lang='lat'>3).</span> <span class='ocrx_word' id='word_1_148' title='bbox 1738 2560 1757 2582; x_wconf 83' lang='lat'><strong><em>-</em></strong></span> 
     </span>
    </p>
   </div>
   <div class='ocr_carea' id='block_1_22' title="bbox 156 2616 1770 2693">
    <p class='ocr_par' dir='ltr' id='par_1_22' title="bbox 156 2616 1770 2693">
     <span class='ocr_line' id='line_1_22' title="bbox 156 2616 1770 2693; baseline 0.005 -22"><span class='ocrx_word' id='word_1_149' title='bbox 156 2616 311 2673; x_wconf 90' lang='lat' dir='ltr'>Puto</span> <span class='ocrx_word' id='word_1_150' title='bbox 373 2626 558 2674; x_wconf 88' lang='lat' dir='ltr'>autem</span> <span class='ocrx_word' id='word_1_151' title='bbox 623 2635 739 2675; x_wconf 91' lang='lat' dir='ltr'>esse</span> <span class='ocrx_word' id='word_1_152' title='bbox 786 2619 1098 2676; x_wconf 85' lang='lat' dir='ltr'>mirabilius</span> <span class='ocrx_word' id='word_1_153' title='bbox 1161 2622 1309 2693; x_wconf 92' lang='lat' dir='ltr'>quod</span> <span class='ocrx_word' id='word_1_154' title='bbox 1355 2624 1595 2679; x_wconf 90' lang='lat' dir='ltr'>Domino</span> <span class='ocrx_word' id='word_1_155' title='bbox 1643 2624 1770 2679; x_wconf 84' lang='lat' dir='ltr'>Jesu</span> 
     </span>
    </p>
   </div>
   <div class='ocr_carea' id='block_1_23' title="bbox 159 2705 1766 2781">
    <p class='ocr_par' dir='ltr' id='par_1_23' title="bbox 159 2705 1766 2781">
     <span class='ocr_line' id='line_1_23' title="bbox 159 2705 1766 2781; baseline 0.002 -17"><span class='ocrx_word' id='word_1_156' title='bbox 159 2705 395 2764; x_wconf 89' lang='lat' dir='ltr'>Christo</span> <span class='ocrx_word' id='word_1_157' title='bbox 424 2708 504 2764; x_wconf 92' lang='lat' dir='ltr'>ibi</span> <span class='ocrx_word' id='word_1_158' title='bbox 535 2709 735 2781; x_wconf 90' lang='lat' dir='ltr'>posito,</span> <span class='ocrx_word' id='word_1_159' title='bbox 756 2708 962 2766; x_wconf 90' lang='lat' dir='ltr'>factum</span> <span class='ocrx_word' id='word_1_160' title='bbox 987 2719 1105 2768; x_wconf 89' lang='lat' dir='ltr'>est:</span> <span class='ocrx_word' id='word_1_161' title='bbox 1138 2719 1263 2766; x_wconf 86' lang='lat' dir='ltr'>ante</span> <span class='ocrx_word' id='word_1_162' title='bbox 1288 2712 1436 2767; x_wconf 89' lang='lat' dir='ltr'>enim</span> <span class='ocrx_word' id='word_1_163' title='bbox 1467 2720 1766 2768; x_wconf 90' lang='lat' dir='ltr'>retrorsum</span> 
     </span>
    </p>
   </div>
   <div class='ocr_carea' id='block_1_24' title="bbox 158 2796 1773 2872">
    <p class='ocr_par' dir='ltr' id='par_1_24' title="bbox 158 2796 1773 2872">
     <span class='ocr_line' id='line_1_24' title="bbox 158 2796 1773 2872; baseline 0.004 -21"><span class='ocrx_word' id='word_1_164' title='bbox 158 2811 327 2868; x_wconf 55' lang='lat' dir='ltr'>aqua:</span> <span class='ocrx_word' id='word_1_165' title='bbox 380 2813 658 2853; x_wconf 85' lang='lat' dir='ltr'>conversae</span> <span class='ocrx_word' id='word_1_166' title='bbox 712 2798 952 2865; x_wconf 77' lang='lat' dir='ltr'>fuerant,</span> <span class='ocrx_word' id='word_1_167' title='bbox 1008 2796 1172 2854; x_wconf 93' lang='lat' dir='ltr'>modo</span> <span class='ocrx_word' id='word_1_168' title='bbox 1221 2808 1521 2855; x_wconf 85' lang='lat' dir='ltr'>retrorsum</span> <span class='ocrx_word' id='word_1_169' title='bbox 1551 2808 1773 2872; x_wconf 89' lang='lat' dir='ltr'>peccata</span> 
     </span>
    </p>
   </div>
   <div class='ocr_carea' id='block_1_25' title="bbox 160 2885 1771 2959">
    <p class='ocr_par' dir='ltr' id='par_1_25' title="bbox 160 2885 1771 2959">
     <span class='ocr_line' id='line_1_25' title="bbox 160 2885 1771 2959; baseline 0.002 -17"><span class='ocrx_word' id='word_1_170' title='bbox 160 2900 440 2942; x_wconf 85' lang='lat' dir='ltr'>conversa</span> <span class='ocrx_word' id='word_1_171' title='bbox 467 2893 599 2941; x_wconf 90' lang='lat' dir='ltr'>sunt</span> <span class='ocrx_word' id='word_1_172' title='bbox 635 2904 647 2942; x_wconf 96' lang='lat'><strong>:</strong></span> <span class='ocrx_word' id='word_1_173' title='bbox 694 2894 749 2942; x_wconf 90' lang='lat' dir='ltr'>et</span> <span class='ocrx_word' id='word_1_174' title='bbox 795 2885 940 2942; x_wconf 87' lang='lat' dir='ltr'>sicut</span> <span class='ocrx_word' id='word_1_175' title='bbox 975 2893 1109 2943; x_wconf 90' lang='lat' dir='ltr'>tunc</span> <span class='ocrx_word' id='word_1_176' title='bbox 1141 2886 1377 2959; x_wconf 89' lang='lat' dir='ltr'>impetus</span> <span class='ocrx_word' id='word_1_177' title='bbox 1405 2887 1652 2946; x_wconf 88' lang='lat' dir='ltr'>ﬂuminis</span> <span class='ocrx_word' id='word_1_178' title='bbox 1680 2890 1771 2945; x_wconf 90' lang='lat' dir='ltr'>al—</span> 
     </span>
    </p>
   </div>
   <div class='ocr_carea' id='block_1_26' title="bbox 160 2974 1772 3051">
    <p class='ocr_par' dir='ltr' id='par_1_26' title="bbox 160 2974 1772 3051">
     <span class='ocr_line' id='line_1_26' title="bbox 160 2974 1772 3051; baseline 0.005 -23"><span class='ocrx_word' id='word_1_179' title='bbox 160 2989 336 3029; x_wconf 89' lang='lat' dir='ltr'>veum</span> <span class='ocrx_word' id='word_1_180' title='bbox 392 2974 480 3031; x_wconf 90' lang='lat' dir='ltr'>sui</span> <span class='ocrx_word' id='word_1_181' title='bbox 541 2992 735 3033; x_wconf 90' lang='lat' dir='ltr'>cursus</span> <span class='ocrx_word' id='word_1_182' title='bbox 789 2974 1052 3047; x_wconf 90' lang='lat' dir='ltr'>perdidit,</span> <span class='ocrx_word' id='word_1_183' title='bbox 1110 2975 1187 3033; x_wconf 89' lang='lat' dir='ltr'>ita</span> <span class='ocrx_word' id='word_1_184' title='bbox 1236 2986 1292 3034; x_wconf 89' lang='lat' dir='ltr'>et</span> <span class='ocrx_word' id='word_1_185' title='bbox 1347 2994 1495 3035; x_wconf 92' lang='lat' dir='ltr'>nunc</span> <span class='ocrx_word' id='word_1_186' title='bbox 1535 2979 1772 3051; x_wconf 88' lang='lat' dir='ltr'>impetus</span> 
     </span>
    </p>
   </div>
   <div class='ocr_carea' id='block_1_27' title="bbox 161 3065 1770 3139">
    <p class='ocr_par' dir='ltr' id='par_1_27' title="bbox 161 3065 1770 3139">
     <span class='ocr_line' id='line_1_27' title="bbox 161 3065 1770 3139; baseline 0.002 -17"><span class='ocrx_word' id='word_1_187' title='bbox 161 3074 527 3139; x_wconf 88' lang='lat' dir='ltr'>peccatorum</span> <span class='ocrx_word' id='word_1_188' title='bbox 592 3065 903 3137; x_wconf 86' lang='lat' dir='ltr'>dominium</span> <span class='ocrx_word' id='word_1_189' title='bbox 951 3066 1036 3123; x_wconf 89' lang='lat' dir='ltr'>sui</span> <span class='ocrx_word' id='word_1_190' title='bbox 1102 3066 1304 3123; x_wconf 91' lang='lat' dir='ltr'>erroris</span> <span class='ocrx_word' id='word_1_191' title='bbox 1359 3068 1561 3124; x_wconf 90' lang='lat' dir='ltr'>amisit.</span> <span class='ocrx_word' id='word_1_192' title='bbox 1613 3068 1770 3137; x_wconf 89' lang='lat' dir='ltr'>Quod</span> 
     </span>
    </p>
   </div>
   <div class='ocr_carea' id='block_1_28' title="bbox 165 3154 1770 3229">
    <p class='ocr_par' dir='ltr' id='par_1_28' title="bbox 165 3154 1770 3229">
     <span class='ocr_line' id='line_1_28' title="bbox 165 3154 1770 3229; baseline 0.002 -18"><span class='ocrx_word' id='word_1_193' title='bbox 165 3155 401 3229; x_wconf 87' lang='lat' dir='ltr'>quidem</span> <span class='ocrx_word' id='word_1_194' title='bbox 436 3156 493 3211; x_wconf 90' lang='lat' dir='ltr'>in</span> <span class='ocrx_word' id='word_1_195' title='bbox 520 3155 787 3228; x_wconf 88' lang='lat' dir='ltr'>propheta</span> <span class='ocrx_word' id='word_1_196' title='bbox 814 3154 935 3211; x_wconf 87' lang='lat' dir='ltr'>Elia</span> <span class='ocrx_word' id='word_1_197' title='bbox 947 3154 1063 3227; x_wconf 90' lang='lat' dir='ltr'>jam</span> <span class='ocrx_word' id='word_1_198' title='bbox 1093 3155 1191 3212; x_wconf 94' lang='lat' dir='ltr'>illo</span> <span class='ocrx_word' id='word_1_199' title='bbox 1209 3156 1268 3212; x_wconf 91' lang='lat' dir='ltr'>in</span> <span class='ocrx_word' id='word_1_200' title='bbox 1297 3166 1539 3228; x_wconf 89' lang='lat' dir='ltr'>tempore</span> <span class='ocrx_word' id='word_1_201' title='bbox 1563 3157 1770 3215; x_wconf 89' lang='lat' dir='ltr'>factum</span> 
     </span>
    </p>
   </div>
   <div class='ocr_carea' id='block_1_29' title="bbox 1008 420 2658 483">
    <p class='ocr_par' dir='ltr' id='par_1_29' title="bbox 1008 420 2658 483">
     <span class='ocr_line' id='line_1_29' title="bbox 1008 420 2658 483; baseline -0.002 -2"><span class='ocrx_word' id='word_1_202' title='bbox 1008 423 1385 483; x_wconf 82' lang='lat' dir='ltr'>SERMONES</span> <span class='ocrx_word' id='word_1_203' title='bbox 1422 424 1478 480; x_wconf 94' lang='lat' dir='ltr'>S.</span> <span class='ocrx_word' id='word_1_204' title='bbox 1519 420 1874 481; x_wconf 82' lang='lat' dir='ltr'>AMBROSIO</span> <span class='ocrx_word' id='word_1_205' title='bbox 1912 421 2282 480; x_wconf 85' lang='lat' dir='ltr'>HACTENUS</span> <span class='ocrx_word' id='word_1_206' title='bbox 2321 422 2658 482; x_wconf 81' lang='lat' dir='ltr'>ASCRIPTI.</span> 
     </span>
    </p>
   </div>
   <div class='ocr_carea' id='block_1_30' title="bbox 143 550 1845 626">
    <p class='ocr_par' dir='ltr' id='par_1_30' title="bbox 143 550 1845 626">
     <span class='ocr_line' id='line_1_30' title="bbox 143 550 1845 626; baseline 0.003 -19"><span class='ocrx_word' id='word_1_207' title='bbox 143 550 318 608; x_wconf 85' lang='lat' dir='ltr'>sicut</span> <span class='ocrx_word' id='word_1_208' title='bbox 344 558 426 607; x_wconf 91' lang='lat' dir='ltr'>est</span> <span class='ocrx_word' id='word_1_209' title='bbox 451 552 603 609; x_wconf 90' lang='lat' dir='ltr'>vocis</span> <span class='ocrx_word' id='word_1_210' title='bbox 643 559 698 608; x_wconf 91' lang='lat' dir='ltr'>et</span> <span class='ocrx_word' id='word_1_211' title='bbox 725 551 914 610; x_wconf 84' lang='lat' dir='ltr'>Verbi.</span> <span class='ocrx_word' id='word_1_212' title='bbox 947 552 1046 610; x_wconf 91' lang='lat' dir='ltr'>Est</span> <span class='ocrx_word' id='word_1_213' title='bbox 1090 554 1251 626; x_wconf 86' lang='lat' dir='ltr'>plane</span> <span class='ocrx_word' id='word_1_214' title='bbox 1279 569 1391 609; x_wconf 91' lang='lat' dir='ltr'>non</span> <span class='ocrx_word' id='word_1_215' title='bbox 1420 567 1623 625; x_wconf 89' lang='lat' dir='ltr'>parva:</span> <span class='ocrx_word' id='word_1_216' title='bbox 1656 567 1761 607; x_wconf 91' lang='lat' dir='ltr'>co-</span> <span class='ocrx_word' id='word_1_217' title='bbox 1793 554 1845 612; x_wconf 84' lang='lat' dir='ltr'><strong>A</strong></span> 
     </span>
    </p>
   </div>
   <div class='ocr_carea' id='block_1_31' title="bbox 143 637 1771 714">
    <p class='ocr_par' dir='ltr' id='par_1_31' title="bbox 143 637 1771 714">
     <span class='ocr_line' id='line_1_31' title="bbox 143 637 1771 714; baseline 0.001 -21"><span class='ocrx_word' id='word_1_218' title='bbox 143 637 418 696; x_wconf 86' lang='lat' dir='ltr'>lumbam</span> <span class='ocrx_word' id='word_1_219' title='bbox 448 640 595 696; x_wconf 89' lang='lat' dir='ltr'>enim</span> <span class='ocrx_word' id='word_1_220' title='bbox 622 640 785 696; x_wconf 90' lang='lat' dir='ltr'>etiam</span> <span class='ocrx_word' id='word_1_221' title='bbox 818 640 998 714; x_wconf 91' lang='lat' dir='ltr'>ipsum</span> <span class='ocrx_word' id='word_1_222' title='bbox 1022 643 1323 699; x_wconf 91' lang='lat' dir='ltr'>Dominum</span> <span class='ocrx_word' id='word_1_223' title='bbox 1350 641 1615 708; x_wconf 85' lang='lat' dir='ltr'>dixerim,</span> <span class='ocrx_word' id='word_1_224' title='bbox 1640 639 1771 714; x_wconf 89' lang='lat' dir='ltr'>quia</span> 
     </span>
    </p>
   </div>
   <div class='ocr_carea' id='block_1_32' title="bbox 145 727 1772 804">
    <p class='ocr_par' dir='ltr' id='par_1_32' title="bbox 145 727 1772 804">
     <span class='ocr_line' id='line_1_32' title="bbox 145 727 1772 804; baseline 0 -21"><span class='ocrx_word' id='word_1_225' title='bbox 145 735 252 783; x_wconf 87' lang='lat' dir='ltr'>est</span> <span class='ocrx_word' id='word_1_226' title='bbox 309 730 507 797; x_wconf 87' lang='lat' dir='ltr'>alacer,</span> <span class='ocrx_word' id='word_1_227' title='bbox 562 730 713 787; x_wconf 91' lang='lat' dir='ltr'>mitis</span> <span class='ocrx_word' id='word_1_228' title='bbox 764 738 818 786; x_wconf 93' lang='lat' dir='ltr'>et</span> <span class='ocrx_word' id='word_1_229' title='bbox 873 732 1131 804; x_wconf 83' lang='lat' dir='ltr'>simplex.</span> <span class='ocrx_word' id='word_1_230' title='bbox 1194 731 1461 789; x_wconf 91' lang='lat' dir='ltr'>Columba</span> <span class='ocrx_word' id='word_1_231' title='bbox 1506 737 1607 798; x_wconf 91' lang='lat' dir='ltr'>est,</span> <span class='ocrx_word' id='word_1_232' title='bbox 1641 727 1772 801; x_wconf 89' lang='lat' dir='ltr'>quia</span> 
     </span>
    </p>
   </div>
   <div class='ocr_carea' id='block_1_33' title="bbox 3372 422 3479 479">
    <p class='ocr_par' dir='ltr' id='par_1_33' title="bbox 3372 422 3479 479">
     <span class='ocr_line' id='line_1_33' title="bbox 3372 422 3479 479; baseline 0 0"><span class='ocrx_word' id='word_1_233' title='bbox 3372 422 3479 479; x_wconf 70' lang='grc'>646</span> 
     </span>
    </p>
   </div>
   <div class='ocr_carea' id='block_1_34' title="bbox 1952 547 3476 619">
    <p class='ocr_par' dir='ltr' id='par_1_34' title="bbox 1952 547 3476 619">
     <span class='ocr_line' id='line_1_34' title="bbox 1952 547 3476 619; baseline -0.001 -15"><span class='ocrx_word' id='word_1_234' title='bbox 1952 548 2053 604; x_wconf 82' lang='grc'>135</span> <span class='ocrx_word' id='word_1_235' title='bbox 2083 555 2129 604; x_wconf 89' lang='lat' dir='ltr'>et</span> <span class='ocrx_word' id='word_1_236' title='bbox 2152 547 2251 605; x_wconf 84' lang='grc'>136</span> <span class='ocrx_word' id='word_1_237' title='bbox 2282 549 2507 619; x_wconf 79' lang='lat' dir='ltr'>August.</span> <span class='ocrx_word' id='word_1_238' title='bbox 2540 548 2781 619; x_wconf 82' lang='lat' dir='ltr'>Append.</span> <span class='ocrx_word' id='word_1_239' title='bbox 2836 548 3014 603; x_wconf 87' lang='lat' dir='ltr'>eadem</span> <span class='ocrx_word' id='word_1_240' title='bbox 3064 549 3325 619; x_wconf 86' lang='lat' dir='ltr'>legantur,</span> <span class='ocrx_word' id='word_1_241' title='bbox 3364 564 3476 603; x_wconf 83' lang='lat' dir='ltr'>non</span> 
     </span>
    </p>
   </div>
   <div class='ocr_carea' id='block_1_35' title="bbox 1952 619 3477 691">
    <p class='ocr_par' dir='ltr' id='par_1_35' title="bbox 1952 619 3477 691">
     <span class='ocr_line' id='line_1_35' title="bbox 1952 619 3477 691; baseline -0.001 -16"><span class='ocrx_word' id='word_1_242' title='bbox 1952 622 2056 675; x_wconf 83' lang='lat' dir='ltr'>leve</span> <span class='ocrx_word' id='word_1_243' title='bbox 2110 619 2347 691; x_wconf 78' lang='lat' dir='ltr'>profecto</span> <span class='ocrx_word' id='word_1_244' title='bbox 2392 626 2763 691; x_wconf 83' lang='lat' dir='ltr'>argumentum</span> <span class='ocrx_word' id='word_1_245' title='bbox 2822 625 2896 691; x_wconf 81' lang='lat' dir='ltr'>est</span> <span class='ocrx_word' id='word_1_246' title='bbox 2941 621 3006 674; x_wconf 90' lang='lat' dir='ltr'>ab</span> <span class='ocrx_word' id='word_1_247' title='bbox 3063 621 3234 674; x_wconf 88' lang='lat' dir='ltr'>eodem</span> <span class='ocrx_word' id='word_1_248' title='bbox 3262 626 3477 675; x_wconf 87' lang='lat' dir='ltr'>auctore</span> 
     </span>
    </p>
   </div>
   <div class='ocr_carea' id='block_1_36' title="bbox 1948 688 3477 759">
    <p class='ocr_par' dir='ltr' id='par_1_36' title="bbox 1948 688 3477 759">
     <span class='ocr_line' id='line_1_36' title="bbox 1948 688 3477 759; baseline 0.001 -14"><span class='ocrx_word' id='word_1_249' title='bbox 1948 688 2129 745; x_wconf 72' lang='lat' dir='ltr'>omnes</span> <span class='ocrx_word' id='word_1_250' title='bbox 2143 688 2235 746; x_wconf 88' lang='lat' dir='ltr'>hos</span> <span class='ocrx_word' id='word_1_251' title='bbox 2250 688 2512 746; x_wconf 76' lang='lat' dir='ltr'>sermones</span> <span class='ocrx_word' id='word_1_252' title='bbox 2549 708 2655 745; x_wconf 85' lang='lat' dir='ltr'>esse</span> <span class='ocrx_word' id='word_1_253' title='bbox 2697 688 2980 759; x_wconf 81' lang='lat' dir='ltr'>profectos,</span> <span class='ocrx_word' id='word_1_254' title='bbox 3003 697 3099 746; x_wconf 88' lang='lat' dir='ltr'>aut</span> <span class='ocrx_word' id='word_1_255' title='bbox 3153 692 3311 746; x_wconf 83' lang='lat' dir='ltr'>unius</span> <span class='ocrx_word' id='word_1_256' title='bbox 3365 708 3477 747; x_wconf 89' lang='lat' dir='ltr'>au-</span> 
     </span>
    </p>
   </div>
   <div class='ocr_carea' id='block_1_37' title="bbox 1947 762 2951 833">
    <p class='ocr_par' dir='ltr' id='par_1_37' title="bbox 1947 762 2951 833">
     <span class='ocr_line' id='line_1_37' title="bbox 1947 762 2951 833; baseline 0.001 -17"><span class='ocrx_word' id='word_1_257' title='bbox 1947 768 2140 817; x_wconf 88' lang='lat' dir='ltr'>ctorem</span> <span class='ocrx_word' id='word_1_258' title='bbox 2165 780 2231 818; x_wconf 71' lang='lat' dir='ltr'>ex</span> <span class='ocrx_word' id='word_1_259' title='bbox 2254 764 2425 819; x_wconf 87' lang='lat' dir='ltr'>altero</span> <span class='ocrx_word' id='word_1_260' title='bbox 2456 763 2662 833; x_wconf 76' lang='lat' dir='ltr'>largius</span> <span class='ocrx_word' id='word_1_261' title='bbox 2693 762 2951 817; x_wconf 74' lang='lat' dir='ltr'>hausisse.</span> 
     </span>
    </p>
   </div>
   <div class='ocr_carea' id='block_1_38' title="bbox 1953 940 3477 1013">
    <p class='ocr_par' dir='ltr' id='par_1_38' title="bbox 1953 940 3477 1013">
     <span class='ocr_line' id='line_1_38' title="bbox 1953 940 3477 1013; baseline 0.002 -18"><span class='ocrx_word' id='word_1_262' title='bbox 1953 941 2003 995; x_wconf 89' lang='grc'><strong>1.</strong></span> <span class='ocrx_word' id='word_1_263' title='bbox 2036 940 2121 995; x_wconf 80' lang='lat' dir='ltr'>Ad</span> <span class='ocrx_word' id='word_1_264' title='bbox 2143 956 2332 995; x_wconf 91' lang='lat' dir='ltr'>omnes</span> <span class='ocrx_word' id='word_1_265' title='bbox 2351 957 2472 1009; x_wconf 91' lang='lat' dir='ltr'>vos,</span> <span class='ocrx_word' id='word_1_266' title='bbox 2505 941 2720 1007; x_wconf 83' lang='lat' dir='ltr'>fratres,</span> <span class='ocrx_word' id='word_1_267' title='bbox 2745 940 3189 1013; x_wconf 67' lang='lat' dir='ltr'>praedicationem</span> <span class='ocrx_word' id='word_1_268' title='bbox 3219 958 3394 998; x_wconf 91' lang='lat' dir='ltr'>meam</span> <span class='ocrx_word' id='word_1_269' title='bbox 3418 942 3477 998; x_wconf 92' lang='lat' dir='ltr'>in</span> 
     </span>
    </p>
   </div>
   <div class='ocr_carea' id='block_1_39' title="bbox 1878 1030 3477 1104">
    <p class='ocr_par' dir='ltr' id='par_1_39' title="bbox 1878 1030 3477 1104">
     <span class='ocr_line' id='line_1_39' title="bbox 1878 1030 3477 1104; baseline 0.002 -18"><span class='ocrx_word' id='word_1_270' title='bbox 1878 1031 1968 1087; x_wconf 91' lang='lat' dir='ltr'>die</span> <span class='ocrx_word' id='word_1_271' title='bbox 2000 1039 2185 1087; x_wconf 89' lang='lat' dir='ltr'>sancta</span> <span class='ocrx_word' id='word_1_272' title='bbox 2235 1030 2559 1102; x_wconf 78' lang='lat' dir='ltr'>Epiphaniae</span> <span class='ocrx_word' id='word_1_273' title='bbox 2607 1033 2918 1104; x_wconf 79' lang='lat' dir='ltr'>pervenisse</span> <span class='ocrx_word' id='word_1_274' title='bbox 2947 1033 3130 1102; x_wconf 89' lang='lat' dir='ltr'>credo,</span> <span class='ocrx_word' id='word_1_275' title='bbox 3179 1040 3233 1088; x_wconf 90' lang='lat' dir='ltr'>et</span> <span class='ocrx_word' id='word_1_276' title='bbox 3283 1032 3350 1088; x_wconf 88' lang='lat' dir='ltr'>ad</span> <span class='ocrx_word' id='word_1_277' title='bbox 3380 1049 3477 1089; x_wconf 90' lang='lat' dir='ltr'>vos</span> 
     </span>
    </p>
   </div>
   <div class='ocr_carea' id='block_1_40' title="bbox 1880 1120 3477 1196">
    <p class='ocr_par' dir='ltr' id='par_1_40' title="bbox 1880 1120 3477 1196">
     <span class='ocr_line' id='line_1_40' title="bbox 1880 1120 3477 1196; baseline 0.003 -21"><span class='ocrx_word' id='word_1_278' title='bbox 1880 1121 2164 1194; x_wconf 83' lang='lat' dir='ltr'>praecipue</span> <span class='ocrx_word' id='word_1_279' title='bbox 2185 1120 2645 1187; x_wconf 87' lang='lat' dir='ltr'>catechumenos;</span> <span class='ocrx_word' id='word_1_280' title='bbox 2690 1124 2749 1179; x_wconf 92' lang='lat' dir='ltr'>in</span> <span class='ocrx_word' id='word_1_281' title='bbox 2779 1140 2885 1196; x_wconf 89' lang='lat' dir='ltr'>qua</span> <span class='ocrx_word' id='word_1_282' title='bbox 2906 1124 3297 1195; x_wconf 86' lang='lat' dir='ltr'>descripsimus</span> <span class='ocrx_word' id='word_1_283' title='bbox 3324 1131 3477 1192; x_wconf 90' lang='lat' dir='ltr'>tunc,</span> 
     </span>
    </p>
   </div>
   <div class='ocr_carea' id='block_1_41' title="bbox 1880 1208 3477 1286">
    <p class='ocr_par' dir='ltr' id='par_1_41' title="bbox 1880 1208 3477 1286">
     <span class='ocr_line' id='line_1_41' title="bbox 1880 1208 3477 1286; baseline 0.003 -23"><span class='ocrx_word' id='word_1_284' title='bbox 1880 1208 2169 1264; x_wconf 92' lang='lat' dir='ltr'>nonnullis</span> <span class='ocrx_word' id='word_1_285' title='bbox 2198 1214 2345 1271; x_wconf 83' lang='lat'>405</span> <span class='ocrx_word' id='word_1_286' title='bbox 2372 1211 2744 1267; x_wconf 89' lang='lat' dir='ltr'>asserentibus</span> <span class='ocrx_word' id='word_1_287' title='bbox 2776 1229 2970 1286; x_wconf 87' lang='lat' dir='ltr'>aquam</span> <span class='ocrx_word' id='word_1_288' title='bbox 3005 1213 3060 1267; x_wconf 92' lang='lat' dir='ltr'>in</span> <span class='ocrx_word' id='word_1_289' title='bbox 3089 1212 3283 1267; x_wconf 89' lang='lat' dir='ltr'>vinum</span> <span class='ocrx_word' id='word_1_290' title='bbox 3308 1211 3477 1267; x_wconf 86' lang='lat' dir='ltr'>fuisse</span> 
     </span>
    </p>
   </div>
   <div class='ocr_carea' id='block_1_42' title="bbox 1879 1307 3478 1381">
    <p class='ocr_par' dir='ltr' id='par_1_42' title="bbox 1879 1307 3478 1381">
     <span class='ocr_line' id='line_1_42' title="bbox 1879 1307 3478 1381; baseline 0.002 -21"><span class='ocrx_word' id='word_1_291' title='bbox 1879 1321 2201 1361; x_wconf 88' lang='lat' dir='ltr'>conversam</span> <span class='ocrx_word' id='word_1_292' title='bbox 2229 1324 2240 1362; x_wconf 96' lang='lat'>:</span> <span class='ocrx_word' id='word_1_293' title='bbox 2269 1307 2542 1380; x_wconf 85' lang='lat' dir='ltr'>plerisque</span> <span class='ocrx_word' id='word_1_294' title='bbox 2574 1316 2756 1363; x_wconf 90' lang='lat' dir='ltr'>autem</span> <span class='ocrx_word' id='word_1_295' title='bbox 2788 1308 3118 1365; x_wconf 87' lang='lat' dir='ltr'>testantibus</span> <span class='ocrx_word' id='word_1_296' title='bbox 3145 1307 3241 1363; x_wconf 88' lang='lat' dir='ltr'>illa</span> <span class='ocrx_word' id='word_1_297' title='bbox 3260 1324 3478 1381; x_wconf 89' lang='lat' dir='ltr'>quoque</span> 
     </span>
    </p>
   </div>
   <div class='ocr_carea' id='block_1_43' title="bbox 1880 1392 3479 1469">
    <p class='ocr_par' dir='ltr' id='par_1_43' title="bbox 1880 1392 3479 1469">
     <span class='ocr_line' id='line_1_43' title="bbox 1880 1392 3479 1469; baseline 0.004 -22"><span class='ocrx_word' id='word_1_298' title='bbox 1880 1392 1969 1448; x_wconf 92' lang='lat' dir='ltr'>die</span> <span class='ocrx_word' id='word_1_299' title='bbox 1997 1394 2053 1448; x_wconf 91' lang='lat' dir='ltr'>in</span> <span class='ocrx_word' id='word_1_300' title='bbox 2108 1395 2343 1451; x_wconf 77' lang='lat' dir='ltr'>Iordane</span> <span class='ocrx_word' id='word_1_301' title='bbox 2376 1396 2674 1452; x_wconf 89' lang='lat' dir='ltr'>Dominum</span> <span class='ocrx_word' id='word_1_302' title='bbox 2743 1396 3099 1469; x_wconf 84' lang='lat' dir='ltr'>baptizatum.</span> <span class='ocrx_word' id='word_1_303' title='bbox 3149 1396 3307 1464; x_wconf 86' lang='lat' dir='ltr'>Quod</span> <span class='ocrx_word' id='word_1_304' title='bbox 3348 1397 3479 1453; x_wconf 91' lang='lat' dir='ltr'>licet</span> 
     </span>
    </p>
   </div>
   <div class='ocr_carea' id='block_1_44' title="bbox 1879 1483 3478 1556">
    <p class='ocr_par' dir='ltr' id='par_1_44' title="bbox 1879 1483 3478 1556">
     <span class='ocr_line' id='line_1_44' title="bbox 1879 1483 3478 1556; baseline 0.001 -18"><span class='ocrx_word' id='word_1_305' title='bbox 1879 1483 2171 1539; x_wconf 91' lang='lat' dir='ltr'>adiversis</span> <span class='ocrx_word' id='word_1_306' title='bbox 2225 1485 2552 1540; x_wconf 89' lang='lat' dir='ltr'>alterutrum</span> <span class='ocrx_word' id='word_1_307' title='bbox 2611 1485 2817 1541; x_wconf 87' lang='lat' dir='ltr'>factum</span> <span class='ocrx_word' id='word_1_308' title='bbox 2878 1502 2993 1541; x_wconf 91' lang='lat' dir='ltr'>esse</span> <span class='ocrx_word' id='word_1_309' title='bbox 3048 1485 3325 1553; x_wconf 90' lang='lat' dir='ltr'>credatur,</span> <span class='ocrx_word' id='word_1_310' title='bbox 3378 1499 3478 1556; x_wconf 89' lang='lat' dir='ltr'>ego</span> 
     </span>
    </p>
   </div>
   <div class='ocr_carea' id='block_1_45' title="bbox 1880 1572 3479 1646">
    <p class='ocr_par' dir='ltr' id='par_1_45' title="bbox 1880 1572 3479 1646">
     <span class='ocr_line' id='line_1_45' title="bbox 1880 1572 3479 1646; baseline 0.001 -20"><span class='ocrx_word' id='word_1_311' title='bbox 1880 1580 2061 1627; x_wconf 89' lang='lat' dir='ltr'>tamen</span> <span class='ocrx_word' id='word_1_312' title='bbox 2090 1581 2389 1646; x_wconf 90' lang='lat' dir='ltr'>utrumque</span> <span class='ocrx_word' id='word_1_313' title='bbox 2420 1574 2624 1630; x_wconf 88' lang='lat' dir='ltr'>factum</span> <span class='ocrx_word' id='word_1_314' title='bbox 2655 1590 2769 1629; x_wconf 90' lang='lat' dir='ltr'>esse</span> <span class='ocrx_word' id='word_1_315' title='bbox 2800 1574 3095 1641; x_wconf 87' lang='lat' dir='ltr'>conﬁrmo,</span> <span class='ocrx_word' id='word_1_316' title='bbox 3126 1581 3181 1629; x_wconf 90' lang='lat' dir='ltr'>et</span> <span class='ocrx_word' id='word_1_317' title='bbox 3208 1572 3359 1629; x_wconf 90' lang='lat' dir='ltr'>aliud</span> <span class='ocrx_word' id='word_1_318' title='bbox 3388 1572 3479 1627; x_wconf 89' lang='lat' dir='ltr'>si-</span> 
     </span>
    </p>
   </div>
   <div class='ocr_carea' id='block_1_46' title="bbox 1880 1662 3474 1735">
    <p class='ocr_par' dir='ltr' id='par_1_46' title="bbox 1880 1662 3474 1735">
     <span class='ocr_line' id='line_1_46' title="bbox 1880 1662 3474 1735; baseline 0.001 -19"><span class='ocrx_word' id='word_1_319' title='bbox 1880 1678 2044 1734; x_wconf 86' lang='lat' dir='ltr'>gnum</span> <span class='ocrx_word' id='word_1_320' title='bbox 2075 1662 2142 1718; x_wconf 91' lang='lat' dir='ltr'>de</span> <span class='ocrx_word' id='word_1_321' title='bbox 2168 1663 2279 1718; x_wconf 88' lang='lat' dir='ltr'>alio</span> <span class='ocrx_word' id='word_1_322' title='bbox 2319 1662 2612 1719; x_wconf 91' lang='lat' dir='ltr'>contineri.</span> <span class='ocrx_word' id='word_1_323' title='bbox 2633 1663 2937 1735; x_wconf 91' lang='lat' dir='ltr'>Utrumque</span> <span class='ocrx_word' id='word_1_324' title='bbox 2966 1663 3111 1719; x_wconf 92' lang='lat' dir='ltr'>enim</span> <span class='ocrx_word' id='word_1_325' title='bbox 3134 1663 3338 1720; x_wconf 86' lang='lat' dir='ltr'>factum</span> <span class='ocrx_word' id='word_1_326' title='bbox 3359 1670 3474 1719; x_wconf 88' lang='lat' dir='ltr'>est:</span> 
     </span>
    </p>
   </div>
   <div class='ocr_carea' id='block_1_47' title="bbox 1878 1749 3476 1824">
    <p class='ocr_par' dir='ltr' id='par_1_47' title="bbox 1878 1749 3476 1824">
     <span class='ocr_line' id='line_1_47' title="bbox 1878 1749 3476 1824; baseline -0.001 -18"><span class='ocrx_word' id='word_1_327' title='bbox 1878 1766 2006 1806; x_wconf 89' lang='lat' dir='ltr'>nam</span> <span class='ocrx_word' id='word_1_328' title='bbox 2044 1766 2169 1808; x_wconf 92' lang='lat' dir='ltr'>cum</span> <span class='ocrx_word' id='word_1_329' title='bbox 2228 1751 2537 1824; x_wconf 86' lang='lat' dir='ltr'>baptizatus</span> <span class='ocrx_word' id='word_1_330' title='bbox 2594 1759 2674 1805; x_wconf 90' lang='lat' dir='ltr'>est</span> <span class='ocrx_word' id='word_1_331' title='bbox 2712 1750 3003 1818; x_wconf 90' lang='lat' dir='ltr'>Dominus,</span> <span class='ocrx_word' id='word_1_332' title='bbox 3067 1759 3121 1806; x_wconf 89' lang='lat' dir='ltr'>et</span> <span class='ocrx_word' id='word_1_333' title='bbox 3149 1749 3476 1822; x_wconf 86' lang='lat' dir='ltr'>mysterium</span> 
     </span>
    </p>
   </div>
   <div class='ocr_carea' id='block_1_48' title="bbox 1880 1839 3476 1913">
    <p class='ocr_par' dir='ltr' id='par_1_48' title="bbox 1880 1839 3476 1913">
     <span class='ocr_line' id='line_1_48' title="bbox 1880 1839 3476 1913; baseline 0 -19"><span class='ocrx_word' id='word_1_334' title='bbox 1880 1839 2086 1896; x_wconf 89' lang='lat' dir='ltr'>lavacri</span> <span class='ocrx_word' id='word_1_335' title='bbox 2116 1839 2379 1909; x_wconf 91' lang='lat' dir='ltr'>instituit,</span> <span class='ocrx_word' id='word_1_336' title='bbox 2424 1846 2482 1896; x_wconf 93' lang='lat' dir='ltr'>et</span> <span class='ocrx_word' id='word_1_337' title='bbox 2528 1839 2831 1896; x_wconf 90' lang='lat' dir='ltr'>humanum</span> <span class='ocrx_word' id='word_1_338' title='bbox 2890 1856 3060 1913; x_wconf 89' lang='lat' dir='ltr'>genus</span> <span class='ocrx_word' id='word_1_339' title='bbox 3089 1839 3243 1895; x_wconf 90' lang='lat' dir='ltr'>velut</span> <span class='ocrx_word' id='word_1_340' title='bbox 3306 1839 3476 1895; x_wconf 90' lang='lat' dir='ltr'>vilem</span> 
     </span>
    </p>
   </div>
   <div class='ocr_carea' id='block_1_49' title="bbox 1878 1927 3478 2000">
    <p class='ocr_par' dir='ltr' id='par_1_49' title="bbox 1878 1927 3478 2000">
     <span class='ocr_line' id='line_1_49' title="bbox 1878 1927 3478 2000; baseline 0 -17"><span class='ocrx_word' id='word_1_341' title='bbox 1878 1943 2074 2000; x_wconf 88' lang='lat' dir='ltr'>aquam</span> <span class='ocrx_word' id='word_1_342' title='bbox 2125 1928 2185 1984; x_wconf 92' lang='lat' dir='ltr'>in</span> <span class='ocrx_word' id='word_1_343' title='bbox 2239 1935 2501 1985; x_wconf 78' lang='lat' dir='ltr'>aeternam</span> <span class='ocrx_word' id='word_1_344' title='bbox 2532 1928 2893 1984; x_wconf 88' lang='lat' dir='ltr'>substantiam</span> <span class='ocrx_word' id='word_1_345' title='bbox 2935 1927 3248 1984; x_wconf 89' lang='lat' dir='ltr'>divinitatis</span> <span class='ocrx_word' id='word_1_346' title='bbox 3286 1942 3478 1999; x_wconf 85' lang='lat' dir='ltr'>sapore</span> 
     </span>
    </p>
   </div>
   <div class='ocr_carea' id='block_1_50' title="bbox 1878 2014 3479 2089">
    <p class='ocr_par' dir='ltr' id='par_1_50' title="bbox 1878 2014 3479 2089">
     <span class='ocr_line' id='line_1_50' title="bbox 1878 2014 3479 2089; baseline -0.001 -17"><span class='ocrx_word' id='word_1_347' title='bbox 1878 2015 2174 2072; x_wconf 88' lang='lat' dir='ltr'>convertit.</span> <span class='ocrx_word' id='word_1_348' title='bbox 2207 2015 2482 2073; x_wconf 88' lang='lat' dir='ltr'>Similiter</span> <span class='ocrx_word' id='word_1_349' title='bbox 2509 2024 2564 2073; x_wconf 89' lang='lat' dir='ltr'>et</span> <span class='ocrx_word' id='word_1_350' title='bbox 2618 2033 2743 2074; x_wconf 90' lang='lat' dir='ltr'>cum</span> <span class='ocrx_word' id='word_1_351' title='bbox 2774 2016 3000 2089; x_wconf 88' lang='lat' dir='ltr'>hydrias</span> <span class='ocrx_word' id='word_1_352' title='bbox 3046 2016 3234 2089; x_wconf 89' lang='lat' dir='ltr'>plenas</span> <span class='ocrx_word' id='word_1_353' title='bbox 3264 2014 3479 2088; x_wconf 85' lang='lat' dir='ltr'>liquore</span> 
     </span>
    </p>
   </div>
   <div class='ocr_carea' id='block_1_51' title="bbox 1880 2104 3481 2178">
    <p class='ocr_par' dir='ltr' id='par_1_51' title="bbox 1880 2104 3481 2178">
     <span class='ocr_line' id='line_1_51' title="bbox 1880 2104 3481 2178; baseline 0 -18"><span class='ocrx_word' id='word_1_354' title='bbox 1880 2104 2117 2161; x_wconf 91' lang='lat' dir='ltr'>fontium</span> <span class='ocrx_word' id='word_1_355' title='bbox 2148 2106 2316 2161; x_wconf 90' lang='lat' dir='ltr'>vertit</span> <span class='ocrx_word' id='word_1_356' title='bbox 2346 2106 2404 2161; x_wconf 91' lang='lat' dir='ltr'>in</span> <span class='ocrx_word' id='word_1_357' title='bbox 2435 2106 2650 2174; x_wconf 89' lang='lat' dir='ltr'>vinum,</span> <span class='ocrx_word' id='word_1_358' title='bbox 2693 2114 2988 2178; x_wconf 89' lang='lat' dir='ltr'>utrumque</span> <span class='ocrx_word' id='word_1_359' title='bbox 3018 2112 3274 2177; x_wconf 83' lang='lat' dir='ltr'>operatus</span> <span class='ocrx_word' id='word_1_360' title='bbox 3298 2110 3401 2173; x_wconf 89' lang='lat' dir='ltr'>est,</span> <span class='ocrx_word' id='word_1_361' title='bbox 3423 2111 3481 2160; x_wconf 89' lang='lat' dir='ltr'>et</span> 
     </span>
    </p>
   </div>
   <div class='ocr_carea' id='block_1_52' title="bbox 1879 2186 3477 2268">
    <p class='ocr_par' dir='ltr' id='par_1_52' title="bbox 1879 2186 3477 2268">
     <span class='ocr_line' id='line_1_52' title="bbox 1879 2186 3477 2268; baseline -0.001 -18"><span class='ocrx_word' id='word_1_362' title='bbox 1879 2194 2115 2267; x_wconf 89' lang='lat' dir='ltr'>speciem</span> <span class='ocrx_word' id='word_1_363' title='bbox 2155 2194 2329 2268; x_wconf 88' lang='lat' dir='ltr'>magis</span> <span class='ocrx_word' id='word_1_364' title='bbox 2358 2186 2719 2251; x_wconf 86' lang='lat' dir='ltr'>necessariam</span> <span class='ocrx_word' id='word_1_365' title='bbox 2758 2193 2972 2266; x_wconf 84' lang='lat' dir='ltr'>nuptiis</span> <span class='ocrx_word' id='word_1_366' title='bbox 2997 2192 3275 2266; x_wconf 61' lang='lat' dir='ltr'>praestitit,</span> <span class='ocrx_word' id='word_1_367' title='bbox 3305 2201 3360 2250; x_wconf 93' lang='lat' dir='ltr'>et</span> <span class='ocrx_word' id='word_1_368' title='bbox 3386 2192 3477 2249; x_wconf 87' lang='lat' dir='ltr'>de-</span> 
     </span>
    </p>
   </div>
   <div class='ocr_carea' id='block_1_53' title="bbox 1880 2281 3477 2356">
    <p class='ocr_par' dir='ltr' id='par_1_53' title="bbox 1880 2281 3477 2356">
     <span class='ocr_line' id='line_1_53' title="bbox 1880 2281 3477 2356; baseline 0 -18"><span class='ocrx_word' id='word_1_369' title='bbox 1880 2283 2210 2340; x_wconf 87' lang='lat' dir='ltr'>monstravit</span> <span class='ocrx_word' id='word_1_370' title='bbox 2265 2300 2497 2356; x_wconf 89' lang='lat' dir='ltr'>corpora</span> <span class='ocrx_word' id='word_1_371' title='bbox 2548 2281 2837 2339; x_wconf 88' lang='lat' dir='ltr'>hominum</span> <span class='ocrx_word' id='word_1_372' title='bbox 2888 2298 2984 2356; x_wconf 90' lang='lat' dir='ltr'>per</span> <span class='ocrx_word' id='word_1_373' title='bbox 3015 2283 3294 2340; x_wconf 88' lang='lat' dir='ltr'>lavacrum</span> <span class='ocrx_word' id='word_1_374' title='bbox 3351 2281 3477 2355; x_wconf 85' lang='lat' dir='ltr'>Spi-</span> 
     </span>
    </p>
   </div>
   <div class='ocr_carea' id='block_1_54' title="bbox 1880 2372 3479 2447">
    <p class='ocr_par' dir='ltr' id='par_1_54' title="bbox 1880 2372 3479 2447">
     <span class='ocr_line' id='line_1_54' title="bbox 1880 2372 3479 2447; baseline 0.001 -18"><span class='ocrx_word' id='word_1_375' title='bbox 1880 2374 2020 2430; x_wconf 90' lang='lat' dir='ltr'>ritus</span> <span class='ocrx_word' id='word_1_376' title='bbox 2046 2374 2223 2431; x_wconf 90' lang='lat' dir='ltr'>sancti</span> <span class='ocrx_word' id='word_1_377' title='bbox 2254 2373 2491 2447; x_wconf 90' lang='lat' dir='ltr'>spiritali</span> <span class='ocrx_word' id='word_1_378' title='bbox 2523 2374 2785 2447; x_wconf 89' lang='lat' dir='ltr'>replenda</span> <span class='ocrx_word' id='word_1_379' title='bbox 2811 2390 2926 2431; x_wconf 88' lang='lat' dir='ltr'>esse</span> <span class='ocrx_word' id='word_1_380' title='bbox 2968 2375 3294 2431; x_wconf 84' lang='lat' dir='ltr'>substantia.</span> <span class='ocrx_word' id='word_1_381' title='bbox 3319 2372 3479 2442; x_wconf 86' lang='lat' dir='ltr'>Quod</span> 
     </span>
    </p>
   </div>
   <div class='ocr_carea' id='block_1_55' title="bbox 1879 2463 3479 2535">
    <p class='ocr_par' dir='ltr' id='par_1_55' title="bbox 1879 2463 3479 2535">
     <span class='ocr_line' id='line_1_55' title="bbox 1879 2463 3479 2535; baseline 0 -16"><span class='ocrx_word' id='word_1_382' title='bbox 1879 2463 2013 2520; x_wconf 90' lang='lat' dir='ltr'>alibi</span> <span class='ocrx_word' id='word_1_383' title='bbox 2067 2463 2182 2535; x_wconf 90' lang='lat' dir='ltr'>ipse</span> <span class='ocrx_word' id='word_1_384' title='bbox 2240 2464 2517 2520; x_wconf 91' lang='lat' dir='ltr'>Dominus</span> <span class='ocrx_word' id='word_1_385' title='bbox 2568 2463 2916 2521; x_wconf 88' lang='lat' dir='ltr'>manifestius</span> <span class='ocrx_word' id='word_1_386' title='bbox 2939 2464 3261 2533; x_wconf 89' lang='lat' dir='ltr'>declaravit,</span> <span class='ocrx_word' id='word_1_387' title='bbox 3288 2464 3479 2521; x_wconf 89' lang='lat' dir='ltr'>dicens</span> 
     </span>
    </p>
   </div>
   <div class='ocr_carea' id='block_1_56' title="bbox 1880 2553 3477 2612">
    <p class='ocr_par' dir='ltr' id='par_1_56' title="bbox 1880 2553 3477 2612">
     <span class='ocr_line' id='line_1_56' title="bbox 1880 2553 3477 2612; baseline 0.001 -4"><span class='ocrx_word' id='word_1_388' title='bbox 1880 2554 1938 2609; x_wconf 91' lang='lat' dir='ltr'>in</span> <span class='ocrx_word' id='word_1_389' title='bbox 1996 2562 2150 2610; x_wconf 88' lang='lat' dir='ltr'>utres</span> <span class='ocrx_word' id='word_1_390' title='bbox 2207 2570 2387 2611; x_wconf 89' lang='lat' dir='ltr'>novos</span> <span class='ocrx_word' id='word_1_391' title='bbox 2441 2556 2636 2611; x_wconf 91' lang='lat' dir='ltr'>vinum</span> <span class='ocrx_word' id='word_1_392' title='bbox 2694 2570 2901 2611; x_wconf 91' lang='lat' dir='ltr'>novum</span> <span class='ocrx_word' id='word_1_393' title='bbox 2956 2571 3073 2611; x_wconf 90' lang='lat' dir='ltr'>esse</span> <span class='ocrx_word' id='word_1_394' title='bbox 3128 2553 3477 2612; x_wconf 90' lang='lat' dir='ltr'>condendum</span> 
     </span>
    </p>
   </div>
   <div class='ocr_carea' id='block_1_57' title="bbox 1882 2643 3478 2717">
    <p class='ocr_par' dir='ltr' id='par_1_57' title="bbox 1882 2643 3478 2717">
     <span class='ocr_line' id='line_1_57' title="bbox 1882 2643 3478 2717; baseline -0.001 -16"><span class='ocrx_word' id='word_1_395' title='bbox 1882 2644 2097 2715; x_wconf 82' lang='lat' dir='ltr'>(Matth.</span> <span class='ocrx_word' id='word_1_396' title='bbox 2131 2661 2208 2713; x_wconf 82' lang='lat' dir='ltr'>Ix,</span> <span class='ocrx_word' id='word_1_397' title='bbox 2255 2645 2387 2717; x_wconf 79' lang='lat' dir='ltr'>i7);</span> <span class='ocrx_word' id='word_1_398' title='bbox 2432 2644 2493 2700; x_wconf 91' lang='lat' dir='ltr'>in</span> <span class='ocrx_word' id='word_1_399' title='bbox 2539 2645 2786 2701; x_wconf 90' lang='lat' dir='ltr'>novitate</span> <span class='ocrx_word' id='word_1_400' title='bbox 2835 2644 2983 2700; x_wconf 91' lang='lat' dir='ltr'>enim</span> <span class='ocrx_word' id='word_1_401' title='bbox 3031 2644 3238 2701; x_wconf 91' lang='lat' dir='ltr'>utrium</span> <span class='ocrx_word' id='word_1_402' title='bbox 3271 2643 3478 2701; x_wconf 88' lang='lat' dir='ltr'>lavacri</span> 
     </span>
    </p>
   </div>
   <div class='ocr_carea' id='block_1_58' title="bbox 1879 2733 3473 2807">
    <p class='ocr_par' dir='ltr' id='par_1_58' title="bbox 1879 2733 3473 2807">
     <span class='ocr_line' id='line_1_58' title="bbox 1879 2733 3473 2807; baseline 0.001 -17"><span class='ocrx_word' id='word_1_403' title='bbox 1879 2735 2110 2807; x_wconf 87' lang='lat' dir='ltr'>puritas,</span> <span class='ocrx_word' id='word_1_404' title='bbox 2156 2734 2395 2807; x_wconf 90' lang='lat' dir='ltr'>Spiritus</span> <span class='ocrx_word' id='word_1_405' title='bbox 2436 2735 2611 2792; x_wconf 92' lang='lat' dir='ltr'>sancti</span> <span class='ocrx_word' id='word_1_406' title='bbox 2639 2733 2812 2807; x_wconf 89' lang='lat' dir='ltr'>gratia</span> <span class='ocrx_word' id='word_1_407' title='bbox 2842 2733 3185 2807; x_wconf 87' lang='lat' dir='ltr'>signiﬁcatur</span> <span class='ocrx_word' id='word_1_408' title='bbox 3213 2734 3275 2790; x_wconf 87' lang='lat' dir='ltr'>in</span> <span class='ocrx_word' id='word_1_409' title='bbox 3318 2734 3473 2791; x_wconf 90' lang='lat' dir='ltr'>vino.</span> 
     </span>
    </p>
   </div>
   <div class='ocr_carea' id='block_1_59' title="bbox 1950 2820 3479 2894">
    <p class='ocr_par' dir='ltr' id='par_1_59' title="bbox 1950 2820 3479 2894">
     <span class='ocr_line' id='line_1_59' title="bbox 1950 2820 3479 2894; baseline -0.001 -16"><span class='ocrx_word' id='word_1_410' title='bbox 1950 2821 2002 2878; x_wconf 84' lang='lat'>2.</span> <span class='ocrx_word' id='word_1_411' title='bbox 2083 2822 2256 2893; x_wconf 84' lang='lat' dir='ltr'>Igitur</span> <span class='ocrx_word' id='word_1_412' title='bbox 2313 2838 2413 2877; x_wconf 90' lang='lat' dir='ltr'>vos</span> <span class='ocrx_word' id='word_1_413' title='bbox 2486 2822 2909 2879; x_wconf 88' lang='lat' dir='ltr'>catechumenos</span> <span class='ocrx_word' id='word_1_414' title='bbox 2981 2821 3098 2894; x_wconf 89' lang='lat'>(38)</span> <span class='ocrx_word' id='word_1_415' title='bbox 3150 2820 3479 2893; x_wconf 85' lang='lat' dir='ltr'>diligentius</span> 
     </span>
    </p>
   </div>
   <div class='ocr_carea' id='block_1_60' title="bbox 1879 2909 3475 2985">
    <p class='ocr_par' dir='ltr' id='par_1_60' title="bbox 1879 2909 3475 2985">
     <span class='ocr_line' id='line_1_60' title="bbox 1879 2909 3475 2985; baseline 0.001 -20"><span class='ocrx_word' id='word_1_416' title='bbox 1879 2911 2124 2982; x_wconf 90' lang='lat' dir='ltr'>oportuit</span> <span class='ocrx_word' id='word_1_417' title='bbox 2153 2910 2257 2966; x_wconf 91' lang='lat' dir='ltr'>hoc</span> <span class='ocrx_word' id='word_1_418' title='bbox 2284 2910 2523 2979; x_wconf 88' lang='lat' dir='ltr'>audisse,</span> <span class='ocrx_word' id='word_1_419' title='bbox 2544 2910 2745 2985; x_wconf 87' lang='lat' dir='ltr'>quibus</span> <span class='ocrx_word' id='word_1_420' title='bbox 2774 2910 2946 2984; x_wconf 89' lang='lat' dir='ltr'>magis</span> <span class='ocrx_word' id='word_1_421' title='bbox 2975 2919 3060 2967; x_wconf 90' lang='lat' dir='ltr'>est</span> <span class='ocrx_word' id='word_1_422' title='bbox 3085 2909 3475 2980; x_wconf 90' lang='lat' dir='ltr'>necessarium,</span> 
     </span>
    </p>
   </div>
   <div class='ocr_carea' id='block_1_61' title="bbox 1879 2998 3479 3073">
    <p class='ocr_par' dir='ltr' id='par_1_61' title="bbox 1879 2998 3479 3073">
     <span class='ocr_line' id='line_1_61' title="bbox 1879 2998 3479 3073; baseline 0.001 -18"><span class='ocrx_word' id='word_1_423' title='bbox 1879 3006 1941 3055; x_wconf 91' lang='lat' dir='ltr'>ut</span> <span class='ocrx_word' id='word_1_424' title='bbox 1965 3016 2154 3055; x_wconf 89' lang='lat' dir='ltr'>sensus</span> <span class='ocrx_word' id='word_1_425' title='bbox 2196 3008 2395 3069; x_wconf 90' lang='lat' dir='ltr'>vester,</span> <span class='ocrx_word' id='word_1_426' title='bbox 2426 3000 2520 3073; x_wconf 88' lang='lat' dir='ltr'>qui</span> <span class='ocrx_word' id='word_1_427' title='bbox 2552 3001 2861 3072; x_wconf 87' lang='lat' dir='ltr'>ignorantia</span> <span class='ocrx_word' id='word_1_428' title='bbox 2907 2998 3203 3055; x_wconf 89' lang='lat' dir='ltr'>Trinitatis</span> <span class='ocrx_word' id='word_1_429' title='bbox 3230 3005 3292 3054; x_wconf 92' lang='lat' dir='ltr'>ut</span> <span class='ocrx_word' id='word_1_430' title='bbox 3337 3014 3479 3072; x_wconf 89' lang='lat' dir='ltr'>aqua</span> 
     </span>
    </p>
   </div>
   <div class='ocr_carea' id='block_1_62' title="bbox 1879 3088 3476 3163">
    <p class='ocr_par' dir='ltr' id='par_1_62' title="bbox 1879 3088 3476 3163">
     <span class='ocr_line' id='line_1_62' title="bbox 1879 3088 3476 3163; baseline 0 -20"><span class='ocrx_word' id='word_1_431' title='bbox 1879 3104 2030 3145; x_wconf 92' lang='lat' dir='ltr'>nunc</span> <span class='ocrx_word' id='word_1_432' title='bbox 2058 3088 2241 3161; x_wconf 86' lang='lat' dir='ltr'>friget,</span> <span class='ocrx_word' id='word_1_433' title='bbox 2272 3090 2556 3162; x_wconf 85' lang='lat' dir='ltr'>agnitione</span> <span class='ocrx_word' id='word_1_434' title='bbox 2587 3090 2839 3163; x_wconf 88' lang='lat' dir='ltr'>mysterii</span> <span class='ocrx_word' id='word_1_435' title='bbox 2856 3089 3149 3147; x_wconf 89' lang='lat' dir='ltr'>incalescat</span> <span class='ocrx_word' id='word_1_436' title='bbox 3177 3095 3239 3144; x_wconf 90' lang='lat' dir='ltr'>ut</span> <span class='ocrx_word' id='word_1_437' title='bbox 3258 3089 3476 3158; x_wconf 88' lang='lat' dir='ltr'>vinum,</span> 
     </span>
    </p>
   </div>
   <div class='ocr_carea' id='block_1_63' title="bbox 1881 3177 3476 3253">
    <p class='ocr_par' dir='ltr' id='par_1_63' title="bbox 1881 3177 3476 3253">
     <span class='ocr_line' id='line_1_63' title="bbox 1881 3177 3476 3253; baseline 0.001 -20"><span class='ocrx_word' id='word_1_438' title='bbox 1881 3185 1937 3234; x_wconf 92' lang='lat' dir='ltr'>et</span> <span class='ocrx_word' id='word_1_439' title='bbox 1963 3178 2273 3235; x_wconf 87' lang='lat' dir='ltr'>animarum</span> <span class='ocrx_word' id='word_1_440' title='bbox 2330 3188 2635 3236; x_wconf 88' lang='lat' dir='ltr'>vestrarum</span> <span class='ocrx_word' id='word_1_441' title='bbox 2686 3180 2869 3253; x_wconf 90' lang='lat' dir='ltr'>liquor</span> <span class='ocrx_word' id='word_1_442' title='bbox 2917 3178 3048 3235; x_wconf 88' lang='lat' dir='ltr'>vilis</span> <span class='ocrx_word' id='word_1_443' title='bbox 3076 3188 3131 3237; x_wconf 90' lang='lat' dir='ltr'>et</span> <span class='ocrx_word' id='word_1_444' title='bbox 3175 3178 3361 3236; x_wconf 88' lang='lat' dir='ltr'>tenuis</span> <span class='ocrx_word' id='word_1_445' title='bbox 3414 3177 3476 3235; x_wconf 89' lang='lat' dir='ltr'>in</span> 
     </span>
    </p>
   </div>
   <div class='ocr_carea' id='block_1_64' title="bbox 164 3244 3478 3343">
    <p class='ocr_par' dir='ltr' id='par_1_64' title="bbox 164 3244 3478 3343">
     <span class='ocr_line' id='line_1_64' title="bbox 164 3244 3478 3343; baseline 0.001 -23"><span class='ocrx_word' id='word_1_446' title='bbox 164 3254 345 3343; x_wconf 60' lang='grc' dir='ltr'>Ρυίρῖ</span> <span class='ocrx_word' id='word_1_447' title='bbox 379 3246 699 3343; x_wconf 45' lang='grc' dir='ltr'>δίοξι-ῑ-ξθῐέίτη</span> <span class='ocrx_word' id='word_1_448' title='bbox 728 3246 890 3343; x_wconf 50' lang='grc' dir='ltr'>ΕΠῩῇ</span> <span class='ocrx_word' id='word_1_449' title='bbox 912 3246 968 3343; x_wconf 60' lang='lat' dir='ltr'>if]</span> <span class='ocrx_word' id='word_1_450' title='bbox 998 3244 1233 3343; x_wconf 45' lang='lat' dir='ltr'>10‘?me</span> <span class='ocrx_word' id='word_1_451' title='bbox 1267 3246 1599 3343; x_wconf 46' lang='lat' dir='ltr'>diVESioan</span> <span class='ocrx_word' id='word_1_452' title='bbox 1801 3269 1844 3329; x_wconf 91' lang='lat' dir='ltr'>C</span> <span class='ocrx_word' id='word_1_453' title='bbox 1884 3268 2180 3340; x_wconf 88' lang='lat' dir='ltr'>pretiosam</span> <span class='ocrx_word' id='word_1_454' title='bbox 2211 3276 2268 3325; x_wconf 93' lang='lat' dir='ltr'>et</span> <span class='ocrx_word' id='word_1_455' title='bbox 2300 3269 2496 3326; x_wconf 88' lang='lat' dir='ltr'>fortem</span> <span class='ocrx_word' id='word_1_456' title='bbox 2529 3244 2764 3343; x_wconf 69' lang='lat' dir='ltr'>gratiaui</span> <span class='ocrx_word' id='word_1_457' title='bbox 2785 3267 3239 3335; x_wconf 88' lang='lat' dir='ltr'>transfundatur;</span> <span class='ocrx_word' id='word_1_458' title='bbox 3271 3274 3334 3324; x_wconf 90' lang='lat' dir='ltr'>ut</span> <span class='ocrx_word' id='word_1_459' title='bbox 3351 3265 3478 3323; x_wconf 89' lang='lat' dir='ltr'>vini</span> 
     </span>
    </p>
   </div>
   <div class='ocr_carea' id='block_1_65' title="bbox 164 3334 1768 3409">
    <p class='ocr_par' dir='ltr' id='par_1_65' title="bbox 164 3334 1768 3409">
     <span class='ocr_line' id='line_1_65' title="bbox 164 3334 1768 3409; baseline -0.001 -15"><span class='ocrx_word' id='word_1_460' title='bbox 164 3336 475 3406; x_wconf 86' lang='lat' dir='ltr'>undarum(</span> <span class='ocrx_word' id='word_1_461' title='bbox 480 3335 513 3391; x_wconf 91' lang='grc' dir='ltr'><em>Ι</em></span> <span class='ocrx_word' id='word_1_462' title='bbox 521 3337 564 3394; x_wconf 80' lang='grc' dir='ltr'><em>ν</em></span> <span class='ocrx_word' id='word_1_463' title='bbox 576 3337 698 3407; x_wconf 84' lang='lat' dir='ltr'>Reg.</span> <span class='ocrx_word' id='word_1_464' title='bbox 723 3352 785 3404; x_wconf 90' lang='grc' dir='ltr'>ιι,</span> <span class='ocrx_word' id='word_1_465' title='bbox 812 3335 921 3407; x_wconf 77' lang='grc'>14),</span> <span class='ocrx_word' id='word_1_466' title='bbox 936 3335 1012 3390; x_wconf 88' lang='lat' dir='ltr'>ita</span> <span class='ocrx_word' id='word_1_467' title='bbox 1025 3334 1335 3392; x_wconf 90' lang='lat' dir='ltr'>etChristus</span> <span class='ocrx_word' id='word_1_468' title='bbox 1356 3338 1626 3393; x_wconf 88' lang='lat' dir='ltr'>Dominus</span> <span class='ocrx_word' id='word_1_469' title='bbox 1650 3337 1768 3409; x_wconf 90' lang='lat'>(36)</span> 
     </span>
    </p>
   </div>
   <div class='ocr_carea' id='block_1_66' title="bbox 168 3422 1775 3497">
    <p class='ocr_par' dir='ltr' id='par_1_66' title="bbox 168 3422 1775 3497">
     <span class='ocr_line' id='line_1_66' title="bbox 168 3422 1775 3497; baseline 0 -16"><span class='ocrx_word' id='word_1_470' title='bbox 168 3426 233 3481; x_wconf 90' lang='lat' dir='ltr'>in</span> <span class='ocrx_word' id='word_1_471' title='bbox 286 3424 475 3481; x_wconf 91' lang='lat' dir='ltr'>eodem</span> <span class='ocrx_word' id='word_1_472' title='bbox 506 3422 741 3479; x_wconf 78' lang='lat' dir='ltr'>Iordane</span> <span class='ocrx_word' id='word_1_473' title='bbox 785 3423 1182 3495; x_wconf 87' lang='lat' dir='ltr'>separationem</span> <span class='ocrx_word' id='word_1_474' title='bbox 1237 3432 1491 3496; x_wconf 90' lang='lat' dir='ltr'>operatus</span> <span class='ocrx_word' id='word_1_475' title='bbox 1521 3434 1602 3481; x_wconf 91' lang='lat' dir='ltr'>est</span> <span class='ocrx_word' id='word_1_476' title='bbox 1640 3442 1775 3497; x_wconf 90' lang='lat' dir='ltr'>pec-</span> 
     </span>
    </p>
   </div>
   <div class='ocr_carea' id='block_1_67' title="bbox 167 3514 1770 3588">
    <p class='ocr_par' dir='ltr' id='par_1_67' title="bbox 167 3514 1770 3588">
     <span class='ocr_line' id='line_1_67' title="bbox 167 3514 1770 3588; baseline -0.001 -15"><span class='ocrx_word' id='word_1_477' title='bbox 167 3524 421 3573; x_wconf 90' lang='lat' dir='ltr'>catorum</span> <span class='ocrx_word' id='word_1_478' title='bbox 455 3534 467 3573; x_wconf 92' lang='lat'><strong>:</strong></span> <span class='ocrx_word' id='word_1_479' title='bbox 516 3515 610 3571; x_wconf 89' lang='lat' dir='ltr'>ille</span> <span class='ocrx_word' id='word_1_480' title='bbox 650 3525 793 3572; x_wconf 88' lang='lat' dir='ltr'>stare</span> <span class='ocrx_word' id='word_1_481' title='bbox 837 3514 1044 3572; x_wconf 88' lang='lat' dir='ltr'>ﬂuenta</span> <span class='ocrx_word' id='word_1_482' title='bbox 1069 3516 1348 3588; x_wconf 68' lang='lat' dir='ltr'>praecepit,</span> <span class='ocrx_word' id='word_1_483' title='bbox 1378 3516 1468 3573; x_wconf 93' lang='lat' dir='ltr'>hic</span> <span class='ocrx_word' id='word_1_484' title='bbox 1514 3516 1770 3573; x_wconf 86' lang='lat' dir='ltr'>crimina.</span> 
     </span>
    </p>
   </div>
   <div class='ocr_carea' id='block_1_68' title="bbox 167 3606 1775 3679">
    <p class='ocr_par' dir='ltr' id='par_1_68' title="bbox 167 3606 1775 3679">
     <span class='ocr_line' id='line_1_68' title="bbox 167 3606 1775 3679; baseline 0.001 -17"><span class='ocrx_word' id='word_1_485' title='bbox 167 3607 247 3662; x_wconf 90' lang='lat' dir='ltr'>Et</span> <span class='ocrx_word' id='word_1_486' title='bbox 287 3606 430 3663; x_wconf 91' lang='lat' dir='ltr'>sicut</span> <span class='ocrx_word' id='word_1_487' title='bbox 469 3608 570 3661; x_wconf 87' lang='lat' dir='ltr'>sub</span> <span class='ocrx_word' id='word_1_488' title='bbox 617 3606 739 3663; x_wconf 88' lang='lat' dir='ltr'>Elia</span> <span class='ocrx_word' id='word_1_489' title='bbox 786 3607 987 3664; x_wconf 90' lang='lat' dir='ltr'>ﬂuctus</span> <span class='ocrx_word' id='word_1_490' title='bbox 1047 3607 1349 3679; x_wconf 89' lang='lat' dir='ltr'>primordia</span> <span class='ocrx_word' id='word_1_491' title='bbox 1391 3607 1653 3676; x_wconf 91' lang='lat' dir='ltr'>fontium,</span> <span class='ocrx_word' id='word_1_492' title='bbox 1707 3607 1775 3664; x_wconf 91' lang='lat' dir='ltr'>de</span> 
     </span>
    </p>
   </div>
   <div class='ocr_carea' id='block_1_69' title="bbox 170 3695 1775 3770">
    <p class='ocr_par' dir='ltr' id='par_1_69' title="bbox 170 3695 1775 3770">
     <span class='ocr_line' id='line_1_69' title="bbox 170 3695 1775 3770; baseline 0.001 -18"><span class='ocrx_word' id='word_1_493' title='bbox 170 3695 379 3770; x_wconf 91' lang='lat' dir='ltr'>quibus</span> <span class='ocrx_word' id='word_1_494' title='bbox 424 3696 693 3766; x_wconf 81' lang='lat' dir='ltr'>exierant,</span> <span class='ocrx_word' id='word_1_495' title='bbox 725 3696 1005 3770; x_wconf 90' lang='lat' dir='ltr'>petierunt</span> <span class='ocrx_word' id='word_1_496' title='bbox 1056 3697 1199 3769; x_wconf 89' lang='lat'>(37),</span> <span class='ocrx_word' id='word_1_497' title='bbox 1230 3696 1307 3755; x_wconf 89' lang='lat' dir='ltr'>ita</span> <span class='ocrx_word' id='word_1_498' title='bbox 1335 3707 1388 3754; x_wconf 90' lang='lat' dir='ltr'>et</span> <span class='ocrx_word' id='word_1_499' title='bbox 1417 3697 1520 3755; x_wconf 90' lang='lat' dir='ltr'>sub</span> <span class='ocrx_word' id='word_1_500' title='bbox 1553 3697 1775 3756; x_wconf 88' lang='lat' dir='ltr'>Christo</span> 
     </span>
    </p>
   </div>
   <div class='ocr_carea' id='block_1_70' title="bbox 171 3784 1779 3862">
    <p class='ocr_par' dir='ltr' id='par_1_70' title="bbox 171 3784 1779 3862">
     <span class='ocr_line' id='line_1_70' title="bbox 171 3784 1779 3862; baseline 0.004 -21"><span class='ocrx_word' id='word_1_501' title='bbox 171 3785 417 3841; x_wconf 91' lang='lat' dir='ltr'>Domino</span> <span class='ocrx_word' id='word_1_502' title='bbox 480 3784 737 3843; x_wconf 88' lang='lat' dir='ltr'>homines</span> <span class='ocrx_word' id='word_1_503' title='bbox 820 3786 888 3843; x_wconf 89' lang='lat' dir='ltr'>ad</span> <span class='ocrx_word' id='word_1_504' title='bbox 946 3788 1216 3861; x_wconf 87' lang='lat' dir='ltr'>originem</span> <span class='ocrx_word' id='word_1_505' title='bbox 1290 3804 1445 3845; x_wconf 88' lang='lat' dir='ltr'>suam</span> <span class='ocrx_word' id='word_1_506' title='bbox 1521 3788 1589 3847; x_wconf 87' lang='lat' dir='ltr'>de</span> <span class='ocrx_word' id='word_1_507' title='bbox 1668 3805 1779 3862; x_wconf 90' lang='lat' dir='ltr'>qua</span> 
     </span>
    </p>
   </div>
   <div class='ocr_carea' id='block_1_71' title="bbox 177 3876 1404 3948">
    <p class='ocr_par' dir='ltr' id='par_1_71' title="bbox 177 3876 1404 3948">
     <span class='ocr_line' id='line_1_71' title="bbox 177 3876 1404 3948; baseline 0.003 -15"><span class='ocrx_word' id='word_1_508' title='bbox 177 3876 239 3933; x_wconf 90' lang='lat' dir='ltr'>in</span> <span class='ocrx_word' id='word_1_509' title='bbox 274 3878 513 3936; x_wconf 86' lang='lat' dir='ltr'>infantia</span> <span class='ocrx_word' id='word_1_510' title='bbox 542 3879 764 3937; x_wconf 86' lang='lat' dir='ltr'>fuerant</span> <span class='ocrx_word' id='word_1_511' title='bbox 792 3878 991 3948; x_wconf 85' lang='lat' dir='ltr'>exorti,</span> <span class='ocrx_word' id='word_1_512' title='bbox 1025 3888 1155 3937; x_wconf 90' lang='lat' dir='ltr'>sunt</span> <span class='ocrx_word' id='word_1_513' title='bbox 1177 3879 1404 3937; x_wconf 89' lang='lat' dir='ltr'>reversi.</span> 
     </span>
    </p>
   </div>
   <div class='ocr_carea' id='block_1_72' title="bbox 791 3988 1169 4046">
    <p class='ocr_par' dir='ltr' id='par_1_72' title="bbox 791 3988 1169 4046">
     <span class='ocr_line' id='line_1_72' title="bbox 791 3988 1169 4046; baseline -0.003 0"><span class='ocrx_word' id='word_1_514' title='bbox 791 3988 1026 4046; x_wconf 83' lang='lat' dir='ltr'>SERMO</span> <span class='ocrx_word' id='word_1_515' title='bbox 1071 3989 1169 4045; x_wconf 84' lang='lat' dir='ltr'>XI.</span> 
     </span>
    </p>
   </div>
   <div class='ocr_carea' id='block_1_73' title="bbox 591 4077 1357 4153">
    <p class='ocr_par' dir='ltr' id='par_1_73' title="bbox 591 4077 1357 4153">
     <span class='ocr_line' id='line_1_73' title="bbox 591 4077 1357 4153; baseline 0.001 -16"><span class='ocrx_word' id='word_1_516' title='bbox 591 4079 671 4137; x_wconf 90' lang='lat' dir='ltr'>De</span> <span class='ocrx_word' id='word_1_517' title='bbox 697 4087 885 4139; x_wconf 90' lang='lat' dir='ltr'>sancta</span> <span class='ocrx_word' id='word_1_518' title='bbox 910 4077 1223 4153; x_wconf 90' lang='lat' dir='ltr'>Epiphania</span> <span class='ocrx_word' id='word_1_519' title='bbox 1260 4078 1357 4138; x_wconf 83' lang='lat' dir='ltr'>IV.</span> 
     </span>
    </p>
   </div>
   <div class='ocr_carea' id='block_1_74' title="bbox 179 4176 1772 4253">
    <p class='ocr_par' dir='ltr' id='par_1_74' title="bbox 179 4176 1772 4253">
     <span class='ocr_line' id='line_1_74' title="bbox 179 4176 1772 4253; baseline -0.001 -17"><span class='ocrx_word' id='word_1_520' title='bbox 179 4177 548 4253; x_wconf 19' lang='lat' dir='ltr'>Hickinantiq.</span> <span class='ocrx_word' id='word_1_521' title='bbox 598 4177 721 4234; x_wconf 89' lang='lat' dir='ltr'>edit.</span> <span class='ocrx_word' id='word_1_522' title='bbox 752 4179 1138 4253; x_wconf 77' lang='lat' dir='ltr'>inscribebatur</span> <span class='ocrx_word' id='word_1_523' title='bbox 1168 4196 1179 4235; x_wconf 93' lang='lat'>:</span> <span class='ocrx_word' id='word_1_524' title='bbox 1230 4180 1359 4237; x_wconf 92' lang='lat' dir='ltr'>Post</span> <span class='ocrx_word' id='word_1_525' title='bbox 1383 4176 1772 4253; x_wconf 85' lang='lat' dir='ltr'>Epiphaniam.</span> 
     </span>
    </p>
   </div>
   <div class='ocr_carea' id='block_1_75' title="bbox 251 4250 1774 4323">
    <p class='ocr_par' dir='ltr' id='par_1_75' title="bbox 251 4250 1774 4323">
     <span class='ocr_line' id='line_1_75' title="bbox 251 4250 1774 4323; baseline 0.003 -20"><span class='ocrx_word' id='word_1_526' title='bbox 251 4250 324 4323; x_wconf 85' lang='lat' dir='ltr'>Et</span> <span class='ocrx_word' id='word_1_527' title='bbox 359 4250 413 4323; x_wconf 85' lang='lat' dir='ltr'>is</span> <span class='ocrx_word' id='word_1_528' title='bbox 453 4268 637 4323; x_wconf 70' lang='lat' dir='ltr'>reuera</span> <span class='ocrx_word' id='word_1_529' title='bbox 671 4257 792 4322; x_wconf 85' lang='lat' dir='ltr'>post</span> <span class='ocrx_word' id='word_1_530' title='bbox 818 4252 1165 4322; x_wconf 84' lang='lat' dir='ltr'>superiorem,</span> <span class='ocrx_word' id='word_1_531' title='bbox 1210 4266 1361 4322; x_wconf 85' lang='lat' dir='ltr'>quem</span> <span class='ocrx_word' id='word_1_532' title='bbox 1389 4250 1509 4323; x_wconf 68' lang='lat' dir='ltr'>ipso</span> <span class='ocrx_word' id='word_1_533' title='bbox 1531 4252 1614 4307; x_wconf 86' lang='lat' dir='ltr'>die</span> <span class='ocrx_word' id='word_1_534' title='bbox 1643 4250 1774 4323; x_wconf 90' lang='lat' dir='ltr'>Epi-</span> 
     </span>
    </p>
   </div>
   <div class='ocr_carea' id='block_1_76' title="bbox 250 4321 1779 4394">
    <p class='ocr_par' dir='ltr' id='par_1_76' title="bbox 250 4321 1779 4394">
     <span class='ocr_line' id='line_1_76' title="bbox 250 4321 1779 4394; baseline 0.004 -21"><span class='ocrx_word' id='word_1_535' title='bbox 250 4321 461 4394; x_wconf 72' lang='lat' dir='ltr'>phania:</span> <span class='ocrx_word' id='word_1_536' title='bbox 514 4321 751 4394; x_wconf 78' lang='lat' dir='ltr'>habitum</span> <span class='ocrx_word' id='word_1_537' title='bbox 797 4321 1015 4390; x_wconf 85' lang='lat' dir='ltr'>constat,</span> <span class='ocrx_word' id='word_1_538' title='bbox 1068 4340 1134 4378; x_wconf 78' lang='lat' dir='ltr'>ea:</span> <span class='ocrx_word' id='word_1_539' title='bbox 1180 4321 1458 4394; x_wconf 80' lang='lat' dir='ltr'>utriusque</span> <span class='ocrx_word' id='word_1_540' title='bbox 1498 4321 1779 4379; x_wconf 81' lang='lat' dir='ltr'>collatione</span> 
     </span>
    </p>
   </div>
   <div class='ocr_carea' id='block_1_77' title="bbox 253 4392 1773 4461">
    <p class='ocr_par' dir='ltr' id='par_1_77' title="bbox 253 4392 1773 4461">
     <span class='ocr_line' id='line_1_77' title="bbox 253 4392 1773 4461; baseline 0.002 -14"><span class='ocrx_word' id='word_1_541' title='bbox 253 4392 422 4447; x_wconf 86' lang='lat' dir='ltr'>dictus</span> <span class='ocrx_word' id='word_1_542' title='bbox 447 4392 791 4461; x_wconf 78' lang='lat' dir='ltr'>cognoscitur.</span> <span class='ocrx_word' id='word_1_543' title='bbox 822 4395 888 4448; x_wconf 91' lang='lat' dir='ltr'>In</span> <span class='ocrx_word' id='word_1_544' title='bbox 917 4396 1068 4450; x_wconf 85' lang='lat' dir='ltr'>Rom.</span> <span class='ocrx_word' id='word_1_545' title='bbox 1101 4394 1225 4449; x_wconf 89' lang='lat' dir='ltr'>edit.</span> <span class='ocrx_word' id='word_1_546' title='bbox 1256 4392 1421 4449; x_wconf 75' lang='lat' dir='ltr'>eidem</span> <span class='ocrx_word' id='word_1_547' title='bbox 1449 4395 1635 4450; x_wconf 83' lang='lat' dir='ltr'>titulus</span> <span class='ocrx_word' id='word_1_548' title='bbox 1663 4401 1773 4450; x_wconf 87' lang='lat' dir='ltr'>est:</span> 
     </span>
    </p>
   </div>
   <div class='ocr_carea' id='block_1_78' title="bbox 254 4461 1778 4533">
    <p class='ocr_par' dir='ltr' id='par_1_78' title="bbox 254 4461 1778 4533">
     <span class='ocr_line' id='line_1_78' title="bbox 254 4461 1778 4533; baseline 0.003 -16"><span class='ocrx_word' id='word_1_549' title='bbox 254 4461 337 4517; x_wconf 87' lang='lat' dir='ltr'>Ad</span> <span class='ocrx_word' id='word_1_550' title='bbox 365 4463 806 4519; x_wconf 88' lang='lat' dir='ltr'>catechumenos.</span> <span class='ocrx_word' id='word_1_551' title='bbox 839 4465 1013 4533; x_wconf 85' lang='lat' dir='ltr'>Neque</span> <span class='ocrx_word' id='word_1_552' title='bbox 1040 4464 1097 4520; x_wconf 85' lang='lat' dir='ltr'>id</span> <span class='ocrx_word' id='word_1_553' title='bbox 1123 4465 1352 4520; x_wconf 84' lang='lat' dir='ltr'>absurde</span> <span class='ocrx_word' id='word_1_554' title='bbox 1372 4484 1392 4531; x_wconf 88' lang='lat'><em>;</em></span> <span class='ocrx_word' id='word_1_555' title='bbox 1414 4467 1616 4521; x_wconf 84' lang='lat' dir='ltr'>eosdem</span> <span class='ocrx_word' id='word_1_556' title='bbox 1640 4468 1778 4521; x_wconf 86' lang='lat' dir='ltr'>enim</span> 
     </span>
    </p>
   </div>
   <div class='ocr_carea' id='block_1_79' title="bbox 256 4534 1779 4610">
    <p class='ocr_par' dir='ltr' id='par_1_79' title="bbox 256 4534 1779 4610">
     <span class='ocr_line' id='line_1_79' title="bbox 256 4534 1779 4610; baseline 0.003 -23"><span class='ocrx_word' id='word_1_557' title='bbox 256 4534 424 4588; x_wconf 83' lang='lat' dir='ltr'>variis</span> <span class='ocrx_word' id='word_1_558' title='bbox 486 4534 547 4610; x_wconf 86' lang='lat' dir='ltr'>_in</span> <span class='ocrx_word' id='word_1_559' title='bbox 596 4535 846 4610; x_wconf 77' lang='lat' dir='ltr'>Ecclesiis</span> <span class='ocrx_word' id='word_1_560' title='bbox 876 4534 961 4610; x_wconf 89' lang='lat' dir='ltr'>_ab</span> <span class='ocrx_word' id='word_1_561' title='bbox 1006 4552 1062 4589; x_wconf 91' lang='lat' dir='ltr'>eo</span> <span class='ocrx_word' id='word_1_562' title='bbox 1108 4534 1240 4610; x_wconf 78' lang='lat' dir='ltr'>festo</span> <span class='ocrx_word' id='word_1_563' title='bbox 1306 4554 1492 4591; x_wconf 83' lang='lat' dir='ltr'>nomen</span> <span class='ocrx_word' id='word_1_564' title='bbox 1532 4538 1779 4610; x_wconf 78' lang='lat' dir='ltr'>profiteri</span> 
     </span>
    </p>
   </div>
   <div class='ocr_carea' id='block_1_80' title="bbox 254 4604 1779 4664">
    <p class='ocr_par' dir='ltr' id='par_1_80' title="bbox 254 4604 1779 4664">
     <span class='ocr_line' id='line_1_80' title="bbox 254 4604 1779 4664; baseline 0.003 -5"><span class='ocrx_word' id='word_1_565' title='bbox 254 4604 574 4659; x_wconf 86' lang='lat' dir='ltr'>consuevisse</span> <span class='ocrx_word' id='word_1_566' title='bbox 624 4622 689 4659; x_wconf 68' lang='lat' dir='ltr'>ex</span> <span class='ocrx_word' id='word_1_567' title='bbox 730 4606 911 4660; x_wconf 86' lang='lat' dir='ltr'>multis</span> <span class='ocrx_word' id='word_1_568' title='bbox 939 4622 1056 4660; x_wconf 87' lang='lat' dir='ltr'>cum</span> <span class='ocrx_word' id='word_1_569' title='bbox 1102 4608 1335 4661; x_wconf 79' lang='lat' dir='ltr'>aliorum</span> <span class='ocrx_word' id='word_1_570' title='bbox 1365 4615 1474 4663; x_wconf 90' lang='lat' dir='ltr'>tum</span> <span class='ocrx_word' id='word_1_571' title='bbox 1507 4604 1779 4664; x_wconf 78' lang='lat' dir='ltr'>Ambrosii</span> 
     </span>
    </p>
   </div>
   <div class='ocr_carea' id='block_1_81' title="bbox 258 4678 1780 4750">
    <p class='ocr_par' dir='ltr' id='par_1_81' title="bbox 258 4678 1780 4750">
     <span class='ocr_line' id='line_1_81' title="bbox 258 4678 1780 4750; baseline 0.004 -21"><span class='ocrx_word' id='word_1_572' title='bbox 258 4678 560 4750; x_wconf 70' lang='lat' dir='ltr'>testimoniis</span> <span class='ocrx_word' id='word_1_573' title='bbox 639 4678 801 4731; x_wconf 86' lang='lat' dir='ltr'>datur</span> <span class='ocrx_word' id='word_1_574' title='bbox 858 4678 1103 4747; x_wconf 79' lang='lat' dir='ltr'>intelligi.</span> <span class='ocrx_word' id='word_1_575' title='bbox 1162 4680 1264 4733; x_wconf 87' lang='lat' dir='ltr'>Nec</span> <span class='ocrx_word' id='word_1_576' title='bbox 1310 4697 1432 4733; x_wconf 86' lang='lat' dir='ltr'>vero</span> <span class='ocrx_word' id='word_1_577' title='bbox 1486 4681 1780 4750; x_wconf 83' lang='lat' dir='ltr'>quidquam</span> 
     </span>
    </p>
   </div>
   <div class='ocr_carea' id='block_1_82' title="bbox 255 4749 1778 4822">
    <p class='ocr_par' dir='ltr' id='par_1_82' title="bbox 255 4749 1778 4822">
     <span class='ocr_line' id='line_1_82' title="bbox 255 4749 1778 4822; baseline 0.003 -21"><span class='ocrx_word' id='word_1_578' title='bbox 255 4754 348 4822; x_wconf 81' lang='lat' dir='ltr'>est,</span> <span class='ocrx_word' id='word_1_579' title='bbox 378 4764 474 4801; x_wconf 89' lang='lat' dir='ltr'>cur</span> <span class='ocrx_word' id='word_1_580' title='bbox 522 4749 658 4822; x_wconf 81' lang='lat' dir='ltr'>hunc</span> <span class='ocrx_word' id='word_1_581' title='bbox 707 4754 972 4803; x_wconf 81' lang='lat' dir='ltr'>auctorem</span> <span class='ocrx_word' id='word_1_582' title='bbox 1012 4750 1199 4804; x_wconf 85' lang='lat' dir='ltr'>Felicis</span> <span class='ocrx_word' id='word_1_583' title='bbox 1242 4756 1290 4803; x_wconf 91' lang='lat' dir='ltr'>et</span> <span class='ocrx_word' id='word_1_584' title='bbox 1317 4751 1579 4821; x_wconf 87' lang='lat' dir='ltr'>Elipandi</span> <span class='ocrx_word' id='word_1_585' title='bbox 1606 4749 1778 4822; x_wconf 68' lang='lat' dir='ltr'>requa-</span> 
     </span>
    </p>
   </div>
   <div class='ocr_carea' id='block_1_83' title="bbox 259 4820 1781 4893">
    <p class='ocr_par' dir='ltr' id='par_1_83' title="bbox 259 4820 1781 4893">
     <span class='ocr_line' id='line_1_83' title="bbox 259 4820 1781 4893; baseline 0.001 -19"><span class='ocrx_word' id='word_1_586' title='bbox 259 4820 391 4893; x_wconf 15' lang='lat' dir='ltr'>lem,i</span> <span class='ocrx_word' id='word_1_587' title='bbox 427 4826 523 4893; x_wconf 81' lang='lat' dir='ltr'>aut</span> <span class='ocrx_word' id='word_1_588' title='bbox 554 4820 610 4873; x_wconf 89' lang='lat' dir='ltr'>in</span> <span class='ocrx_word' id='word_1_589' title='bbox 640 4822 937 4893; x_wconf 82' lang='lat' dir='ltr'>erroribus</span> <span class='ocrx_word' id='word_1_590' title='bbox 978 4838 1361 4891; x_wconf 68' lang='lat' dir='ltr'>praecursorem</span> <span class='ocrx_word' id='word_1_591' title='bbox 1389 4820 1586 4892; x_wconf 80' lang='lat' dir='ltr'>aliquis</span> <span class='ocrx_word' id='word_1_592' title='bbox 1607 4820 1781 4893; x_wconf 79' lang='lat' dir='ltr'>putet;</span> 
     </span>
    </p>
   </div>
   <div class='ocr_carea' id='block_1_84' title="bbox 256 4890 1777 4970">
    <p class='ocr_par' dir='ltr' id='par_1_84' title="bbox 256 4890 1777 4970">
     <span class='ocr_line' id='line_1_84' title="bbox 256 4890 1777 4970; baseline 0.003 -27"><span class='ocrx_word' id='word_1_593' title='bbox 256 4892 394 4970; x_wconf 66' lang='lat' dir='ltr'>quod</span> <span class='ocrx_word' id='word_1_594' title='bbox 420 4890 477 4944; x_wconf 93' lang='lat' dir='ltr'>in</span> <span class='ocrx_word' id='word_1_595' title='bbox 505 4891 757 4970; x_wconf 70' lang='lat' dir='ltr'>baptismo</span> <span class='ocrx_word' id='word_1_596' title='bbox 787 4890 1054 4970; x_wconf 62' lang='lat' dir='ltr'>Christum</span> <span class='ocrx_word' id='word_1_597' title='bbox 1097 4890 1777 4970; x_wconf 52' lang='lat' dir='ltr'>a/Iirmatfemjtum—esse,</span> 
     </span>
    </p>
   </div>
   <div class='ocr_carea' id='block_1_85' title="bbox 257 4962 1781 5027">
    <p class='ocr_par' dir='ltr' id='par_1_85' title="bbox 257 4962 1781 5027">
     <span class='ocr_line' id='line_1_85' title="bbox 257 4962 1781 5027; baseline 0.004 -12"><span class='ocrx_word' id='word_1_598' title='bbox 257 4962 395 5016; x_wconf 87' lang='lat' dir='ltr'>illud</span> <span class='ocrx_word' id='word_1_599' title='bbox 446 4962 582 5015; x_wconf 89' lang='lat' dir='ltr'>enim</span> <span class='ocrx_word' id='word_1_600' title='bbox 609 4963 743 5017; x_wconf 84' lang='lat' dir='ltr'>nihil</span> <span class='ocrx_word' id='word_1_601' title='bbox 769 4964 922 5017; x_wconf 86' lang='lat' dir='ltr'>aliud</span> <span class='ocrx_word' id='word_1_602' title='bbox 967 4962 1154 5027; x_wconf 67' lang='lat' dir='ltr'>sonat,</span> <span class='ocrx_word' id='word_1_603' title='bbox 1182 4964 1287 5018; x_wconf 87' lang='lat' dir='ltr'>nisi</span> <span class='ocrx_word' id='word_1_604' title='bbox 1314 4965 1601 5020; x_wconf 88' lang='lat' dir='ltr'>Dominum</span> <span class='ocrx_word' id='word_1_605' title='bbox 1627 4966 1781 5027; x_wconf 87' lang='lat' dir='ltr'>aquis</span> 
     </span>
    </p>
   </div>
   <div class='ocr_carea' id='block_1_86' title="bbox 258 5034 1781 5103">
    <p class='ocr_par' dir='ltr' id='par_1_86' title="bbox 258 5034 1781 5103">
     <span class='ocr_line' id='line_1_86' title="bbox 258 5034 1781 5103; baseline 0.003 -16"><span class='ocrx_word' id='word_1_606' title='bbox 258 5039 593 5103; x_wconf 84' lang='lat' dir='ltr'>emergentem</span> <span class='ocrx_word' id='word_1_607' title='bbox 620 5034 1023 5088; x_wconf 80' lang='lat' dir='ltr'>resurrectionis</span> <span class='ocrx_word' id='word_1_608' title='bbox 1049 5034 1279 5103; x_wconf 81' lang='lat' dir='ltr'>formam</span> <span class='ocrx_word' id='word_1_609' title='bbox 1308 5036 1587 5093; x_wconf 75' lang='lat' dir='ltr'>exstitisse.</span> <span class='ocrx_word' id='word_1_610' title='bbox 1648 5034 1781 5093; x_wconf 85' lang='lat' dir='ltr'>Cum</span> 
     </span>
    </p>
   </div>
   <div class='ocr_carea' id='block_1_87' title="bbox 258 5104 1783 5177">
    <p class='ocr_par' dir='ltr' id='par_1_87' title="bbox 258 5104 1783 5177">
     <span class='ocr_line' id='line_1_87' title="bbox 258 5104 1783 5177; baseline 0.004 -20"><span class='ocrx_word' id='word_1_611' title='bbox 258 5121 379 5158; x_wconf 85' lang='lat' dir='ltr'>vero</span> <span class='ocrx_word' id='word_1_612' title='bbox 434 5120 540 5158; x_wconf 87' lang='lat' dir='ltr'>non</span> <span class='ocrx_word' id='word_1_613' title='bbox 568 5106 720 5160; x_wconf 87' lang='lat' dir='ltr'>modo</span> <span class='ocrx_word' id='word_1_614' title='bbox 750 5104 808 5159; x_wconf 86' lang='lat' dir='ltr'>in</span> <span class='ocrx_word' id='word_1_615' title='bbox 854 5121 1092 5161; x_wconf 87' lang='lat' dir='ltr'>sermone</span> <span class='ocrx_word' id='word_1_616' title='bbox 1142 5109 1395 5177; x_wconf 87' lang='lat' dir='ltr'>sequenti,</span> <span class='ocrx_word' id='word_1_617' title='bbox 1423 5109 1511 5164; x_wconf 89' lang='lat' dir='ltr'>sed</span> <span class='ocrx_word' id='word_1_618' title='bbox 1539 5108 1698 5165; x_wconf 80' lang='lat' dir='ltr'>etiam</span> <span class='ocrx_word' id='word_1_619' title='bbox 1728 5109 1783 5163; x_wconf 89' lang='lat' dir='ltr'>in</span> 
     </span>
    </p>
   </div>
   <div class='ocr_carea' id='block_1_88' title="bbox 263 5275 1784 5358">
    <p class='ocr_par' dir='ltr' id='par_1_88' title="bbox 263 5275 1784 5358">
     <span class='ocr_line' id='line_1_88' title="bbox 263 5275 1784 5358; baseline 0.005 -24"><span class='ocrx_word' id='word_1_620' title='bbox 263 5275 378 5349; x_wconf 84' lang='lat'>(36)</span> <span class='ocrx_word' id='word_1_621' title='bbox 418 5275 541 5358; x_wconf 73' lang='lat' dir='ltr'>Yet.</span> <span class='ocrx_word' id='word_1_622' title='bbox 593 5277 748 5358; x_wconf 69' lang='lat' dir='ltr'>edit.,</span> <span class='ocrx_word' id='word_1_623' title='bbox 806 5277 980 5358; x_wconf 9' lang='lat' dir='ltr'>itaret</span> <span class='ocrx_word' id='word_1_624' title='bbox 1032 5276 1264 5351; x_wconf 81' lang='lat' dir='ltr'>Spiritus</span> <span class='ocrx_word' id='word_1_625' title='bbox 1313 5277 1552 5349; x_wconf 85' lang='lat' dir='ltr'>Domini,</span> <span class='ocrx_word' id='word_1_626' title='bbox 1583 5282 1784 5341; x_wconf 89' lang='lat' dir='ltr'>melius</span> 
     </span>
    </p>
   </div>
   <div class='ocr_carea' id='block_1_89' title="bbox 193 5348 981 5407">
    <p class='ocr_par' dir='ltr' id='par_1_89' title="bbox 193 5348 981 5407">
     <span class='ocr_line' id='line_1_89' title="bbox 193 5348 981 5407; baseline -0.003 0"><span class='ocrx_word' id='word_1_627' title='bbox 193 5348 433 5407; x_wconf 53' lang='lat' dir='ltr'>RornQet</span> <span class='ocrx_word' id='word_1_628' title='bbox 462 5366 594 5405; x_wconf 90' lang='lat' dir='ltr'>mss.</span> <span class='ocrx_word' id='word_1_629' title='bbox 626 5357 687 5405; x_wconf 92' lang='lat' dir='ltr'>ut</span> <span class='ocrx_word' id='word_1_630' title='bbox 713 5350 770 5405; x_wconf 90' lang='lat' dir='ltr'>in</span> <span class='ocrx_word' id='word_1_631' title='bbox 803 5357 981 5405; x_wconf 87' lang='lat' dir='ltr'>textu.</span> 
     </span>
    </p>
   </div>
   <div class='ocr_carea' id='block_1_90' title="bbox 287 5421 1785 5498">
    <p class='ocr_par' dir='ltr' id='par_1_90' title="bbox 287 5421 1785 5498">
     <span class='ocr_line' id='line_1_90' title="bbox 287 5421 1785 5498; baseline 0.003 -21"><span class='ocrx_word' id='word_1_632' title='bbox 287 5423 388 5498; x_wconf 26' lang='lat'>37)‘</span> <span class='ocrx_word' id='word_1_633' title='bbox 411 5421 613 5498; x_wconf 80' lang='lat' dir='ltr'>Omnes</span> <span class='ocrx_word' id='word_1_634' title='bbox 658 5421 816 5498; x_wconf 85' lang='lat' dir='ltr'>edit._,</span> <span class='ocrx_word' id='word_1_635' title='bbox 836 5422 1295 5492; x_wconf 83' lang='lat' dir='ltr'>pertinuerunt....</span> <span class='ocrx_word' id='word_1_636' title='bbox 1327 5425 1399 5480; x_wconf 89' lang='lat' dir='ltr'>ad</span> <span class='ocrx_word' id='word_1_637' title='bbox 1426 5426 1648 5498; x_wconf 77' lang='lat' dir='ltr'>originis</span> <span class='ocrx_word' id='word_1_638' title='bbox 1675 5443 1785 5498; x_wconf 70' lang='lat' dir='ltr'>sua:</span> 
     </span>
    </p>
   </div>
   <div class='ocr_carea' id='block_1_91' title="bbox 193 5491 1784 5563">
    <p class='ocr_par' dir='ltr' id='par_1_91' title="bbox 193 5491 1784 5563">
     <span class='ocr_line' id='line_1_91' title="bbox 193 5491 1784 5563; baseline 0.005 -16"><span class='ocrx_word' id='word_1_639' title='bbox 193 5491 474 5562; x_wconf 84' lang='lat' dir='ltr'>infantiam</span> <span class='ocrx_word' id='word_1_640' title='bbox 522 5493 587 5548; x_wconf 88' lang='lat' dir='ltr'>de</span> <span class='ocrx_word' id='word_1_641' title='bbox 627 5510 730 5562; x_wconf 86' lang='lat' dir='ltr'>qua</span> <span class='ocrx_word' id='word_1_642' title='bbox 782 5491 1021 5563; x_wconf 80' lang='lat' dir='ltr'>fuerant,</span> <span class='ocrx_word' id='word_1_643' title='bbox 1067 5504 1172 5551; x_wconf 90' lang='lat' dir='ltr'>etc.</span> <span class='ocrx_word' id='word_1_644' title='bbox 1192 5514 1213 5561; x_wconf 90' lang='lat'><em>;</em></span> <span class='ocrx_word' id='word_1_645' title='bbox 1244 5513 1435 5554; x_wconf 89' lang='lat' dir='ltr'>omnes</span> <span class='ocrx_word' id='word_1_646' title='bbox 1462 5491 1591 5555; x_wconf 72' lang='lat' dir='ltr'>mss.</span> <span class='ocrx_word' id='word_1_647' title='bbox 1624 5494 1784 5555; x_wconf 90' lang='lat' dir='ltr'>nobis</span> 
     </span>
    </p>
   </div>
   <div class='ocr_carea' id='block_1_92' title="bbox 196 5563 1785 5649">
    <p class='ocr_par' dir='ltr' id='par_1_92' title="bbox 196 5563 1785 5649">
     <span class='ocr_line' id='line_1_92' title="bbox 196 5563 1785 5649; baseline 0.003 -29"><span class='ocrx_word' id='word_1_648' title='bbox 196 5564 548 5645; x_wconf 73' lang='lat' dir='ltr'>conveniunt,</span> <span class='ocrx_word' id='word_1_649' title='bbox 599 5563 701 5649; x_wconf 41' lang='lat' dir='ltr'>n‘isi</span> <span class='ocrx_word' id='word_1_650' title='bbox 735 5564 887 5646; x_wconf 39' lang='lat' dir='ltr'>quod.</span> <span class='ocrx_word' id='word_1_651' title='bbox 932 5582 1027 5646; x_wconf 87' lang='lat' dir='ltr'>pro</span> <span class='ocrx_word' id='word_1_652' title='bbox 1058 5568 1315 5649; x_wconf 78' lang='lat' dir='ltr'>originem</span> <span class='ocrx_word' id='word_1_653' title='bbox 1351 5566 1409 5624; x_wconf 91' lang='lat' dir='ltr'>in</span> <span class='ocrx_word' id='word_1_654' title='bbox 1439 5586 1550 5625; x_wconf 92' lang='lat' dir='ltr'>uno</span> <span class='ocrx_word' id='word_1_655' title='bbox 1586 5570 1785 5642; x_wconf 84' lang='lat' dir='ltr'>legitur</span> 
     </span>
    </p>
   </div>
   <div class='ocr_carea' id='block_1_93' title="bbox 199 5636 1363 5706">
    <p class='ocr_par' dir='ltr' id='par_1_93' title="bbox 199 5636 1363 5706">
     <span class='ocr_line' id='line_1_93' title="bbox 199 5636 1363 5706; baseline 0.004 -16"><span class='ocrx_word' id='word_1_656' title='bbox 199 5636 421 5705; x_wconf 84' lang='lat' dir='ltr'>originis</span> <span class='ocrx_word' id='word_1_657' title='bbox 448 5651 465 5697; x_wconf 88' lang='lat'><strong><em>;</em></strong></span> <span class='ocrx_word' id='word_1_658' title='bbox 494 5636 551 5689; x_wconf 89' lang='lat' dir='ltr'>in</span> <span class='ocrx_word' id='word_1_659' title='bbox 591 5636 721 5703; x_wconf 75' lang='lat' dir='ltr'>alio,</span> <span class='ocrx_word' id='word_1_660' title='bbox 747 5636 973 5706; x_wconf 82' lang='lat' dir='ltr'>originis</span> <span class='ocrx_word' id='word_1_661' title='bbox 1002 5654 1109 5693; x_wconf 67' lang='lat' dir='ltr'>sua:</span> <span class='ocrx_word' id='word_1_662' title='bbox 1132 5636 1363 5695; x_wconf 83' lang='lat' dir='ltr'>initium.</span> 
     </span>
    </p>
   </div>
   <div class='ocr_carea' id='block_1_94' title="bbox 269 5706 1784 5830">
    <p class='ocr_par' dir='ltr' id='par_1_94' title="bbox 269 5706 1784 5830">
     <span class='ocr_line' id='line_1_94' title="bbox 269 5706 1784 5830; baseline 0.007 -71"><span class='ocrx_word' id='word_1_663' title='bbox 269 5707 385 5830; x_wconf 94' lang='lat'>(</span> <span class='ocrx_word' id='word_1_664' title='bbox 418 5706 543 5785; x_wconf 64' lang='lat' dir='ltr'>lleg.</span> <span class='ocrx_word' id='word_1_665' title='bbox 569 5706 754 5787; x_wconf 79' lang='lat' dir='ltr'>Codex</span> <span class='ocrx_word' id='word_1_666' title='bbox 775 5709 1206 5789; x_wconf 74' lang='lat' dir='ltr'>unusquidquid</span> <span class='ocrx_word' id='word_1_667' title='bbox 1224 5710 1293 5767; x_wconf 90' lang='lat' dir='ltr'>ab</span> <span class='ocrx_word' id='word_1_668' title='bbox 1313 5710 1400 5793; x_wconf 74' lang='lat' dir='ltr'>his</span> <span class='ocrx_word' id='word_1_669' title='bbox 1416 5711 1596 5795; x_wconf 80' lang='lat' dir='ltr'>verbis</span> <span class='ocrx_word' id='word_1_670' title='bbox 1612 5727 1784 5786; x_wconf 90' lang='lat' dir='ltr'>usque</span> 
     </span>
     <span class='ocr_line' id='line_1_95' title="bbox 298 5774 1778 5830; baseline 0 0"><span class='ocrx_word' id='word_1_671' title='bbox 298 5794 351 5830; x_wconf 78' lang='lat' dir='ltr'>in</span> <span class='ocrx_word' id='word_1_672' title='bbox 380 5793 553 5830; x_wconf 80' lang='lat' dir='ltr'>erlora</span> <span class='ocrx_word' id='word_1_673' title='bbox 585 5774 678 5830; x_wconf 80' lang='lat' dir='ltr'>illa</span> <span class='ocrx_word' id='word_1_674' title='bbox 704 5794 715 5830; x_wconf 92' lang='lat'>:</span> <span class='ocrx_word' id='word_1_675' title='bbox 746 5779 891 5830; x_wconf 86' lang='lat' dir='ltr'>Erao</span> <span class='ocrx_word' id='word_1_676' title='bbox 910 5797 967 5830; x_wconf 71' lang='lat' dir='ltr'>in</span> <span class='ocrx_word' id='word_1_677' title='bbox 987 5781 1082 5830; x_wconf 83' lang='lat' dir='ltr'>hac</span> <span class='ocrx_word' id='word_1_678' title='bbox 1101 5788 1282 5830; x_wconf 73' lang='lat' dir='ltr'>sanata</span> <span class='ocrx_word' id='word_1_679' title='bbox 1310 5784 1409 5830; x_wconf 63' lang='lat' dir='ltr'>dm</span> <span class='ocrx_word' id='word_1_680' title='bbox 1445 5792 1778 5830; x_wconf 59' lang='lat' dir='ltr'>nnntmntnn</span> 
     </span>
    </p>
   </div>
   <div class='ocr_carea' id='block_1_95' title="bbox 206 5774 1781 5856">
    <p class='ocr_par' dir='ltr' id='par_1_95' title="bbox 206 5774 1781 5856">
     <span class='ocr_line' id='line_1_96' title="bbox 206 5774 1781 5856; baseline 0.004 -21"><span class='ocrx_word' id='word_1_681' title='bbox 206 5777 267 5835; x_wconf 88' lang='lat' dir='ltr'>ad</span> <span class='ocrx_word' id='word_1_682' title='bbox 298 5774 553 5832; x_wconf 79' lang='lat' dir='ltr'>inferiora</span> <span class='ocrx_word' id='word_1_683' title='bbox 585 5774 678 5831; x_wconf 93' lang='lat' dir='ltr'>illa</span> <span class='ocrx_word' id='word_1_684' title='bbox 704 5794 715 5832; x_wconf 92' lang='lat'>:</span> <span class='ocrx_word' id='word_1_685' title='bbox 746 5779 891 5849; x_wconf 87' lang='lat' dir='ltr'>Ergo</span> <span class='ocrx_word' id='word_1_686' title='bbox 910 5774 969 5835; x_wconf 74' lang='lat' dir='ltr'>in</span> <span class='ocrx_word' id='word_1_687' title='bbox 987 5774 1282 5840; x_wconf 46' lang='lat' dir='ltr'>hac-sancta</span> <span class='ocrx_word' id='word_1_688' title='bbox 1310 5778 1412 5855; x_wconf 87' lang='lat' dir='ltr'>die,</span> <span class='ocrx_word' id='word_1_689' title='bbox 1445 5774 1781 5856; x_wconf 73' lang='lat' dir='ltr'>continetur,</span> 
     </span>
    </p>
   </div>
   <div class='ocr_carea' id='block_1_96' title="bbox 1882 3357 3467 3432">
    <p class='ocr_par' dir='ltr' id='par_1_96' title="bbox 1882 3357 3467 3432">
     <span class='ocr_line' id='line_1_97' title="bbox 1882 3357 3467 3432; baseline 0.001 -19"><span class='ocrx_word' id='word_1_690' title='bbox 1882 3358 2003 3414; x_wconf 90' lang='lat' dir='ltr'>vice</span> <span class='ocrx_word' id='word_1_691' title='bbox 2040 3357 2317 3430; x_wconf 90' lang='lat' dir='ltr'>sapiamus</span> <span class='ocrx_word' id='word_1_692' title='bbox 2348 3359 2495 3432; x_wconf 91' lang='lat' dir='ltr'>quod</span> <span class='ocrx_word' id='word_1_693' title='bbox 2521 3358 2728 3416; x_wconf 91' lang='lat' dir='ltr'>bonum</span> <span class='ocrx_word' id='word_1_694' title='bbox 2780 3365 2882 3427; x_wconf 90' lang='lat' dir='ltr'>est,</span> <span class='ocrx_word' id='word_1_695' title='bbox 2924 3358 3264 3415; x_wconf 89' lang='lat' dir='ltr'>redoleamus</span> <span class='ocrx_word' id='word_1_696' title='bbox 3318 3357 3467 3431; x_wconf 90' lang='lat' dir='ltr'>quod</span> 
     </span>
    </p>
   </div>
   <div class='ocr_carea' id='block_1_97' title="bbox 1882 3446 3471 3521">
    <p class='ocr_par' dir='ltr' id='par_1_97' title="bbox 1882 3446 3471 3521">
     <span class='ocr_line' id='line_1_98' title="bbox 1882 3446 3471 3521; baseline 0 -18"><span class='ocrx_word' id='word_1_697' title='bbox 1882 3462 2049 3503; x_wconf 89' lang='lat' dir='ltr'>suave</span> <span class='ocrx_word' id='word_1_698' title='bbox 2116 3456 2215 3516; x_wconf 90' lang='lat' dir='ltr'>est,</span> <span class='ocrx_word' id='word_1_699' title='bbox 2294 3455 2349 3504; x_wconf 91' lang='lat' dir='ltr'>et</span> <span class='ocrx_word' id='word_1_700' title='bbox 2404 3448 2677 3521; x_wconf 89' lang='lat' dir='ltr'>possimus</span> <span class='ocrx_word' id='word_1_701' title='bbox 2730 3448 2913 3505; x_wconf 86' lang='lat' dir='ltr'>dicere</span> <span class='ocrx_word' id='word_1_702' title='bbox 2971 3447 3113 3503; x_wconf 91' lang='lat' dir='ltr'>illud</span> <span class='ocrx_word' id='word_1_703' title='bbox 3166 3446 3417 3519; x_wconf 88' lang='lat' dir='ltr'>Apostoli</span> <span class='ocrx_word' id='word_1_704' title='bbox 3457 3464 3471 3503; x_wconf 90' lang='lat'><strong>:</strong></span> 
     </span>
    </p>
   </div>
   <div class='ocr_carea' id='block_1_98' title="bbox 1896 3536 3474 3608">
    <p class='ocr_par' dir='ltr' id='par_1_98' title="bbox 1896 3536 3474 3608">
     <span class='ocr_line' id='line_1_99' title="bbox 1896 3536 3474 3608; baseline 0.001 -17"><span class='ocrx_word' id='word_1_705' title='bbox 1896 3559 1913 3582; x_wconf 78' lang='grc' dir='ltr'>ι</span> <span class='ocrx_word' id='word_1_706' title='bbox 1945 3536 2214 3604; x_wconf 89' lang='lat' dir='ltr'>Quoniam</span> <span class='ocrx_word' id='word_1_707' title='bbox 2245 3536 2453 3595; x_wconf 91' lang='lat' dir='ltr'>Christi</span> <span class='ocrx_word' id='word_1_708' title='bbox 2484 3538 2663 3595; x_wconf 90' lang='lat' dir='ltr'>bonus</span> <span class='ocrx_word' id='word_1_709' title='bbox 2691 3538 2827 3595; x_wconf 90' lang='lat' dir='ltr'>odor</span> <span class='ocrx_word' id='word_1_710' title='bbox 2865 3554 3053 3594; x_wconf 87' lang='lat' dir='ltr'>sumus</span> <span class='ocrx_word' id='word_1_711' title='bbox 3081 3538 3194 3593; x_wconf 88' lang='lat' dir='ltr'>Deo</span> <span class='ocrx_word' id='word_1_712' title='bbox 3227 3536 3317 3608; x_wconf 89' lang='grc' dir='ltr'>(ΙΙ</span> <span class='ocrx_word' id='word_1_713' title='bbox 3345 3537 3474 3593; x_wconf 84' lang='lat' dir='ltr'>Cor.</span> 
     </span>
    </p>
   </div>
   <div class='ocr_carea' id='block_1_99' title="bbox 1883 3626 3475 3702">
    <p class='ocr_par' dir='ltr' id='par_1_99' title="bbox 1883 3626 3475 3702">
     <span class='ocr_line' id='line_1_100' title="bbox 1883 3626 3475 3702; baseline 0.001 -21"><span class='ocrx_word' id='word_1_714' title='bbox 1883 3643 1948 3695; x_wconf 91' lang='grc' dir='ltr'>ιι,</span> <span class='ocrx_word' id='word_1_715' title='bbox 1972 3627 2062 3698; x_wconf 83' lang='grc'>15)</span> <span class='ocrx_word' id='word_1_716' title='bbox 2090 3644 2144 3693; x_wconf 76' lang='grc' dir='ltr'>;ι</span> <span class='ocrx_word' id='word_1_717' title='bbox 2180 3626 2608 3685; x_wconf 89' lang='lat' dir='ltr'>catechumenus</span> <span class='ocrx_word' id='word_1_718' title='bbox 2629 3628 2775 3684; x_wconf 91' lang='lat' dir='ltr'>enim</span> <span class='ocrx_word' id='word_1_719' title='bbox 2798 3628 3116 3702; x_wconf 90' lang='lat' dir='ltr'>priusquam</span> <span class='ocrx_word' id='word_1_720' title='bbox 3146 3626 3475 3699; x_wconf 89' lang='lat' dir='ltr'>baptizetur,</span> 
     </span>
    </p>
   </div>
   <div class='ocr_carea' id='block_1_100' title="bbox 1883 3714 3474 3791">
    <p class='ocr_par' dir='ltr' id='par_1_100' title="bbox 1883 3714 3474 3791">
     <span class='ocr_line' id='line_1_101' title="bbox 1883 3714 3474 3791; baseline 0.001 -20"><span class='ocrx_word' id='word_1_721' title='bbox 1883 3714 2027 3772; x_wconf 92' lang='lat' dir='ltr'>sicut</span> <span class='ocrx_word' id='word_1_722' title='bbox 2050 3732 2190 3790; x_wconf 90' lang='lat' dir='ltr'>aqua</span> <span class='ocrx_word' id='word_1_723' title='bbox 2236 3715 2401 3788; x_wconf 88' lang='lat' dir='ltr'>jacet,</span> <span class='ocrx_word' id='word_1_724' title='bbox 2430 3716 2592 3790; x_wconf 90' lang='lat' dir='ltr'>friget</span> <span class='ocrx_word' id='word_1_725' title='bbox 2634 3726 2689 3773; x_wconf 91' lang='lat' dir='ltr'>et</span> <span class='ocrx_word' id='word_1_726' title='bbox 2717 3717 2902 3791; x_wconf 90' lang='lat' dir='ltr'>pallet:</span> <span class='ocrx_word' id='word_1_727' title='bbox 2934 3716 3114 3773; x_wconf 90' lang='lat' dir='ltr'>ﬁdelis</span> <span class='ocrx_word' id='word_1_728' title='bbox 3142 3725 3323 3773; x_wconf 89' lang='lat' dir='ltr'>autem</span> <span class='ocrx_word' id='word_1_729' title='bbox 3356 3716 3474 3789; x_wconf 89' lang='lat'>(39)</span> 
     </span>
    </p>
   </div>
   <div class='ocr_carea' id='block_1_101' title="bbox 1884 3805 3476 3875">
    <p class='ocr_par' dir='ltr' id='par_1_101' title="bbox 1884 3805 3476 3875">
     <span class='ocr_line' id='line_1_102' title="bbox 1884 3805 3476 3875; baseline 0 -13"><span class='ocrx_word' id='word_1_730' title='bbox 1884 3805 2028 3863; x_wconf 89' lang='lat' dir='ltr'>sicut</span> <span class='ocrx_word' id='word_1_731' title='bbox 2058 3805 2254 3861; x_wconf 89' lang='lat' dir='ltr'>vinum</span> <span class='ocrx_word' id='word_1_732' title='bbox 2309 3805 2470 3863; x_wconf 87' lang='lat' dir='ltr'>fortis</span> <span class='ocrx_word' id='word_1_733' title='bbox 2498 3815 2552 3863; x_wconf 90' lang='lat' dir='ltr'>et</span> <span class='ocrx_word' id='word_1_734' title='bbox 2607 3806 2811 3863; x_wconf 89' lang='lat' dir='ltr'>rubens</span> <span class='ocrx_word' id='word_1_735' title='bbox 2855 3814 2957 3864; x_wconf 89' lang='lat' dir='ltr'>est.</span> <span class='ocrx_word' id='word_1_736' title='bbox 3019 3806 3476 3875; x_wconf 88' lang='lat' dir='ltr'>Catechumenus,</span> 
     </span>
    </p>
   </div>
   <div class='ocr_carea' id='block_1_102' title="bbox 1888 3895 3478 3971">
    <p class='ocr_par' dir='ltr' id='par_1_102' title="bbox 1888 3895 3478 3971">
     <span class='ocr_line' id='line_1_103' title="bbox 1888 3895 3478 3971; baseline 0 -20"><span class='ocrx_word' id='word_1_737' title='bbox 1888 3895 2144 3968; x_wconf 90' lang='lat' dir='ltr'>inquam,</span> <span class='ocrx_word' id='word_1_738' title='bbox 2176 3895 2320 3953; x_wconf 88' lang='lat' dir='ltr'>sicut</span> <span class='ocrx_word' id='word_1_739' title='bbox 2338 3913 2479 3970; x_wconf 86' lang='lat' dir='ltr'>aqua</span> <span class='ocrx_word' id='word_1_740' title='bbox 2506 3896 2719 3954; x_wconf 89' lang='lat' dir='ltr'>nullius</span> <span class='ocrx_word' id='word_1_741' title='bbox 2746 3897 2974 3971; x_wconf 87' lang='lat' dir='ltr'>saporis,</span> <span class='ocrx_word' id='word_1_742' title='bbox 3019 3896 3230 3953; x_wconf 90' lang='lat' dir='ltr'>nullius</span> <span class='ocrx_word' id='word_1_743' title='bbox 3269 3895 3478 3966; x_wconf 88' lang='lat' dir='ltr'>odoris,</span> 
     </span>
    </p>
   </div>
   <div class='ocr_carea' id='block_1_103' title="bbox 1884 3982 3480 4057">
    <p class='ocr_par' dir='ltr' id='par_1_103' title="bbox 1884 3982 3480 4057">
     <span class='ocr_line' id='line_1_104' title="bbox 1884 3982 3480 4057; baseline -0.001 -16"><span class='ocrx_word' id='word_1_744' title='bbox 1884 3985 2098 4041; x_wconf 91' lang='lat' dir='ltr'>nullius</span> <span class='ocrx_word' id='word_1_745' title='bbox 2126 3991 2208 4040; x_wconf 89' lang='lat' dir='ltr'>est</span> <span class='ocrx_word' id='word_1_746' title='bbox 2238 3984 2421 4057; x_wconf 92' lang='lat' dir='ltr'>pretii,</span> <span class='ocrx_word' id='word_1_747' title='bbox 2453 4001 2555 4042; x_wconf 91' lang='lat' dir='ltr'>nec</span> <span class='ocrx_word' id='word_1_748' title='bbox 2588 3984 2867 4041; x_wconf 79' lang='lat' dir='ltr'>sufﬁciens</span> <span class='ocrx_word' id='word_1_749' title='bbox 2890 3984 2959 4040; x_wconf 89' lang='lat' dir='ltr'>ad</span> <span class='ocrx_word' id='word_1_750' title='bbox 2995 4000 3178 4052; x_wconf 87' lang='lat' dir='ltr'>usum,</span> <span class='ocrx_word' id='word_1_751' title='bbox 3210 3999 3311 4040; x_wconf 90' lang='lat' dir='ltr'>nec</span> <span class='ocrx_word' id='word_1_752' title='bbox 3335 3982 3480 4039; x_wconf 82' lang='lat' dir='ltr'>dele-</span> 
     </span>
    </p>
   </div>
   <div class='ocr_carea' id='block_1_104' title="bbox 1885 4072 3481 4142">
    <p class='ocr_par' dir='ltr' id='par_1_104' title="bbox 1885 4072 3481 4142">
     <span class='ocr_line' id='line_1_105' title="bbox 1885 4072 3481 4142; baseline -0.001 -12"><span class='ocrx_word' id='word_1_753' title='bbox 1885 4072 2110 4130; x_wconf 87' lang='lat' dir='ltr'>ctabilis</span> <span class='ocrx_word' id='word_1_754' title='bbox 2144 4072 2211 4129; x_wconf 90' lang='lat' dir='ltr'>ad</span> <span class='ocrx_word' id='word_1_755' title='bbox 2247 4072 2630 4142; x_wconf 89' lang='lat' dir='ltr'>reﬁciendum,</span> <span class='ocrx_word' id='word_1_756' title='bbox 2680 4089 2781 4131; x_wconf 90' lang='lat' dir='ltr'>nec</span> <span class='ocrx_word' id='word_1_757' title='bbox 2813 4072 3118 4131; x_wconf 88' lang='lat' dir='ltr'>tolerabilis</span> <span class='ocrx_word' id='word_1_758' title='bbox 3146 4072 3216 4129; x_wconf 90' lang='lat' dir='ltr'>ad</span> <span class='ocrx_word' id='word_1_759' title='bbox 3244 4087 3481 4129; x_wconf 87' lang='lat' dir='ltr'>servan—</span> 
     </span>
    </p>
   </div>
   <div class='ocr_carea' id='block_1_105' title="bbox 1885 4161 3481 4237">
    <p class='ocr_par' dir='ltr' id='par_1_105' title="bbox 1885 4161 3481 4237">
     <span class='ocr_line' id='line_1_106' title="bbox 1885 4161 3481 4237; baseline 0 -19"><span class='ocrx_word' id='word_1_760' title='bbox 1885 4161 2040 4219; x_wconf 91' lang='lat' dir='ltr'>dum.</span> <span class='ocrx_word' id='word_1_761' title='bbox 2068 4162 2204 4218; x_wconf 91' lang='lat' dir='ltr'>Nam</span> <span class='ocrx_word' id='word_1_762' title='bbox 2237 4162 2381 4220; x_wconf 89' lang='lat' dir='ltr'>sicut</span> <span class='ocrx_word' id='word_1_763' title='bbox 2408 4179 2547 4237; x_wconf 89' lang='lat' dir='ltr'>aqua</span> <span class='ocrx_word' id='word_1_764' title='bbox 2581 4180 2707 4220; x_wconf 88' lang='lat' dir='ltr'>cum</span> <span class='ocrx_word' id='word_1_765' title='bbox 2738 4171 2988 4220; x_wconf 89' lang='lat' dir='ltr'>servatur</span> <span class='ocrx_word' id='word_1_766' title='bbox 3024 4163 3257 4232; x_wconf 86' lang='lat' dir='ltr'>diutius,</span> <span class='ocrx_word' id='word_1_767' title='bbox 3288 4161 3347 4218; x_wconf 91' lang='lat' dir='ltr'>in</span> <span class='ocrx_word' id='word_1_768' title='bbox 3375 4161 3481 4218; x_wconf 88' lang='lat' dir='ltr'>de—</span> 
     </span>
    </p>
   </div>
   <div class='ocr_carea' id='block_1_106' title="bbox 1885 4249 3478 4325">
    <p class='ocr_par' dir='ltr' id='par_1_106' title="bbox 1885 4249 3478 4325">
     <span class='ocr_line' id='line_1_107' title="bbox 1885 4249 3478 4325; baseline -0.001 -18"><span class='ocrx_word' id='word_1_769' title='bbox 1885 4251 2059 4307; x_wconf 89' lang='lat' dir='ltr'>terius</span> <span class='ocrx_word' id='word_1_770' title='bbox 2086 4267 2245 4307; x_wconf 89' lang='lat' dir='ltr'>versa</span> <span class='ocrx_word' id='word_1_771' title='bbox 2274 4252 2422 4308; x_wconf 90' lang='lat' dir='ltr'>intra</span> <span class='ocrx_word' id='word_1_772' title='bbox 2444 4252 2787 4323; x_wconf 89' lang='lat' dir='ltr'>semetipsam</span> <span class='ocrx_word' id='word_1_773' title='bbox 2830 4252 3094 4325; x_wconf 88' lang='lat' dir='ltr'>putrescit</span> <span class='ocrx_word' id='word_1_774' title='bbox 3123 4259 3175 4309; x_wconf 89' lang='lat' dir='ltr'>et</span> <span class='ocrx_word' id='word_1_775' title='bbox 3196 4251 3330 4307; x_wconf 87' lang='lat' dir='ltr'>fetet</span> <span class='ocrx_word' id='word_1_776' title='bbox 3357 4268 3371 4318; x_wconf 92' lang='lat'><strong>;</strong></span> <span class='ocrx_word' id='word_1_777' title='bbox 3397 4249 3478 4306; x_wconf 92' lang='lat' dir='ltr'>ita</span> 
     </span>
    </p>
   </div>
   <div class='ocr_carea' id='block_1_107' title="bbox 1886 4340 3481 4412">
    <p class='ocr_par' dir='ltr' id='par_1_107' title="bbox 1886 4340 3481 4412">
     <span class='ocr_line' id='line_1_108' title="bbox 1886 4340 3481 4412; baseline -0.001 -16"><span class='ocrx_word' id='word_1_778' title='bbox 1886 4348 1940 4396; x_wconf 91' lang='lat' dir='ltr'>et</span> <span class='ocrx_word' id='word_1_779' title='bbox 1960 4340 2385 4399; x_wconf 87' lang='lat' dir='ltr'>catechumenus</span> <span class='ocrx_word' id='word_1_780' title='bbox 2414 4358 2538 4399; x_wconf 91' lang='lat' dir='ltr'>cum</span> <span class='ocrx_word' id='word_1_781' title='bbox 2570 4341 2782 4398; x_wconf 90' lang='lat' dir='ltr'>diutius</span> <span class='ocrx_word' id='word_1_782' title='bbox 2829 4341 3255 4399; x_wconf 87' lang='lat' dir='ltr'>catechumenus</span> <span class='ocrx_word' id='word_1_783' title='bbox 3273 4354 3481 4412; x_wconf 81' lang='lat' dir='ltr'>perma-</span> 
     </span>
    </p>
   </div>
   <div class='ocr_carea' id='block_1_108' title="bbox 1886 4427 3484 4501">
    <p class='ocr_par' dir='ltr' id='par_1_108' title="bbox 1886 4427 3484 4501">
     <span class='ocr_line' id='line_1_109' title="bbox 1886 4427 3484 4501; baseline -0.002 -16"><span class='ocrx_word' id='word_1_784' title='bbox 1886 4437 2001 4495; x_wconf 92' lang='lat' dir='ltr'>net,</span> <span class='ocrx_word' id='word_1_785' title='bbox 2034 4430 2092 4485; x_wconf 93' lang='lat' dir='ltr'>in</span> <span class='ocrx_word' id='word_1_786' title='bbox 2119 4428 2362 4487; x_wconf 87' lang='lat' dir='ltr'>deterius</span> <span class='ocrx_word' id='word_1_787' title='bbox 2390 4446 2690 4488; x_wconf 89' lang='lat' dir='ltr'>conversus</span> <span class='ocrx_word' id='word_1_788' title='bbox 2719 4430 2865 4487; x_wconf 87' lang='lat' dir='ltr'>intra</span> <span class='ocrx_word' id='word_1_789' title='bbox 2882 4430 3237 4501; x_wconf 89' lang='lat' dir='ltr'>semetipsum</span> <span class='ocrx_word' id='word_1_790' title='bbox 3265 4427 3484 4485; x_wconf 88' lang='lat' dir='ltr'>vilescit</span> 
     </span>
    </p>
   </div>
   <div class='ocr_carea' id='block_1_109' title="bbox 1887 4517 3483 4591">
    <p class='ocr_par' dir='ltr' id='par_1_109' title="bbox 1887 4517 3483 4591">
     <span class='ocr_line' id='line_1_110' title="bbox 1887 4517 3483 4591; baseline 0.002 -19"><span class='ocrx_word' id='word_1_791' title='bbox 1887 4525 1941 4573; x_wconf 92' lang='lat' dir='ltr'>et</span> <span class='ocrx_word' id='word_1_792' title='bbox 1964 4517 2332 4591; x_wconf 66' lang='lat' dir='ltr'>deperitULO).</span> <span class='ocrx_word' id='word_1_793' title='bbox 2362 4519 2457 4575; x_wconf 85' lang='lat' dir='ltr'>Ait</span> <span class='ocrx_word' id='word_1_794' title='bbox 2485 4519 2633 4575; x_wconf 90' lang='lat' dir='ltr'>enim</span> <span class='ocrx_word' id='word_1_795' title='bbox 2662 4520 2933 4576; x_wconf 90' lang='lat' dir='ltr'>Dominus</span> <span class='ocrx_word' id='word_1_796' title='bbox 2964 4537 2975 4576; x_wconf 93' lang='lat'>:</span> <span class='ocrx_word' id='word_1_797' title='bbox 3009 4543 3027 4566; x_wconf 74' lang='grc' dir='ltr'>ι</span> <span class='ocrx_word' id='word_1_798' title='bbox 3049 4518 3163 4575; x_wconf 91' lang='lat' dir='ltr'>Nisi</span> <span class='ocrx_word' id='word_1_799' title='bbox 3188 4518 3313 4591; x_wconf 87' lang='lat' dir='ltr'>quis</span> <span class='ocrx_word' id='word_1_800' title='bbox 3329 4534 3483 4575; x_wconf 88' lang='lat' dir='ltr'>rena-</span> 
     </span>
    </p>
   </div>
   <div class='ocr_carea' id='block_1_110' title="bbox 1808 4608 3482 4693">
    <p class='ocr_par' dir='ltr' id='par_1_110' title="bbox 1808 4608 3482 4693">
     <span class='ocr_line' id='line_1_111' title="bbox 1808 4608 3482 4693; baseline 0.001 -28"><span class='ocrx_word' id='word_1_801' title='bbox 1808 4633 1859 4693; x_wconf 81' lang='lat' dir='ltr'><strong>D</strong></span> <span class='ocrx_word' id='word_1_802' title='bbox 1889 4615 1983 4665; x_wconf 89' lang='lat' dir='ltr'>tus</span> <span class='ocrx_word' id='word_1_803' title='bbox 2038 4608 2208 4665; x_wconf 89' lang='lat' dir='ltr'>fuerit</span> <span class='ocrx_word' id='word_1_804' title='bbox 2262 4626 2333 4666; x_wconf 84' lang='lat' dir='ltr'>ex</span> <span class='ocrx_word' id='word_1_805' title='bbox 2360 4626 2503 4683; x_wconf 89' lang='lat' dir='ltr'>aqua</span> <span class='ocrx_word' id='word_1_806' title='bbox 2554 4618 2607 4665; x_wconf 91' lang='lat' dir='ltr'>et</span> <span class='ocrx_word' id='word_1_807' title='bbox 2636 4609 2846 4681; x_wconf 90' lang='lat' dir='ltr'>Spiritu</span> <span class='ocrx_word' id='word_1_808' title='bbox 2894 4618 3102 4678; x_wconf 90' lang='lat' dir='ltr'>sancto,</span> <span class='ocrx_word' id='word_1_809' title='bbox 3140 4625 3251 4665; x_wconf 92' lang='lat' dir='ltr'>non</span> <span class='ocrx_word' id='word_1_810' title='bbox 3310 4609 3482 4667; x_wconf 91' lang='lat' dir='ltr'>intrat</span> 
     </span>
    </p>
   </div>
   <div class='ocr_carea' id='block_1_111' title="bbox 1887 4699 3480 4771">
    <p class='ocr_par' dir='ltr' id='par_1_111' title="bbox 1887 4699 3480 4771">
     <span class='ocr_line' id='line_1_112' title="bbox 1887 4699 3480 4771; baseline 0.002 -18"><span class='ocrx_word' id='word_1_811' title='bbox 1887 4714 2116 4770; x_wconf 86' lang='lat' dir='ltr'>regnum</span> <span class='ocrx_word' id='word_1_812' title='bbox 2170 4700 2432 4755; x_wconf 78' lang='lat' dir='ltr'>caelorum</span> <span class='ocrx_word' id='word_1_813' title='bbox 2494 4699 2677 4768; x_wconf 83' lang='lat' dir='ltr'>(Joan.</span> <span class='ocrx_word' id='word_1_814' title='bbox 2733 4716 2815 4766; x_wconf 89' lang='grc' dir='ltr'>ιιι,</span> <span class='ocrx_word' id='word_1_815' title='bbox 2889 4699 2990 4770; x_wconf 88' lang='lat'>3):</span> <span class='ocrx_word' id='word_1_816' title='bbox 3045 4723 3064 4746; x_wconf 74' lang='grc' dir='ltr'>ι</span> <span class='ocrx_word' id='word_1_817' title='bbox 3126 4699 3222 4771; x_wconf 91' lang='lat' dir='ltr'>qui</span> <span class='ocrx_word' id='word_1_818' title='bbox 3296 4707 3480 4764; x_wconf 83' lang='lat' dir='ltr'>autem</span> 
     </span>
    </p>
   </div>
   <div class='ocr_carea' id='block_1_112' title="bbox 1886 4790 3480 4865">
    <p class='ocr_par' dir='ltr' id='par_1_112' title="bbox 1886 4790 3480 4865">
     <span class='ocr_line' id='line_1_113' title="bbox 1886 4790 3480 4865; baseline -0.004 -17"><span class='ocrx_word' id='word_1_819' title='bbox 1886 4808 2002 4848; x_wconf 91' lang='lat' dir='ltr'>non</span> <span class='ocrx_word' id='word_1_820' title='bbox 2061 4792 2232 4848; x_wconf 88' lang='lat' dir='ltr'>intrat</span> <span class='ocrx_word' id='word_1_821' title='bbox 2286 4808 2542 4865; x_wconf 87' lang='lat' dir='ltr'>regnum,</span> <span class='ocrx_word' id='word_1_822' title='bbox 2609 4790 2912 4847; x_wconf 88' lang='lat' dir='ltr'>necessario</span> <span class='ocrx_word' id='word_1_823' title='bbox 2969 4798 3216 4849; x_wconf 88' lang='lat' dir='ltr'>remanet</span> <span class='ocrx_word' id='word_1_824' title='bbox 3265 4791 3324 4853; x_wconf 83' lang='lat' dir='ltr'>in</span> <span class='ocrx_word' id='word_1_825' title='bbox 3380 4791 3480 4854; x_wconf 60' lang='lat' dir='ltr'>in-</span> 
     </span>
    </p>
   </div>
   <div class='ocr_carea' id='block_1_113' title="bbox 1889 4882 2067 4939">
    <p class='ocr_par' dir='ltr' id='par_1_113' title="bbox 1889 4882 2067 4939">
     <span class='ocr_line' id='line_1_114' title="bbox 1889 4882 2067 4939; baseline 0.006 -1"><span class='ocrx_word' id='word_1_826' title='bbox 1889 4882 2067 4939; x_wconf 91' lang='lat' dir='ltr'>ferno.</span> 
     </span>
    </p>
   </div>
   <div class='ocr_carea' id='block_1_114' title="bbox 1962 5020 3482 5095">
    <p class='ocr_par' dir='ltr' id='par_1_114' title="bbox 1962 5020 3482 5095">
     <span class='ocr_line' id='line_1_115' title="bbox 1962 5020 3482 5095; baseline 0.002 -16"><span class='ocrx_word' id='word_1_827' title='bbox 1962 5022 2015 5079; x_wconf 92' lang='lat'>3.</span> <span class='ocrx_word' id='word_1_828' title='bbox 2056 5023 2219 5081; x_wconf 82' lang='lat' dir='ltr'>Recte</span> <span class='ocrx_word' id='word_1_829' title='bbox 2252 5030 2433 5081; x_wconf 89' lang='lat' dir='ltr'>autem</span> <span class='ocrx_word' id='word_1_830' title='bbox 2487 5020 2620 5078; x_wconf 92' lang='lat' dir='ltr'>vino</span> <span class='ocrx_word' id='word_1_831' title='bbox 2675 5031 3022 5095; x_wconf 88' lang='lat' dir='ltr'>comparatur</span> <span class='ocrx_word' id='word_1_832' title='bbox 3064 5022 3279 5093; x_wconf 87' lang='lat' dir='ltr'>ﬁdelis;</span> <span class='ocrx_word' id='word_1_833' title='bbox 3336 5025 3482 5082; x_wconf 89' lang='lat' dir='ltr'>sicut</span> 
     </span>
    </p>
   </div>
   <div class='ocr_carea' id='block_1_115' title="bbox 1903 5112 3481 5173">
    <p class='ocr_par' dir='ltr' id='par_1_115' title="bbox 1903 5112 3481 5173">
     <span class='ocr_line' id='line_1_116' title="bbox 1903 5112 3481 5173; baseline 0.002 -5"><span class='ocrx_word' id='word_1_834' title='bbox 1903 5112 2053 5168; x_wconf 88' lang='lat' dir='ltr'>enim</span> <span class='ocrx_word' id='word_1_835' title='bbox 2085 5129 2154 5170; x_wconf 85' lang='lat' dir='ltr'>ex</span> <span class='ocrx_word' id='word_1_836' title='bbox 2184 5122 2507 5171; x_wconf 88' lang='lat' dir='ltr'>cunctarum</span> <span class='ocrx_word' id='word_1_837' title='bbox 2550 5121 2924 5173; x_wconf 86' lang='lat' dir='ltr'>creaturarum</span> <span class='ocrx_word' id='word_1_838' title='bbox 2962 5112 3273 5171; x_wconf 89' lang='lat' dir='ltr'>substantia</span> <span class='ocrx_word' id='word_1_839' title='bbox 3299 5113 3481 5171; x_wconf 85' lang='lat' dir='ltr'>omnis</span> 
     </span>
    </p>
   </div>
   <div class='ocr_carea' id='block_1_116' title="bbox 1890 5281 3478 5360">
    <p class='ocr_par' dir='ltr' id='par_1_116' title="bbox 1890 5281 3478 5360">
     <span class='ocr_line' id='line_1_117' title="bbox 1890 5281 3478 5360; baseline 0.001 -19"><span class='ocrx_word' id='word_1_840' title='bbox 1890 5282 2128 5360; x_wconf 78' lang='lat' dir='ltr'>sermoni</span> <span class='ocrx_word' id='word_1_841' title='bbox 2148 5281 2240 5357; x_wconf 90' lang='lat' dir='ltr'>qui</span> <span class='ocrx_word' id='word_1_842' title='bbox 2272 5283 2433 5343; x_wconf 90' lang='lat' dir='ltr'>nobis</span> <span class='ocrx_word' id='word_1_843' title='bbox 2461 5300 2641 5360; x_wconf 87' lang='lat' dir='ltr'>nonus</span> <span class='ocrx_word' id='word_1_844' title='bbox 2657 5291 2757 5354; x_wconf 91' lang='lat' dir='ltr'>est,</span> <span class='ocrx_word' id='word_1_845' title='bbox 2787 5286 3040 5357; x_wconf 89' lang='lat' dir='ltr'>inseruit,</span> <span class='ocrx_word' id='word_1_846' title='bbox 3074 5288 3151 5344; x_wconf 91' lang='lat' dir='ltr'>ita</span> <span class='ocrx_word' id='word_1_847' title='bbox 3173 5287 3478 5360; x_wconf 89' lang='lat' dir='ltr'>incipiens:</span> 
     </span>
    </p>
   </div>
   <div class='ocr_carea' id='block_1_117' title="bbox 1890 5358 3485 5440">
    <p class='ocr_par' dir='ltr' id='par_1_117' title="bbox 1890 5358 3485 5440">
     <span class='ocr_line' id='line_1_118' title="bbox 1890 5358 3485 5440; baseline 0 -26"><span class='ocrx_word' id='word_1_848' title='bbox 1890 5358 2414 5440; x_wconf 32' lang='lat' dir='ltr'>Igiturloportetheos</span> <span class='ocrx_word' id='word_1_849' title='bbox 2469 5359 2745 5440; x_wconf 74' lang='lat' dir='ltr'>diligenter</span> <span class='ocrx_word' id='word_1_850' title='bbox 2767 5360 2984 5440; x_wconf 76' lang='lat' dir='ltr'>_audire</span> <span class='ocrx_word' id='word_1_851' title='bbox 3019 5362 3143 5440; x_wconf 68' lang='lat' dir='ltr'>limo,</span> <span class='ocrx_word' id='word_1_852' title='bbox 3176 5366 3233 5414; x_wconf 87' lang='lat' dir='ltr'>ut</span> <span class='ocrx_word' id='word_1_853' title='bbox 3259 5358 3485 5415; x_wconf 70' lang='lat' dir='ltr'>anima-</span> 
     </span>
    </p>
   </div>
   <div class='ocr_carea' id='block_1_118' title="bbox 1890 5428 3088 5499">
    <p class='ocr_par' dir='ltr' id='par_1_118' title="bbox 1890 5428 3088 5499">
     <span class='ocr_line' id='line_1_119' title="bbox 1890 5428 3088 5499; baseline 0.004 -16"><span class='ocrx_word' id='word_1_854' title='bbox 1890 5445 2008 5483; x_wconf 87' lang='lat' dir='ltr'>rum</span> <span class='ocrx_word' id='word_1_855' title='bbox 2046 5428 2223 5499; x_wconf 85' lang='lat' dir='ltr'>liquor</span> <span class='ocrx_word' id='word_1_856' title='bbox 2250 5429 2502 5485; x_wconf 84' lang='lat' dir='ltr'>vitiorum</span> <span class='ocrx_word' id='word_1_857' title='bbox 2529 5428 2653 5485; x_wconf 83' lang='lat' dir='ltr'>vilis</span> <span class='ocrx_word' id='word_1_858' title='bbox 2681 5436 2729 5484; x_wconf 88' lang='lat' dir='ltr'>et</span> <span class='ocrx_word' id='word_1_859' title='bbox 2761 5431 2948 5499; x_wconf 85' lang='lat' dir='ltr'>tenuis,</span> <span class='ocrx_word' id='word_1_860' title='bbox 2980 5438 3088 5488; x_wconf 91' lang='lat' dir='ltr'>etc.</span> 
     </span>
    </p>
   </div>
   <div class='ocr_carea' id='block_1_119' title="bbox 1966 5498 3485 5573">
    <p class='ocr_par' dir='ltr' id='par_1_119' title="bbox 1966 5498 3485 5573">
     <span class='ocr_line' id='line_1_120' title="bbox 1966 5498 3485 5573; baseline 0 -17"><span class='ocrx_word' id='word_1_861' title='bbox 1966 5500 2081 5571; x_wconf 88' lang='lat'>(39)</span> <span class='ocrx_word' id='word_1_862' title='bbox 2100 5498 2255 5556; x_wconf 84' lang='lat' dir='ltr'>Idem</span> <span class='ocrx_word' id='word_1_863' title='bbox 2278 5500 2399 5558; x_wconf 90' lang='lat' dir='ltr'>cod.</span> <span class='ocrx_word' id='word_1_864' title='bbox 2424 5502 2578 5573; x_wconf 70' lang='lat' dir='ltr'>Reg,</span> <span class='ocrx_word' id='word_1_865' title='bbox 2602 5501 2837 5573; x_wconf 82' lang='lat' dir='ltr'>Infidelis</span> <span class='ocrx_word' id='word_1_866' title='bbox 2865 5501 3001 5556; x_wconf 87' lang='lat' dir='ltr'>enim</span> <span class='ocrx_word' id='word_1_867' title='bbox 3032 5501 3167 5557; x_wconf 85' lang='lat' dir='ltr'>sicut</span> <span class='ocrx_word' id='word_1_868' title='bbox 3183 5516 3325 5572; x_wconf 89' lang='lat' dir='ltr'>aqua</span> <span class='ocrx_word' id='word_1_869' title='bbox 3341 5498 3485 5571; x_wconf 86' lang='lat' dir='ltr'>jacet</span> 
     </span>
    </p>
   </div>
   <div class='ocr_carea' id='block_1_120' title="bbox 1890 5568 2910 5645">
    <p class='ocr_par' dir='ltr' id='par_1_120' title="bbox 1890 5568 2910 5645">
     <span class='ocr_line' id='line_1_121' title="bbox 1890 5568 2910 5645; baseline 0.005 -21"><span class='ocrx_word' id='word_1_870' title='bbox 1890 5568 2087 5645; x_wconf 75' lang='lat' dir='ltr'>rigetet</span> <span class='ocrx_word' id='word_1_871' title='bbox 2105 5573 2339 5645; x_wconf 80' lang='lat' dir='ltr'>pallet...</span> <span class='ocrx_word' id='word_1_872' title='bbox 2372 5568 2630 5645; x_wconf 48' lang='lat' dir='ltr'>Infid&#39;elis,</span> <span class='ocrx_word' id='word_1_873' title='bbox 2667 5568 2910 5645; x_wconf 42' lang='lat' dir='ltr'>&quot;inquam.</span> 
     </span>
    </p>
   </div>
   <div class='ocr_carea' id='block_1_121' title="bbox 1985 5590 3485 5715">
    <p class='ocr_par' dir='ltr' id='par_1_121' title="bbox 1985 5590 3485 5715">
     <span class='ocr_line' id='line_1_122' title="bbox 1985 5590 2910 5645; baseline 0.005 -21"><span class='ocrx_word' id='word_1_874' title='bbox 1985 5590 2087 5626; x_wconf 72' lang='lat' dir='ltr'>etet</span> <span class='ocrx_word' id='word_1_875' title='bbox 2125 5590 2339 5629; x_wconf 78' lang='lat' dir='ltr'>must...</span> <span class='ocrx_word' id='word_1_876' title='bbox 2372 5590 2630 5645; x_wconf 70' lang='grc' dir='ltr'>ιημιιειιε,</span> <span class='ocrx_word' id='word_1_877' title='bbox 2673 5590 2910 5642; x_wconf 75' lang='lat' dir='ltr'>inquam.</span> 
     </span>
     <span class='ocr_line' id='line_1_123' title="bbox 1985 5590 3485 5715; baseline 0.001 -17"><span class='ocrx_word' id='word_1_878' title='bbox 1985 5641 2075 5713; x_wconf 62' lang='lat' dir='ltr'>li0)</span> <span class='ocrx_word' id='word_1_879' title='bbox 2105 5590 2189 5699; x_wconf 61' lang='lat' dir='ltr'>id.</span> <span class='ocrx_word' id='word_1_880' title='bbox 2222 5660 2332 5715; x_wconf 84' lang='lat' dir='ltr'>reg.</span> <span class='ocrx_word' id='word_1_881' title='bbox 2364 5644 2558 5713; x_wconf 87' lang='lat' dir='ltr'>codex,</span> <span class='ocrx_word' id='word_1_882' title='bbox 2591 5644 2667 5698; x_wconf 87' lang='lat' dir='ltr'>ita</span> <span class='ocrx_word' id='word_1_883' title='bbox 2713 5650 2761 5698; x_wconf 90' lang='lat' dir='ltr'>et</span> <span class='ocrx_word' id='word_1_884' title='bbox 2784 5644 3013 5714; x_wconf 84' lang='lat' dir='ltr'>inﬁdelis</span> <span class='ocrx_word' id='word_1_885' title='bbox 3032 5662 3150 5701; x_wconf 88' lang='lat' dir='ltr'>cum</span> <span class='ocrx_word' id='word_1_886' title='bbox 3198 5642 3400 5699; x_wconf 84' lang='lat' dir='ltr'>diutius</span> <span class='ocrx_word' id='word_1_887' title='bbox 3428 5643 3485 5699; x_wconf 90' lang='lat' dir='ltr'>in</span> 
     </span>
    </p>
   </div>
   <div class='ocr_carea' id='block_1_122' title="bbox 1890 5714 2619 5788">
    <p class='ocr_par' dir='ltr' id='par_1_122' title="bbox 1890 5714 2619 5788">
     <span class='ocr_line' id='line_1_124' title="bbox 1890 5714 2619 5788; baseline 0.003 -19"><span class='ocrx_word' id='word_1_888' title='bbox 1890 5714 2200 5788; x_wconf 82' lang='lat' dir='ltr'>inﬁdelitate</span> <span class='ocrx_word' id='word_1_889' title='bbox 2256 5714 2547 5788; x_wconf 77' lang='lat' dir='ltr'>permanet.</span> <span class='ocrx_word' id='word_1_890' title='bbox 2560 5759 2572 5771; x_wconf 90' lang='lat'>.</span> <span class='ocrx_word' id='word_1_891' title='bbox 2583 5758 2595 5771; x_wconf 92' lang='lat'>.</span> <span class='ocrx_word' id='word_1_892' title='bbox 2607 5758 2619 5771; x_wconf 95' lang='lat'>.</span> 
     </span>
    </p>
   </div>
   <div class='ocr_carea' id='block_1_123' title="bbox 1892 5802 1923 5841">
    <p class='ocr_par' dir='ltr' id='par_1_123' title="bbox 1892 5802 1923 5841">
     <span class='ocr_line' id='line_1_125' title="bbox 1892 5802 1923 5841; baseline 0 0"><span class='ocrx_word' id='word_1_893' title='bbox 1892 5802 1923 5841; x_wconf 72' lang='lat'>8</span> 
     </span>
    </p>
   </div>
   <div class='ocr_carea' id='block_1_124' title="bbox 2677 5714 3485 5789">
    <p class='ocr_par' dir='ltr' id='par_1_124' title="bbox 2677 5714 3485 5789">
     <span class='ocr_line' id='line_1_126' title="bbox 2677 5714 3485 5789; baseline 0.004 -20"><span class='ocrx_word' id='word_1_894' title='bbox 2677 5714 2896 5789; x_wconf 75' lang='lat' dir='ltr'>deperit.</span> <span class='ocrx_word' id='word_1_895' title='bbox 2947 5717 3155 5775; x_wconf 71' lang='lat' dir='ltr'>Caetera</span> <span class='ocrx_word' id='word_1_896' title='bbox 3183 5732 3283 5773; x_wconf 91' lang='lat' dir='ltr'>vos</span> <span class='ocrx_word' id='word_1_897' title='bbox 3311 5731 3485 5789; x_wconf 87' lang='lat' dir='ltr'>usque</span> 
     </span>
    </p>
   </div>
   <div class='ocr_carea' id='block_1_125' title="bbox 1990 5784 2871 5861">
    <p class='ocr_par' dir='ltr' id='par_1_125' title="bbox 1990 5784 2871 5861">
     <span class='ocr_line' id='line_1_127' title="bbox 1990 5784 2871 5861; baseline 0.002 -16"><span class='ocrx_word' id='word_1_898' title='bbox 1990 5789 2140 5845; x_wconf 82' lang='lat' dir='ltr'>Recte</span> <span class='ocrx_word' id='word_1_899' title='bbox 2165 5784 2362 5858; x_wconf 71' lang='lat' dir='ltr'>autem,</span> <span class='ocrx_word' id='word_1_900' title='bbox 2393 5787 2630 5861; x_wconf 90' lang='lat' dir='ltr'>scriptor</span> <span class='ocrx_word' id='word_1_901' title='bbox 2660 5784 2871 5847; x_wconf 77' lang='lat' dir='ltr'>omisit.</span> 
     </span>
    </p>
   </div>
  </div>
