3972 6388
459 445 564 503 647
1456 437 1554 496 AD
1590 435 1825 495 OPEBA
1863 434 1918 492 S.
1961 431 2296 492 AMBROSII
2339 429 2724 489 APPENDIX.
3685 419 3815 479 6&8

455 589 542 633 res
567 579 840 630 vetustate
883 569 1114 642 deperit,
1171 568 1352 624 solum
1381 565 1577 623 vinum
1607 565 1826 638 proﬁcit
1870 571 2042 620 vetu—
2071 564 2120 622 A
2225 558 2280 618 2.
2322 559 2438 617 Hoc
2481 567 2664 616 autem
2709 563 2886 614 totum
2936 551 3204 610 hodierno
3249 549 3339 608 die
3381 557 3600 624 gestum
3667 565 3816 606 esse

455 671 628 732 state;
661 661 741 718 ita
769 677 838 718 ex
863 641 1018 716 omni
1040 673 1235 731 genere
1251 656 1543 714 hominum
1573 654 1790 712 cunctis
1818 651 2056 725 antiqui-
2168 651 2525 709 manifestum
2554 656 2637 704 est
2665 665 2677 704 :
2731 645 2879 720 quod
2913 643 2992 702 ita
3039 658 3234 699 verum
3269 657 3385 698 esse
3429 641 3547 714 ipsa
3574 655 3812 712 possu-

456 761 570 810 tate
585 727 963 825 pereuntibus,
985 727 1136 804 solus
1155 743 1738 818 Christianusprolicit
1761 745 2052 797 vetustate.
2166 761 2290 802 mus
2335 742 2592 814 colligere
2639 737 2855 794 ratione
2891 755 2906 806 ;
2952 735 3098 792 ratio
3146 727 3297 806 enim
3345 731 3524 804 exigit
3565 737 3808 803 ut’post

498 900 511 912 ,
529 843 603 898 Et
631 841 776 898 sicut
803 838 999 910 vinum
1022 837 1081 893 in
1110 836 1228 893 dies
1257 834 1502 907 singulos
1530 831 1880 906 asperitatem
1902 845 2057 884 suam

459 931 792 1003 decoquens,
822 927 1032 1000 saporis
1061 925 1435 993 dulcedinem,
1467 922 1796 979 suavitatem
1849 918 2055 988 odoris,

462 1019 700 1092 acquirit
723 1037 737 1085 ;
761 1016 838 1074 ita
857 1026 910 1074 et
923 1015 1268 1074 Christianus
1288 1030 1542 1071 successu
1558 1009 1821 1084 temporis
1836 1009 2059 1065 delicto-

465 1126 590 1166 rum
619 1125 846 1165 suorum
875 1108 1226 1179 asperitatem
1257 1105 1586 1177 decoquens,
1606 1099 1932 1174 sapientiam
1953 1097 2059 1154 sibi

463 1197 800 1266 divinitatis,
861 1196 1304 1253 benevolentiam
1335 1192 1622 1250 Trinitatis
1655 1191 1772 1262 (41)
1806 1186 2058 1246 assumit.

536 1289 590 1345 4.
621 1291 769 1361 Ergo
799 1288 857 1343 in
884 1287 990 1343 hac
1008 1293 1195 1344 sancta
1223 1285 1314 1342 die
1343 1285 1653 1356 baptizatus
1668 1291 1750 1338 est
1769 1279 2060 1337 Dominus.

467 1378 666 1438 Videte
693 1393 856 1450 quam
908 1377 1050 1432 bene
1077 1375 1441 1442 ordinaverit,
1475 1381 1538 1430 ut
1566 1379 1620 1428 et
1673 1371 1732 1426 in
1761 1368 1932 1426 natali
1961 1382 2063 1422 suo

467 1475 629 1524 natus
651 1466 742 1536 sit,
773 1474 828 1522 et
855 1465 914 1521 in
943 1463 1259 1537 Epiphania
1303 1470 1562 1530 renatus;
1621 1469 1684 1517 ut
1708 1475 1811 1516 nec
1847 1459 2006 1530 longe
2034 1485 2067 1524 θ,

469 1573 527 1615 se
555 1557 749 1614 salutis
773 1557 1027 1613 humanm
1061 1563 1190 1621 vota
1219 1553 1506 1622 distarent,
1529 1559 1585 1608 et
1611 1558 1840 1608 aeternas
1883 1547 2068 1604 Salva-

468 1649 577 1706 tori
605 1647 812 1720 jugiter
852 1645 1052 1718 gratias
1085 1659 1388 1716 ageremus.

537 1737 592 1794 5.
627 1737 783 1793 Tunc
833 1743 888 1792 et
942 1743 1072 1791 vota
1098 1740 1288 1790 nostra
1341 1730 1616 1788 celebrata
1669 1735 1820 1796 sunt,
1847 1725 2067 1800 quando

469 1823 694 1884 Christo
747 1823 995 1881 Ecclesia
1041 1822 1298 1896 copulata
1325 1827 1428 1888 est,
1469 1819 1613 1877 sicut
1660 1818 1738 1875 ait
1789 1817 2064 1874 Joannes:

2167 836 2313 893 diem
2363 831 2573 890 Natalis
2631 825 2930 896 Dominici,
2991 825 3122 882 licet
3195 821 3542 896 interpositis
3598 819 3805 889 annis,

2167 929 2358 987 eodem
2414 933 2599 982 tamen
2647 929 2894 994 tempore
2942 919 3060 976 haec
3107 916 3379 974 festivitas
3421 920 3790 988 sequeretur,

2169 1029 2333 1089 quam
2379 1019 2435 1068 et
2480 1011 2652 1084 ipsam
2702 1008 3060 1065 festivitatem
3107 1006 3343 1062 natalem
3391 1001 3797 1076 appellandam

2171 1115 2323 1180 puto.
2357 1105 2513 1161 Tunc
2571 1102 2718 1158 enim
2768 1109 2930 1157 natus
2969 1095 3318 1162 hominibus,
3352 1094 3522 1151 hodie
3555 1099 3800 1150 renatus

2171 1204 2253 1253 est
2299 1191 2653 1250 sacramentis
2687 1209 2700 1247 :
2755 1198 2890 1246 tunc
2935 1203 3032 1260 per
3060 1185 3344 1256 Virginem
3375 1184 3581 1251 editus,
3615 1181 3798 1238 hodie

2173 1303 2269 1359 per
2302 1283 2625 1358 mysterium
2657 1287 2967 1354 generatus.
2997 1278 3078 1333 Ita
3107 1273 3255 1331 enim
3288 1271 3567 1344 disposuit
3593 1272 3798 1328 Domi-

2173 1391 2278 1431 nus
2309 1389 2419 1430 non
2440 1373 2600 1444 longe
2628 1370 2773 1426 inter
2791 1383 2848 1423 se
2877 1365 3169 1422 hominum
3199 1369 3331 1419 vota
3365 1361 3594 1430 distare,
3625 1367 3695 1416 ut
3735 1359 3797 1415 in

2173 1479 2286 1519 uno
2316 1470 2560 1534 tempore
2589 1475 2751 1532 quem
2789 1455 3035 1530 genitum
3067 1451 3492 1528 gratulabantur
3520 1451 3580 1506 in
3613 1458 3793 1519 terra,

2175 1551 2578 1610 sanctiﬁcatum
2621 1550 2936 1606 laetarentur
2980 1545 3038 1601 in
3081 1543 3279 1612 caalis;
3324 1549 3388 1598 ut
3421 1541 3518 1615 qui
3556 1547 3795 1614 partum

2175 1640 2444 1714 Virginis,
2491 1639 2699 1712 angelis
2727 1634 3212 1703 annuntiantibus,
3246 1631 3626 1706 possidebant,
3681 1629 3793 1687 Dei

2175 1731 2406 1800 Filium,
2482 1729 2636 1786 cmlis
2707 1725 3056 1794 testantibus,
3117 1721 3468 1780 retinerent:
3531 1719 3798 1792 certique

2176 1809 2365 1878 essent.
2391 1818 2665 1876 homines
2719 1816 2848 1890 quia
2904 1815 3019 1888 ipse
3065 1819 3205 1870 esset
3259 1811 3438 1868 Filius
3463 1807 3587 1877 Dei,
3619 1824 3794 1882 quem

481 1939 503 1964 ‹
556 1914 664 1984 Qui
717 1914 885 1972 habet
949 1929 1225 1986 sponsam,
1291 1927 1526 1984 sponsus
1590 1915 1672 1965 est
1742 1907 1924 1980 (Joan.
1981 1922 2063 1974 In,

2187 1911 2352 1983 Virgo
2398 1913 2701 1982 pepererat,
2754 1903 3032 1962 Divinitas
3060 1899 3425 1975 agnoscebat;
3457 1897 3592 1954 novi
3632 1898 3794 1954 enim

469 2004 588 2078 29).
622 2031 642 2054 ι
681 2003 910 2076 Pr0pter
938 2001 1038 2060 has
1062 2018 1192 2074 ergo
1241 2000 1468 2074 nuptias
1502 1999 1699 2056 saltare
1726 2012 1828 2052 nos
1855 2009 2068 2053 conve-

469 2095 594 2162 nit;
650 2093 924 2166 siquidem
955 2099 1010 2148 et
1064 2089 1243 2147 David
1303 2106 1402 2146 rex
1460 2088 1664 2162 pariter
1693 2093 1746 2142 et
1801 2084 2070 2158 propheta

471 2198 601 2240 cum
683 2181 858 2240 multa
915 2179 1200 2248 cecinerit,
1275 2185 1401 2234 ante
1493 2192 1675 2232 arcam
1735 2171 2069 2230 Testamenti

475 2273 701 2330 saltasse
758 2271 976 2328 dicatur
1033 2269 1123 2342 (II
1155 2269 1280 2340 Reg.
1322 2283 1402 2335 vr,
1430 2265 1563 2338 14);
1621 2265 1865 2321 elevatus
1917 2262 2067 2319 enim

475 2360 676 2438 gaudio
706 2360 766 2416 in
793 2357 1140 2417 saltationem
1171 2354 1444 2430 prorupit.
1473 2352 1806 2410 Praevidebit
1828 2351 1976 2408 enim
2009 2349 2069 2406 in

475 2453 686 2526 Spiritu
735 2468 833 2525 per
902 2451 1132 2508 Mariam
1177 2449 1244 2505 de
1302 2445 1549 2520 germine
1603 2461 1705 2501 suo
1761 2442 2066 2501 Ecclesiam

473 2541 682 2600 Christi
710 2541 956 2597 thalamo
1004 2536 1341 2604 sociandam,
1383 2534 1450 2590 de
1486 2550 1596 2608 quo
1614 2532 1734 2588 ait:
1781 2556 1800 2579 ‹
1827 2532 1900 2588 Et
1955 2531 2069 2603 ipse

474 2638 737 2704 tanquam
795 2644 1029 2702 sponsus
1057 2625 1360 2699 procedens
1387 2623 1456 2680 de
1488 2621 1730 2679 thalamo
1760 2636 1860 2678 suo
1892 2621 2065 2692 (Psal.

476 2741 640 2792 xvm,
673 2723 788 2796 6).»
830 2723 1013 2795 Atque
1041 2719 1288 2790 ideopraa
1312 2713 1924 2787 casterisprophetarum
1949 2711 2067 2784 (42)

478 2815 797 2873 auctoribus
847 2814 974 2888 plus
1011 2811 1258 2870 cantavit
1286 2828 1301 2879 ;
1361 2809 1490 2883 quia
1523 2806 1702 2863 laetior
1731 2805 1948 2863 cunctis
1974 2801 2104 2876 per'

475 2905 596 2963 haec
625 2904 822 2979 gaudia
862 2921 990 2961 suos
1043 2909 1290 2975 posteros
1335 2897 1694 2970 conjugabat:
1727 2904 1782 2952 et
1836 2895 1904 2952 ad
1934 2912 2073 2968 pro-

479 2995 602 3068 pria
629 3003 760 3051 vota
788 3009 978 3049 omnes
1007 2998 1194 3064 gentes
1227 2988 1390 3046 solito
1415 2986 1634 3044 dulcius
1665 2985 1930 3054 invitans,
1969 3001 2070 3041 nos

480 3101 701 3159 quoque
755 3081 947 3140 docuit
1018 3079 1152 3154 quid
1213 3077 1348 3150 ipsis
1403 3077 1582 3133 facere
1634 3073 1958 3132 deberemus
2010 3075 2070 3130 in

479 3174 710 3246 nuptiis,
768 3187 893 3230 cum
942 3169 1058 3242 ipse
1104 3175 1233 3225 ante
1281 3167 1504 3240 nuptias
1529 3171 1646 3222 tota
1698 3163 2072 3221 exsultatione

477 3265 694 3322 laetatus
716 3263 810 3320 sit.

987 3355 1134 3415 406
1163 3347 1401 3406 SERMO
1429 3346 1554 3404 XII.

895 3453 976 3510 De
1019 3459 1205 3509 sancta
1243 3447 1556 3523 Epiphania
1580 3445 1654 3505 V.

477 3544 556 3606 Iis
584 3561 700 3618 quae
717 3541 790 3602 ad
815 3559 1102 3618 sermonem
1145 3540 1470 3618 superiorm
1515 3557 1550 3593 a
1577 3535 1728 3592 nobis
1762 3535 1902 3592 dicta
1929 3539 2072 3604 sunt,

553 3612 756 3675 tantum
775 3616 1028 3672 addemus
1061 3619 1264 3668 nostros
1299 3612 1392 3666 hos
1424 3627 1682 3665 sermones
1709 3625 1814 3663 uno
1833 3613 2075 3663 contextu

552 3687 864 3760 compositos
883 3685 1075 3760 videri,
1105 3701 1222 3760 cum
1251 3701 1277 3738 θ
1294 3681 1565 3760 contrario
1593 3697 1722 3752 quos
1737 3697 1802 3734 ea:
1829 3679 2070 3750 Append.

553 3754 779 3831 Aug-ast.
813 3774 981 3831 supra
1009 3757 1310 3831 citavi-mus,
1336 3754 1554 3831 speciem
1579 3758 1854 3831 centonunt
1877 3767 2076 3831 quam.-

553 3822 678 3887 dam
702 3847 818 3902 prce
849 3822 902 3902 se
945 3827 1159 3902 ferant:
1180 3822 1509 3902 proindegue
1536 3825 1628 3902 hos
1651 3841 1716 3877 ea:
1751 3822 1935 3902 iisdem
1961 3822 2075 3877 illis

549 3895 741 3974 [ονεαῇ
781 3895 954 3972 fuisse
966 3895 1328 3974 interpolatos.
1375 3895 1551 3974 ῌαᾶαξ
1595 3899 2076 3974 tamenhauctorem

555 3965 621 4030 ea:
679 3965 874 4030 sanctis
901 3965 1154 4029 Patribus
1191 3970 1450 4025 nonnulla
1479 3968 1634 4023 etiam
1679 3965 1937 4022 imitatum
1971 3982 2076 4020 esse

550 4045 694 4101 nulli
744 4060 1024 4115 negamus;
1085 4059 1201 4115 quae
1245 4041 1390 4115 enim
1436 4055 1606 4115 causae
1651 4055 1749 4094 cur
1807 4037 2076 4115 baptizari

557 4108 1064 4182 Christus-voluerit,
1079 4108 1162 4168 hic
1188 4113 1510 4183 afrt‘runtur,
1531 4111 1687 4183 etiam
1705 4109 1850 4180 apud
1867 4108 2079 4183 aligs,et

556 4187 893 4244 Ambrosium
906 4179 1080 4257 ipsum
1089 4201 1210 4257 cum
1218 4179 1350 4238 alibi
1366 4189 1476 4237 tum
1493 4183 1552 4237 in
1564 4179 2072 4257 ComuientjnLuc.

559 4259 651 4317 lib.
680 4277 740 4328 Ir,
769 4253 1038 4324 num—83,
1083 4261 1130 4310 et
1153 4255 1242 4310 tib.
1275 4271 1351 4320 1v,
1394 4269 1542 4308 num.
1575 4253 1630 4320 ὅ,
1657 4256 2072 4323 pertractantur.

557 4359 608 4416 1.
641 4356 974 4429 Evangelica
1004 4353 1289 4425 Scriptura
1307 4349 1644 4419 refert,sicut
1665 4349 1867 4406 lectum
1897 4364 2078 4420 nuper

483 4446 818 4516 audivimus,
850 4444 1148 4504 Dominum
1175 4441 1245 4498 ad
1272 4441 1564 4498 Jordanem
1603 4439 1860 4512 baptismi
1914 4454 2078 4496 causa

485 4539 722 4608 venisse,
755 4545 810 4595 et
846 4538 905 4595 in
936 4537 1124 4594 eodem
1181 4535 1414 4593 ﬂumine
1454 4532 1732 4606 mysteriis
1761 4547 1816 4587 se
1845 4529 2078 4588 coelesti-

482 4631 588 4690 bus
608 4629 916 4690 consecrari
947 4628 1207 4684 voluisse.
1243 4623 1399 4694 Quod
1431 4623 1621 4680 mirari
1647 4639 1760 4678 non
1789 4621 2070 4688 debemus,
2102 4647 2152 4707 D

484 4739 584 4782 cur
627 4722 735 4780 hoc
779 4719 1124 4795 baptismatis
1183 4717 1356 4791 ipsius
1415 4715 1674 4771 dominus
1721 4713 1771 4769 el
1816 4711 2074 4784 magister

485 4816 699 4886 fecerit,
729 4813 859 4888 quia
890 4813 1004 4886 ipse
1036 4811 1150 4868 ait:
1191 4834 1210 4858 ‹
1243 4805 1349 4876 Qui
1381 4805 1572 4863 fecerit
1600 4805 1679 4861 sic
1712 4811 1766 4860 et
1803 4802 2072 4870 docuerit,

483 4907 762 4968 maximus
803 4903 1091 4960 vocabitur
1139 4901 1198 4956 in
1245 4913 1414 4971 regno
1445 4896 1709 4952 caelorum
1764 4893 1982 4964 (Matth.
2015 4909 2074 4962 v,

487 4997 643 5066 19).»
685 4993 888 5052 Facere
914 4992 1084 5066 igitur
1113 4989 1268 5064 prius
1328 4986 1534 5056 voluit,
1564 4982 1712 5058 quod
1763 4983 2076 5040 faciendum

485 5083 746 5144 omnibus
782 5083 1120 5156 imperabat;
1152 5087 1214 5138 ut
1251 5079 1430 5136 bonus
1461 5078 1723 5148 magister
1768 5071 2076 5128 doctrinam

487 5192 641 5235 suam
698 5190 808 5230 non
865 5180 977 5228 tam
1029 5169 1214 5226 verbis
1269 5168 1595 5234 insinuaret,
1652 5180 1813 5238 quam
1864 5163 2079 5220 actibus

487 5273 785 5336 exerceret,
819 5271 875 5320 et
905 5261 974 5320 ad
1001 5260 1166 5318 ﬁnem
1209 5276 1312 5316 nos
1349 5265 1512 5332 gustu
1543 5255 1746 5329 pariter
1775 5253 2078 5312 conﬁrma-

487 5367 570 5415 ret
592 5367 647 5415 et
673 5371 858 5414 8611811.

561 5467 679 5549 (41)
709 5466 912 5549 Omnes
941 5460 1074 5549 edit.
1103 5465 1158 5516 et
1181 5473 1284 5549 ms.
1317 5473 1482 5549 unus,
1494 5451 1852 5549 beneupleutia
1890 5451 2082 5549 Trini-

491 5523 800 5594 tatis:'mss.
849 5534 982 5601 duo,
1041 5523 1812 5601 beneuolentiam'ilfrinitatis:
1848 5523 2080 5601 _optir_ne

490 5607 743 5664 omnium
772 5607 946 5678 Lugd.
970 5594 980 5601 ’
1000 5604 1196 5678 code},
1231 5599 1654 5678 beneuolentiam,
1684 5603 1812 5678 etc.:
1841 5594 2079 5678 idenim

490 5680 726 5735 refertur
755 5677 823 5732 ad
851 5666 1103 5747 superius
1131 5666 1310 5747 illud;
1353 5669 1673 5747 Suagitatem
1685 5666 2080 5747 odorisacqui-

489 5751 586 5807 rit.
657 5750 788 5816 Reg.
869 5737 1385 5816 codex,sapientiam
1431 5739 1529 5794 sibi
1582 5745 1629 5793 et
1682 5737 2082 5794 benevolentiam

491 5836 706 5878 summa
724 5791 1017 5876 ιῗὲυίηὶιαιὶε
1043 5791 1284 5874 assitmit.

2176 2010 2366 2078 partus
2391 2016 2536 2058 nova
2577 2005 2860 2055 merentur
2889 1995 3168 2069 obsequia.
3200 1992 3284 2050 Ibi
3315 2007 3442 2049 cum
3473 1987 3792 2048 secundum

2181 2092 2466 2148 hominem
2510 2088 2774 2156 nascitur,
2809 2095 2984 2142 mater
3020 2100 3146 2142 eum
3175 2081 3347 2140 Maria
3375 2080 3504 2138 sinu
3529 2079 3794 2138 circum-

2176 2187 2320 2244 fovit
2354 2206 2366 2244 :
2399 2185 2492 2242 hic
2511 2201 2637 2242 cum
2657 2179 2962 2240 secundum
2988 2175 3317 2251 mysterium
3339 2174 3606 2248 gignitur,
3623 2174 3794 2230 Pater

2177 2296 2303 2336 eum
2335 2281 2482 2336 Deus
2512 2291 2650 2334 voce
2701 2271 3129 2346 complectitur;
3163 2269 3240 2326 ait
3269 2266 3418 2324 enim
3453 2285 3465 2324 :
3510 2292 3528 2314 ι
3556 2265 3663 2322 Hic
3704 2272 3792 2321 est

2177 2370 2354 2428 Filius
2398 2385 2572 2436 meus,
2588 2367 2661 2448 _in
2711 2382 2819 2441 quo
2851 2361 2991 2420 bene
3021 2357 3357 2433 complacui,‘
3379 2355 3560 2430 ipsum
3592 2353 3792 2411 audite

2183 2460 2397 2534 (Matth.
2429 2475 2514 2528 In,
2551 2443 2707 2528 13).:
2748 2456 2920 2512 Mater
2949 2469 3078 2526 ergo
3105 2447 3294 2524 partui
3313 2445 3470 2502 molli
3495 2443 3794 2534 blanditur

2183 2532 2414 2623 gremio,
2445 2549 2606 2604 Pater
2632 2545 2777 2603 Filio
2806 2543 2898 2618 pio
2927 2537 3247 2600 testimonio
3273 2535 3574 2593 famulatur
3606 2532 3732 2606 (43)
3771 2549 3786 2586 :

2183 2647 2378 2705 mater,
2435 2639 2684 2710 inquam,
2738 2654 2864 2694 eum
2925 2632 3268 2692 adorandum
3334 2626 3505 2701 magis
3551 2625 3789 2698 ingerit,

2177 2729 2342 2785 Pater
2367 2726 2662 2786 colendum
2693 2725 2945 2800 gentibus
2966 2721 3282 2780 manifestat
3315 2737 3326 2775 :
3356 2717 3482 2774 sinu
3503 2715 3684 2787 igitur
3707 2730 3795 2770 re-

2183 2818 2393 2876 tinetur
2419 2833 2451 2874 a
2497 2824 2691 2885 matre,
2717 2830 2844 2872 cum
2887 2811 3134 2870 nascitur
3165 2828 3178 2866 :
3233 2808 3328 2866 sed
3352 2809 3512 2863 Pater
3541 2803 3596 2860 ei
3628 2803 3793 2860 sinus

2177 2907 2266 2964 sui
2296 2907 2475 2964 fotum
2517 2904 2724 2978 jugiter
2753 2901 3160 2960 subministrat.
3194 2897 3450 2970 Legimus
3476 2891 3627 2950 enim
3656 2908 3786 2948 eum

2177 2995 2296 3053 sine
2339 2993 2746 3051 intermissione
2799 2989 2859 3046 in
2901 2987 3078 3044 Patris
3127 2983 3336 3058 gremio
3375 2980 3786 3054 quiescentem,

2178 3093 2394 3150 dicente
2443 3089 2782 3163 evangelista
2815 3105 2827 3143 :
2883 3109 2902 3134 ‹
2933 3087 3110 3142 Deum
3141 3097 3304 3138 nemo
3333 3079 3481 3137 vidit
3509 3094 3785 3151 unquam,

2179 3183 2288 3240 nisi
2316 3179 2635 3254 unigenitus
2663 3177 2860 3245 Filius,
2891 3174 2987 3249 qui
3015 3180 3096 3230 est
3124 3171 3183 3228 in
3213 3170 3341 3226 sinu
3372 3168 3552 3225 Patris
3593 3169 3785 3238 (Joan.

2105 3283 2150 3345 ο
2181 3291 2221 3345 r,
2267 3273 2382 3346 18).
2418 3297 2438 3321 ι

2253 3401 2306 3458 3.
2365 3396 2626 3455 Libenter
2679 3410 2807 3467 ergo
2875 3392 2934 3448 in
2993 3390 3123 3448 sinu
3174 3396 3491 3446 sanctorum
3553 3384 3794 3460 quiescit

2181 3489 2453 3547 Dominus
2484 3507 2498 3557 ;
2531 3486 2680 3544 unde
2704 3492 2760 3542 et
2776 3481 3002 3540 Joannis
3031 3479 3382 3553 evangelista
3410 3476 3622 3544 sinum,
3649 3483 3714 3531 ut
3733 3476 3795 3532 in
3825 3505 3830 3510 -

2181 3596 2246 3637 eo
2275 3577 2641 3647 accumberet,
2672 3575 2908 3631 libenter
2937 3569 3106 3643 elegit
3125 3570 3440 3642 (Joan.xm.
3465 3565 3592 3638 25).
3625 3565 3797 3622 Sinus

2183 3686 2310 3742 ergo
2385 3669 2444 3724 in
2501 3683 2610 3742 quo
2668 3664 2920 3724 Christus
2993 3657 3310 3732 requiescit,
3364 3671 3477 3712 non
3545 3654 3798 3726 corporis

2183 3762 2390 3835 gremio
2437 3766 2792 3834 praeparatur,
2841 3770 2955 3811 non
2993 3751 3452 3809 vestimentorum
3483 3745 3795 3803 ambitione

2183 3851 2552 3925 componitur,
2604 3847 2699 3906 sed
2763 3844 3072 3904 caelestium
3130 3841 3410 3898 virtutum
3469 3837 3796 3909 operatione

2183 3939 2490 4014 colligitur.
2563 3939 2700 3994 Nam
2777 3933 2986 3993 Christi
3041 3931 3198 3988 sinus
3267 3935 3383 3986 erat
3459 3926 3517 3982 in
3576 3925 3797 3980 Joanne

2187 4011 2524 4103 evangelista
2570 4026 2726 4094 fides,
2764 4023 2824 4080 in
2865 4025 2979 4079 Deo
3003 4020 3163 4076 Patre
3209 4014 3496 4082 divinitas,
3530 4013 3590 4100 in
3617 4011 3798 4069 Maria

2184 4095 2359 4180 matre
2397 4119 2709 4194 virginitas.
2759 4116 2843 4172 Ibi
2871 4114 3025 4171 sinus
3056 4111 3265 4170 Christi
3295 4116 3396 4176 est,
3427 4095 3797 4163 ubi-habita-

2184 4214 2371 4272 culum
2413 4217 2496 4268 est
2542 4209 2816 4264 virtutum
2847 4223 2860 4261 :
2893 4203 2973 4260 ibi
3017 4201 3253 4258 reclinat
3281 4204 3446 4271 caput
3474 4210 3660 4262 suum,
3695 4195 3797 4251 ubi

2183 4303 2532 4364 domicilium
2587 4299 2894 4358 caelestium
2926 4294 3144 4352 invenit
3193 4297 3614 4366 praeceptorum.
3645 4287 3794 4343 Nam

2183 4397 2308 4454 ideo
2353 4391 2732 4469 peccatoribus
2779 4396 2833 4446 et
2883 4383 3213 4444 inﬁdelibus
3257 4381 3440 4438 dicit:
3511 4402 3530 4426 ε
3577 4377 3796 4450 Vulpes

2185 4491 2370 4548 foveas
2393 4488 2616 4556 habent,
2642 4493 2696 4542 et
2722 4483 2975 4540 volucres
3004 4476 3129 4536 coeli
3157 4474 3319 4532 nidos
3350 4488 3363 4526 :
3395 4469 3571 4528 Filius
3599 4477 3794 4525 autem

2185 4581 2429 4640 hominis
2459 4595 2573 4636 non
2620 4576 2784 4634 habet
2812 4573 2908 4632 ubi
2949 4576 3112 4642 caput
3159 4565 3389 4624 reclinet
3415 4562 3635 4635 (Matth.
3657 4577 3793 4631 vnr,

2181 4673 2296 4747 20).
2325 4698 2344 4722 ι
2403 4671 2576 4745 Igitur
2625 4667 2896 4725 Dominus
2951 4663 3106 4718 Iesus
3155 4655 3344 4747 hodie
3373 4651 3531 4747 venit
3579 4649 3796 4747 adha-

2183 4739 2468 4838 ptismum,
2495 4767 2550 4817 et
2575 4773 2774 4830 corpus
2793 4769 2954 4812 suum
2982 4756 3236 4808 sanctum
3254 4743 3438 4801 voluit
3457 4756 3600 4814 aqua
3617 4739 3790 4798 dilui.

2255 4888 2310 4946 4.
2349 4889 2508 4945 Dicat
2557 4886 2785 4942 fortasse
2815 4878 3018 4954 aliquis
3051 4892 3063 4931 :
3095 4875 3202 4944 Qui
3236 4878 3458 4929 sanctus
3485 4876 3588 4935 est,
3616 4883 3794 4939 quare

2185 4981 2364 5038 voluit
2383 4975 2652 5051 baptizari
2679 4975 2708 5030 ?
2738 4972 2884 5028 Audi
2923 4986 3049 5042 ergo
3077 4986 3088 5023 :
3112 4967 3242 5022 ldeo
3275 4963 3580 5051 baptizatur
3609 4957 3796 5016 Chri-

2187 5079 2322 5140 stus,
2352 5049 2475 5126 noni
2492 5074 2556 5124 ut
2583 5062 2955 5122 sanctiﬁcetur
2977 5057 3044 5114 ab
3074 5054 3254 5129 aquis,
3275 5051 3371 5109 sed
3391 5058 3452 5106 ut
3466 5049 3594 5140 ipse
3614 5063 3794 5120 aquas

2186 5137 2508 5225 sanctiﬁcet,
2558 5165 2612 5212 et
2641 5151 3025 5226 puriﬁcatione
3055 5145 3138 5203 sui
3173 5140 3428 5217 puriﬁcet
3455 5137 3665 5192 ﬂuenta
3687 5137 3792 5194 illa

2186 5266 2308 5325 quae
2339 5246 2510 5320 tangit
2540 5262 2555 5316 ;
2587 5240 3000 5302 consecratione
3027 5233 3176 5291 enim
3203 5227 3414 5288 Christi
3442 5226 3792 5284 consecratio

2187 5313 2362 5411 major
2387 5313 2470 5392 est
2489 5313 2747 5392 elementi
2767 5327 2906 5404 (44).
2927 5326 3061 5384 Cum
3076 5320 3223 5380 enim
3245 5317 3496 5374 Salvator
3513 5313 3790 5382 abluitur,

2261 5443 2378 5520 (42)
2411 5446 2494 5502 Ita
2519 5458 2711 5520 omnes
2738 5437 2870 5520 edit.
2893 5452 2956 5520 ac
2979 5428 3224 5520 mss.
3254 5421 3791 5520 120:?“

2188 5493 2493 5592 legentium—
2520 5493 3136 5592 idrte‘ﬁprophetiarum;
3169 5493 3790 5592 ᾆξξάξξζ

2186 5572 2606 5662 Ηὲιὶἑὲέροειιίιε
2626 5572 2742 5662 ρῇῖε
2760 5572 2959 5662 celeris
2974 5579 3106 5662 Plus.
3125 5573 3325 5662 1’??th
3329 5572 3784 5662 ἕίένίίῗῖξὲἴῖίέίίἰίξ·

2263 5635 2745 5734 (argestes;
2764 5635 2934 5734 "sola,
2947 5635 3380 5734 ,ῥίρλέεᾳῇιοῃίο
3413 5635 3790 5734 Δῖξξξρτξξξιεᾳςε

2264 5710 2380 5806 illi)
2420 5710 3006 5806 ii_i£iéin"_1iom._eait.
3035 5710 3358 5789 'Baptizatio
3409 5710 3548 5762 enim
3580 5710 3790 5766 Christi

2187 5795 2506 5860 consecratio
2533 5805 2608 5858 est
2633 5795 2888 5856 elementi.
