3972 6372
124 391 251 450 649

968 394 1338 454 SERMONES
1375 394 1431 454 S.
1474 395 1830 455 AMBROSIO
1867 395 2238 456 HACTENUS
2274 399 2614 459 ASCRIPTI.

3340 399 3447 460 650

75 505 82 512 ’
117 517 253 590 jam
278 519 482 576 tuncin
509 527 754 576 nostrum
779 519 1115 592 baptismum
1137 530 1252 578 tota
1269 538 1409 594 aqua
1422 521 1741 589 mundatur,
1773 524 1823 584 A
1855 523 2172 592 conveniat,
2203 523 2271 579 de
2299 523 2587 597 utriusque
2615 530 2800 579 tamen
2826 523 3167 582 correctione
3196 541 3441 593 securus;

125 617 192 663 et
228 607 555 678 puriﬁcatur
575 608 716 676 fons,
756 616 818 663 ut
849 610 1118 665 secuturis
1146 610 1497 682 postmodum
1525 611 1743 683 p0pulis

129 699 353 754 lavacri
399 698 570 770 gratia
621 699 986 756 ministretur.
1038 699 1303 757 Praecedit
1331 717 1460 773 ergo
1489 700 1742 759 Christus

132 813 242 866 per
275 793 413 849 407
438 795 797 871 baptismum,
835 807 896 853 ut
926 796 1228 856 Christiani
1256 806 1378 871 post
1404 816 1530 855 eum
1559 797 1742 856 conﬁ-

125 885 340 941 denter
369 886 560 957 populi
599 885 1022 959 subsequantur.

216 976 272 1032 5.
308 975 563 1047 Intelligo
584 993 712 1048 ergo
742 977 1067 1048 mysterium
1093 995 1106 1045 ;
1139 977 1215 1033 ita
1239 976 1386 1032 enim
1413 983 1465 1032 et
1486 977 1745 1031 columna

131 1063 293 1135 ignis
333 1064 608 1136 praecessit
637 1080 735 1136 per
781 1082 929 1121 mare
959 1065 1228 1134 Rubrum,
1285 1074 1347 1122 ut
1406 1064 1742 1138 intrepidum

133 1153 251 1208 iter
279 1154 445 1208 Israel
475 1153 580 1208 ﬁlii
601 1161 962 1226 sequerentur
988 1172 1000 1221 ;
1032 1161 1086 1208 el.
1120 1154 1236 1226 ipsa
1263 1154 1412 1226 prior
1441 1171 1536 1227 per
1579 1169 1745 1226 aquas

133 1259 330 1312 gressa
360 1251 478 1310 est;
531 1250 592 1297 ut
620 1242 974 1297 venientibus
1006 1252 1127 1314 post
1173 1259 1228 1298 se
1258 1243 1448 1298 viandi
1495 1242 1742 1298 semitam

134 1338 478 1403 praepararet
510 1332 716 1402 (Exod.
745 1348 865 1401 xiv,
897 1332 1124 1403 20—22).
1157 1330 1316 1398 Quod
1346 1331 1575 1400 factum,
1604 1331 1748 1387 sicut

139 1422 458 1493 Apostolus
485 1421 622 1477 dicit
657 1423 715 1492 (Ι
747 1421 869 1477 Cor.
903 1438 961 1491 x,
993 1422 1074 1494 2),
1121 1422 1448 1494 mysterium
1490 1420 1747 1493 baptismi

135 1509 254 1566 fuit
282 1529 293 1566 :
324 1510 634 1582 baptismus
663 1511 822 1582 plane
857 1510 1264 1582 quodammodo
1283 1510 1410 1575 fuit,
1439 1510 1534 1565 ubi
1557 1509 1749 1564 homi-

136 1613 246 1652 nes
290 1597 465 1653 nubes
495 1597 794 1670 operiebat,
819 1597 967 1653 unda
996 1598 1265 1670 portabat.
1295 1598 1400 1654 Sed
1420 1598 1537 1654 haec
1565 1597 1752 1653 omnia

135 1699 405 1762 operatus
443 1698 524 1747 est
573 1691 824 1750 Christus
864 1691 1136 1748 Dominus
1162 1692 1306 1748 idem
1341 1691 1436 1764 qui
1474 1698 1528 1748 et
1564 1691 1749 1761 modo,

135 1779 242 1850 qui
275 1780 419 1836 sicut
447 1789 583 1837 tunc
602 1798 696 1854 per
719 1797 867 1838 mare
896 1781 1040 1838 ﬁlios
1061 1781 1225 1838 Israel
1254 1781 1311 1836 in
1334 1780 1477 1853 ignis
1497 1781 1755 1836 columna

1856 613 2117 686 quoniam
2176 612 2327 669 hunc
2382 630 2568 670 amore
2623 613 2893 682 verberat,
2934 614 3094 671 illum
3149 615 3442 672 severitate

1853 704 2103 777 castigat,
2160 704 2303 761 sicut
2349 704 2425 760 ait
2487 704 2678 760 beatus
2733 705 3032 777 Apostolus
3093 723 3106 762 :
3177 729 3196 754 ι
3255 707 3450 764 Omnis

1855 795 2075 866 quidem
2134 795 2428 868 disciplina
2479 795 2537 851 in
2594 795 2848 868 praesenti
2902 811 3014 852 non
3063 794 3285 852 videtur
3335 811 3451 853 esse

1856 884 2062 956 gaudii,
2084 885 2178 942 sed
2206 886 2457 942 maeroris
2481 902 2492 938 :
2526 893 2714 958 postea
2742 902 2872 942 vero
2888 885 3129 942 fructum
3160 884 3450 959 paciﬁcum

1854 974 2168 1030 exercitatis
2200 991 2294 1047 per
2323 991 2441 1031 eam
2473 975 2662 1031 reddet
2685 972 2918 1046 justitize
2953 974 3137 1048 (Hebr.
3161 991 3264 1044 χιι,
3300 973 3438 1047 11).»

1855 1063 2030 1135 Igitur
2059 1064 2319 1135 quoniam
2368 1071 2446 1120 tot
2497 1063 2820 1121 tractatibus
2869 1063 3006 1119 meis
3034 1063 3326 1136 profecisse
3353 1079 3454 1120 vos

1855 1151 2037 1218 credo,
2094 1151 2229 1208 libet
2288 1151 2538 1226 quaedam
2590 1151 2754 1208 vobis
2813 1151 3131 1208 divinarum
3187 1151 3454 1208 disserere

1858 1241 2210 1308 litterarum;
2271 1249 2333 1297 ut
2388 1241 2696 1315 intelligam
2744 1241 2892 1316 quod
2947 1241 3004 1299 id
3059 1240 3206 1315 quod
3234 1241 3451 1311 dixero,

1856 1329 1986 1386 ﬁdei
2015 1331 2308 1386 vivacitate
2336 1330 2580 1403 capiatis.

1929 1448 1981 1504 2.
2016 1448 2112 1504 Ait
2162 1447 2432 1504 Dominus
2480 1448 2542 1503 in
2592 1455 2781 1505 sancto
2827 1448 3163 1522 Evangelio:
3207 1471 3227 1498 ι
3258 1448 3453 1507 Simile

1860 1544 1944 1593 est
2015 1552 2244 1608 regnum
2301 1538 2568 1594 caelorum
2620 1537 2912 1607 fermento,
2971 1538 3119 1611 quod
3167 1545 3453 1612 acceptum

1863 1627 2064 1684 mulier
2093 1627 2380 1685 abscondit
2410 1628 2467 1684 in
2498 1627 2688 1684 farinae
2731 1629 2862 1686 satis
2900 1628 3099 1699 tribus,
3130 1627 3305 1686 donec
3336 1626 3456 1684 fer-

1863 1725 2170 1773 mentatum
2203 1724 2286 1773 est
2320 1725 2498 1775 totum
2533 1718 2684 1790 (Luc.
2717 1734 2842 1786 xui,
2875 1716 2989 1790 2i).
3031 1742 3050 1766 ι
3093 1719 3155 1773 In
3185 1717 3294 1772 alio
3324 1731 3456 1773 vero

1863 1806 1986 1862 loco
2041 1805 2118 1861 ita
2167 1806 2279 1862 ait:
2329 1829 2348 1853 ι
2395 1805 2498 1862 Cui
2526 1804 3018 1862 simile'aastimabo
3045 1820 3270 1878 regnum
3297 1804 3397 1861 Dei
3426 1802 3456 1859 τ

135 1872 450 1969 praecessit,
483 1872 560 1927 ita
588 1889 738 1969 nunc
779 1889 873 1969 per
901 1871 1240 1969 baptismum
1270 1871 1616 1969 Christianos
1641 1888 1749 1969 p9-
1781 1882 1828 1944 B
1864 1894 2057 1951 Simile
2077 1904 2168 1963 ,est
2198 1895 2488 1964 fermento,
2521 1895 2668 1969 quod
2698 1902 2981 1968 acceptum
3008 1871 3209 1951 mulier
3230 1893 3454 1950 abscon-

134 1962 312 2033 pulos
367 1961 423 2015 in
484 1963 734 2034 corporis
786 1963 870 2018 sui
929 1963 1188 2019 columna
1249 1962 1528 2035 praecedit.
1593 1961 1754 2034 Ipsis,

133 2049 401 2121 inquam,
429 2057 512 2106 est
552 2051 829 2119 columna,
861 2067 982 2124 qua
1014 2058 1146 2107 tunc
1188 2051 1375 2106 lumen
1407 2050 1753 2122 sequentium

135 2138 329 2193 oculis
371 2139 653 2209 praestitit,
704 2138 869 2194 modo
917 2140 1093 2194 lucem
1127 2137 1469 2194 credentium
1498 2137 1756 2194 cordibus

137 2225 576 2282 subministrat:
613 2233 748 2281 tunc
773 2225 832 2281 in
878 2225 1139 2282 ﬂuctibus
1183 2225 1456 2281 undarum
1490 2225 1757 2281 solidavit

139 2313 431 2382 semitam,
461 2313 628 2369 modo
659 2314 716 2369 in
748 2314 967 2370 lavacro
994 2315 1123 2370 ﬁdei
1152 2314 1384 2386 vestigia
1411 2315 1752 2381 corroborat;

140 2421 249 2476 per
293 2420 458 2477 quam
501 2403 688 2472 ﬁdem,
741 2405 886 2460 sicut
927 2405 1030 2460 ﬁlii
1074 2406 1260 2474 Israel,
1307 2404 1403 2478 qui
1447 2404 1756 2477 intrepidus

141 2493 550 2563 ambulaverit,
584 2501 985 2568 persecutorem
1038 2495 1368 2568 ngyptium
1415 2511 1528 2553 non
1584 2495 1756 2553 time—

140 2583 256 2640 bit.

743 2691 978 2749 SERMO
1009 2691 1158 2748 XIII.

224 2793 401 2866 Super
429 2790 517 2849 his
558 2791 742 2849 verbis
781 2792 1104 2866 Evangelii:
1149 2791 1329 2849 Simile
1367 2799 1442 2850 est
1467 2809 1686 2865 regnum

676 2866 922 2920 caelorum
953 2865 1229 2934 fermento.

149 2953 352 3008 Prima
371 2953 490 3023 ipsa
513 2953 725 3008 exordii
751 2954 909 3008 verba
925 2970 989 3007 ne
1011 2953 1293 3008 Ambrosio
1321 2954 1457 3008 hunc
1470 2969 1758 3008 sermonem

229 3024 606 3096 attribuamus,
658 3025 1046 3096 refragantur;
1097 3042 1203 3078 non
1267 3025 1406 3079 enim
1456 3025 1549 3096 hoc
1603 3024 1756 3080 modo

238 3095 384 3164 loqui
444 3097 708 3150 consueuit
773 3095 835 3149 de
882 3097 968 3150 sui
1020 3096 1348 3166 episcopatus
1404 3095 1579 3164 initio,
1640 3113 1756 3150 cum

227 3173 420 3236 raptus
448 3185 480 3221 a
534 3167 906 3235 tribunalibus,
937 3167 1122 3236 aliqua
1174 3184 1325 3222 mora
1357 3167 1425 3222 iis
1477 3167 1756 3234 discendis,

1860 1981 1946 2039 dit
1975 1981 2034 2038 in
2072 1983 2274 2052 farina,
2308 1980 2482 2040 donec
2509 1981 2901 2039 fermentatum
2931 1989 3013 2039 est
3032 1989 3211 2038 totum
3239 1980 3454 2053 (Matth.

1861 2089 1986 2140 xm,
2014 2072 2130 2143 33).
2176 2097 2194 2121 ι
2236 2072 2514 2129 Fermenti
2545 2072 2662 2130 vim
2699 2081 2863 2146 atque
2896 2071 3158 2128 virtutem
3200 2068 3458 2127 omnibus

1863 2171 2050 2217 notam
2080 2177 2195 2218 esse
2224 2177 2335 2218 non
2373 2161 2605 2218 dubium
2633 2168 2735 2219 est.
2766 2161 2905 2218 Nam
2929 2177 3057 2218 cum
3086 2160 3158 2217 sit
3187 2159 3458 2232 magnitu-

1862 2248 1992 2306 dine
2048 2266 2297 2323 parvum,
2356 2249 2535 2323 specie
2590 2251 2846 2324 simplex,
2896 2257 3093 2308 natura
3126 2263 3456 2317 commune;

1861 2346 2076 2395 tantam
2136 2338 2523 2396 fortitudinem
2589 2339 2924 2397 intrinsecus
3007 2337 3166 2412 gerit,
3212 2345 3275 2394 ut
3329 2352 3458 2395 cum

1862 2427 2214 2484 reconditum
2244 2427 2413 2484 fuerit
2440 2427 2500 2483 in
2525 2426 2727 2498 farina,
2757 2443 2954 2486 succus
2991 2425 3108 2498 ejus
3136 2424 3243 2482 hoc
3284 2432 3458 2481 totam

1868 2533 2105 2573 massam
2134 2515 2299 2574 faciat
2352 2533 2488 2573 esse.
2520 2517 2668 2590 quod
2713 2516 2894 2590 ipsum
2937 2521 3053 2582 est;
3085 2521 3140 2570 et
3167 2514 3246 2570 ita
3264 2531 3321 2570 se
3362 2528 3460 2586 per

1860 2607 2188 2664 universum
2228 2606 2345 2679 (46)
2395 2607 2680 2664 cumulum
2729 2602 3056 2678 aspersionis
3111 2620 3222 2660 suae
3270 2603 3457 2675 vigore

1862 2695 2149 2765 diffundit,
2200 2704 2263 2752 ut
2309 2711 2529 2751 omnem
2559 2695 2734 2768 ipsam
2766 2691 3200 2766 magnitudinem
3230 2690 3459 2766 pollinis

1862 2783 2030 2840 faciat
2101 2785 2484 2840 fermentum:
2546 2799 2610 2840 ac
2683 2783 2764 2839 sic
2813 2798 2899 2838 res
2953 2781 3070 2854 ipsa
3129 2779 3457 2837 fortitudine

1865 2890 1964 2930 sua
1993 2873 2195 2930 molem
2227 2873 2336 2930 sibi
2358 2872 2568 2946 proprii
2599 2871 2807 2946 vigoris
2838 2869 3092 2944 acquirit.
3121 2870 3236 2927 Hoc
3272 2878 3456 2926 autem

1863 2962 2076 3019 faciunt
2107 2963 2387 3031 mulieres,
2431 2969 2492 3018 ut
2538 2961 2676 3017 viris
2702 2960 2816 3017 suis
2844 2959 3204 3016 salubriorem
3235 2975 3454 3033 panem,

1864 3060 1918 3107 et
1947 3052 2130 3109 cibum
2163 3051 2357 3108 utilem
2385 3049 2680 3124 diligenter
2707 3049 3026 3105 exhibeant.
3059 3048 3165 3105 Sed
3193 3049 3456 3122 quoniam

1862 3141 1980 3198 Lex
2013 3141 2280 3214 spiritalis
2321 3148 2404 3197 est
2449 3141 2623 3213 (Rom.
2663 3157 2764 3208 vn,
2819 3138 2933 3211 14),
2991 3145 3045 3194 et
3089 3136 3456 3220 Evangelium

229 3225 348 3363 qua
391 3239 595 3293 doceret
644 3239 802 3306 alios,
869 3225 1000 3320 opus
1024 3225 1307 3293 ‘habuerit.
1365 3238 1541 3320 Potuit
1589 3225 1758 3320 tamen
1787 3241 1830 3302 α
1867 3231 2190 3302 spiritaliter
2224 3229 2342 3302 (47)
2375 3228 2760 3303 parabolarum
2807 3225 3121 3284 narratione
3158 3225 3452 3293 subsistit;

267 3325 313 3362 ic
359 3316 545 3363 auctor
589 3327 654 3363 ex
694 3311 967 3363 Ambrosii
1012 3311 1322 3363 Comment.
1376 3326 1432 3363 ιιι
1479 3310 1612 3363 Luc.
1657 3311 1748 3363 lib.
1864 3319 2151 3363 νίτιρειιηηε
2191 3318 2320 3363 nnid
2346 3320 2419 3363 ait
2439 3319 2786 3363 fni-mentum.
2823 3333 2944 3363 nnm
2973 3316 3191 3363 mulier.
3225 3315 3357 3363 rmid
3382 3315 3452 3363 fa-

267 3309 313 3362 ic
359 3316 545 3364 auctor
589 3327 654 3365 ex
694 3311 967 3364 Ambrosii
1012 3311 1322 3368 Comment.
1376 3310 1432 3364 in
1479 3310 1612 3366 Luc.
1657 3311 1748 3367 lib.

225 3397 330 3447 vu,
360 3397 508 3437 num.
561 3381 682 3448 187,
716 3382 957 3452 quaedam
995 3381 1245 3437 hausisse.
1306 3382 1492 3438 Verum
1537 3398 1654 3435 cum
1695 3398 1752 3436 eo

230 3451 332 3507 loci
358 3452 593 3507 aliorum
621 3451 900 3508 sententias
925 3454 990 3508 ab
1012 3470 1063 3508 se
1091 3452 1290 3521 referri
1315 3458 1524 3506 testetur
1541 3458 1752 3507 sanctus

225 3523 430 3594 doctor,
457 3525 738 3594 quo-minus
766 3525 848 3579 hic
877 3531 1065 3580 auctor
1103 3523 1242 3580 alios
1283 3539 1487 3594 quoque
1515 3524 1754 3578 imitatus

225 3593 416 3663 fuerit,
446 3593 586 3650 nihil
610 3596 869 3666 prohibet.

226 3703 279 3758 1.
314 3702 384 3756 Et
412 3701 518 3774 ipsi
547 3701 699 3759 scitis
715 3701 928 3771 fratres,
959 3702 1106 3776 quod
1136 3717 1205 3759 ex
1227 3718 1334 3776 qua
1360 3701 1450 3759 die
1463 3701 1751 3760 vobiscum

143 3807 270 3847 esse
309 3792 472 3864 coepi,
503 3807 615 3846 non
646 3792 853 3849 cessavi
896 3793 1152 3849 omnibus
1182 3810 1280 3850 vos
1313 3794 1619 3850 Dominicis
1645 3792 1754 3848 ad-

147 3894 380 3934 monere
437 3879 733 3949 mandatis,
785 3887 840 3937 et
896 3881 1096 3954 partim
1174 3881 1470 3952 hortando,
1550 3882 1750 3955 partim

146 3968 513 4038 increpando,
546 3977 814 4041 praecepta
846 3969 1005 4027 vobis
1033 3969 1746 4044 divinitatis(45)ingerere;

149 4056 231 4112 ita
275 4064 340 4112 ut
395 4059 718 4132 plerumque
774 4059 900 4131 pius
959 4068 1113 4132 pater
1167 4059 1393 4129 fuerim,
1465 4059 1754 4116 nonnullis

146 4154 337 4204 autem
371 4147 543 4207 durus
575 4149 835 4222 magister
871 4150 1204 4207 exstiterim.
1236 4151 1452 4207 Patrem
1485 4151 1633 4206 enim
1665 4165 1752 4207 me

147 4237 259 4296 sibi
318 4240 622 4309 gratulatus
693 4248 809 4307 est,
867 4239 1118 4312 quisquis
1192 4256 1498 4296 sermonem
1567 4256 1750 4296 meum

149 4327 396 4384 libenter
440 4327 729 4398 amplexus
773 4335 898 4383 est:
949 4327 1150 4384 durum
1194 4337 1377 4385 autem
1425 4329 1750 4401 magistrum

147 4413 344 4483 sensit,
377 4414 473 4486 qui
520 4415 913 4472 conscientiam
970 4433 1124 4473 suam
1181 4417 1571 4489 praedicatione
1632 4433 1752 4473 mea

148 4519 468 4576 percussam
500 4519 615 4560 esse
653 4503 958 4561 condoluit.
1016 4507 1121 4562 Sed
1158 4506 1302 4561 nihil
1351 4523 1470 4562 mea
1500 4509 1748 4573 interest,

1864 3319 2152 3378 videamus
2191 3318 2324 3394 quid
2345 3320 2419 3377 sit
2437 3319 2791 3389 fermentum,
2823 3333 2944 3393 quae
2973 3316 3194 3389 mulier,
3225 3315 3359 3390 quid
3379 3315 3456 3372 fa-

1861 3426 2003 3467 rma.

1939 3523 2087 3581 408
2115 3526 2171 3584 3.
2219 3525 2476 3599 Legimus
2531 3524 2591 3582 in
2637 3530 2826 3583 sancto
2881 3521 3202 3595 Evangelio,
3237 3519 3456 3578 dicente

1860 3614 2102 3672 Domino
2149 3613 2375 3674 Christo
2403 3613 2472 3670 de
2499 3629 2556 3670 se
2585 3613 2741 3685 ipso:
2785 3635 2805 3662 ι
2835 3611 2954 3669 Nisi
2993 3626 3222 3685 granum
3279 3609 3455 3667 tritici

1861 3704 2060 3761 cadens
2110 3703 2169 3760 in
2209 3711 2412 3760 terram
2465 3709 2748 3759 mortuum
2796 3701 2984 3771 fuerit,
3040 3700 3223 3773 ipsum
3274 3699 3454 3756 solum

1861 3802 2082 3862 manet;
2117 3793 2164 3850 si
2197 3801 2380 3850 autem
2408 3800 2693 3849 mortuum
2725 3791 2912 3862 fuerit,
2941 3791 3179 3848 multum
3210 3788 3453 3844 fructum

1860 3885 2018 3941 affert
2039 3883 2218 3957 (Joan.
2247 3899 2349 3951 xu,
2383 3881 2475 3952 24,
2504 3881 2620 3954 25).
2651 3904 2671 3930 ι
2715 3881 2860 3954 Ergo
2890 3880 2937 3938 si
2971 3879 3221 3936 triticum
3250 3877 3455 3934 Domi-

1861 3991 1987 4042 nus,
2023 3981 2078 4030 et
2103 3973 2372 4031 Dominus
2415 3980 2497 4028 est
2539 3973 2911 4040 fermentum;
2944 3969 3075 4044 quia
3120 3970 3452 4026 fermentum

1861 4079 1974 4119 non
2004 4063 2112 4120 nisi
2145 4063 2212 4120 de
2236 4061 2425 4120 tritico
2454 4061 2575 4119 ﬁeri
2607 4061 2746 4118 solet
2776 4079 2789 4119 :
2833 4067 2979 4117 recte
3016 4075 3145 4133 ergo
3180 4059 3455 4116 fermento

1864 4152 1981 4226 (48)
2036 4152 2306 4209 Dominus
2361 4158 2728 4224 comparatur,
2779 4150 2909 4225 quia
2949 4167 3077 4208 cum
3106 4157 3247 4207 esset
3275 4150 3455 4224 specie

1860 4240 2048 4310 homo,
2067 4240 2383 4297 humilitate
2397 4255 2620 4313 parvus,
2642 4238 3021 4296 imbecillitate
3036 4237 3455 4311 dejectus,tanta

1860 4330 2198 4388 intrinsecus
2230 4329 2515 4403 sapientiae
2553 4329 2761 4385 virtute
2781 4327 3117 4402 pollebat,ut
3143 4327 3451 4386 doctrinam

1860 4420 2034 4494 ipsius
2090 4419 2332 4477 mundus
2388 4420 2503 4492 ipse
2561 4418 2662 4474 vix
2691 4425 2941 4492 caperet:
2985 4419 3081 4491 qui
3131 4433 3258 4474 cum
3287 4417 3453 4490 cmpit

1859 4527 1956 4584 per
1984 4516 2162 4566 totum
2223 4508 2411 4565 orbem
2442 4506 2757 4565 divinitatis
2808 4506 2998 4578 vigore
3043 4503 3448 4572 transfundere,

147 4593 457 4650 dummodo
477 4593 592 4650 sive
610 4594 828 4666 pietate,
861 4594 977 4650 sive
1003 4611 1233 4652 censura
1258 4593 1511 4652 Christus
1539 4612 1749 4652 annun-
1780 4598 1829 4656 D
1856 4599 2041 4656 statim
2069 4615 2233 4655 omne
2279 4597 2569 4654 hominum
2601 4613 2770 4668 genus
2816 4595 2875 4652 in
2905 4593 3264 4651 substantiam
3295 4607 3448 4648 suam

151 4681 324 4739 tietur
354 4683 412 4738 in
447 4682 608 4738 vobis
639 4701 653 4751 ;
704 4683 957 4756 quamvis
984 4691 1038 4740 et
1068 4682 1182 4757 ipsa
1210 4699 1438 4740 censura
1458 4684 1529 4739 sit
1557 4683 1747 4756 pietas,

148 4785 277 4845 quae
309 4771 432 4827 ideo
479 4772 626 4829 circa
671 4772 1096 4845 negligentiores
1144 4772 1290 4828 ﬁlios
1338 4773 1654 4842 adhibetur,
1687 4782 1750 4831 ut

151 4862 351 4917 timere
379 4862 599 4918 discant
645 4863 792 4935 quod
823 4879 1004 4918 amare
1035 4865 1411 4934 neglexerant.
1448 4862 1569 4919 Non
1600 4865 1746 4936 quod

151 4966 344 5006 omnes
372 4951 519 5007 ﬁlios
566 4968 678 5007 non
711 4953 997 5026 aequaliter
1051 4951 1245 5024 diligat
1276 4961 1444 5024 pater,
1477 4953 1571 5009 sed
1601 4953 1747 5026 quod

152 5039 501 5113 indulgentia
527 5042 698 5114 patris
727 5043 800 5098 sit
839 5059 938 5114 pro
969 5041 1292 5098 diversitate
1325 5059 1543 5099 morum
1573 5043 1745 5099 exhi-

151 5127 282 5185 bere
311 5129 530 5203 pietatis
555 5130 808 5188 affectum
840 5149 854 5198 ;
888 5139 950 5186 ut
967 5130 1231 5187 blandum
1262 5130 1438 5187 ﬁlium
1471 5131 1745 5188 exhorta-

152 5218 305 5277 tione
376 5229 674 5294 provocet,
761 5227 1140 5294 contumacem
1212 5236 1344 5276 vero
1428 5221 1743 5278 austeritate

250 5395 345 5467 45)
377 5397 499 5454 Vox
533 5397 828 5453 divinitatis
848 5414 876 5453 e
904 5394 1027 5453 cod.
1050 5393 1223 5467 Lugd.
1255 5393 1582 5467 restituitur.

253 5465 343 5535 1ιϐ)
371 5470 453 5525 Ita
482 5469 655 5526 codex
700 5469 950 5526 Valliscl.
987 5467 1062 5522 At
1091 5465 1281 5522 omnes
1309 5466 1444 5535 edit,
1483 5465 1738 5524 eﬁ‘erunt.

155 5538 334 5610 succus
370 5542 463 5596 hoc
493 5548 654 5596 totam
702 5557 930 5596 massam
985 5539 1142 5610 faciet
1171 5555 1292 5604 esse,
1339 5538 1618 5610 quodpipse
1646 5544 1741 5608 est,

154 5609 232 5666 ita
259 5629 458 5683 semper
486 5614 807 5668 universum.
840 5609 1014 5683 Lugd.
1039 5611 1212 5666 codex
1232 5610 1299 5664 ab
1330 5609 1416 5666 his
1444 5609 1739 5683 discrepat,

159 5691 392 5764 quodet
409 5709 600 5764 succus
635 5693 728 5748 hoc
757 5707 869 5749 non
898 5691 1164 5764 agnoscit.

229 5761 346 5835 (47)
407 5763 530 5821 Vet.
591 5764 724 5820 edit.
803 5771 856 5819 et
915 5761 1088 5820 codex
1145 5761 1342 5835 Lugd.,
1399 5761 1736 5834 specialiter;

401 5863 640 5920 PATROL.
681 5863 857 5921 XVII.

1859 4705 1957 4745 sua
1985 4697 2248 4761 potestate
2303 4688 2608 4761 protraxit;
2641 4693 2704 4742 ut
2733 4692 2788 4742 et
2825 4684 3020 4756 jugum
3077 4681 3316 4754 Spiritus
3362 4680 3449 4737 sui

1860 4778 2035 4835 sancti
2067 4778 2384 4834 infunderet
2421 4775 2701 4843 omnibus,
2733 4782 2787 4830 et
2823 4773 2929 4829 hoc
2954 4769 3296 4828 Christianos
3327 4767 3445 4841 (49)

1858 4879 2087 4928 cunctos
2117 4871 2317 4927 faceret
2348 4885 2488 4936 esse,
2534 4866 2682 4939 quod
2724 4865 2978 4922 Christus
3007 4869 3108 4918 est.
3139 4863 3275 4918 Nam
3318 4877 3446 4920 cum

1857 4958 2025 5016 homo
2054 4959 2324 5016 Dominus
2359 4958 2513 5013 Iesus
2554 4971 2698 5011 unus
2737 4962 2791 5009 et
2818 4953 2966 5009 solus
2995 4959 3134 5008 esset
3153 4951 3212 5008 in
3238 4951 3448 5010 mundo

1855 5055 2115 5122 tanquam
2156 5049 2485 5104 fermentum
2515 5045 2573 5100 in
2604 5059 2781 5098 massa
2809 5039 3176 5111 reconditum,
3206 5041 3447 5099 univer-

1855 5156 1944 5196 sos
1969 5138 2226 5195 homines
2273 5133 2532 5209 praestitit
2561 5148 2676 5190 esse
2720 5132 2868 5207 quod
2898 5132 3013 5205 ipse
3042 5141 3142 5190 est.
3183 5131 3446 5206 Quisquis

1855 5228 2025 5302 igitur
2067 5227 2152 5284 illi
2201 5225 2474 5282 fermento
2514 5221 2726 5282 Christi
2771 5221 3086 5292 adhaeserit,
3126 5221 3364 5279 efﬁcitur
3390 5229 3446 5278 et

1852 5401 2010 5458 Rom.
2063 5399 2196 5473 edit.
2256 5405 2309 5454 et
2347 5413 2466 5473 ms_._
2503 5394 2758 5473 Xalliscl.
2821 5393 3182 5473 spiritaliter;
3239 5399 3295 5449 at
3341 5407 3442 5466 pro

1849 5473 2074 5539 ratione,
2105 5471 2255 5527 solus
2282 5486 2384 5525 ms.
2417 5468 2670 5525 Valliscl.
2704 5466 2948 5540 reposuit
2966 5466 3296 5520 narratione.

1925 5543 2043 5614 (b8)
2061 5536 2262 5614 Codex
2291 5541 2564 5614 valliscl.,
2598 5536 2879 5614 recte_e:rgo_
2904 5536 3218 5614 frumento.“
3351 5605 3367 5614 _
3477 5583 3496 5599 ,.

1927 5605 2044 5686 (49)
2077 5613 2280 5671 Omnes
2308 5612 2442 5686 edit.
2488 5618 2542 5686 et
2588 5627 2689 5666 ms.
2734 5605 2987 5686 Ya'lliscl.
3007 5650 3023 5676 ,
3055 5606 3317 5686 omnibus,
3346 5605 3440 5664 hoc

1852 5679 1944 5752 est,
1974 5679 2343 5751 Christianos;
2373 5681 2571 5753 Lugd.,
2602 5680 2859 5749 omnibus,
2890 5685 2940 5753 et
2968 5681 3060 5753 hoc
3084 5679 3437 5753 Christianos.

1853 5751 2002 5817 Idem
2024 5767 2205 5818 autem
2237 5764 2339 5827 est,
2366 5762 2415 5816 et
2450 5751 2563 5826 hoc,
2592 5763 2776 5828 atque,
2814 5759 2868 5811 et
2895 5751 3002 5812 hac
3029 5751 3330 5809 infusione.
