3972 6370
537 359 640 420 651

1551 357 1650 415 AD
1687 356 1924 415 OPERA
1959 355 2016 414 S.
2056 355 2392 416 AMBROSII
2427 355 2812 414 APPENDIX.

536 483 653 556 ipse
681 481 1035 551 fermentum,
1057 488 1170 539 tam
1201 480 1307 538 sibi
1337 481 1513 552 utilis,
1544 498 1708 557 quam
1738 482 1864 539 aliis
1896 481 2127 538 idoneus
2155 482 2207 543 Α
2240 480 2621 553 Temperatum
2655 477 2894 536 estenim
2933 476 3294 551 sanguinibus
3317 485 3374 534 et
3413 477 3848 537 crudelitatibus

2239 569 2551 626 Iudaeorum
2601 566 2913 626 dicentium
2961 567 3029 624 de
3054 565 3339 624 Domino:
3391 590 3408 614 ι
3450 567 3693 640 Sanguis
3726 565 3849 638 ejus
3940 635 3941 640 η

537 571 860 640 universis;
909 579 966 628 et
1008 569 1078 628 de
1124 587 1223 629 sua
1262 577 1446 630 certus
1473 572 1670 642 salute,
1700 581 1755 630 et
1796 571 1864 628 de
1895 571 2130 628 aliorum

541 662 906 736 acquisitione
934 677 1175 719 securus.

604 751 662 810 4.
715 753 870 810 Sicut
941 751 1112 826 igitur
1163 751 1496 810 fermentum
1547 769 1674 810 cum
1730 753 1790 808 in
1843 752 2126 809 cumulum

538 843 1011 916 conspergendum
1069 849 1150 899 est
1207 843 1472 912 farinum,
1529 841 1916 915 confringitur,
1967 857 2129 897 com-

535 931 830 1000 minuitur,
877 933 1197 1005 dissipatur,
1235 939 1289 989 et
1345 933 1525 1006 ipsum
1582 948 1744 989 omne
1782 931 2124 1000 dissolvitur,

531 1030 594 1078 ut
621 1021 922 1094 dispersam
962 1021 1114 1077 illam
1165 1021 1356 1078 farinae
1404 1021 1819 1078 multitudinem
1850 1028 1904 1078 et
1952 1035 2125 1077 unum

531 1110 616 1168 sui
651 1112 839 1184 vigore
865 1109 1205 1184 constringat
1261 1111 1402 1184 (50),
1433 1119 1595 1184 atque
1636 1109 1696 1166 in
1724 1109 1963 1168 solidum
1992 1125 2126 1167 cor—

533 1217 637 1275 pus
662 1202 893 1274 redigat,
927 1202 1075 1276 quod
1103 1202 1161 1258 in
1189 1203 1434 1276 pulveris
1463 1201 1690 1260 modum
1720 1203 1837 1275 ipsa
1868 1201 2126 1258 diminu-

534 1293 688 1350 tione
719 1293 1043 1366 languebat;
1083 1293 1358 1368 faciatque
1377 1293 1766 1366 conjunctione
1793 1293 1879 1350 su-i
1923 1293 2123 1349 utilem

529 1398 785 1451 massam,
827 1382 976 1458 quod
1016 1383 1238 1457 propria
1265 1383 1626 1440 dissolutione
1669 1382 1960 1439 videbatur
1987 1381 2125 1437 inu-

529 1471 666 1528 tile:
733 1471 812 1530 sic
863 1488 990 1546 ergo
1048 1479 1103 1528 et
1159 1473 1430 1530 Dominus
1476 1473 1632 1530 Jesus
1675 1471 1945 1539 Christus,
1995 1486 2122 1527 cum

530 1568 671 1620 esset
699 1561 872 1618 totius
897 1561 1094 1618 mundi
1127 1560 1479 1631 fermentum,
1517 1561 1750 1619 diversis
1778 1559 2124 1634 passionibus

529 1652 864 1720 confractus,
885 1650 1154 1708 laceratus
1182 1659 1236 1707 et
1251 1650 1552 1708 dissolutus
1581 1657 1686 1720 est,
1711 1659 1764 1707 et
1791 1667 1986 1707 succus
2006 1648 2123 1722 ejus

526 1756 626 1813 pro
657 1741 831 1798 salute
859 1749 1064 1810 nostra,
1096 1740 1193 1816 qui
1220 1748 1302 1798 est
1329 1741 1600 1814 pretiosus
1647 1739 1890 1813 sanguis,
1920 1739 2123 1796 effusus

2239 677 2400 732 super
2445 676 2566 728 nos,
2618 667 2672 714 et
2722 673 2886 730 super
2929 657 3077 714 ﬁlios
3126 664 3344 714 nostros
3386 657 3602 730 (Matth.
3653 673 3844 727 xxvn,

2237 749 2352 822 25).
2386 774 2405 799 ι
2451 749 2606 806 Unde
2634 749 2712 804 ait
2741 747 3108 819 Evangelium
3133 765 3146 803 :
3208 771 3228 796 ε
3257 747 3441 804 Erunt
3458 747 3582 804 duae
3613 747 3843 803 molen-

2236 847 2334 906 tes,
2365 855 2476 895 una
2502 843 2813 894 assumatur
2836 846 2891 894 et
2917 850 3028 894 una
3049 837 3396 910 relinquetur
3427 837 3650 909 (Matth.
3676 853 3842 906 XXIV,

2234 929 2350 1001 41).
2383 953 2400 978 ι
2439 931 2764 984 Assumetur
2791 927 2940 982 enim
2975 926 3032 982 in
3065 925 3310 999 requiem
3355 935 3618 984 aeternam
3649 933 3845 983 sancta

2232 1018 2500 1088 Ecclesia,
2561 1035 2683 1092 quae
2709 1017 2950 1075 Domino
2988 1018 3173 1076 cibum
3210 1019 3520 1077 sanctitatis
3549 1020 3792 1076 emoluit
3824 1037 3838 1077 :
3939 1089 3941 1098 Α

2233 1111 2578 1185 relinquetur
2633 1111 2702 1167 ad
2756 1113 2931 1168 molas
2982 1119 3213 1169 cruenta
3278 1111 3586 1186 Synagoga,
3634 1129 3838 1186 gyrum

2231 1217 2444 1275 semper
2473 1216 2695 1274 passura
2722 1218 2833 1258 suae
2860 1201 3124 1274 perﬁdiae.

2725 1312 2874 1370 409
2908 1313 3144 1372 SERMO
3173 1314 3325 1374 XIV.

2606 1405 2898 1464 Dominica
2928 1405 2986 1462 in
3015 1403 3446 1478 Septuagesima.

2235 1495 2634 1568 Septuagesimw
2678 1512 2866 1550 nomen
2912 1501 3061 1550 aetate
3125 1511 3231 1548 non
3256 1495 3454 1568 solum
3507 1493 3835 1568 Ambrosii,

2302 1565 2392 1623 sed
2421 1565 2652 1625 Maximi
2677 1569 2837 1622 etiam
2870 1569 3036 1622 multo
3067 1566 3329 1622 recentius
3357 1583 3463 1622 esse
3498 1565 3558 1620 in
3595 1566 3838 1638 confesso

2303 1645 2395 1695 est.
2433 1641 2632 1710 Synodi
2661 1640 3069 1695 Aurelianenses
3097 1639 3282 1711 prima
3309 1644 3358 1693 et
3383 1645 3598 1710 quarta,
3634 1639 3838 1710 quibus

2295 1711 2607 1783 prohibitur
2659 1711 3104 1782 quinquagesima:
3157 1717 3204 1765 et
3247 1711 3579 1781 sexagesima:
3621 1711 3837 1768 obsera-

2305 1783 2395 1851 tio,
2442 1783 2504 1838 de
2559 1783 2942 1854 septuagesima
2993 1783 3130 1838 nihil
3179 1783 3516 1854 prwcipiunt,
3575 1799 3670 1839 nec
3717 1783 3838 1852 ejus

525 1837 609 1888 est
631 1847 647 1900 ;
687 1837 750 1886 ut
772 1828 1105 1888 admistione
1137 1830 1225 1888 sui
1251 1847 1414 1888 omne
1451 1847 1618 1904 genus
1643 1829 1950 1887 humanum
1976 1828 2119 1885 soli-
2149 1854 2194 1916 Β

528 1919 706 1988 daret,
736 1920 886 1994 quod
912 1936 1010 1992 per
1045 1919 1264 1978 diversa
1291 1927 1452 1978 antea
1481 1920 1599 1994 (51)
1631 1921 1933 1976 resolutum
1959 1917 2120 1992 jace-

527 2004 622 2066 bat
650 2026 664 2076 ;
697 2009 776 2068 sic
805 2010 952 2067 enim
985 2011 1141 2068 velut
1186 2010 1520 2068 fermentum
1567 2009 1844 2086 quoddam
1874 2025 1994 2078 nos,
2027 2005 2122 2082 qui

528 2101 706 2158 farina
751 2118 822 2158 ex
869 2101 1124 2176 gentibus
1173 2103 1502 2160 videbamur
1557 2118 1692 2172 esse,
1768 2098 2120 2157 adhaesimus.

527 2189 660 2262 Nos,
699 2191 949 2266 inquam,
989 2192 1084 2266 qui
1116 2208 1213 2266 per
1239 2199 1418 2250 totum
1447 2192 1635 2250 orbem
1664 2190 1896 2266 dispersi
1943 2197 1998 2246 et
2025 2189 2122 2246 di—

529 2282 736 2339 minnti
776 2282 996 2356 penitus
1046 2282 1163 2357 (52)
1207 2283 1546 2356 jacebamus,
1600 2281 1788 2356 vigore
1855 2278 2124 2354 passionis

530 2371 741 2432 Christi
789 2371 849 2429 in
877 2371 1053 2445 ipsius
1083 2390 1284 2448 corpus
1333 2372 1544 2432 redacti
1586 2389 1797 2441 sumus,
1828 2371 1972 2429 sicut
1999 2369 2121 2426 bea-

524 2469 614 2522 tus
641 2464 938 2538 Apostolus
965 2463 1078 2521 ait:
1137 2488 1156 2515 ‹
1185 2464 1454 2533 Quoniam
1513 2481 1704 2521 sumus
1739 2478 1936 2536 corpus
1965 2461 2120 2520 Chri-

521 2554 594 2612 sti
637 2561 690 2611 et
721 2553 967 2612 membra
997 2553 1056 2627 (Ι
1083 2554 1208 2612 Cor.
1240 2571 1344 2625 xu,
1377 2553 1482 2623 27;
1515 2555 1712 2626 Ephes.
1743 2571 1802 2623 v,
1829 2552 1970 2626 30).»
2009 2551 2120 2607 Nos

519 2645 696 2720 igitur
720 2645 817 2726 qui
845 2661 915 2702 ex
938 2643 1260 2703 nationibus
1284 2645 1343 2701 in
1368 2645 1616 2718 pulveris
1645 2642 1872 2700 modum
1903 2659 1936 2700 a
1955 2649 2118 2699 terrae

522 2735 664 2794 facie
709 2735 1075 2808 jactahamur,
1125 2735 1438 2810 aspersione
1485 2732 1770 2808 sanguinis
1796 2731 2020 2790 Domini
2059 2731 2119 2788 in

524 2843 756 2884 massam
786 2826 1084 2884 soliditatis
1112 2826 1230 2898 ejus
1257 2825 1616 2884 accrevimus.

592 2919 648 2978 5.
673 2917 872 2976 Mulier
909 2927 1093 2975 autem
1142 2916 1258 2985 illa,
1293 2932 1414 2990 quas
1444 2915 1653 2973 dicitur
1679 2913 2031 2972 abscondisse
2059 2912 2118 2969 in

523 3006 703 3066 farina
755 3007 1110 3076 fermentum,
1142 3021 1262 3079 quae
1317 3013 1417 3075 est,
1474 3005 1585 3061 nisi
1639 3013 1826 3062 sancta
1851 3001 2115 3072 Ecclesia,

528 3114 654 3172 quas
681 3096 930 3171 quotidie
957 3095 1264 3152 doctrinam
1306 3093 1516 3152 Christi
1545 3095 1603 3150 in
1629 3093 1888 3152 cordibus
1918 3093 2120 3151 nostris

531 3196 766 3248 conatur
793 3187 1128 3246 abscondere
1147 3188 1176 3245 ?
1201 3189 1344 3261 Ipsa,
1383 3186 1630 3260 inquam,
1662 3195 1744 3244 est
1772 3187 2120 3261 mulier,quas

521 3279 584 3336 in
615 3279 726 3337 alio
761 3279 882 3337 loco
912 3279 1078 3336 etiam
1123 3279 1330 3336 molere
1375 3277 1602 3347 dicitur,
1633 3277 1776 3335 sicut
1822 3279 1900 3336 ait
1926 3279 2118 3335 Domi-

532 3386 675 3428 nus:
723 3393 744 3418 ι
783 3369 964 3426 Erunt
1019 3369 1141 3426 dum
1190 3369 1478 3436 molentes,
1525 3374 1636 3424 una
1687 3375 2015 3438 assumetur,
2065 3376 2120 3426 et

521 3475 636 3518 una
691 3459 1036 3533 relinquetur
1075 3458 1288 3532 (Matth.
1341 3474 1501 3526 xxiv,
1530 3455 1646 3529 41).
1675 3481 1694 3508 ι
1757 3456 1917 3515 Molit
1971 3459 2120 3514 enim

521 3556 715 3609 sancta
744 3548 994 3608 Ecclesia
1021 3565 1118 3624 per
1165 3549 1361 3622 legem,
1389 3565 1487 3622 per
1518 3547 1814 3622 apostolos,
1852 3564 1950 3621 per
1983 3564 2123 3620 pro-

522 3639 740 3715 phetas,
791 3656 918 3698 cum
973 3640 1398 3698 catechumenos
1442 3640 1594 3710 facit,
1665 3647 1720 3696 et
1773 3639 2120 3713 asperitatem

524 3729 856 3802 gentilitatis
895 3728 1128 3804 dissipat
1151 3739 1312 3805 atque
1347 3729 1720 3798 comminuit;
1753 3737 1816 3786 ut
1846 3729 2124 3786 emollitos

525 3840 619 3882 eos
649 3824 710 3881 in
741 3825 932 3882 ferinus
956 3825 1182 3884 modum
1197 3833 1351 3900 aptos
1371 3824 1538 3883 faciat
1556 3825 1827 3882 fermento
1843 3821 2124 3881 Dominici

527 3913 811 3988 sanguinis
847 3915 1144 3975 adhmrere.
1177 3918 1536 3974 Fermentum
1583 3916 1732 3972 enim
1761 3914 2000 3972 dixerim
2029 3923 2126 3970 to-

526 4009 639 4061 tam
668 4004 894 4062 Domini
922 4005 1278 4080 passionem;
1333 4005 1665 4062 fermentum
1723 4003 1872 4060 enim
1933 4001 2126 4060 salutis

527 4100 731 4152 nostrai
757 4104 839 4153 est
857 4095 1176 4168 symbolum
1207 4096 1389 4170 ipsum
1415 4095 1562 4170 quod
1587 4093 1847 4163 traditur,
1879 4093 1996 4150 sine
2017 4109 2126 4166 quo

529 4182 802 4242 fermento
833 4183 975 4258 (53),
1007 4186 1096 4241 vel
1127 4185 1403 4258 symbolo,
1425 4199 1591 4241 nemo
1609 4189 1792 4256 potest
1815 4181 1946 4238 vitae
1975 4189 2128 4238 aeter-

531 4287 616 4330 nae
633 4271 1000 4330 substantiam
1019 4273 1339 4346 promereri.

603 4364 659 4422 6.
689 4365 760 4421 Et
797 4363 928 4440 quia
957 4365 1094 4422 duas
1129 4363 1498 4438 Evangelium
1545 4363 1810 4422 describit
1839 4362 2128 4444 molentes,

533 4463 698 4530 atque
722 4473 890 4515 unam
927 4457 1232 4516 Ecclesiam
1263 4455 1509 4515 diximus
1563 4455 1856 4514 salubriter
1902 4455 2128 4526 molere,

534 4549 764 4605 alteram
820 4563 986 4622 quam
1016 4547 1126 4604 nisi
1156 4547 1501 4621 Synagogam
1529 4549 1777 4620 accipere
1815 4545 2076 4603 debemus
2104 4545 2133 4602 7

533 4638 694 4698 Molit
721 4638 870 4696 enim
908 4647 964 4698 et
1008 4637 1127 4712 ipsa
1175 4653 1273 4712 per
1297 4637 1526 4712 Moysen
1581 4645 1635 4694 et
1663 4635 1955 4710 prophetas
1988 4651 1999 4690 :
2037 4633 2132 4692 sed

536 4731 814 4790 inutiliter
867 4732 1048 4803 molit,
1080 4731 1226 4790 sicut
1279 4731 1418 4789 dicit
1463 4731 1762 4806 Apostolus
1789 4731 1856 4788 de
1883 4729 2084 4788 Iudaeis
2118 4747 2130 4788 :

552 4846 576 4873 ι
612 4824 1048 4882 λΕωιιΙαιὶοῐιθω
1095 4823 1198 4882 Dei
1255 4823 1479 4894 habent,
1532 4824 1627 4882 sed
1664 4840 1779 4881 non
1834 4823 2136 4880 secundum

543 4913 829 4970 scientiam
863 4914 1041 4987 (Rom.
1083 4931 1142 4984 χ,
1171 4914 1250 4988 2).
1282 4939 1302 4964 ι
1352 4915 1653 4984 lnutiliter,
1697 4915 1947 4988 inquam,
1979 4913 2141 4972 molit

545 5002 861 5077 Synagoga:
899 5003 1030 5078 quia
1057 5021 1292 5063 massam
1327 5022 1483 5064 suam
1515 5005 1722 5064 Christi
1753 5003 2005 5062 doctrina
2028 5019 2140 5061 non

546 5101 833 5168 temperat.
887 5099 1071 5170 Atque
1115 5097 1242 5156 ideo
1293 5099 1612 5158 evitandum
1672 5097 1931 5174 praecepit
1972 5097 2142 5170 Syna-

550 5201 698 5260 gogaa
739 5185 1008 5244 Dominus
1038 5203 1156 5246 esse
1201 5189 1554 5261 fermentum,
1610 5189 1800 5248 dicens
1833 5209 1846 5248 :
1901 5213 1920 5237 ι
1943 5188 2142 5246 Cavete

548 5275 710 5336 vobis
743 5293 776 5334 a
803 5276 1076 5338 fermento
1099 5279 1502 5341 Pharisaeorum
1529 5282 1876 5354 (Matth.xvi,
1901 5279 1956 5349 6,
1989 5277 2128 5350 11).»

566 5535 574 5553 ί
633 5463 752 5542 (50)
787 5467 1074 5552 Ita.codex
1093 5467 1289 5553 Lugd.;
1305 5465 1566 5553 Xalliscl‘.
1589 5477 1770 5553 autem
1795 5475 1959 5542 atque
1987 5465 2145 5553 edit.,

551 5540 1068 5626 ἱημηίξεη-ῃὶρρνεῃι
1103 5540 1461 5626 _coitstringat.
1511 5540 1790 5598 Continuo
1843 5540 1976 5626 vero
2006 5543 2150 5626 ipost

551 5616 707 5674 solus
727 5611 978 5671 Valliscl.
1013 5614 1063 5670 le
1101 5615 1144 5672 it
1196 5611 1440 5685 atquein
1467 5628 1632 5668 unum
1655 5628 1786 5684 opus
1818 5612 2038 5683 redigat.

625 5682 746 5760 (51)
779 5683 982 5768 anes
1017 5631 1246 5768 etﬁt,’ac
1285 5681 1692 5768 Lugdqeqdex‘,
1731 5683 1874 5754 quod
1896 5698 2000 5768 per
2051 5679 2151 5768 di:-

549 5752 704 5817 ver'sa
723 5752 928 5823 antra;
965 5752 1312 5818 commodius
1331 5752 1438 5814 nis.
1461 5752 1917 5825 Vallisclu—quod
1943 5769 2044 5824 per
2071 5752 2150 5808 di-

2157 4593 2208 4655 D

2304 1925 2656 1998 dragesimani
2695 1927 2918 1983 alleluia
2945 1927 3155 1982 cantari
3172 1925 3340 1998 jubet.
3368 1926 3628 1982 Eamdem
3655 1925 3835 1984 autem

2301 1997 2476 2054 vocem
2504 1999 2562 2054 in
2581 1999 2702 2054 edit.
2729 1997 3236 2070 OperumiGregorii
3259 1998 3444 2070 Magni
3465 1998 3715 2070 Homilies
3741 1999 3831 2065 19,

2301 2075 2350 2126 et
2393 2070 2574 2130 Missis
2608 2069 2922 2142 quibusdam
2962 2069 3297 2128 Sacrament.
3330 2069 3471 2142 falso
3517 2069 3833 2142 inscriptam

2303 2159 2412 2197 non
2436 2140 2773 2213 ambigimus,
2798 2157 2914 2196 cum
2951 2159 3024 2213 ea
3068 2159 3176 2196 non
3205 2141 3541 2213 _reperiatur
3591 2140 3650 2196 in
3680 2140 3828 2198 _mss.

2305 2214 2458 2282 Quod
2489 2211 2737 2270 similiter
2784 2213 2846 2268 de
2874 2212 3096 2283 epistola
3149 2211 3220 2268 ad
3263 2211 3620 2283 Augustinum
3645 2229 3833 2268 mona-

2301 2289 2455 2358 chum
2485 2304 2521 2342 a
2557 2285 2844 2350 Gratiano,
2869 2282 3101 2358 distinct.
3135 2283 3192 2354 4,
3221 2299 3338 2356 cap.
3363 2282 3620 2358 Denique
3652 2299 3831 2342 sacer-

2301 2356 2479 2427 dotes,
2505 2358 2670 2415 citata
2701 2356 3039 2413 statuendum
3067 2361 3159 2412 est.

2300 2472 2354 2528 1.
2387 2470 2662 2528 Redimite
2691 2487 2792 2528 vos
2821 2471 2988 2544 ipsos,
3011 2469 3144 2528 dum
3173 2485 3274 2529 vos
3300 2470 3540 2545 pretium
3569 2467 3823 2528 habetis:

2228 2561 2470 2637 quando,
2495 2561 2806 2620 charissimi
2821 2562 3035 2632 fratres,
3059 2578 3268 2619 novum
3293 2569 3510 2636 tempus
3524 2558 3824 2628 inchoatis,

2229 2658 2468 2708 vestram
2499 2651 2672 2708 vitam
2705 2667 2972 2709 renovare
3015 2651 3245 2710 debetis.
3280 2653 3342 2709 In
3371 2657 3488 2708 toto
3515 2667 3667 2708 anno
3712 2665 3825 2706 non

2227 2740 2436 2800 dicitur
2463 2742 2579 2799 ulla
2615 2742 2733 2800 dies
2759 2743 3187 2817 Septuagesima,
3217 2741 3325 2801 nisi
3352 2741 3491 2800 ista:
3524 2757 3630 2800 nec
3659 2739 3828 2798 Sexa-

2229 2830 2453 2904 gesima,
2487 2831 2595 2889 nisi
2627 2849 2860 2905 sequens
2891 2833 3186 2891 Dominica
3216 2849 3229 2888 :
3261 2847 3436 2907 neque
3461 2831 3833 2904 Quinquage-

2227 2922 2388 2989 sima,
2445 2921 2556 2979 nisi
2608 2921 2816 2980 abhinc
2842 2923 3004 2980 tertia
3041 2938 3055 2979 :
3095 2939 3198 2982 nec
3241 2921 3689 2994 Quadragesima,
3719 2917 3830 2976 nisi

2229 3012 2437 3071 abhinc
2467 3021 2662 3088 quarta
2685 3013 3014 3081 Dominica;
3058 3022 3113 3070 et
3141 3013 3272 3086 quia
3299 3027 3444 3069 nova
3465 3010 3699 3068 nomina
3724 3008 3831 3066 hoc

2229 3109 2452 3176 tempus
2483 3101 2669 3172 habet,
2705 3103 2830 3158 ideo
2861 3103 3042 3158 omnis
3073 3102 3422 3159 Christianus
3450 3115 3720 3158 renovare
3746 3097 3830 3156 vi-

2227 3201 2341 3250 tam
2383 3209 2540 3250 suam
2575 3192 2758 3250 debet.
2795 3193 2912 3249 Hoc
2975 3191 3122 3249 enim
3175 3192 3437 3250 admonet
3483 3189 3787 3265 Apostolus
3814 3232 3831 3258 ,

2228 3281 2420 3339 dicens
2450 3297 2463 3337 :
2505 3305 2524 3330 ε
2551 3280 2922 3339 Renovamini
2943 3279 3141 3354 spiritu
3162 3279 3364 3338 mentis
3389 3287 3586 3339 vestra
3604 3279 3829 3352 (Ephes.

2229 3389 2309 3443 1v,
2339 3372 2456 3446 23);
2484 3397 2504 3423 ι
2549 3371 2720 3428 item:
2767 3396 2788 3421 ι
2832 3371 2953 3428 Etsi
3001 3369 3243 3428 exterior
3296 3369 3465 3428 homo
3497 3377 3686 3428 noster
3713 3385 3832 3427 cor-

2228 3463 2530 3538 rumpitur,
2557 3470 2744 3520 tamen
2775 3461 3008 3522 interior
3039 3468 3336 3522 renovatur
3371 3460 3440 3520 de
3465 3460 3557 3520 die
3586 3461 3648 3519 in
3681 3459 3830 3518 diem

2233 3555 2322 3628 (II
2351 3555 2475 3612 Cor.
2512 3571 2589 3624 1v,
2639 3555 2752 3626 16).
2777 3579 2796 3603 ι

2303 3645 2356 3703 2.
2387 3647 2523 3702 Nam
2569 3644 2714 3703 sicut
2741 3651 3060 3714 renovatur,
3088 3644 3184 3718 qui
3223 3643 3290 3700 de
3333 3641 3480 3700 malo
3527 3640 3736 3700 transit
3761 3637 3832 3698 ad

2230 3735 2438 3793 bonum
2473 3753 2488 3803 ;
2525 3734 2604 3791 ita
2647 3743 2963 3804 renovatur,
3005 3734 3100 3809 qui
3126 3735 3194 3790 de
3221 3732 3368 3790 bono
3398 3731 3598 3790 transit
3625 3731 3697 3789 ad
3724 3746 3832 3787 me-

2235 3826 2362 3882 lius.
2395 3824 2502 3892 Qui
2533 3823 2600 3880 de
2628 3823 2850 3880 luxuria
2879 3825 2967 3880 vel
2995 3823 3240 3897 qualibet
3267 3820 3626 3878 immunditia
3653 3829 3836 3878 trans-

2234 3915 2279 3972 it
2307 3914 2373 3970 ad
2407 3913 2737 3984 castitatem,
2773 3912 2946 3970 vitam
2978 3931 3134 3970 suam
3175 3911 3482 3981 renovavit,
3527 3909 3624 3986 qui
3653 3909 3838 3967 aliena

2235 4020 2422 4078 rapere
2479 4003 2687 4076 injuste
2745 4011 3128 4072 consueverat,
3157 4003 3203 4060 si
3261 4019 3359 4059 sua
3383 3999 3612 4074 coeperit
3653 4001 3837 4059 mise-

2235 4095 2530 4154 ricorditer
2586 4093 2938 4164 distribuere,
2993 4093 3164 4150 vitam
3221 4109 3374 4150 suam
3431 4097 3680 4148 renovat.
3727 4090 3836 4160 Qui

2239 4185 2507 4259 superbus
2547 4184 2615 4241 ad
2669 4183 3041 4241 humilitatem
3073 4180 3375 4250 transierit,
3406 4188 3459 4237 et
3489 4179 3584 4253 qui
3615 4178 3836 4235 amabat

2237 4275 2524 4333 detrahere
2553 4273 2835 4342 fratribus,
2868 4273 2916 4330 si
2948 4271 3175 4346 coeperit
3209 4271 3404 4327 fratres
3431 4268 3682 4342 diligere,
3715 4268 3838 4325 sine

2240 4365 2412 4422 dubio
2441 4373 2670 4421 renovat
2689 4363 2861 4420 vitam
2883 4379 3037 4420 suam
3065 4381 3078 4432 ;
3110 4360 3238 4435 quia
3262 4359 3355 4434 qui
3387 4367 3501 4418 erat
3522 4359 3836 4415 membrum

2241 4446 2450 4512 diaboli
2481 4455 2622 4510 male
2652 4451 2913 4521 vivendo,
2962 4450 3159 4524 incipit
3188 4465 3302 4506 esse
3348 4449 3406 4504 in
3445 4463 3674 4521 corpore
3701 4446 3839 4504 novi

2241 4543 2509 4614 hominis,
2539 4542 2598 4600 id
2626 4551 2708 4600 est
2749 4540 2975 4600 Domini
3005 4539 3180 4597 nostri
3224 4539 3352 4595 Jesu
3389 4536 3618 4605 Christi,
3651 4553 3750 4610 per
3779 4535 3842 4592 fi-

2245 4635 2368 4694 dem
2425 4643 2626 4692 rectam
2677 4643 2732 4692 et
2793 4633 2993 4690 bonam
3039 4630 3436 4706 operationem.
3496 4629 3840 4702 Frequenter

2243 4723 2496 4794 audistis,
2530 4724 2728 4782 fratres
2773 4721 3106 4790 charissimi,
3143 4720 3282 4777 duos
3322 4734 3439 4776 esse
3481 4717 3760 4786 homines,
3785 4714 3845 4772 id

2245 4827 2348 4889 est,
2379 4818 2556 4876 Adam
2584 4825 2638 4872 et
2670 4815 2950 4874 Christum
2983 4833 2998 4884 ;
3031 4815 3126 4871 ille
3155 4813 3363 4871 dicitur
3389 4820 3572 4882 vetus,
3613 4809 3718 4868 iste
3748 4827 3845 4868 vo-

2247 4918 2404 4969 catur
2430 4925 2628 4966 novus.
2661 4908 2734 4964 Et
2760 4907 2884 4964 ideo
2937 4905 3033 4980 qui
3063 4905 3238 4962 malus
3266 4912 3368 4974 est,
3401 4911 3562 4959 vetus
3590 4909 3694 4971 est,
3717 4901 3845 4958 imi-

2246 4999 2614 5067 tandoillum,
2643 4995 2738 5070 qui
2770 4995 2876 5052 fuit
2899 4996 2954 5051 in
2976 4993 3254 5069 paradisio
3281 4991 3547 5065 superbus
3572 5000 3627 5047 et
3655 4989 3846 5046 inobe-

2249 5091 2446 5158 diens;
2481 5087 2578 5161 qui
2632 5103 2764 5142 vero
2812 5084 2989 5141 bonus
3045 5090 3147 5152 est,
3181 5099 3360 5139 novus
3397 5087 3503 5147 est,
3565 5075 3850 5152 sequendo

2250 5180 2410 5236 illum
2441 5177 2539 5251 qui
2591 5176 2772 5234 dicit:
2822 5173 3068 5232 «Discite
3106 5190 3138 5230 a
3193 5187 3280 5228 me
3329 5169 3460 5245 quia
3507 5167 3662 5224 mitis
3700 5182 3848 5235 sum,

2250 5275 2305 5326 et
2342 5266 2574 5324 humilis
2601 5265 2764 5324 corde
2795 5265 3006 5338 (Matth.
3035 5279 3117 5331 x1,
3134 5262 3227 5334 29)
3253 5279 3268 5330 ;
3301 5279 3330 5314 »
3363 5267 3418 5316 et
3454 5259 3522 5316 de
3549 5274 3661 5332 quo
3687 5258 3850 5330 Apo—

2251 5478 2402 5519 versa
2433 5467 2608 5528 antea,
2637 5454 3170 5530 supplendumloca.
3213 5523 3230 5530 -
3329 5522 3367 5530 υ
3525 5519 3536 5530 _
3628 5525 3641 5530 _
3709 5516 3746 5530 μ
3789 5517 3802 5529 ,
3838 5513 3850 5527 ,

2329 5517 2666 5617 (5.52)qu13}:
2706 5517 2840 5600 tieg.
2897 5535 2952 5583 et
3004 5523 3278 5592 Valliscl.,
3310 5519 3536 5594 dispersi
3592 5525 3642 5576 et
3685 5517 3851 5574 diuisi

2253 5611 2481 5678 penitus,
2511 5611 2616 5660 etc.

2333 5677 2452 5750 (53)
2500 5673 2665 5750 Edit._
2699 5686 2908 5738 omnes,
2957 5666 3391 5750 symbotumsine
3417 5682 3521 5750 quo
3547 5663 3814 5750 fsnncnto
3833 5677 3856 5727 ,°

2258 5741 2390 5806 mss.
2421 5741 2604 5805 autem
2649 5743 2835 5803 locum
2865 5741 3184 5809 restituunt,
3205 5747 3269 5796 ut
3292 5741 3353 5796 in
3381 5741 3669 5795 contextu.
