3972 6428
107 425 206 483 653

911 413 1282 474 SERMONES
1322 412 1379 470 S.
1420 406 1777 468 AMBROSIO
1818 403 2186 464 HACTENUS
2223 402 2560 462 ASCBIPTI.

3277 398 3384 458 654

108 556 272 612 stolus
300 551 378 608 ait
407 569 418 608 :
494 573 514 598 ι
543 549 742 606 Factus
765 553 846 604 est
876 545 1136 603 obediens
1162 558 1333 616 usque
1361 540 1429 597 ad
1461 544 1692 594 mortem
1721 539 1773 599 Α
1801 534 1894 606 qui
1924 543 2124 591 terram
2165 529 2605 604 repromissionis
2634 529 3000 599 intraverunt,
3051 537 3106 588 et
3147 528 3388 586 fideliter

110 643 362 718 (Philipp.
396 657 456 709 ιι,
479 639 560 711 8).
580 663 598 688 ι
635 637 739 693 Sed
762 637 890 710 quia
909 635 1013 692 hoc
1033 643 1248 707 tempus
1266 647 1474 689 novum
1495 646 1696 686 nomen

112 733 284 801 habet,
334 730 543 787 idcirco
587 728 946 785 admonemus
985 725 1131 794 illos,
1180 722 1275 796 qui
1318 730 1531 778 veteres
1566 728 1696 777 sunt

113 824 244 880 male
272 820 535 888 vivendo,
565 827 628 874 ut
657 817 768 873 sint
795 815 930 872 novi
964 813 1102 871 bene
1129 811 1527 872 conversando.

178 930 227 987 3.
269 927 648 985 Admonemus
678 925 806 980 illos
838 924 933 997 qui
957 922 1071 995 jam
1102 921 1233 978 novi
1264 927 1393 976 sunt
1420 935 1516 992 per
1550 918 1696 975 bona

112 1035 287 1094 opera,
345 1023 408 1073 ut
452 1030 716 1072 renovare
743 1014 996 1070 studeant
1042 1012 1100 1068 in
1142 1010 1248 1067 hoc
1272 1025 1418 1066 novo
1447 1016 1692 1080 tempore

108 1127 200 1186 per
227 1124 392 1182 opera
422 1107 686 1163 meliora:
733 1104 889 1161 verbi
916 1104 1107 1176 gratia,
1158 1118 1336 1158 novus
1365 1099 1460 1172 qui
1489 1107 1571 1154 est
1599 1114 1694 1171 per

109 1200 410 1258 castitatem
444 1195 706 1253 cessando
758 1211 789 1250 a
837 1193 980 1249 malo
1010 1208 1190 1264 opere,
1242 1199 1538 1247 renovetur
1565 1205 1693 1246 ces-

107 1289 273 1348 sando
322 1287 388 1344 ab
437 1286 611 1359 ipsius
642 1284 823 1357 operis
852 1283 1233 1341 delectatione.
1284 1281 1554 1338 Similiter
1599 1277 1693 1351 qui

104 1377 352 1447 humilis,
397 1385 450 1434 et
478 1374 757 1442 obediens,
808 1379 862 1430 et
891 1371 1222 1440 misericors,
1269 1377 1323 1427 et
1353 1370 1563 1443 patiens
1591 1375 1692 1436 est,

106 1475 398 1525 renovetur
425 1481 642 1523 necesse
672 1471 754 1521 est
781 1462 1029 1537 quotidie
1053 1481 1066 1530 ;
1109 1471 1172 1518 ut
1201 1459 1538 1534 proﬁciendo
1567 1473 1696 1515 cre—

105 1565 215 1615 scat
247 1558 308 1613 in
337 1556 471 1630 ipsis
496 1554 819 1622 virtutibus,
873 1550 1173 1609 secundum
1206 1549 1346 1606 illud
1375 1547 1521 1622 quod
1551 1547 1697 1604 scri-

105 1656 259 1720 ptum
294 1654 414 1702 est:
484 1670 502 1695 ‹
530 1645 696 1702 Ibunt
736 1643 803 1700 de
845 1642 1051 1698 virtute
1098 1641 1156 1696 in
1207 1638 1470 1694 virtutem
1520 1635 1693 1708 (Psal.

105 1755 346 1807 Lxxxm,
379 1737 459 1809 8).
507 1761 526 1786 ι
570 1738 741 1794 Nemo
768 1742 1040 1801 nostrum,
1092 1729 1423 1796 charissimi,
1475 1742 1698 1784 securus

103 1831 192 1898 sit,
235 1829 369 1902 quia
396 1827 703 1900 baptizatus
732 1833 812 1882 est
843 1843 856 1893 ;
909 1821 1166 1896 quoniam
1197 1821 1341 1876 sicut
1368 1833 1480 1874 non
1509 1833 1699 1874 omnes

103 1920 195 1994 qui
247 1920 305 1975 in
356 1917 535 1975 stadio
577 1922 828 1983 currunt,
882 1911 1162 1986 accipiunt
1188 1909 1466 1977 bravium,
1515 1906 1574 1964 id
1622 1915 1703 1965 est
1731 1906 1778 1969 B

103 2007 442 2064 destinatum
474 2004 783 2078 praemium,
834 2003 928 2060 sed
957 2003 1052 2059 ille
1091 2003 1186 2076 qui
1233 2001 1388 2075 prius
1429 1998 1700 2058 currendo

101 2097 362 2170 pervenit
391 2097 446 2168 (Ι
473 2096 597 2152 Cor.
628 2111 708 2164 ιχ,
740 2092 831 2166 24)
862 2111 876 2161 ;
909 2092 988 2150 ita
1013 2109 1125 2149 non
1155 2108 1345 2149 omnes
1374 2091 1469 2164 qui
1498 2089 1702 2146 habent

103 2188 294 2255 ﬁdem,
351 2187 677 2243 salvantur:
731 2183 826 2241 sed
883 2183 972 2238 illi
1013 2190 1229 2238 tantum
1288 2180 1382 2254 qui
1434 2181 1493 2236 in
1532 2179 1698 2249 bono,

104 2276 255 2351 quod
285 2273 709 2342 inchoaverunt,
740 2288 902 2345 opere
933 2278 1303 2346 perseverant.
1336 2270 1407 2326 Et
1435 2269 1578 2326 sicut
1608 2269 1703 2324 ille

103 2365 200 2440 qui
230 2365 496 2422 adversus
526 2365 758 2420 alterum
789 2371 1012 2435 pugnat,
1062 2361 1129 2417 ab
1159 2359 1417 2417 omnibus
1447 2376 1502 2416 se
1529 2358 1702 2414 absti-

107 2464 199 2511 net
226 2473 239 2521 ;
277 2455 354 2510 ita
382 2461 436 2509 et
465 2469 565 2510 vos
593 2453 660 2508 ab
689 2451 949 2507 omnibus
977 2449 1134 2507 vitiis
1160 2449 1432 2506 abstinere
1470 2446 1702 2516 debetis,

105 2553 166 2601 ut
197 2542 508 2610 diabolum,
542 2547 788 2597 vestrum
819 2547 1244 2612 persecutorem,
1285 2554 1542 2610 superare
1570 2553 1706 2609 pos-

106 2637 252 2694 sitis.
311 2633 497 2693 Miseri
541 2633 792 2690 homines
838 2649 964 2690 cum
1009 2631 1270 2705 periculis
1319 2631 1449 2688 vitae
1495 2647 1608 2686 suae
1654 2638 1708 2686 et

106 2725 402 2783 immensis
431 2722 712 2780 laboribus
739 2722 988 2780 serviunt
1014 2721 1126 2793 regi
1157 2729 1376 2777 terreno
1404 2736 1503 2794 pro
1531 2719 1708 2775 bene-

107 2815 241 2873 ﬁcio
295 2815 407 2873 cito
451 2813 754 2870 transiture
809 2819 863 2869 et
917 2810 1183 2884 perituro,
1235 2827 1402 2884 quare
1455 2826 1554 2866 vos
1595 2824 1707 2866 non

105 2907 338 2966 servitis
377 2907 491 2980 regi
536 2907 772 2963 caelestis
819 2905 970 2977 regni
997 2903 1340 2960 beatitudine
1380 2902 1704 2976 perfruenti,

107 3013 347 3070 eamque
377 2995 756 3052 laborantibus
786 2994 1038 3066 largienti
1061 2994 1090 3050 ?
1134 2994 1251 3050 Jam
1282 2994 1412 3067 quia
1440 3009 1537 3065 per
1588 2992 1706 3064 (54)

107 3089 283 3146 ﬁdem
301 3087 367 3143 ad
385 3086 624 3153 vineam,
643 3085 701 3140 id
725 3093 828 3154 est,
850 3086 916 3141 ad
938 3093 1138 3142 sanctae
1157 3084 1415 3141 Ecclesiae
1439 3083 1707 3140 unitatem

107 3177 300 3235 vocati
330 3174 462 3232 estis
499 3189 531 3229 a
557 3173 831 3242 Domino;
877 3173 954 3228 ita
982 3174 1156 3229 vivite
1200 3181 1253 3229 et
1301 3174 1379 3228 ita
1424 3189 1707 3230 conversa-

1803 623 1862 679 in
1895 621 2153 680 Ecclesiae
2195 620 2357 676 vinea
2401 619 2722 690 laborando,
2779 619 3066 676 denarium
3113 627 3388 692 perpetua

1801 713 2162 770 beatitudinis
2215 711 2495 787 percipere
2547 717 2902 780 meruerunt;
2947 716 3215 785 quatenus
3261 725 3388 769 cum

1801 803 1977 877 capite
2007 813 2195 861 nostro
2224 802 2445 861 Christo
2475 819 2595 872 vos,
2644 800 2741 875 qui
2786 800 2905 874 ejus
2947 799 3194 858 membra
3238 801 3389 871 estis,

1801 892 2023 964 possitis
2050 909 2275 965 regnare
2315 909 2410 966 per
2438 890 2661 948 inﬁnita
2690 890 3022 948 saeculorum
3047 891 3264 951 saecula.

2399 1037 2632 1096 SERMO
2669 1037 2794 1096 XV.

2203 1147 2494 1205 Dominica
2533 1147 2591 1204 in
2629 1147 2997 1222 Sexagesima.

1801 1255 1953 1312 Hunc
2000 1272 2290 1312 sermonem
2332 1274 2439 1311 non
2482 1274 2588 1314 esse
2631 1256 2905 1313 Ambrosii
2936 1260 3137 1325 prater
3175 1270 3237 1311 ea
3281 1269 3396 1325 qua

1876 1329 2139 1397 superiori
2157 1328 2534 1401 praemisimus,
2558 1329 2614 1385 id
2642 1330 2798 1385 etiam
2827 1327 3040 1401 probat,
3080 1327 3220 1401 quod
3246 1342 3396 1401 sema:

1765 1441 1774 1450 .
1874 1396 2106 1474 gesimwi
2139 1396 2334 1474 usum,
2355 1396 2538 1474 cujus
2589 1396 2898 1456 instituendi
2929 1396 3269 1474 occasionem
3306 1396 3398 1474 Διιά

1875 1468 2236 1546 adulterinum
2299 1468 2616 1529 ’Melclziadis
2681 1489 2850 1546 papae
2909 1472 3172 1546 decretum
3232 1468 3399 1541 refert

1875 1541 2136 1623 Aletrinas
2160 1546 2218 1600 in
2249 1546 2464 1623 lib._D_e
2492 1541 2701 1623 Eccles'.
2753 1541 2911 1602 Dﬂic.
2960 1544 3017 1598 in
3042 1545 3142 1623 hoc
3165 1556 3400 1623 smnpm:

1878 1613 2200 1688 signiﬁcet-ur
2249 1635 2296 1688 αῖ
2350 1618 2659 1688 Telesphore
2705 1633 2809 1671 esse
2829 1631 3012 1688 ,‘chm
3059 1615 3196 1671 enim
3241 1613 3400 1688 illam

1876 1685 2188 1744 Mercatoris
2268 1685 2537 1757 falsarum
2614 1687 2968 1744 Dec-retalium
3050 1685 3400 1743 collectionem

1879 1767 2076 1816 constet
2102 1761 2158 1814 in
2195 1759 2432 1816 Ecclesia
2476 1775 2582 1815 non
2626 1758 2734 1812 nisi
2776 1774 2914 1812 nono
2956 1757 3163 1812 ineunte
3207 1758 3399 1812 swculo

1886 1832 2192 1898 incaluisse,
2271 1830 2504 1887 eumdem
2589 1845 2877 1884 sermonem
2929 1829 3160 1884 auctoris
3226 1827 3400 1883 eodem

1879 1907 2066 1964 seculo
2129 1902 2450 1974 antiquioris
2506 1917 2883 1974 nequaquam“
2905 1915 3010 1974 esse
3061 1898 3402 1974 manifestum

1880 1983 1990 2056 est.
2018 1976 2169 2056 Adde
2199 1971 2280 2030 his
2330 1975 2393 2029 de
2433 1971 2885 2056 quadragesimali
2921 1971 3402 2056 observationeﬁic

1880 2068 1939 2108 ea
1975 2048 2140 2116 tradi,
2198 2064 2315 2119 qua:
2343 2041 2460 2102 cuni
2486 2045 2599 2101 ritu
2639 2041 2697 2100 in
2730 2043 3170 2119 Q‘aadragesima
3189 2041 3402 2119 Medio;-

1883 2121 1997 2180 lani
2026 2112 2232 2176 seruari
2259 2119 2413 2174 solito
2442 2135 2549 2174 non
2577 2112 2903 2184 conueniant,
2950 2112 3011 2170 ut
3036 2132 3102 2170 ea:
3131 2112 3402 2171 Admoni-

1883 2195 2019 2251 tione
2041 2198 2230 2250 nostra
2270 2191 2329 2248 in
2358 2191 2448 2249 lib.
2499 2191 2576 2248 De
2602 2188 2726 2246 Elia
2757 2195 2812 2246 et
2833 2186 3049 2262 jejunio
3088 2185 3271 2258 colligi
3305 2201 3401 2259 po-

1885 2393 1934 2449 1.
1976 2389 2147 2448 Adest
2174 2397 2412 2464 tempus,
2443 2385 2756 2446 charissimi
2796 2385 3014 2452 fratres,
3044 2381 3193 2457 quod
3225 2381 3404 2441 Sexa-

1814 2483 2018 2558 gesima
2047 2489 2308 2549 vocatur;
2357 2489 2412 2537 et
2444 2479 2569 2535 ideo
2598 2493 2815 2535 necesse
2861 2484 2944 2533 est
2989 2483 3051 2532 ut
3079 2475 3194 2531 vita
3222 2480 3405 2530 vestra

1813 2580 2077 2642 mutetur,
2127 2587 2306 2628 mores
2352 2569 2715 2644 corrigantur,
2765 2565 3005 2624 mundus
3047 2564 3401 2638 despiciatur,

1815 2670 1869 2719 et
1892 2661 2127 2719 coalestis
2155 2661 2332 2735 patria
2360 2659 2642 2717 ardentius
2671 2658 2950 2732 diligatur.
2990 2656 3126 2714 Nam
3157 2654 3406 2712 senarius

1814 2766 2094 2819 numerus,
2148 2764 2179 2804 a
2209 2764 2317 2822 quo
2345 2748 2648 2820 sexaginta,
2697 2755 2752 2803 et
2779 2744 3134 2819 sexagesima,
3187 2750 3241 2800 et
3269 2739 3406 2800 sex-

1816 2848 1994 2910 centa,
2025 2849 2080 2896 et
2106 2856 2203 2896 sex
2232 2839 2409 2894 millia
2438 2837 2780 2906 derivantur,
2813 2837 3204 2910 perfectionem
3235 2833 3405 2908 signi-

1816 2930 1964 2986 ﬁcat.
2024 2928 2165 2984 Hinc
2193 2935 2274 2985 est
2305 2927 2452 3002 quod
2485 2929 2598 2999 ille,
2630 2929 2725 3001 qui
2754 2935 2909 2984 sexta
2935 2926 3025 2983 die
3053 2925 3186 2983 fecit
3212 2923 3406 2981 homi-

1817 3037 1964 3091 nem,
2024 3020 2088 3077 in-
2113 3029 2268 3078 sexta
2297 3026 2475 3089 astate,
2518 3027 2573 3076 et
2601 3026 2755 3076 sexta
2783 3017 2938 3088 feria,
2991 3025 3046 3074 et
3089 3021 3244 3073 sexta
3273 3013 3408 3072 hora

1818 3113 1978 3170 illum
2011 3113 2190 3170 voluit
2210 3111 2497 3169 redimere.
2513 3110 2669 3168 Unde
2695 3110 2789 3184 qui
2807 3108 2923 3182 jam
2944 3106 3408 3181 Septuagesimam

1816 3203 2152 3274 celebrastis,
2201 3212 2255 3260 et
2304 3202 2470 3259 hodie
2523 3200 2917 3274 sexagesimam
2975 3197 3282 3267 celebratis,
3345 3211 3409 3256 ac

108 3269 283 3369 Tini:
305 3276 368 3325 ut
388 3267 703 3367 ,ἀθηθλίωηζ
726 3265 783 3322 id
809 3273 890 3322 est
921 3265 1073 3369 Segni
1102 3264 1340 3369 cflestfs
1364 3264 1705 3369 ίθιίθξίξξθωθ
1740 3270 1792 3335 C
1822 3293 2021 3350 deinde
2074 3264 2594 3369 Qninquagesimam
2635 3264 2689 3349 et
2734 3289 3238 3363 Quadragesimam,
3267 3264 3408 3343 ’Deo

107 3363 232 3416 Deo
268 3357 550 3429 largiente,
587 3356 831 3428 accipere
861 3354 1089 3412 valeatis
1122 3355 1335 3427 (Matth.
1369 3370 1465 3422 xx,
1501 3354 1612 3426 l0).

188 3467 248 3523 4.
291 3467 461 3524 Nemo
521 3464 769 3537 desperet
808 3463 875 3518 de
927 3461 1306 3534 magnitudine
1364 3471 1712 3534 peccatorum

109 3571 373 3624 suorum,
404 3554 637 3610 dicendo
661 3571 674 3609 :
716 3553 889 3608 Multa
918 3559 1045 3606 sunt
1074 3558 1294 3623 peccata
1322 3566 1462 3619 mea,
1495 3551 1552 3605 in
1581 3549 1714 3622 qui-

109 3634 228 3704 bus
286 3660 457 3717 usque
512 3643 581 3699 ad
633 3646 967 3698 senectutem
1016 3647 1071 3695 et
1116 3638 1447 3710 decrepitam
1500 3645 1714 3695 aetatem

112 3733 474 3812 perseveravi
495 3752 506 3789 :
522 3732 636 3804 jam
649 3729 948 3804 promereri
967 3746 1078 3786 non
1092 3738 1280 3803 potero
1291 3728 1714 3802 indulgentiam,

112 3828 373 3886 maxime
401 3825 529 3898 quia
554 3832 775 3896 peccata
803 3840 888 3880 me
922 3823 1270 3892 dimiserunt,
1314 3838 1426 3878 non
1471 3838 1567 3895 ego
1599 3823 1714 3878 illa.

113 3919 292 3976 Absit
320 3925 384 3973 ut
411 3917 538 3972 talis
578 3914 646 3971 de
682 3914 782 3970 Dei
829 3913 1208 3970 misericordia
1259 3911 1541 3985 desperet;
1592 3911 1722 3985 quia

114 4009 224 4066 alii
258 4008 438 4081 prima
468 4006 624 4076 hora,
649 4005 745 4062 alii
774 4005 958 4074 tertia,
981 4004 1075 4060 alii
1107 4012 1281 4073 sexta,
1304 4002 1400 4058 alii
1428 4019 1594 4072 nona,
1623 4001 1720 4057 alii

113 4096 426 4154 undecima
473 4096 541 4153 ad
582 4095 682 4152 Dei
720 4103 988 4152 vocantur
1017 4094 1254 4163 vineam,
1308 4092 1364 4148 id
1393 4101 1492 4162 est,
1536 4091 1632 4147 alii
1663 4093 1723 4148 in

117 4186 394 4261 pueritia,
419 4186 516 4242 alii
550 4187 608 4242 in
629 4184 1119 4254 adolescentia,alii
1143 4185 1201 4239 in
1217 4182 1528 4255 juventute,
1551 4182 1644 4239 alii
1667 4183 1724 4240 in

116 4282 435 4344 senectute,
490 4275 587 4331 alii
617 4275 677 4330 in
707 4274 982 4348 decrepita
1011 4283 1167 4332 aetate
1214 4275 1406 4332 ad'Dei
1436 4274 1726 4331 servitium

115 4365 556 4440 pertrahuntur.
604 4373 750 4428 410
776 4367 847 4421 Et
874 4367 1018 4422 sicut
1043 4366 1232 4421 nullus
1260 4364 1544 4437 desperare
1568 4365 1730 4422 debet

116 4462 189 4518 in
225 4474 552 4531 quacunque
581 4466 737 4514 aetate
777 4460 868 4528 sit,
919 4459 966 4514 si
1015 4460 1084 4515 ad
1130 4459 1430 4516 Dominum
1480 4459 1730 4517 converti

116 4547 413 4606 voluerit:
467 4545 543 4602 ita
581 4547 768 4602 nullus
811 4563 909 4618 pro
939 4548 1054 4603 sola
1095 4547 1203 4603 fide
1241 4564 1464 4605 securus
1505 4564 1617 4605 esse
1641 4550 1730 4605 de-

1823 3383 2084 3458 propitio,
2106 3383 2432 3441 celebraturi
2463 3381 2614 3451 estis,
2633 3382 2866 3438 istorum
2894 3379 3185 3437 nominum
3213 3384 3414 3451 myste-

1824 3474 1908 3530 ria
1934 3473 2095 3529 vobis
2124 3471 2472 3528 manifestare
2499 3471 2781 3527 debemus.

1896 3565 1951 3620 2.
1991 3563 2416 3635 Quadragesima
2443 3562 2708 3619 nimirum
2744 3576 2841 3618 sex
2869 3558 3201 3633 septimanae
3227 3555 3415 3628 habet,

1827 3651 1917 3711 cui
1945 3651 2154 3709 addicit
2181 3650 2548 3724 Telesphorus
2577 3650 2829 3725 pontifex
2859 3649 3148 3722 septimam
3197 3646 3419 3704 hebdo-

1829 3739 2066 3811 madam,
2088 3748 2143 3798 et
2169 3749 2426 3798 vocatum
2455 3748 2536 3797 est
2555 3740 2661 3798 hoc
2677 3746 2894 3814 tempus
2912 3736 3376 3810 Quinquagesima
3401 3753 3414 3795 :

1830 3831 2030 3888 deinde
2101 3831 2169 3888 ab
2225 3830 2350 3888 aliis
2402 3829 2590 3887 addita
2662 3837 2743 3888 est
2811 3837 3007 3888 octava
3062 3827 3368 3901 septimana
3402 3867 3420 3896 ,

1831 3928 1886 3977 et
1977 3927 2232 3978 vocatum
2325 3928 2409 3978 est
2481 3919 2661 3992 ipsum
2745 3926 2964 3994 tempus
3036 3915 3419 3990 Sexagesima:

1835 4011 2183 4084 postmodum
2257 4028 2389 4069 vero
2445 4010 2632 4068 addita
2706 4019 2788 4068 est
2850 4026 2996 4067 nova
3059 4006 3422 4078 hebdomada,

1835 4109 1888 4157 et
1915 4101 2063 4157 dicta
2099 4107 2182 4158 est
2210 4100 2635 4174 Septuagesima.
2668 4099 2939 4168 Quoniam
2969 4099 3113 4157 sicut
3140 4115 3172 4154 a
3192 4106 3428 4172 quatuor

1837 4189 2280 4263 Quadragesima,
2332 4197 2386 4247 et
2414 4207 2447 4247 a
2476 4207 2573 4248 sex
2603 4189 2989 4265 Sexagesima;
3041 4188 3119 4247 ita
3157 4205 3189 4246 a
3216 4197 3426 4261 septem

1839 4279 2244 4353 Septuagesima
2272 4280 2497 4338 dicitur.
2557 4279 2711 4338 Unde
2756 4281 2803 4338 si
2851 4281 2974 4354 quis
3015 4279 3182 4336 modo
3207 4277 3430 4336 adderet

1840 4369 2108 4426 decimam
2142 4371 2525 4444 septimanam,
2574 4387 2686 4428 non
2729 4387 2848 4428 eam
2893 4385 3213 4428 vocaremus
3262 4367 3430 4424 deca-

1843 4459 2127 4533 gesimam,
2159 4460 2253 4517 sed
2274 4461 2683 4535 octogesimam,
2706 4468 2923 4518 servato
2953 4459 3171 4518 numeri
3200 4457 3426 4515 ordine:

1826 4545 1974 4624 quia
2002 4559 2124 4625 post
2149 4559 2380 4625 septem,
2427 4567 2460 4609 a
2490 4567 2600 4626 quo
2637 4549 3038 4625 septuagesima
3080 4547 3257 4619 venit,
3304 4554 3434 4606 sunt

118 4641 256 4708 bet,
307 4636 402 4694 sed
445 4638 629 4711 potius
675 4637 1059 4710 pertimescere
1112 4636 1238 4706 hoc,
1289 4635 1437 4711 quod
1490 4639 1731 4698 dicitur:
1765 4646 1813 4706 D
1844 4652 1987 4700 octo.

139 4757 164 4781 ι
198 4728 368 4787 Multi
394 4729 543 4785 enim
576 4735 706 4784 sunt
732 4727 934 4796 vocati,
967 4727 1125 4800 pauci
1155 4743 1286 4783 vero
1315 4728 1475 4784 electi
1524 4729 1736 4800 (Matth.

124 4836 244 4888 xx,
280 4819 392 4892 16).
437 4843 457 4868 ι
499 4818 660 4886 Quod
700 4819 880 4875 vocati
931 4835 1120 4875 sumus
1178 4833 1273 4890 per
1324 4817 1512 4889 ﬁdem,
1570 4819 1742 4875 novi-

130 4925 308 4966 mus:
343 4907 438 4965 sed
463 4907 510 4964 si
540 4925 730 4964 sumus
759 4907 827 4964 ad
855 4907 1027 4964 vitam
1059 4916 1321 4964 aeternam
1353 4907 1537 4976 electi,
1570 4909 1743 4966 nesci-

127 5015 293 5055 mus.
344 4997 518 5054 Tanto
546 5015 674 5071 ergo
703 4997 864 5054 debet
891 4999 1269 5072 unusquisque
1298 5012 1413 5055 esse
1453 4995 1740 5067 humilior,

132 5095 384 5164 quanto,
415 5089 463 5144 si
491 5088 563 5144 sit
593 5089 817 5157 electus,
852 5088 1084 5161 ignorat.

220 5197 278 5254 5.
325 5195 596 5254 Concedat
629 5196 789 5254 vobis
815 5197 1166 5270 omnipotens
1194 5199 1357 5267 Deus,
1410 5206 1472 5255 ut
1519 5213 1630 5253 non
1660 5196 1747 5253 si-

133 5288 226 5346 tis
247 5285 315 5342 de
340 5284 562 5342 illorum
584 5303 834 5356 numero,
864 5288 957 5361 qui
982 5304 1131 5343 mare
1153 5287 1400 5345 Rubrum
1421 5287 1567 5344 sicco
1586 5286 1750 5343 vesti-

139 5377 246 5451 gio
275 5376 640 5445 transierunt,
690 5392 890 5432 manna
922 5377 980 5432 in
1010 5376 1225 5433 deserto
1254 5377 1746 5446 manducaverunt,

141 5476 208 5526 et
241 5475 435 5542 potum
465 5468 768 5542 spiritalem
798 5469 1081 5538 biberunt,
1104 5475 1158 5525 et
1191 5475 1414 5542 propter
1445 5483 1750 5524 murmura-

143 5556 372 5616 tionem
401 5574 556 5616 suam
584 5557 645 5616 in
673 5575 856 5618 eremo
885 5558 1166 5633 perierunt
1190 5577 1202 5618 :
1259 5556 1354 5615 sed
1403 5556 1472 5615 de
1524 5556 1750 5615 illorum

239 5725 358 5810 (5E)
396 5729 524 5810 Reg.
553 5726 728 5810 codex
751 5745 940 5810 unus,_
961 5729 1073 5802 regi
1100 5728 1290 5810 caelesti
1311 5744 1416 5801 pro
1445 5724 1595 5802 regni
1622 5725 1754 5785 bea-

147 5800 410 5860 titudine.
440 5800 563 5858 Jam
589 5801 718 5874 quia
739 5817 838 5874 per
865 5800 1040 5875 ﬁdem,
1070 5807 1174 5861 etc.

1921 4733 1973 4790 3.
2014 4733 2440 4806 Quadragesima
2469 4732 2592 4790 ideo
2621 4739 2889 4802 servatur,
2945 4729 3076 4804 quia
3115 4728 3331 4801 Moyses
3382 4733 3437 4784 et

1849 4822 2020 4892 Elias,
2079 4832 2133 4879 et
2177 4824 2430 4879 Salvator
2458 4821 2816 4893 quadraginta
2845 4819 3039 4877 diebus
3089 4828 3143 4876 et
3180 4814 3439 4874 noctibus
3469 4866 3473 4870 .

1846 4910 2122 4984 jejunasse
2155 4913 2429 4984 leguntur.
2477 4910 2939 4984 Quinquagesima
2968 4907 3092 4965 ideo
3132 4924 3164 4964 a
3203 4905 3442 4979 quibus-

1853 5000 1976 5057 dam
2009 5008 2280 5070 servatur,
2311 5002 2370 5057 in
2401 5016 2508 5074 qua
2534 5009 2665 5056 sunt
2692 4997 3090 5073 quinquaginta
3117 4995 3266 5053 dies:
3313 4993 3444 5067 quia

1854 5091 1900 5148 si
1931 5091 2270 5148 subtraxeris
2320 5091 2388 5148 ab
2431 5090 2520 5146 his
2547 5098 2752 5162 septem
2780 5087 3121 5157 Dominicas,
3167 5101 3280 5143 non
3316 5101 3444 5142 am—

1855 5183 2001 5257 plius
2030 5190 2313 5239 remanent
2356 5182 2414 5238 in
2444 5181 2798 5251 abstinentia,
2839 5180 2948 5236 nisi
2994 5177 3354 5254 quadraginta
3392 5183 3446 5232 et

1857 5275 1968 5331 duo
1996 5274 2151 5331 dies:
2207 5282 2261 5330 et
2289 5273 2349 5330 in
2377 5274 2514 5348 ipsis
2541 5273 2757 5330 duobus
2785 5271 2982 5330 diebus
3031 5271 3128 5329 alii
3169 5269 3445 5344 jejunant,

1857 5364 1954 5420 alii
1985 5379 2121 5433 non,
2159 5363 2215 5419 id
2252 5370 2355 5433 est,
2411 5363 2470 5419 in
2523 5379 2679 5421 came
2726 5362 2975 5432 Domini,
3001 5369 3057 5420 et
3102 5361 3161 5417 in
3208 5358 3447 5416 Sabbato

1859 5466 2069 5515 sancto.
2123 5457 2473 5531 Sexagesima
2503 5456 2628 5514 ideo
2669 5457 2998 5526 celebratur,
3055 5456 3114 5514 in
3165 5469 3274 5528 qua
3320 5461 3451 5511 sunt

1859 5556 1984 5608 octo
2009 5546 2389 5619 hebdomadas,
2408 5546 2467 5606 id
2495 5555 2597 5618 est,
2618 5545 2737 5607 dies
2751 5545 3150 5622 quinquaginta
3176 5544 3293 5618 (ὅὸ)
3313 5559 3448 5604 sex:

1935 5722 2052 5806 (55)
2092 5720 2285 5806 Codex
2311 5719 2581 5782 Biblioth.
2613 5719 2808 5781 Ambr.
2840 5726 2896 5778 et
2923 5732 3068 5779 unus
3094 5717 3252 5793 Reg,
3271 5723 3322 5780 et
3347 5717 3459 5781 dies

1861 5802 2159 5869 sexaginta.
