3972 6370
539 405 646 466 655

1529 407 1624 463 AD
1661 405 1896 464 OPERA
1932 404 1988 462 S.
2029 402 2364 463 AMBROSII
2401 401 2781 460 APPENDIX.

3742 396 3878 454 656

537 531 582 588 si
615 530 955 590 subtraxeris
979 540 1104 591 octo
1131 529 1450 590 Dominicos
1475 531 1616 599 dies,
1663 539 1718 588 et
1743 540 1869 590 octo
1897 531 2120 606 quintas
2157 534 2208 594 A
2236 546 2426 589 succos
2453 528 2789 586 infunderet.
2838 527 2961 584 Non
3006 525 3210 583 mirum
3241 531 3344 595 est,
3393 523 3440 580 si
3492 523 3542 580 is
3589 529 3870 580 arentem

535 619 722 690 ferias,
768 620 1132 694 quadraginta
1167 621 1284 678 dies
1317 621 1665 678 solummodo
1708 629 1992 678 remanent
2034 619 2130 692 je—

531 707 699 780 junii.
757 709 1166 782 Septuagesima
1193 727 1348 777 vero,
1395 726 1428 766 a
1473 726 1581 784 qua
1609 727 1781 784 usque
1829 710 1888 766 in
1924 709 2130 782 pascha

536 808 665 856 sunt
701 815 902 857 novem
932 801 1270 874 septimana,
1311 799 1368 856 id
1395 807 1496 868 est,
1545 801 1830 872 sexaginta
1863 807 1974 855 tres
2007 799 2125 872 (56)

535 886 690 955 dies;
737 888 862 945 ideo
887 889 956 946 ab
990 889 1270 963 aliquibus
1297 889 1625 958 celebratur,
1671 889 1799 962 quia
1825 889 1872 945 si
1902 887 2132 944 subtra—

535 977 684 1033 xeris
712 993 912 1034 novem
941 977 1065 1034 dies
1092 977 1416 1034 Dominicos
1447 985 1670 1051 propter
1697 977 1921 1035 Domini
1951 993 2129 1033 resur-

537 1065 858 1136 rectionem,
911 1074 966 1123 et
1020 1083 1220 1124 novem
1265 1068 1486 1142 quintas
1533 1067 1696 1124 ferias
1739 1075 1961 1140 propter
2010 1069 2132 1123 Do-

535 1155 794 1212 minicam
821 1173 1055 1226 caenam,
1105 1165 1158 1214 et
1188 1157 1416 1214 totidem
1448 1157 1702 1227 Sabbata,
1743 1174 1812 1214 ne
1843 1157 2132 1214 videamur

535 1243 869 1302 sabbatizare
912 1263 1038 1302 cum
1069 1245 1308 1314 ludatis;
1357 1262 1472 1304 non
1519 1247 1758 1318 amplius
1803 1262 1964 1319 quam
2020 1245 2131 1301 tri-

537 1336 686 1410 ginta
733 1353 830 1393 sex
886 1335 1005 1393 dies
1059 1344 1346 1394 remanent
1399 1336 1469 1394 ad
1527 1336 1934 1410 jejunandum:
1995 1353 2130 1410 quos

537 1423 690 1480 omni
719 1425 1012 1484 devotione
1051 1427 1166 1499 ipse
1196 1443 1296 1483 vos
1324 1426 1618 1483 observare
1664 1417 1929 1484 concedat
1957 1425 2132 1482 Chri-

536 1520 655 1573 stus
682 1515 954 1572 Dominus
982 1523 1190 1584 noster,
1237 1515 1332 1588 qui
1361 1515 1504 1572 vivit
1533 1525 1587 1572 et
1617 1523 1806 1588 regnat
1846 1532 1973 1573 cum
2017 1517 2131 1572 Deo

534 1608 694 1667 Patre
734 1608 793 1663 in
823 1603 1035 1662 unitate
1075 1603 1314 1678 Spiritus
1360 1603 1538 1662 sancti
1579 1605 1745 1673 Deus,
1794 1619 1890 1676 per
1932 1611 2130 1660 cuncta

534 1696 752 1765 saecula,
781 1709 962 1751 amen.

1021 1830 1163 1890 411
1206 1823 1441 1884 SERMO
1479 1824 1634 1885 XVI.

617 1933 724 1994 Ubi
751 1931 1025 1992 Dominus
1052 1931 1288 1990 Sabbato
1313 1947 1540 1989 manum
1569 1931 1778 1989 aridam
1809 1931 2044 1988 curavit.

533 2041 764 2102 Romani
792 2041 1014 2096 editores
1041 2039 1503 2110 quadragesimum
1532 2039 1822 2098 Mediolani
1867 2055 1974 2094 non
2002 2037 2129 2093 inci-

601 2131 728 2187 pere
754 2113 862 2168 nisi
888 2111 1079 2187 feria}
1095 2118 1217 2187 post
1241 2111 1574 2187 Dominicam
1602 2111 1652 2176 Ι,
1673 2127 1779 2165 ηοη
1809 2111 2131 2187 advertentes

610 2182 910 2244 Sermonem
934 2183 992 2238 in
1020 2182 1216 2253 feriam
1256 2183 1290 2238 6
1329 2187 1451 2254 post
1480 2182 1694 2238 Cineres
1735 2199 1800 2236 ex
1827 2183 1920 2254 hoc
1948 2188 2130 2254 nostro

607 2256 922 2313 concinnare
950 2252 1372 2318 constituerant;
1415 2269 1478 2308 ac
1499 2259 1784 2324 prapterea
1812 2252 1926 2322 ejus
1965 2252 2132 2324 capiti

611 2329 816 2400 longam
867 2326 1114 2400 laciniam
1153 2329 1553 2400 pratexuerant
1581 2324 1785 2400 partim
1809 2340 1854 2400 _e
1875 2340 2133 2400 sermone

607 2399 678 2456 63
702 2394 949 2469 'Append.
973 2394 1226 2469 August,
1253 2395 1457 2469 partim
1481 2412 1547 2449 ex
1569 2394 1843 2469 Ambrosii
1871 2395 1962 2452 lib.
1995 2394 2131 2469 nde

605 2466 908 2537 Abraham,
939 2466 1158 2540 capfﬁ,
1201 2466 1350 2540 num.
1386 2466 1478 2540 32,
1525 2466 1970 2540 consarcinatum.
2031 2467 2132 2540 Sed

607 2541 656 2596 si
712 2558 828 2596 eum
873 2537 1156 2595 Ambrosio
1205 2539 1302 2593 hac
1355 2537 1445 2593 uia
1489 2537 1757 2593 vindicari
1797 2554 1944 2596 nosse
1987 2537 2130 2592 arbi-

609 2612 740 2668 trati
768 2616 910 2678 sunt,
931 2610 1069 2666 nihil
1096 2609 1402 2665 absurdius.
1421 2610 1530 2681 Nos
1556 2609 1712 2664 illum
1733 2609 1815 2681 ad
1844 2610 2002 2681 ﬁdem
2028 2615 2127 2665 vet.

607 2683 730 2761 edit:
773 2698 990 2761 ac_mss.
1043 2681 1209 2761 Galli
1238 2687 1287 2735 et
1303 2680 1482 2761 ζωρά.
1532 2680 1858 2761 restituimus
1882 2685 1999 2761 :__at
2025 2697 2130 2761 pro

607 2751 962 2812 Ambrosiano
990 2769 1098 2807 non
1126 2751 1474 2820 obtrudimus,
1495 2767 1614 2807 cum
1639 2752 1872 2807 eumdem
1889 2751 2130 2811 Maximo

596 2825 800 2896 justius
826 2824 1088 2881 attribuat
1125 2824 1270 2880 Gali.
1299 2823 1482 2879 codex.

608 2955 660 3012 1.
701 2953 1028 3026 Diligenter,
1085 2950 1281 3008 fratres
1341 2952 1483 3024 (57),
1530 2969 1631 3009 vos
1680 2951 1898 3032 audisse
1943 2951 2130 3022 credo,

535 3041 910 3114 evangelicam
947 3038 1237 3096 lectionem
1269 3057 1390 3113 quae
1419 3055 1594 3112 nuper
1623 3041 1763 3096 lecta
1783 3049 1885 3110 est,
1907 3041 2004 3096 ubi
2025 3041 2130 3096 Do-

535 3129 721 3186 minus
766 3129 921 3184 Iesus
977 3126 1229 3185 Christus
1281 3127 1558 3200 ingressus
1581 3128 1840 3206 Sabbato
1888 3129 2128 3201 Synago-

536 3235 680 3306 gam,
726 3215 975 3306 hominis
1003 3216 1083 3272 ibi
1113 3215 1368 3272 habentis
1396 3233 1619 3274 manum
1655 3216 1864 3273 aridam
1892 3217 2130 3290 spiritali
2159 3243 2202 3306 ο

533 3305 808 3362 medicina
835 3305 1071 3374 curavit,
1121 3321 1234 3361 non
1272 3305 1536 3378 appositis
1583 3306 1877 3363 herbarum
1922 3307 2122 3376 succis,

533 3411 646 3453 non
697 3394 1102 3470 pigmentorum
1155 3392 1615 3451 medicaminibus
1663 3394 1972 3468 colligatis:
2031 3395 2126 3452 sed

532 3485 704 3543 verbo
731 3483 954 3557 jubens,
1011 3490 1066 3540 et
1095 3483 1152 3539 in
1183 3483 1266 3540 ira
1295 3484 1621 3556 praecipiens
1669 3484 1876 3540 refudit
1907 3484 2128 3558 corpori

531 3573 824 3632 sanitatem
873 3573 1025 3645 (Luc.
1061 3589 1138 3641 v1,
1183 3572 1358 3644 6-10).
1410 3572 1517 3642 Ira,
1570 3572 1834 3646 inquam,
1869 3573 2014 3631 sicut
2051 3573 2129 3629 ait

533 3663 887 3734 evangelista,
919 3660 1162 3716 restituit
1196 3661 1443 3732 vigorem
1473 3661 1733 3719 dexterae.
1766 3662 1924 3718 Unde
1954 3662 2130 3718 intel-

533 3753 758 3826 ligimus
799 3751 980 3826 qualis
1019 3751 1322 3808 Dominicae
1365 3750 1724 3825 benignitatis
1771 3753 1846 3809 sit
1899 3753 2125 3822 sanitas,

533 3841 695 3914 cujus
723 3839 1122 3913 indignationis
1149 3837 1277 3896 talis
1304 3846 1387 3896 est
1422 3841 1733 3898 medicina:
1757 3848 1852 3897 aut
1871 3841 2128 3915 quemad-

537 3930 764 3988 modum
793 3931 1038 4004 placatus
1061 3929 1303 4003 prodest,
1351 3929 1448 4002 qui
1496 3930 1574 3988 ita
1611 3932 1906 3988 miseretur
1933 3932 2124 3990 iratus.

536 4019 722 4081 Verbo
775 4019 947 4093 igitur
997 4017 1179 4094 jubet,
1227 4027 1290 4076 ut
1346 4019 1523 4076 arenti
1576 4019 1816 4078 dexterae
1862 4037 2128 4078 venarum

612 4179 732 4261 (56)
773 4179 946 4261 Iidem
973 4178 1138 4239 codd.
1167 4179 1365 4240 Ambr.
1398 4187 1452 4237 et
1479 4179 1609 4254 Reg.
1617 4221 1634 4249 ,
1666 4181 1724 4238 id
1751 4186 1828 4238 est
1853 4183 2132 4256 sexaginta

539 4251 772 4326 quatuor
799 4251 928 4306 dies.
1565 4251 1580 4254 '
1985 4251 2002 4256 '

615 4322 732 4396 (57)
773 4323 934 4398 Rom.
966 4321 1140 4398 edit.:
1188 4321 1262 4378 Te
1303 4323 2132 4398 autern_faciente_eleemosy-

539 4392 690 4464 nam,
712 4392 945 4466 'nesciat
973 4392 1197 4449 sinistra
1224 4401 1340 4463 tua,
1388 4393 1522 4466 quid
1551 4394 1714 4466 faciat
1764 4395 1991 4452 dextera
2015 4392 2128 4453 tua.

550 4467 760 4546 Kidetis,
806 4464 1032 4546 fratres,
1087 4481 1248 4546 quam
1291 4464 1546 4546 moralem
1586 4465 1825 4546 judicem
1849 4468 2130 4546 habeatis.

547 4538 646 4597 Vos
674 4537 902 4593 consulit
930 4537 1190 4610 quomodo
1231 4553 1364 4608 opus
1405 4544 1635 4610 vestrum
1664 4539 1935 4610 suscipiat,
1982 4557 2135 4594 men-

2236 619 2509 692 reparavit
2543 619 2847 689 dexteram,
2898 615 2994 690 qui
3024 623 3106 672 tot
3133 631 3365 688 corpora
3397 613 3516 687 (58)
3568 612 3641 670 de
3668 613 3872 670 arenti

2237 710 2462 781 pulvere
2491 707 2820 781 procreavit,
2869 713 2924 762 et
2973 705 3051 769 id;
3078 703 3233 760 verbi
3283 702 3518 777 imperio
3568 701 3866 772 restituit,

2237 799 2383 871 quod
2447 799 2506 854 in
2564 797 2836 870 principio
2891 796 3101 852 factura
3159 793 3500 867 operationis
3557 792 3865 848 instituit:

2237 889 2390 945 velut
2419 895 2697 944 auctorem
2729 904 2888 943 suum
2920 888 3129 959 plasma
3164 885 3516 958 cognoscens,
3569 883 3867 956 obsequi—

2238 985 2330 1034 tur
2357 977 2408 1033 ei
2437 978 2807 1050 portiuncula,
2857 977 2947 1034 cui
2977 985 3156 1034 totum
3187 993 3242 1032 se
3271 975 3495 1032 deberet
3547 974 3608 1030 in
3640 989 3860 1031 massa.

2309 1071 2362 1127 2.
2403 1070 2508 1126 Sed
2554 1070 2838 1126 videamus
2897 1087 3018 1144 qua:
3076 1070 3148 1126 sit
3192 1068 3250 1124 in
3309 1068 3596 1141 Synagoga
3646 1082 3866 1122 manus

2238 1161 2410 1228 arida,
2461 1177 2580 1233 quae
2609 1160 2749 1216 nihil
2786 1160 3003 1232 corpori
3035 1159 3278 1232 prodest,
3321 1158 3541 1232 quando
3580 1157 3864 1230 operibus

2239 1249 2498 1306 siccavit:
2533 1250 2754 1324 quando
2784 1251 2948 1305 etiam
2990 1249 3229 1322 primum
3259 1248 3414 1304 arida
3443 1263 3559 1304 esse
3587 1245 3858 1318 coeperit,

2238 1339 2624 1412 requiramus;
2685 1355 2797 1395 non
2831 1339 2978 1395 enim
3019 1338 3186 1394 unius
3217 1337 3462 1392 hominis
3489 1343 3718 1392 tantum
3751 1351 3864 1408 per

2238 1428 2577 1485 Salvatorem
2609 1444 2770 1485 causa
2801 1427 3029 1500 geritur,
3064 1444 3165 1482 nec
3193 1426 3360 1481 unius
3387 1425 3634 1482 hominis
3674 1424 3857 1480 imbe-

2238 1516 2442 1574 cillitas
2474 1523 2818 1590 procuratur,
2851 1516 2945 1572 sed
2973 1516 3144 1572 totius
3175 1514 3388 1589 generis
3421 1514 3653 1571 humani
3689 1529 3857 1571 sana-

2238 1613 2330 1662 tur
2385 1604 2698 1662 inﬁrmitas.
2778 1605 2929 1662 Nulli
2984 1612 3165 1660 autem
3224 1603 3456 1660 dubium
3513 1611 3599 1660 est
3650 1603 3854 1660 dexte.

2239 1711 2354 1750 ram
2404 1695 2492 1750 vel
2540 1691 2714 1750 totius
2762 1693 3012 1767 corporis
3066 1693 3468 1766 praeclariorem
3525 1693 3854 1766 portionem

2238 1783 2344 1840 hoc
2372 1783 2538 1840 ofﬁcii
2569 1799 2788 1855 gerere;
2844 1789 2906 1838 ut
2932 1781 3134 1838 diurna
3162 1783 3427 1838 alimenta
3469 1797 3571 1838 suo
3619 1783 3854 1856 corpori

2156 1883 2202 1946 Β
2237 1873 2640 1942 subministret,
2689 1881 2743 1930 et
2784 1873 3134 1946 providentia
3162 1872 3396 1946 quadam
3439 1871 3510 1928 ad
3545 1871 3852 1929 fruendam

2237 1962 2410 2019 vitam
2440 1961 2688 2018 membra
2715 1969 2912 2019 caetera
2937 1969 3122 2035 pascat
3151 1977 3215 2018 ac
3247 1959 3478 2017 nutriat.

2309 2051 2363 2108 3.
2404 2051 2558 2109 Hanc
2587 2051 2758 2124 igitur
2783 2051 3066 2109 dexteram
3096 2051 3155 2108 in
3183 2050 3416 2108 Iudaico
3443 2049 3652 2124 populo
3689 2049 3849 2107 scri-

2239 2141 2334 2198 bas
2362 2157 2478 2197 esse
2505 2140 2769 2210 dixerim,
2793 2141 2881 2196 vel
2911 2139 3182 2206 doctores,
3208 2139 3304 2210 qui
3334 2140 3492 2194 velut
3520 2139 3850 2210 praeclarior

2238 2229 2420 2302 portio
2449 2230 2508 2284 in
2538 2228 2941 2285 Pbariszeorum
2959 2242 3189 2300 corpore
3208 2242 3239 2282 a
3255 2227 3497 2282 Domino
3521 2225 3844 2294 constituti,

2239 2319 2604 2390 neglexerunt
2627 2323 2681 2374 et
2713 2318 2771 2372 in
2799 2323 2998 2374 caetera
3027 2315 3274 2372 membra
3315 2330 3414 2371 sua
3441 2312 3844 2388 prophetarum

2239 2407 2461 2464 oracula
2488 2407 2642 2463 velut
2670 2422 2849 2463 escam
2878 2405 3008 2463 vitae
3045 2413 3262 2463 alterum
3304 2404 3582 2478 porrigere
3608 2422 3622 2461 :
3675 2412 3849 2478 atque

2239 2498 2362 2555 ideo
2391 2497 2644 2554 doctrina
2672 2512 2860 2552 eorum
2904 2503 3166 2568 tanquam
3215 2509 3412 2550 manus
3455 2493 3604 2550 aruit
3651 2492 3848 2550 imbe-

2238 2587 2416 2654 cillis;
2440 2585 2570 2660 quia
2598 2585 2804 2642 fontem
2827 2584 3084 2658 perennis
3105 2583 3387 2658 sapientiae
3409 2598 3523 2639 non
3547 2583 3842 2656 quasivit.

2239 2676 2530 2748 Propterea
2573 2673 2810 2747 denique
2855 2673 3065 2730 factum
3107 2679 3210 2738 est,
3265 2678 3328 2728 ut
3365 2671 3524 2745 quasi
3552 2677 3847 2728 contracta

2239 2764 2464 2822 dextera
2508 2763 2719 2820 clavem
2763 2763 3007 2820 scientia
3053 2769 3239 2818 tenere
3284 2776 3396 2816 non
3443 2767 3647 2832 posset,
3699 2759 3845 2816 sicut

2239 2853 2317 2909 ait
2344 2852 2650 2909 Dominus:
2718 2876 2737 2900 ι
2765 2851 2862 2909 Vm
2892 2849 3071 2920 vobis,
3102 2848 3306 2908 Scribea
3335 2857 3391 2906 et
3419 2848 3714 2918 Pharisaei,
3747 2847 3841 2922 qui

2239 2942 2578 3000 absconditis
2621 2943 2833 2998 clavem
2881 2940 3146 3009 scientiae,
3195 2947 3250 2996 et
3279 2939 3494 3013 reliqua
3543 2938 3704 3011 (Luc.
3759 2953 3838 3005 ιι,

2239 3031 2357 3104 52).
2389 3056 2410 3080 ι
2489 3031 2617 3087 Haec
2662 3038 2846 3086 autem
2896 3029 3072 3086 clavis
3117 3027 3369 3086 Christus
3415 3033 3500 3083 est
3543 3025 3838 3093 Dominus,

2241 3138 2350 3195 quo
2379 3121 2449 3178 ad
2475 3120 2858 3178 credulitatem
2880 3119 3009 3175 ﬁdei
3029 3127 3314 3191 pectorum
3333 3131 3534 3174 arcana
3555 3115 3677 3190 (59)
3701 3131 3840 3173 rese-

2239 3220 2450 3269 rantur.
2475 3213 2585 3269 Ista
2615 3212 2812 3280 clavis,
2838 3211 2982 3270 sicut
3010 3211 3088 3266 ait
3114 3210 3387 3267 Dominus
3413 3210 3577 3268 Petro
3601 3226 3614 3266 :
3663 3230 3685 3256 σ
3716 3207 3840 3264 Tibi

2237 3301 2380 3358 dabo
2409 3302 2592 3358 claves
2617 3301 2772 3373 regni
2801 3301 3067 3357 caelorum
3102 3299 3316 3371 (Matth.
3350 3316 3469 3369 xvi,
3494 3298 3610 3371 19).
3635 3321 3658 3347 ι
3695 3297 3842 3370 Ergo

2235 3390 2416 3462 arguit
2439 3391 2664 3447 dextera
2691 3389 2989 3462 Synagogae
3031 3403 3248 3458 manus,
3298 3389 3621 3462 relinquens
3665 3384 3842 3444 Chri-

2238 3487 2423 3536 stum:
2475 3494 2594 3551 quae
2636 3476 2790 3550 prius
2837 3483 2952 3532 erat
2998 3476 3058 3532 in
3107 3475 3450 3550 principibus
3495 3474 3839 3541 Iudaeorum,

2239 3567 2632 3636 deterioravit;
2675 3565 2925 3640 quisquis
2954 3565 3102 3622 enim
3133 3564 3341 3624 Christi
3369 3565 3580 3622 fontem
3610 3563 3840 3632 deserit,

2239 3657 2563 3714 debilitatur
2591 3657 2844 3728 protinus
2871 3663 2925 3712 et
2955 3654 3169 3712 arescit.

2310 3755 2363 3811 4.
2405 3754 2510 3810 Sed
2539 3755 2764 3810 invenio
2803 3753 2976 3826 ipsam
3023 3766 3247 3808 manum
3289 3749 3568 3824 quondam
3616 3751 3840 3807 casteria

2239 3843 2501 3900 membris
2531 3843 2698 3897 fuisse
2724 3841 3006 3898 meliorem
3029 3859 3044 3908 ;
3068 3847 3292 3896 sanctus
3311 3839 3459 3895 enim
3479 3838 3703 3912 Moyses
3721 3840 3838 3898 dux

2239 3932 2454 3989 Iudaici
2486 3931 2696 4004 populi,
2746 3931 2900 3986 velut
2935 3929 3138 3986 clarior
3180 3927 3427 4002 corporis
3468 3927 3558 3985 sui
3605 3928 3842 3986 dextera

2239 4020 2367 4092 fuit,
2391 4037 2518 4078 cum
2540 4021 2711 4092 legem
2733 4019 3114 4092 porrigendam
3129 4018 3334 4076 meruit
3351 4035 3384 4074 a
3400 4016 3700 4075 divinitate
3718 4033 3841 4091 per-

2239 4183 2482 4262 honores,
2512 4181 2569 4235 in
2592 4181 3093 4262 meliorempartem
3117 4180 3390 4262 constituit
3402 4198 3420 4262 ε
3713 4194 3840 4234 vero

2238 4255 2484 4310 virtutem
2513 4253 2724 4319 anima’,
2769 4258 2818 4307 et
2860 4251 3278 4306 immortalitatis
3319 4251 3673 4322 adipiscendae
3705 4267 3838 4322 gra-

2243 4327 2369 4380 tiam
2385 4325 2670 4396 praeponit.
2689 4323 2998 4395 Longitudo
3027 4323 3164 4396 enim
3179 4323 3321 4396 vitae
3351 4321 3427 4378 in’
3438 4322 3666 4396 dextera
3695 4321 3838 4394 ejus.

2240 4393 2474 4466 Denique
2499 4393 2651 4466 'quia
2691 4393 2908 4450 dextera
2941 4396 3046 4449 hac
3081 4394 3140 4447 in
3172 4394 3376 4466 homine
3400 4465 3403 4466 ν
3418 4393 3564 4466 jam_
3587 4393 3838 4461 aruerat,

2240 4464 2436 4522 idcirco
2466 4464 2723 4522 Dominus
2748 4469 2898 4522 Iesus
2929 4467 3256 4536 Synagogam
3285 4465 3512 4521 Sabbato
3543 4464 3836 4536 ingressus,

2241 4539 2468 4594 hominis
2513 4539 2588 4594 ibi
2633 4539 2867 4594 habentis
2910 4535 3438 4591 manum'dexteram
3480 4535 3718 4603 aridam,
3777 4541 3840 4590 ut

539 4615 638 4665 tem
667 4601 1079 4734 vestramgn'us
1103 4601 1426 4679 interrogat:
1461 4609 1700 4691 Nesciat,
1753 4601 1948 4680 inquit,
1991 4610 2131 4691 sini-
2159 4601 2210 4661 D
2239 4611 2381 4692 alius
2409 4616 2604 4691 narrat
2639 4610 2977 4679 evangelista,
3025 4607 3262 4678 spiritali
3305 4607 3565 4688 medicina
3595 4601 3834 4688 curavit,

539 4687 650 4734 stra
675 4687 792 4734 tua.
815 4695 911 4734 aut
975 4678 1142 4734 faciat
1169 4678 1395 4734 dextera
1418 4688 1530 4734 tua.
1554 4681 2129 4734 Diliaenterattendtte.
2239 4699 2314 4734 sic
2340 4699 2475 4734 enim
2506 4681 2690 4734 habet:
2719 4683 2943 4734 Factum
2975 4687 3057 4734 est
3097 4685 3281 4734 autem
3328 4685 3382 4733 et
3430 4694 3485 4734 in
3535 4679 3648 4734 alio
3691 4677 3834 4734 Sab-

537 4687 650 4752 stra
675 4687 792 4750 tua,
815 4678 950 4752 quid
975 4678 1142 4752 faciat
1169 4678 1395 4752 dextera
1418 4688 1530 4736 tua.
1554 4678 1848 4751 Diligenter
1859 4683 2129 4750 attendite,

536 4751 760 4823 fratres,
815 4751 864 4806 ἐι
906 4751 1224 4823 intellectum
1253 4751 1471 4823 divinis
1530 4752 1820 4822 Scriptum
1865 4753 2134 4808 humiliter

538 4821 588 4878 et
613 4825 880 4895 sapienter
905 4821 1178 4895 requirite.
1201 4822 1340 4895 Nam
1368 4838 1486 4895 cum
1516 4821 1758 4888 dextera,
1779 4823 1858 4878 vel
1886 4823 2130 4892 sinistra,

539 4893 782 4964 corporis
811 4909 1016 4964 organa
1043 4893 1169 4962 sint,
1215 4893 1445 4948 rationis
1473 4895 1734 4964 expertia,
1764 4895 1898 4948 scire
1923 4895 2134 4964 aliquid

536 4965 620 5019 uel
647 4964 897 5036 ignorare
925 4964 1134 5036 eisinon
1163 4964 1434 5036 competit:
1465 4980 1573 5018 non
1598 4981 1718 5036 ergo
1747 4981 1885 5019 nunc
1921 4965 1984 5020 de
2011 4982 2131 5020 cor-

532 5050 673 5115 pore.
697 5035 950 5115 loquitur.
984 5035 1168 5115 Verum
1187 5035 1244 5115 in
1262 5037 1483 5115 dextcra
1507 5036 1613 5115 Dei
1623 5053 1777 5115 amor
1785 5036 2128 5115 intelligitur,

538 5103 598 5178 in
626 5103 849 5178 sinistra
875 5104 1105 5178 uanitas,
1129 5107 1209 5178 uel
1239 5107 1427 5178 mundi
1456 5107 1738 5178 cupiditas.
1772 5108 1938 5175 Quasi
1956 5103 2126 5163 dicat:

537 5174 758 5255 Nesciat
785 5174 1029 5255 sinistra,
1067 5174 1203 5246 quid
1247 5176 1413 5255 faciat
1441 5174 1814 5255 dex_tera,‘hoc
1851 5185 1944 5255 est,
1992 5179 2132 5255 quod

538 5245 673 5318 facit
695 5262 850 5302 amor
878 5245 998 5314 Dei,
1025 5245 1132 5299 non
1152 5247 1345 5318 perdat
1369 5249 1555 5302 mundi
1582 5250 1810 5305 vanitas.
1853 5245 2131 5305 Abraham

537 5335 658 5392 cum
683 5323 925 5392 nepotem
969 5333 1005 5392 ιι
1043 5332 1096 5370 se
1136 5319 1477 5392 deflectentem
1509 5326 1677 5392 tenere
1705 5338 1812 5392 non
1832 5327 2024 5392 posset,
2083 5327 2135 5376 et

538 5391 696 5446 vellet
723 5387 841 5444 eum
869 5387 1160 5461 dimittere:
1206 5387 1456 5461 Discede,
1492 5389 1696 5461 inquit,
1747 5391 1790 5447 si
1821 5387 1883 5447 tu
1913 5392 1970 5446 in
1997 5387 2130 5448 Sini-

538 5467 730 5534 stram,
755 5477 854 5533 ego
883 5459 951 5534 in_
963 5459 1274 5534 dexteram.
1295 5459 1362 5534 _In
1395 5459 1615 5515 sinistra
1642 5459 1764 5516 sunt
1787 5481 1847 5518 ea
1875 5481 1992 5534 qua:
2009 5481 2128 5519 cor-

531 5532 686 5603 poris
712 5539 762 5586 et
787 5530 973 5586 mundi
1001 5536 1169 5603 sunt,
1192 5531 1250 5603 in
1279 5531 1496 5586 dextera
1519 5549 1672 5588 amor
1698 5535 1815 5603 Dei,
1865 5530 1912 5590 et
1938 5536 2132 5591 anima:

539 5601 759 5672 uirtutes
787 5609 928 5658 sunt.
974 5603 1125 5672 Recte
1150 5601 1320 5672 igitur
1346 5603 1619 5658 Abraham
1647 5601 1823 5660 dixit:
1867 5605 1925 5662 Si
1971 5615 2033 5663 tu
2071 5607 2130 5662 in

538 5670 842 5740 sinistram,
887 5689 989 5747 ego
1018 5671 1078 5728 in
1105 5670 1425 5747 dexteram;
1471 5676 1600 5744 quia
1637 5676 1787 5731 homo
1824 5676 2130 5747 imprudens

539 5758 601 5804 ea
643 5757 762 5815 qua:
803 5743 989 5800 mundi
1043 5749 1090 5800 et
1130 5743 1369 5817 corporis
1409 5751 1554 5816 sunt,
1601 5763 1780 5819 nempe
1824 5743 2040 5805 diuitias
2081 5755 2131 5805 et

2239 4682 2314 4743 sic
2340 4682 2475 4736 enim
2506 4681 2690 4736 habet:
2719 4677 2943 4736 Factum
2975 4677 3061 4734 est
3097 4685 3281 4734 autem
3328 4685 3382 4733 et
3430 4679 3485 4734 in
3535 4677 3648 4734 alio
3691 4677 3839 4734 Sab—

2240 4752 2388 4820 bato,
2418 4761 2480 4809 ut
2509 4751 2738 4808 intraret
2765 4752 2822 4806 in
2855 4751 3216 4822 Synagogam,
3252 4758 3305 4805 et
3333 4749 3556 4822 doceret
3585 4767 3596 4804 :
3631 4757 3691 4822 et
3719 4755 3840 4804 erat

2240 4823 2318 4879 ibi
2350 4824 2535 4891 homo,
2562 4831 2622 4878 et
2654 4839 2844 4878 manus
2875 4820 2992 4893 ejus
3017 4820 3247 4893 dextera
3276 4830 3392 4893 erat
3418 4820 3592 4893 arida.
3629 4821 3838 4878 Obser-

2238 4895 2436 4950 vabant
2461 4901 2634 4949 autem
2663 4894 2846 4949 scriba:
2874 4891 2920 4946 et
2945 4891 3200 4963 pharisaai
3240 4891 3290 4945 si
3333 4893 3386 4946 in
3419 4892 3646 4947 Sabbato
3681 4908 3837 4946 cura-

2239 4972 2360 5044 ret,_
2385 4973 2446 5020 ut
2489 4967 2784 5044 invenirent
2827 4965 2962 5018 unde
3002 4969 3311 5044 accusarent
3349 4979 3510 5044 eum;
3554 4963 3668 5044 ipse
3694 4979 3837 5044 ὐςνο

2241 5033 2431 5092 sciebat
2459 5037 2794 5107 cogitationes
2823 5053 3022 5090 eorum.
3041 5036 3115 5090 Et
3144 5033 3222 5107 ait
3250 5033 3472 5107 homini,
3493 5033 3587 5104 qui
3616 5033 3840 5088 habebat

2239 5125 2456 5163 manum
2482 5105 2733 5162 aridam:
2777 5108 2966 5179 Surge,
3006 5114 3060 5161 et
3085 5113 3166 5179 sta
3195 5105 3250 5179 in
3283 5105 3658 5179 medium,_et
3702 5121 3836 5179 sur-

2275 5196 2370 5234 ens
2399 5179 2586 5235 stetit:
2629 5186 2676 5234 et
2701 5185 2819 5250 post
2878 5175 3044 5234 duca:
3095 5177 3167 5231 Et
3195 5175 3611 5249 circumspectis
3641 5176 3834 5232 omni-

2239 5195 2362 5306 bus.
2385 5250 2530 5306 dixit
2560 5250 2773 5306 homini
2798 5269 2810 5306 :
2834 5197 3088 5306 Extende
3106 5262 3330 5301 manum
3351 5255 3502 5303 tuam
3527 5265 3538 5300 :
3563 5255 3618 5303 et
3641 5254 3831 5303 exten-

2279 5267 2362 5318 us,
2385 5250 2530 5306 dixit
2560 5247 2773 5306 homini
2798 5269 2810 5306 :
2834 5247 3088 5306 Extende
3106 5262 3330 5318 manum
3351 5247 3502 5303 tuam
3527 5265 3538 5300 :
3563 5255 3618 5303 et
3641 5254 3831 5303 exten-

2237 5317 2353 5389 dit,
2378 5329 2432 5376 et
2461 5322 2715 5377 restituta
2760 5329 2841 5378 est
2887 5337 3080 5376 manus
3125 5317 3242 5389 ejus
3290 5334 3422 5374 sana
3467 5318 3612 5374 sicut
3639 5319 3831 5376 altera.

2237 5393 2552 5463 Diligenter,
2585 5393 2804 5462 fratres,
2837 5411 2926 5448 vos
2953 5391 3166 5446 audisse
3194 5390 3348 5446 credo
3376 5389 3637 5461 quomodo
3666 5389 3830 5448 Chri-

2238 5471 2348 5520 stus
2375 5465 2654 5529 Dominus,
2687 5483 2792 5518 nou
2822 5464 3098 5536 appositis,
3130 5469 3234 5517 etc.

2311 5537 2432 5616 (58)
2471 5536 2673 5592 Omnes
2702 5530 2972 5605 edit.,'qui
2996 5541 3156 5590 totum
3185 5549 3413 5604 corpus;
3433 5530 3613 5606 Lugd.
3632 5530 3825 5600 codex,

2237 5613 2332 5679 qui
2362 5613 2434 5679 tot
2461 5623 2707 5679 corpora.

2312 5678 2428 5750 (59)
2467 5673 2644 5751 Lugd.
2684 5677 2878 5744 codex,
2911 5681 3244 5748 peccatorum
3273 5693 3499 5734 arcana.
3547 5675 3668 5733 Non
3699 5673 3830 5730 satis

2236 5758 2382 5807 recte
2391 5793 2404 5805 .
