3972 6394
86 442 219 501 657

959 449 1329 510 SEBMONES
1368 454 1422 510 S.
1464 453 1821 513 AMBROSIO
1863 455 2232 515 HACTENUS
2270 458 2609 518 ASCRIPTI.

3340 461 3446 521 658

94 570 345 643 cipere.
389 573 651 643 Dextera,
677 566 926 648 inquam,
973 584 1090 632 erat
1125 584 1347 634 sanctus
1376 577 1611 651 Moyses,
1642 581 1738 654 qui
1770 585 1823 645 Α
1852 597 1967 639 esse
2004 582 2295 655 oportetin
2340 584 2564 657 vigiliis,
2598 585 2658 641 in
2679 583 2930 657 jejuniis,
2960 585 3021 643 in
3059 587 3442 661 eleemosynis

95 658 273 717 ﬁlios
336 662 501 719 Israel
560 665 715 719 velut
765 680 934 720 manu
989 665 1221 737 provida
1283 668 1492 723 ccelesti
1540 685 1742 728 manna

92 749 361 807 nutriit.
414 752 543 809 Haec
589 754 749 826 plane
806 760 886 809 est
937 754 1181 824 dextera,
1213 772 1333 828 quae
1360 745 1641 815 'Joannem
1687 768 1741 818 et

92 840 447 899 Mambrem
494 859 681 916 magos
724 843 875 899 nivei
922 845 1231 918 Splendoris
1273 846 1452 904 nitore
1495 850 1741 908 convicit

97 928 346 1001 (Exod.
382 949 484 997 vn,
521 932 618 1000 ll;
654 933 721 990 II
762 934 897 990 Tim.
935 950 1022 1004 ιιι,
1053 935 1133 1007 8).
1157 937 1239 991 Ita
1257 941 1403 999 412
1434 938 1581 994 enim
1607 940 1739 996 scri-

96 1034 289 1099 ptum
327 1027 532 1086 habes:
568 1029 748 1104 Atque
791 1032 917 1089 ideo
966 1051 1251 1107 magorum
1289 1036 1578 1093 destructas
1609 1045 1738 1093 sunt

97 1119 404 1191 tenebra,
435 1122 566 1196 quia
612 1122 792 1197 Moysi
829 1125 1043 1182 meritis
1076 1127 1266 1185 lucens
1307 1129 1535 1185 dextera
1578 1146 1735 1186 coru-

96 1207 349 1265 scabat.

182 1301 249 1357 5.
306 1301 414 1359 Sed
472 1302 755 1361 videamus
809 1322 1004 1362 manus
1062 1306 1166 1362 ista
1217 1306 1437 1380 quando
1495 1308 1736 1380 primum

96 1387 285 1444 arida
318 1391 547 1461 coeperit
589 1409 705 1448 esse
748 1394 832 1450 vel
866 1403 1103 1451 mortua.
1150 1396 1267 1469 Ego
1308 1396 1459 1452 illam
1495 1398 1737 1469 primum

101 1475 169 1531 in
230 1477 427 1535 Adam
465 1481 673 1537 aruisse
720 1483 1011 1554 conﬁrmo,
1073 1499 1200 1541 cum
1256 1493 1449 1541 contra
1498 1486 1735 1542 vetitum

104 1568 370 1623 Domini
401 1569 707 1627 interdictae
736 1571 948 1628 arboris
978 1589 1139 1645 poma
1184 1573 1476 1646 decerpsit,
1506 1590 1569 1629 ac
1610 1581 1739 1630 tunc

103 1672 364 1714 succum
382 1657 815 1715 immortalitatis
825 1661 1107 1719 amisit.Et
1122 1663 1469 1735 siccataquod
1480 1663 1737 1719 ammodo

100 1751 220 1811 est,
257 1748 489 1818 quando
508 1747 790 1805 hominem
821 1749 889 1805 ad
918 1750 1215 1822 imaginem
1241 1752 1342 1807 Dei
1372 1752 1580 1807 factum
1613 1767 1737 1824 pec-

105 1842 254 1891 cato
278 1853 388 1894 suo
412 1838 553 1895 solvi
582 1840 712 1896 fecit
742 1842 800 1895 in
831 1842 1136 1912 pulverem.
1165 1844 1348 1915 Atque
1378 1842 1591 1898 unitam
1621 1843 1737 1898 sola

1851 680 1904 727 et
1923 672 2283 731 orationibus.
2317 675 2423 743 Qui
2453 692 2626 749 usque
2672 676 2836 733 modo
2865 677 3269 751 eleemosynam
3292 680 3443 752 fecit,

1849 765 2087 836 amplius
2102 764 2188 821 his
2217 764 2413 823 diebus
2441 766 2636 836 faciat;
2656 768 2785 841 quia
2814 768 2958 825 sicut
2977 785 3119 843 aqua
3138 771 3443 845 exstinguit

1848 851 2053 923 ignem,
2109 854 2187 911 ita
2241 855 2588 928 eleemosyna
2625 856 2928 929 exstinguit
2979 868 3263 931 peccatum
3322 860 3440 935 (62)

1852 940 2044 1013 (Eccli.
2071 959 2156 1011 ιιι,
2187 943 2303 1015 33).
2342 943 2447 1011 Qui
2478 961 2649 1018 usque
2679 945 2842 1003 modo
2865 946 3143 1020 jejunavit
3161 955 3215 1004 et
3241 949 3441 1019 oravit,

1848 1030 2014 1086 modo
2041 1032 2279 1104 amplius
2301 1031 2516 1104 jejunet
2562 1041 2615 1089 et
2650 1042 2768 1091 oret
2789 1054 2803 1103 ;
2854 1036 2984 1109 quia
3026 1046 3155 1094 sunt
3193 1037 3443 1111 quaedam

1848 1127 2089 1190 peccata,
2120 1137 2241 1193 quas
2269 1139 2382 1178 non
2435 1122 2817 1193 dimittuntur,
2849 1124 2958 1181 nisi
2985 1126 3111 1199 {per
3137 1126 3465 1186 orationem"

1848 1216 1901 1263 et
1923 1208 2200 1280 jejunium
2235 1211 2447 1281 (Matth.
2504 1230 2643 1282 xvn,
2677 1214 2793 1286 20).
2848 1214 2905 1271 Si
2934 1216 3060 1288 quis
3112 1215 3250 1273 iram
3290 1224 3444 1275 tenet

1848 1297 2110 1355 adversus
2139 1300 2396 1369 alterum,
2431 1301 2678 1359 dimittat
2717 1302 2767 1359 ei
2797 1320 2867 1360 ex
2899 1305 3063 1361 corde
3096 1322 3109 1361 :
3142 1305 3190 1361 si
3217 1306 3341 1379 quis
3370 1307 3439 1364 ab

1847 1386 2033 1459 aliquo
2075 1387 2279 1460 injuste
2324 1392 2538 1464 aliquid
2586 1392 2835 1462 abstulit,
2895 1393 3086 1450 reddat
3131 1396 3204 1466 ei,
3250 1413 3282 1453 a
3329 1414 3439 1471 quo

1846 1473 2094 1543 abstulit,
2126 1478 2173 1532 si
2194 1479 2346 1551 cupit
2380 1480 2495 1552 (63)
2516 1482 2689 1537 Deum
2718 1481 3018 1555 prepitium
3049 1483 3272 1542 habere.
3299 1486 3439 1543 Nam

1847 1566 2099 1638 quamvis
2112 1569 2264 1623 omni
2280 1577 2389 1624 tem
2398 1570 3440 1646 poreChristianusamaledictiouibus,

1846 1660 1900 1709 et
1958 1655 2247 1723 conviciis,
2300 1665 2352 1712 et
2389 1656 2742 1729 juramentis,
2794 1668 2849 1715 et
2892 1659 3009 1716 risu
3039 1662 3237 1732 nimio,
3276 1673 3441 1740 atque

1846 1742 2028 1798 verbis
2071 1744 2262 1801 otiosis
2310 1762 2367 1801 se
2405 1746 2680 1803 abstinere
2721 1746 2916 1815 debet;
2962 1751 3204 1807 maxime
3250 1761 3437 1810 tamen

1843 1832 2047 1889 sanctis
2088 1832 2176 1889 his
2220 1834 2435 1904 diebus,
2477 1836 2574 1908 qui
2621 1836 2689 1892 ad
2725 1837 2832 1894 hoc
2868 1840 3158 1896 constituti
3187 1848 3337 1911 sunt,
3379 1848 3443 1898 ut

103 1942 335 1983 manus
349 1938 571 2000 peccato
600 1937 880 1987 teneretur
899 1931 1171 1988 obnoxia!
1207 1933 1363 2000 Quod
1391 1941 1471 1989 est
1493 1934 1734 2005 gravius,
1763 1940 1811 2001 B
1844 1929 2065 1994 Ρθοοδῖᾶ
2100 1922 2271 1979 tom“
2299 1924 2428 1979 anni
2460 1924 2519 1979 ίη
2566 1925 2654 1982 hi3
2700 1926 3064 2000 (ιιιειάηείιιια
3106 1927 3301 1985 diebus
3345 1944 3443 2002 Per

104 2031 298 2072 omne
352 2033 551 2090 corpus
598 2026 774 2077 morte
821 2019 1143 2078 damnatum
1187 2031 1290 2090 est,
1338 2039 1463 2079 cum
1512 2022 1738 2079 dextera

106 2103 317 2178 prima
346 2108 675 2178 peccaverit.
704 2110 813 2167 Nec
838 2110 1054 2167 mireris
1074 2110 1121 2167 si
1152 2111 1463 2168 membrum
1494 2111 1735 2169 dexteras

106 2190 173 2248 in
226 2192 421 2250 Adam
471 2211 583 2252 non
632 2199 836 2255 mansit
872 2200 1187 2271 integrum;
1237 2201 1396 2273 vigor
1448 2200 1596 2256 enim
1642 2201 1736 2257 ille

109 2282 463 2339 aeternitatis
482 2285 720 2343 exaruit.
742 2287 880 2342 Nam
901 2288 1045 2344 sicut
1077 2288 1253 2360 Moysi
1283 2288 1510 2344 dextera
1539 2297 1735 2346 custo-

107 2370 340 2429 dientis
371 2372 625 2429 mandata
652 2375 873 2432 Domini
908 2377 1070 2433 niveo
1113 2378 1327 2451 fulgore
1357 2378 1730 2450 resplenduit;

112 2459 201 2517 ita
222 2470 286 2517 et
321 2461 455 2517 Adze
480 2462 706 2519 dextera
721 2465 1133 2537 praevaricantis
1153 2476 1426 2541 praecepta
1445 2468 1734 2524 mortifero

114 2549 347 2621 pallore
374 2559 655 2608 contracta
683 2561 784 2609 est.

194 2639 254 2697 6.
296 2640 451 2698 Hanc
498 2642 671 2715 igitur
713 2644 847 2701 Adae
892 2661 1116 2703 manum
1170 2646 1419 2703 Salvator
1464 2655 1621 2703 curat
1676 2646 1733 2701 in

118 2728 447 2802 Synagoga,
480 2730 585 2789 hoc
612 2740 713 2801 est,
761 2734 932 2791 totius
979 2736 1191 2807 generis
1228 2735 1456 2791 humani
1488 2736 1734 2791 imbecil-

120 2817 355 2875 litatem
384 2836 575 2877 sanare
604 2821 862 2891 festinat;
895 2824 1033 2881 dicit
1062 2825 1210 2880 enim
1241 2825 1407 2881 etiam
1453 2824 1537 2880 illi
1563 2844 1575 2881 :
1616 2826 1731 2880 Ex-

121 2907 303 2963 tende
355 2924 578 2965 manum
626 2917 802 2981 tuam,
860 2911 954 2985 qui
1000 2928 1117 2968 eam
1184 2912 1348 2968 idolis
1395 2912 1735 2969 immolando

122 2996 441 3053 contraxit.
475 2998 623 3055 Dicit
653 3000 768 3055 illi:
811 3001 1063 3059 Extende
1106 3018 1331 3059 manum
1361 3010 1534 3072 tuam,
1575 3002 1735 3075 cujus

122 3082 368 3142 dextera
391 3102 585 3143 usuras
603 3089 922 3161 accipiendo
941 3090 1188 3148 siccavit.
1224 3091 1478 3149 Extende
1508 3108 1731 3149 manum

121 3181 313 3243 tuam,
345 3176 441 3249 qui
472 3193 569 3249 per
607 3193 725 3234 eam
779 3195 864 3237 res
907 3181 1280 3254 orphanorum
1327 3181 1735 3256 viduarumque

1844 2011 2226 2085 pmnitentiam
2256 2012 2563 2071 deleantur.

1916 2102 1968 2158 2.
2003 2101 2240 2171 Credite,
2273 2109 2326 2159 et
2354 2101 2669 2159 ﬁrmissime
2716 2103 2942 2173 credite,
2981 2105 3110 2178 quia
3151 2106 3197 2163 si
3230 2106 3346 2179 (64)
3382 2107 3440 2164 in

1844 2189 1932 2247 his
1961 2190 2156 2248 diebus
2184 2209 2375 2265 puram
2401 2193 2803 2251 confessionem
2834 2194 3094 2265 feceritis,
3137 2203 3191 2252 et
3228 2197 3434 2269 taliter,

1843 2281 1987 2338 sicut
2038 2281 2305 2352 diximus,
2350 2283 2739 2356 poenitueritis,
2780 2284 3033 2341 omnium
3084 2295 3433 2359 peccatorum

1843 2379 2150 2428 vestrorum
2182 2373 2561 2430 remissionem
2591 2390 2719 2431 cum
2767 2374 3034 2431 Ninivitis
3059 2391 3091 2431 a
3118 2376 3441 2436 misericor-

1842 2464 2071 2521 dissimo
2110 2466 2349 2522 Domino
2392 2465 2793 2538 impetrabitis;
2836 2467 2931 2540 qui
2970 2468 3031 2523 in
3076 2485 3232 2527 sacco
3281 2480 3335 2529 et
3378 2471 3439 2528 in

1842 2553 2025 2609 cinere
2071 2555 2390 2626 paenitendo
2437 2554 2658 2611 liberari
2701 2564 3059 2614 meruerunt:
3103 2557 3181 2615 ita
3220 2567 3275 2616 et
3316 2577 3435 2631 vos,

1843 2644 1889 2699 si
1919 2661 1988 2700 ex
2025 2651 2141 2701 toto
2170 2644 2334 2701 corde
2384 2644 2688 2702 secundum
2729 2646 2954 2702 illorum
3009 2650 3326 2721 exemplum
3368 2650 3437 2707 ad

1842 2737 2016 2792 Deum
2046 2736 2439 2805 clamaveritis,
2469 2736 2716 2793 divinam
2764 2754 2929 2810 super
2975 2756 3074 2796 vos
3113 2738 3439 2799 misericor-

1842 2826 1991 2883 diam
2024 2828 2419 2899 provocabitis,
2451 2827 2510 2883 in
2540 2836 2757 2884 tantum
2786 2835 2850 2883 ut
2876 2829 3179 2887 lzetioreset
3199 2832 3436 2889 securio-

1842 2930 1929 2971 res
1950 2915 2098 2973 diem
2112 2918 2251 2974 Dom
2261 2916 2419 2975 inicae
2448 2922 2595 2980 413
2610 2917 3030 2976 resurrectionis
3056 2919 3362 2990 celebretis,
3382 2928 3438 2977 et

1841 3010 2033 3068 felices
2061 3012 2130 3069 ad
2160 3015 2437 3070 caelestem
2470 3013 2701 3087 patriam
2732 3021 2855 3086 post
2879 3012 3022 3073 hanc
3049 3015 3222 3071 vitam
3253 3023 3431 3073 trans-

1842 3101 2001 3170 eatis,
2033 3111 2328 3174 praestante
2367 3103 2607 3160 Domino
2654 3112 2842 3161 nostro
2888 3104 3018 3160 Iesu
3068 3103 3308 3173 Christo,
3341 3105 3437 3179 qui

1841 3205 1968 3245 cum
2010 3191 2169 3248 Patre
2214 3199 2270 3248 et
2316 3192 2528 3264 Spiritu
2572 3200 2762 3249 sancto
2808 3192 2954 3249 vivit
2999 3201 3054 3251 et
3102 3200 3292 3266 regnat
3341 3209 3438 3267 per

117 3264 296 3337 gestis
326 3264 608 3323 invadere.
629 3268 733 3325 Sed
753 3276 806 3325 et
832 3276 893 3325 tu
909 3269 1004 3343 qui
1023 3278 1181 3360 putas
1202 3278 1255 3327 te
1276 3288 1500 3329 manum
1529 3272 1734 3330 habere
1766 3298 1810 3360 ο
1842 3278 2029 3336 omnia
2057 3281 2258 3338 saecula
2284 3283 2634 3339 saeculorum.
2666 3282 2865 3339 Amen.

117 3368 325 3425 puram
354 3363 408 3411 et
434 3371 642 3425 sanam,
674 3373 805 3414 cave
834 3374 902 3414 ne
922 3358 1155 3415 avaritia
1177 3360 1565 3417 contrahatur:
1591 3364 1726 3435 quin

121 3442 314 3514 potius
344 3444 578 3501 extende
609 3461 728 3502 eam
759 3463 857 3519 pro
894 3447 1272 3504 misericordia
1311 3448 1627 3521 frequenter
1657 3450 1726 3507 ad

121 3546 448 3605 pauperem,
499 3548 599 3605 pro
654 3534 1029 3608 hospitalitate
1093 3537 1293 3609 saepius
1356 3536 1425 3592 ad
1492 3539 1728 3610 peregri-

123 3635 265 3676 num
306 3622 583 3679 :extende
619 3640 736 3680 eam
778 3642 877 3697 pro
908 3626 1144 3698 peccatis
1186 3641 1402 3697 semper
1444 3626 1513 3682 ad
1541 3627 1725 3683 Domi-

124 3725 296 3766 num:
344 3719 458 3767 esto
489 3713 820 3783 misericors,
878 3723 994 3771 esto
1042 3715 1242 3787 largus.
1290 3714 1533 3771 Observa
1578 3715 1727 3787 quod

127 3797 207 3854 ait
252 3800 556 3873 propheta:
624 3828 642 3849 ε
667 3804 745 3859 Ne
773 3803 847 3859 sit
874 3820 1069 3859 manus
1098 3811 1193 3859 tua
1234 3802 1299 3859 ad
1346 3802 1724 3875 accipiendum

127 3898 404 3959 porrecta,
421 3897 476 3947 et
496 3891 563 3949 ad
593 3892 929 3966 erogandum
949 3900 1230 3950 contracta
1247 3892 1440 3963 (Eccli.
1472 3909 1549 3961 ιν,
1573 3892 1712 3965 36).»

130 3974 225 4033 Sic
253 3978 403 4034 enim
434 3996 630 4038 manus
657 3990 752 4038 tua
784 3999 918 4040 sana
944 3999 1059 4039 esse
1089 3982 1308 4056 poterit,
1340 3981 1386 4037 si
1413 3982 1573 4038 malis
1601 3998 1726 4039 con-

133 4062 408 4139 trahatur,
436 4068 597 4128 bonis
626 4088 758 4129 vero
783 4073 1041 4147 operibus
1076 4072 1407 4130 extendatur
1437 4072 1578 4144 (60).

703 4200 938 4258 SERMO
974 4200 1152 4258 XVII.

525 4296 605 4352 De
632 4306 815 4354 sancta
842 4296 1266 4369 Quadragesima
1292 4298 1336 4354 l.

132 4405 434 4477 Hw_sermo
470 4409 702 4477 primum
724 4410 779 4463 in
819 4411 1057 4466 Romana
1085 4412 1308 4467 editione
1338 4412 1474 4466 inter
1502 4411 1729 4467 Ambro-

205 4474 386 4531 sianos
416 4474 585 4533 locum
639 4480 879 4545 obtinuit,
934 4489 982 4535 et
1022 4499 1206 4535 revera
1256 4499 1372 4535 eum
1412 4484 1571 4537 etiam
1625 4484 1731 4537 do-

207 4548 342 4603 ctori
381 4556 560 4605 nostro
598 4551 945 4621 perantiquus
966 4553 1126 4606 codex
1165 4553 1516 4609 Vallicellance
1535 4554 1731 4609 biblio-

2397 3404 2632 3461 SERMO
2671 3403 2873 3460 XVIII.

2219 3503 2297 3558 De
2324 3509 2511 3557 sancta
2532 3498 2955 3571 Quadragcsima
2984 3499 3054 3556 II.

1838 3609 1976 3690 Huic
2002 3607 2232 3690 sermoni
2251 3609 2437 3663 titulus
2486 3605 2873 3690 prceﬁgiturnion
2918 3604 3157 3690 (intiquis
3179 3606 3315 3689 edit.
3336 3609 3432 3690 ,ρο

1903 3680 2153 3759 jejuniis,
2184 3680 2239 3759 in
2276 3675 2565 3759 πει-ῥέπε)
2595 3675 2890 3759 nonnullis,
2922 3679 3000 3733 De
3015 3675 3230 3759 jejunio
3258 3678 3435 3759 initio

1910 3749 2368 3823 Quadragesimaa.
2402 3751 2506 3823 Nec
2539 3750 2879 3823 incommode,
2905 3765 3022 3823 cum
3059 3749 3117 3823 in
3136 3749 3435 3823 epistolam,

1909 3840 2026 3901 qua:
2059 3820 2408 3901 in'biturgia
2447 3820 3049 3901 Gallicana_1)o_minic¢e
3077 3821 3435 3901 Quadragg.

1910 3892 2057 3949 sima:
2081 3894 2407 3964 assignatur,
2440 3908 2530 3946 nec
2573 3908 2681 3964 non
2726 3892 2976 3947 hactenus
3000 3892 3438 3964 recitatureodem

1909 3966 2011 4033 die,
2043 3963 2217 4036 factus
2260 3964 2444 4036 fuerit.
2482 3963 2947 4036 Quadamuporro
2993 3963 3051 4036 in
3088 3980 3147 4017 eo
3175 3965 3432 4036 reperias,

1948 3984 2011 4033 ie,
2043 3981 2217 4036 [actus
2260 3981 2444 4033 fuerit.
2482 3981 2730 4031 uuceaam
2780 3981 2947 4034 porro
2993 3981 3051 4016 in
3088 3981 3147 4017 eo
3175 3981 3432 4090 rgperias,

1945 4053 2025 4091 ua;
2053 4055 2117 4091 ex
2141 4034 2426 4107 Augustini
2452 4050 2687 4089 sermone
2716 4033 2803 4103 24,
2824 4051 2982 4107 Anum.
3015 4034 3069 4101 7,
3099 4038 3148 4087 et
3176 4034 3206 4089 7
3250 4078 3265 4103 ,
3285 4053 3433 4091 num.

1945 4056 2025 4091 ua:
2053 4056 2117 4091 ex
2141 4056 2426 4107 augusum
2452 4056 2687 4089 δεῖ-πωπω
2716 4056 2803 4103 Ζίᾶ,
2834 4056 2982 4090 num.
3020 4056 3069 4101 Ι,
3099 4056 3148 4087 ει
3181 4056 3265 4103 II,
3285 4056 3433 4091 num.

1908 4056 1964 4172 ἕ),
2022 4108 2258 4162 imitatus
2296 4107 2507 4162 videtur
2549 4112 2755 4161 auctor.
2786 4105 2938 4161 Hunc
2967 4111 3142 4160 autem
3168 4112 3437 4162 auctorem

1909 4180 2208 4240 Maximum
2267 4194 2370 4233 esse
2395 4194 2504 4232 non
2566 4177 2740 4248 modo;
2773 4178 2941 4248 stylus
2975 4176 3196 4248 suadere
3242 4185 3432 4248 potest,

1912 4194 2208 4240 Maximum
2267 4194 2370 4233 esse
2395 4194 2504 4232 non
2566 4194 2720 4231 τηοαο
2773 4194 2823 4231 st
2860 4194 2941 4232 ius
2975 4194 3196 4231 suaaere
3242 4194 3432 4248 patest,

1912 4267 2092 4307 verum
2138 4257 2186 4305 et
2212 4250 2352 4319 quod
2397 4266 2516 4305 cum
2540 4248 2666 4304 aliis
2693 4194 2922 4319 ejustgem
2967 4247 3197 4308 Maximi
3222 4248 3281 4305 in
3310 4252 3436 4308 Gal-

1915 4323 2045 4379 lensi
2072 4322 2242 4377 codice
2271 4321 2625 4377 contineatur.

1850 4460 1855 4465 α
1915 4439 1963 4494 1.
2010 4435 2412 4493 Testimonium
2460 4434 2715 4507 perhibet
2759 4444 2981 4493 sanctus
3026 4436 3325 4509 Apostolus
3367 4436 3436 4492 de

1842 4526 2143 4599 prophetis,
2176 4525 2403 4582 dicens:
2456 4546 2474 4569 ι
2509 4524 2795 4595 Tempore,
2843 4524 3050 4597 inquit,
3103 4526 3435 4599 acceptabili

219 4623 391 4715 thch,
418 4638 513 4715 aea):
535 4612 654 4715 Lque
692 4612 926 4715 eumdem
973 4623 1391 4715 ‘eme‘m‘llavt'mu‘s,
1424 4626 1730 4715 ascriptum
1760 4658 1808 4715 Β
1841 4616 2103 4674 exaudivi
2134 4620 2291 4715 te,‘et
2326 4614 2400 4711 in.
2428 4612 2518 4669 die
2548 4612 2743 4713 salutis
2770 4612 2963 4715 adiuvi
2992 4622 3046 4670 te
3091 4614 3227 4685 (Isa.
3276 4631 3432 4684 erx,

207 4693 388 4777 habet._
411 4692 510 4748 Sed
529 4692 836 4777 hujusmodi
853 4694 1258 4775 auctoritatem,
1289 4701 1346 4749 ut
1388 4695 1433 4750 ei
1461 4692 1730 4751 salieredi
1763 4692 1808 4715 υ
1836 4708 1917 4777 8),
1946 4731 1964 4753 ι
2024 4706 2097 4760 Et
2148 4702 2500 4775 subsequitur
2546 4702 2699 4775 ipse:
2760 4724 2778 4748 ι
2829 4702 2973 4759 Ecce
3013 4718 3165 4759 nunc
3214 4710 3433 4776 tempus

217 4766 412 4830 caleat,
440 4782 549 4820 non
579 4764 713 4820 tanti
741 4765 999 4821 ducimus.

217 4891 267 4947 l.
297 4890 438 4946 Ecce
497 4887 939 4962 appmpinquant
989 4888 1106 4945 dies
1158 4887 1353 4958 sancti,
1416 4894 1472 4945 et
1514 4895 1732 4961 tempus

149 4978 497 5052 acceptabile,
526 4978 719 5033 fratres
746 4976 1075 5048 charissimi,
1104 4978 1176 5035 de
1205 4994 1313 5053 quo
1355 4978 1619 5052 scriptum
1648 4984 1731 5033 est

149 5068 262 5141 (6i)
294 5086 305 5123 :
362 5092 381 5115 ι
417 5068 558 5125 Ecce
594 5083 742 5123 nunc
773 5074 988 5140 tempus
1018 5068 1369 5141 acceptabile,
1411 5084 1534 5125 ecce
1582 5083 1731 5125 nunc

150 5155 261 5213 dies
289 5156 481 5213 salutis
513 5157 603 5228 (II
631 5156 756 5213 Cor.
789 5173 866 5226 vr,
888 5157 945 5230 2)
973 5176 1025 5226 ;›
1074 5157 1198 5215 ideo
1240 5156 1592 5216 sollicitiores
1632 5174 1732 5213 vos

219 5298 333 5371 (60)
367 5301 524 5357 Rom.
555 5299 713 5368 edit.,
758 5301 1091 5357 extendatur.
1128 5302 1267 5357 Dum
1310 5307 1482 5355 autem
1514 5301 1585 5355 ad
1627 5300 1731 5355 vir-

155 5376 316 5443 tutum
339 5371 846 5443 operaewtenditur,
878 5374 1075 5428 nesciat
1110 5373 1351 5439 sinistra,
1397 5372 1455 5426 id
1494 5378 1587 5437 est,
1618 5390 1730 5427 car-

154 5442 231 5496 nis
254 5444 328 5498 vel
360 5442 543 5516 mundi
564 5442 953 5516 cupiditasgnon
974 5444 1209 5516 perdat;
1234 5444 1557 5516 propitiante
1583 5443 1734 5500 Chri-

156 5514 480 5586 steDomino
508 5520 711 5582 nostro,
753 5514 847 5584 qui
899 5514 1016 5570 cum
1057 5518 1219 5572 Patre
1234 5514 1293 5571 iet
1329 5515 1535 5586 Spiritu
1556 5521 1733 5570 sancto

156 5583 276 5639 vivit
300 5592 348 5639 et
374 5592 557 5656 regnat
579 5586 634 5639 in
662 5583 853 5641 sarcula
880 5589 1210 5643 steculorum.
1239 5583 1425 5642 Amen.

224 5657 336 5727 (61)
386 5658 541 5712 Rom.
577 5656 731 5724 edit.,
783 5660 914 5713 Ecce
957 5659 1153 5714 adsunt
1206 5660 1316 5713 dies
1367 5659 1624 5713 sancti...
1676 5658 1737 5712 de

161 5744 253 5797 quo
280 5744 416 5782 nunc
448 5729 630 5783 lectum
665 5734 758 5783 est.

1836 4796 2189 4868 acceptabile,
2223 4808 2345 4850 ecce
2375 4806 2525 4848 nunc
2546 4791 2666 4849 dies
2702 4791 2897 4848 salutis
2920 4792 2978 4864 (Ι
3005 4792 3133 4850 Cor.
3165 4808 3248 4861 vr,
3287 4792 3367 4864 2).
3400 4818 3422 4843 ι

1840 4887 1993 4942 Unde
2021 4894 2076 4942 et
2103 4902 2202 4956 ego
2240 4882 2505 4941 testiﬁcor
2549 4882 2709 4939 vobis
2739 4881 2840 4939 hos
2884 4897 3000 4940 esse
3046 4881 3167 4940 dies
3210 4881 3445 4940 redem—'

1838 4977 2064 5049 ptionis,
2124 4976 2230 5033 hoc
2284 4991 2399 5031 esse
2469 4981 2684 5045 tempus
2738 4972 2976 5031 caelestis
3029 4972 3435 5047 quodammodo

1840 5065 2148 5133 medicinae,
2186 5065 2246 5121 in
2285 5081 2394 5137 quo
2437 5072 2685 5136 tempore
2729 5062 2981 5120 omnium
3027 5062 3292 5121 vitiorum
3322 5080 3435 5121 no-

1839 5163 2080 5212 strorum
2112 5154 2291 5211 labem
2329 5159 2384 5208 et
2416 5152 2675 5209 universa
2704 5153 2936 5209 vulnera
2961 5160 3308 5226 peccatorum
3338 5169 3434 5212 sa-

1839 5316 2003 5370 aqua,
2034 5300 2113 5354 ita
2141 5299 2460 5377 eleemosyna
2504 5295 2710 5378 neniam
2756 5295 3058 5378 impetrabit
3100 5296 3313 5368 peccati.
3362 5296 3433 5352 Et

1841 5371 2008 5436 infra,
2064 5376 2110 5424 et
2147 5368 2432 5437 jejunium,
2492 5374 2626 5423 sicut
2660 5369 2909 5439 Salvator
2961 5373 3063 5439 ait:
3108 5370 3220 5425 Hoc
3271 5385 3431 5439 genus

1842 5442 2207 5521 uornAejicitur,
2236 5440 2358 5521 nisi
2372 5456 2467 5521 per
2493 5440 2784 5521 orationem
2808 5445 2857 5493 et
2869 5438 3159 5521 jejunium:

1916 5514 2032 5585 (63)
2064 5509 2456 5585 Eadem_edit.,
2510 5511 2697 5585 reddat
2723 5511 2770 5585 ei
2798 5512 2983 5566 saltem
3020 5510 3162 5581 quod
3187 5509 3429 5582 abstulit,

1841 5584 1889 5641 si
2138 5583 2521 5664 quadruplum,
2549 5582 2924 5664 sicu‘pithetc.

1916 5656 2032 5733 (64)
2056 5651 2647 5733 Eadem_edit.,Cred_ite
2665 5651 2963 5733 ﬁrmissime
2983 5652 3130 5723 mihi,
3145 5651 3436 5733 [τιμηθείς

1844 5724 2147 5783 nullatenus
2177 5726 2428 5789 dubitate,
2484 5725 2612 5796 quia
2642 5724 2709 5792 si,
2766 5731 2870 5781 etc.
2912 5725 3116 5782 Iterum
3148 5724 3313 5792 infra,
3344 5726 3433 5781 sed

225 5799 344 5871 (62)
384 5800 543 5857 Rom.
573 5798 732 5869 edit.,
785 5800 921 5856 sicut
964 5802 1132 5875 ignem
1159 5802 1427 5859 ardentem
1453 5801 1738 5875 exstinguit
1843 5800 1977 5856 sicut
2004 5800 2089 5856 illi
2116 5816 2221 5856 non
2249 5797 2355 5853 nisi
2384 5797 2440 5853 in
2477 5814 2645 5864 sacco,
2676 5803 2782 5853 etc.
