3972 6368
522 463 630 522 659

1532 459 1630 518 ΑΙ)
1667 459 1902 520 OPERA
1938 459 1993 518 S.
2035 459 2370 520 AMBROSII
2408 459 2791 519 APPENDIX.

3724 463 3827 521 660

525 607 655 649 nare
683 588 1006 664 poterimus,
1045 585 1092 645 si
1121 584 1397 644 medicum
1439 585 1748 644 animarum
1799 594 2112 645 nostrarum
2143 592 2194 653 Α
2220 585 2578 646 devastandas
2607 586 2882 645 Ecclesias
2911 587 3242 647 Damascum
3265 597 3604 664 properaret,
3639 590 3824 649 subito

524 680 761 738 ﬁdeliter
789 693 1099 747 exoremus,
1135 684 1198 734 ut
1247 683 1517 751 praecepta
1544 676 1664 750 ejus
1690 689 1960 751 tanquam
1984 695 2114 735 sus-

523 768 668 843 cepti
707 767 891 825 idonei
921 765 1153 824 minime
1181 765 1581 838 dispernamus.
1629 767 1782 825 Tunc
1811 767 1958 823 enim
1999 769 2114 824 lan-

525 858 724 931 guidus
745 855 1094 930 mgritudinis
1122 871 1233 912 suae
1264 855 1482 911 invenit
1511 855 1863 926 medicinam,
1894 856 1940 912 si
1965 855 2118 912 omni

524 945 903 1005 sollicitudine
931 944 1132 1002 medici
1176 943 1435 1001 mandata
1465 944 1768 1002 servaverit
1802 945 1917 1017 (65)
1943 963 1957 1014 ;
1991 945 2119 1018 quia

523 1037 570 1094 si
598 1035 749 1094 aliud
772 1036 957 1104 faciat,
980 1051 1106 1092 cum
1129 1034 1281 1090 aliud
1289 1033 1544 1106 jubetur,
1566 1033 1904 1091 increscente
1924 1035 2117 1092 morbo

523 1143 631 1184 non
665 1124 932 1194 medicus,
962 1123 1057 1181 sed
1085 1123 1478 1198 praevaricator
1508 1123 1566 1180 in
1594 1124 1755 1197 culpa
1783 1130 1884 1180 est.

593 1236 648 1293 2.
695 1233 942 1292 Medicus
1017 1242 1199 1290 autem
1255 1240 1337 1288 est
1395 1233 1666 1288 Dominus
1729 1241 1916 1289 noster
1961 1231 2116 1288 Jesus

523 1324 796 1392 Christus,
848 1323 943 1397 qui
993 1321 1111 1379 ait:
1176 1347 1196 1371 ε
1222 1323 1339 1395 Ego
1385 1321 1631 1379 occidam
1679 1329 1733 1378 et
1784 1321 2110 1380 viviﬁcabo:

521 1413 824 1487 percutiam
868 1420 923 1470 et
967 1412 1171 1470 sanabo
1214 1410 1393 1483 (Deut.
1448 1429 1632 1478 χχχιι,
1671 1413 1786 1484 39).
1820 1437 1840 1462 ι
1901 1411 2118 1469 Occidit

521 1503 669 1560 enim
702 1502 1107 1576 quodammodo
1161 1509 1455 1575 antequam
1504 1500 1753 1558 viviﬁcet
1805 1501 2111 1571 Dominus;

521 1592 727 1651 occidit
757 1594 905 1650 enim
923 1593 1162 1666 primum
1194 1592 1252 1648 in
1278 1591 1439 1648 nobis
1459 1590 1784 1658 homicidia,
1819 1589 2114 1660 adulteria,

521 1685 746 1754 scelera,
776 1684 944 1752 furta,
984 1699 1079 1757 per
1106 1682 1442 1755 baptismum
1467 1699 1479 1738 :
1532 1690 1586 1738 et
1618 1681 1698 1738 sic
1723 1699 1823 1738 nos
1853 1691 2116 1756 tanquam

519 1791 694 1832 novos
737 1773 990 1830 homines
1036 1772 1360 1829 aeternitatis
1395 1771 1813 1828 immortalitate
1847 1771 2113 1830 viviﬁcat.

518 1864 790 1922 Morimur
817 1879 945 1936 ergo
973 1862 1213 1936 peccatis
1255 1861 1514 1918 videlicet
1545 1877 1642 1934 par
1679 1862 1960 1918 lavacrum
1995 1879 2006 1918 :
2035 1877 2116 1918 re-

2225 678 2453 752 fulgoris
2499 677 2735 736 caelestis
2775 695 2901 735 eum
2950 687 3156 736 terrore
3209 682 3502 754 percussit,
3547 691 3609 740 ut
3639 700 3824 740 evan-

2227 767 2384 841 gelici
2415 766 2718 840 splendoris
2733 785 2857 825 eum
2880 770 3001 826 luce
3023 770 3407 843 perfunderet:
3438 780 3492 829 et
3512 774 3823 832 carnalium

2228 857 2502 914 luminum
2525 858 2915 921 414orbitate
2933 861 3226 918 mulctavit
3245 861 3386 934 (68),
3413 870 3476 918 ut
3488 861 3825 936 spiritalium

2226 959 2508 1015 oculorum
2541 960 2878 1018 illuminaret
2907 970 3128 1034 aspectu
3156 979 3167 1016 :
3219 961 3466 1034 corporis
3497 979 3624 1019 eum
3657 961 3826 1019 debi-

2227 1049 2378 1108 litate
2408 1051 2718 1124 perterruit,
2764 1061 2825 1108 ut
2870 1051 2999 1108 ﬁdei
3028 1052 3325 1108 devotione
3375 1052 3633 1110 salvaret.
3679 1053 3826 1110 Sur-

2227 1157 2355 1212 gens
2382 1158 2508 1215 ergo
2535 1159 2567 1198 a
2587 1150 2728 1199 terra
2756 1144 2973 1211 Paulus,
3009 1143 3376 1200 exterioribus
3426 1143 3657 1218 quidem
3691 1161 3822 1201 ocu-

2227 1229 2294 1285 lis
2333 1246 2440 1286 non
2474 1230 2695 1288 videbat
2737 1230 3008 1299 homines,
3051 1248 3165 1287 non
3197 1249 3375 1288 aerem
3407 1251 3422 1301 ;
3472 1235 3572 1290 sed
3622 1233 3827 1292 mentis

2225 1319 2528 1377 luminibus
2575 1319 2856 1378 Christum
2911 1322 3133 1379 videbat
3184 1341 3212 1378 e
3251 1325 3410 1381 coelo.
3464 1325 3711 1398 Denique
3765 1325 3827 1380 in

2225 1419 2436 1468 tantum
2469 1412 2677 1485 profuit
2711 1414 2934 1470 Domini
2967 1415 3071 1471 ista
3112 1416 3412 1488 percussio,
3441 1427 3504 1475 ut
3536 1415 3604 1473 de
3632 1414 3828 1474 Iudaeo

2225 1501 2590 1570 Christianus,
2612 1501 2679 1557 de
2699 1501 3018 1574 blasphemo
3034 1506 3331 1576 apostolus,
3348 1505 3414 1561 de
3431 1507 3594 1564 Saulo
3621 1507 3830 1564 Paulus

2225 1592 2509 1648 exsisteret
2536 1609 2549 1659 ;
2584 1599 2637 1647 et
2667 1608 2729 1647 eo
2757 1609 2928 1666 usque
2977 1594 3212 1650 mutavit
3241 1603 3480 1651 veterem
3531 1613 3658 1653 cum
3691 1611 3829 1654 mo-

2226 1681 2378 1738 ribus
2414 1681 2720 1747 hominem,
2751 1689 2812 1738 ut
2839 1683 3005 1739 etiam
3038 1693 3275 1740 mutaret
3303 1693 3358 1742 et
3390 1701 3613 1742 nomen.

2297 1781 2350 1837 6.
2382 1780 2654 1837 Habentes
2682 1780 2850 1854 igitur
2877 1781 3197 1854 hujusmodi
3225 1782 3526 1852 medicum,
3559 1783 3654 1856 qui
3686 1799 3828 1855 per-

2225 1871 2486 1928 cutiendo
2532 1879 2708 1940 sanat,
2755 1871 3139 1930 mortiﬁcando
3197 1871 3464 1940 vivificat,
3518 1872 3832 1930 subdamur

519 1964 842 2028 Eeneramul‘
869 1959 1049 2009 autem
1098 1951 1227 2008 νίῐω
1270 1967 1366 2024 Per
1400 1950 1677 2024 Spiritum.
1709 1952 1853 2008 Sicut
1891 1953 1968 2008 ait
1999 1968 2118 2008 8311-
2149 1956 2194 2017 B
2229 1961 2280 2018 ei
2308 1978 2434 2019 cum
2469 1961 2622 2017 omni
2651 1961 2917 2035 patientia
2960 1961 3028 2016 ad
3071 1961 3408 2018 curandum:
3444 1968 3507 2016 ut
3545 1961 3826 2036 quidquid

517 2052 640 2102 ctus
667 2042 1002 2116 Apostolus:
1069 2065 1088 2090 ε
1131 2040 1402 2109 Quoniam
1461 2041 1667 2097 mortui
1721 2041 1852 2098 estis
1901 2041 2118 2098 delictis

519 2133 737 2201 vestris,
772 2139 826 2188 et
854 2131 969 2187 vita
1006 2138 1190 2187 vestra
1233 2128 1555 2187 abscondita
1604 2137 1688 2187 est
1734 2147 1863 2187 cum
1894 2129 2117 2188 Christo

522 2221 752 2295 (Coloss.
785 2237 871 2289 ιιι,
893 2218 973 2292 3).
996 2242 1014 2268 ι
1043 2249 1109 2260 ι-
1143 2242 1163 2268 ι
1192 2218 1515 2292 Consepulti
1542 2219 1690 2274 enim
1719 2219 1854 2276 estis
1873 2235 2000 2276 cum
2017 2220 2116 2276 illo

517 2327 615 2384 per
641 2309 978 2384 baptismum
1000 2308 1058 2364 in
1075 2315 1308 2365 mortem
1341 2309 1518 2381 (Rom.
1544 2325 1622 2376 vr,
1645 2306 1701 2380 4)
1724 2326 1773 2376 ;›
1809 2307 2117 2366 occidimur

519 2401 668 2458 enim
727 2399 1152 2476 quodammodo,
1221 2416 1348 2456 cum
1412 2399 1718 2457 desinimus
1785 2415 1900 2456 esse
1968 2399 2116 2473 quod

515 2488 745 2548 fuimus.
778 2491 934 2547 Novo
962 2489 1110 2547 enim
1149 2488 1368 2564 pietatis
1405 2505 1599 2562 genere
1634 2490 1692 2545 in
1731 2505 1843 2545 uno
1883 2488 2115 2545 eodem-

517 2598 622 2656 que
693 2581 918 2637 homine
983 2597 1132 2636 mors
1197 2588 1456 2654 operatur
1520 2585 1574 2636 et
1639 2579 1810 2647 vita;
1880 2580 2116 2635 moritur

517 2671 664 2728 enim
689 2669 1137 2742 concupiscentia
1165 2675 1536 2742 peccatorum,
1567 2667 1886 2725 viviﬁcatur
1929 2684 2114 2724 amore

517 2759 788 2817 virtutum
821 2759 961 2830 (66).
1002 2758 1065 2815 In
1095 2773 1208 2815 uno
1256 2773 1491 2832 namque
1543 2757 1843 2831 eodemque
1888 2755 2113 2815 homine

517 2850 722 2926 impius
741 2859 795 2909 et
809 2850 1028 2908 adulter
1057 2847 1348 2918 occiditur,
1371 2855 1435 2905 ut
1455 2848 1768 2906 misericors
1799 2855 2114 2905 renascatur

517 2949 573 2999 et
595 2950 778 3000 castus
811 2961 824 3000 :
856 2939 1197 2997 interimitur
1227 2937 1562 3008 idololatria,
1597 2946 1658 2995 ut
1689 2938 1882 3011 religio
1912 2956 2113 3012 propa-

519 3039 709 3107 getur;
749 3031 1050 3088 fornicator
1077 3037 1132 3086 et
1156 3028 1405 3086 ebriosus
1434 3027 1829 3102 exstinguitur,
1852 3037 1915 3084 ut
1939 3027 2113 3086 conti-

517 3137 654 3180 nens
681 3129 736 3179 et
759 3120 976 3178 sobrius
1014 3127 1354 3193 procreetur.

587 3230 640 3287 3.
659 3229 749 3287 Sic
765 3245 891 3302 ergo
913 3226 1209 3284 mortiﬁcat
1219 3225 1510 3295 Dominus,
1525 3232 1588 3282 ut
1607 3223 1884 3282 viviﬁcari
1910 3224 2107 3282 faciat:

517 3322 598 3380 sic
626 3321 850 3389 occidit,
899 3327 961 3376 ut
1011 3316 1229 3392 prosit:
1278 3317 1359 3375 sic
1407 3316 1680 3383 verberat,
1729 3324 1791 3372 ut
1837 3315 2108 3372 emendet.
2142 3323 2186 3384 ί]
2222 3309 2457 3367 scelestis
2511 3309 2698 3382 gratiae
2755 3327 2877 3367 rore
2933 3310 3284 3383 perfunditur
3330 3330 3344 3380 ;

516 3413 643 3469 Haec
663 3418 743 3468 est
763 3409 932 3482 igitur
951 3407 1097 3466 circa
1112 3405 1366 3463 homines
1397 3423 1526 3462 suos
1555 3405 1672 3478 ejus
1689 3413 1803 3462 tota
1823 3405 2107 3476 severitas,

515 3509 578 3559 ut
620 3501 679 3558 in
709 3500 797 3556 his
852 3504 1074 3572 peccata
1119 3495 1442 3570 puniantur,
1492 3495 1677 3551 anima
1706 3502 2106 3552 conservetur:

515 3589 881 3648 abstollantur
914 3583 1231 3644 detestanda
1262 3583 1420 3653 vitia,
1463 3583 1699 3640 virtutes
1743 3583 1967 3656 optimae
1996 3598 2112 3638 nu-

515 3678 753 3736 triantur
792 3675 929 3748 (67).
963 3675 1143 3747 Usque
1172 3673 1306 3732 adeo
1334 3681 1516 3731 autem
1568 3671 1672 3729 hac
1700 3672 1792 3745 pia
1841 3671 2114 3730 occisione

516 3765 742 3826 Domini
770 3762 1049 3824 cernimus
1075 3763 1362 3838 plerosque
1388 3778 1684 3820 conversos
1707 3761 1766 3818 in
1795 3768 2012 3819 tantum
2045 3761 2114 3818 ad

517 3853 716 3912 melius
746 3851 1062 3928 profecisse,
1101 3851 1182 3909 sic
1207 3849 1275 3909 de
1303 3850 1571 3925 piissimis
1616 3850 1854 3923 optimos
1901 3850 2110 3917 factos;

516 3951 582 4002 ut
607 3959 736 4002 cum
765 3941 951 4002 videas
977 3957 1089 4012 eos,
1121 3941 1258 3998 alios
1286 3940 1475 3999 credas
1522 3939 1797 4010 homines,
1827 3955 1954 3998 cum
1998 3954 2111 3997 non

517 4033 707 4091 videas
752 4039 988 4090 mutatas
1015 4047 1132 4090 esse
1159 4047 1436 4106 personas.
1483 4032 1545 4088 In
1598 4037 1814 4088 tantum
1845 4030 1993 4086 enim
2053 4029 2113 4087 in

519 4123 680 4182 nobis
724 4123 783 4180 id
821 4121 968 4197 quod
1011 4122 1164 4196 prius
1191 4138 1430 4191 eramus,
1490 4120 1804 4194 perimitur,
1835 4119 2107 4190 aufertur,

518 4211 914 4286 exstinguitur,
944 4220 1006 4268 ut
1022 4210 1080 4267 id
1106 4209 1254 4284 quod
1283 4218 1471 4283 postea
1485 4227 1696 4278 sumus,
1715 4209 1897 4267 denuo
1918 4219 2111 4268 natum

519 4319 634 4360 esse
661 4301 948 4360 credamus
974 4317 986 4358 :
1023 4299 1170 4357 unde
1199 4300 1458 4357 nativitas
1487 4300 1604 4358 haec
1633 4300 1873 4358 secunda
1911 4300 2116 4374 prioris

519 4392 649 4451 vita
666 4391 833 4449 ﬁnem
846 4389 962 4464 jam
991 4389 1200 4449 factum
1226 4389 1396 4446 fuisse
1427 4388 1723 4463 signiﬁcat.

589 4489 643 4548 4.
673 4488 831 4560 Quod
859 4495 1041 4546 autem
1085 4487 1194 4546 ait:
1242 4510 1264 4537 ι
1289 4490 1405 4561 Ego
1452 4488 1755 4563 percutiam
1805 4496 1859 4546 et
1908 4487 2113 4547 sanabo

522 4582 705 4653 (Deut.
739 4595 923 4650 χχχιι,
954 4579 1049 4652 39)
1081 4595 1095 4648 ;
1129 4601 1149 4630 ι
1189 4578 1428 4653 percutit
1477 4579 1638 4653 plane
1684 4579 1970 4652 praeceptis
2004 4578 2118 4636 suis

2227 2050 2285 2106 in
2338 2049 2498 2108 nobis
2549 2051 2897 2124 probrosum,
2931 2050 3200 2124 quidquid
3231 2050 3454 2108 delictis
3506 2051 3820 2121 sordidum,

2226 2139 2495 2214 quidquid
2538 2141 2814 2198 ulceribus
2856 2141 3093 2198 fetidum
3141 2141 3257 2214 (69)
3306 2157 3420 2197 esse
3450 2142 3819 2214 perspexerit,

2225 2229 2453 2300 incidat,
2503 2238 2770 2304 amputet,
2829 2237 3097 2298 exsecet;
3158 2238 3221 2285 ut
3277 2229 3498 2287 resectis
3560 2229 3822 2286 omnibus

2225 2321 2432 2378 diaboli
2475 2322 2817 2392 vulneribus,
2851 2322 2956 2380 hoc
2996 2323 3176 2378 solum
3217 2321 3277 2378 in
3327 2321 3487 2379 nobis
3531 2322 3694 2380 faciat
3723 2337 3825 2378 re-

2223 2429 2464 2480 manere,
2487 2415 2633 2487 quod
2661 2414 2759 2470 Dei
2799 2420 2898 2470 est.
2932 2413 3086 2469 Istud
3116 2421 3302 2469 autem
3338 2421 3668 2486 praeceptum
3701 2412 3827 2485 ejus

2223 2511 2304 2560 est
2350 2505 2610 2578 primum,
2657 2514 2719 2562 ut
2758 2505 2845 2560 his
2875 2504 3234 2578 quadraginta
3296 2503 3518 2571 diebus,
3565 2503 3825 2576 jejuniis,

2223 2595 2584 2664 orationibus,
2617 2595 2825 2668 vigiliis
2847 2610 3064 2666 operam
3108 2593 3524 2651 commodemus
3550 2612 3562 2662 ;
3591 2592 3827 2666 jejuniis

2223 2685 2369 2740 enim
2393 2686 2618 2743 lascivia
2656 2685 2902 2759 corporis
2921 2684 3236 2756 castigatur,
3255 2683 3599 2739 orationibus
3621 2683 3828 2740 devota

2223 2774 2502 2847 saginatur
2516 2774 2720 2843 anima,
2738 2774 2946 2846 vigiliis
2967 2773 3180 2830 diaboli
3199 2772 3414 2828 insidiae
3437 2773 3821 2846 depelluntur.

2221 2862 2430 2920 Deinde
2460 2879 2586 2920 cum
2609 2862 2727 2920 istis
2757 2864 3143 2920 mandatorum
3176 2861 3658 2920 observationibus
3686 2862 3825 2919 fue-

2222 2952 2295 3008 rit
2337 2951 2442 3010 hoc
2483 2961 2698 3025 tempus
2740 2953 3049 3026 impletum,
3083 2960 3218 3009 tunc
3246 2961 3478 3025 purgata
3508 2959 3562 3008 et
3595 2951 3825 3024 fatigata

2221 3049 2303 3098 tot
2333 3041 2808 3098 observationibus
2852 3041 3055 3110 anima,
3088 3042 3155 3097 ad
3200 3041 3533 3113 baptismum
3565 3039 3820 3108 veniens,

2222 3129 2458 3202 Spiritus
2483 3130 2655 3187 sancti
2684 3130 3046 3187 inundatione
3066 3130 3311 3188 reficitur
3336 3149 3348 3186 :
3378 3139 3432 3187 et
3451 3129 3726 3204 quidquid
3762 3129 3819 3186 in

2220 3237 2284 3276 ea
2341 3220 2681 3276 diversarum
2752 3220 3141 3293 aegritudinum
3198 3220 3361 3276 ardor
3417 3219 3822 3288 exsiccaverat,

3423 3321 3484 3369 ut
3537 3311 3825 3385 deponens

2220 3401 2420 3458 veteris
2449 3401 2690 3458 hominis
2720 3403 3110 3474 corruptelam,
3145 3419 3304 3461 novae
3334 3402 3578 3461 indolem
3606 3402 3826 3477 juven-

2219 3492 2355 3548 tutis
2379 3492 2644 3566 acquirat.
2677 3492 2749 3550 Et
2777 3493 2978 3550 mirum
3011 3494 3067 3549 in
3099 3493 3324 3550 modum
3357 3495 3414 3550 in
3445 3510 3558 3551 uno
3586 3494 3826 3552 eodem-

2221 3597 2326 3655 que
2369 3582 2593 3640 homine
2643 3583 2861 3642 delictis
2906 3585 3188 3653 sanctitas,
3239 3584 3524 3658 iniquitati
3575 3583 3820 3656 justitia,

2223 3672 2489 3729 senectuti
2552 3673 2798 3731 succedit
2853 3672 3133 3730 infantia:
3195 3691 3450 3748 novoque
3506 3674 3824 3732 nativitatis

2223 3781 2416 3837 genere
2444 3767 2583 3822 alter
2616 3773 2718 3836 est,
2756 3765 2851 3840 qui
2882 3766 3207 3835 renascitur,
3239 3783 3403 3841 quam
3449 3765 3569 3840 ipse
3598 3766 3693 3836 sit,
3728 3765 3824 3840 qui

2221 3854 2490 3927 peccavit.

2294 3953 2345 4008 7.
2369 3953 2460 4011 Sic
2495 3970 2731 4027 namque
2762 3954 2912 4011 Elias
2958 3954 3318 4029 quadraginta
3365 3955 3582 4012 dierum
3615 3971 3680 4014 ac
3710 3972 3825 4014 no-

2221 4043 2395 4101 ctium
2423 4045 2696 4103 curriculo
2721 4045 3041 4102 continuato
3052 4045 3265 4117 jejunio
3299 4046 3418 4118 (III
3433 4048 3559 4119 Reg.
3593 4064 3717 4118 χιχ,
3736 4049 3820 4122 8),

2222 4134 2391 4189 totius
2420 4134 2613 4190 mundi
2644 4135 2861 4207 longam
2889 4152 2951 4192 ac
2989 4135 3220 4191 nimiam
3249 4135 3558 4193 siccitatem
3616 4139 3824 4195 meruit

2224 4221 2485 4278 imbrium
2541 4239 2662 4279 rore
2711 4223 3064 4296 restinguere,
3117 4232 3172 4280 et
3216 4224 3499 4281 ardentem
3548 4235 3821 4283 terrarum

2223 4311 2374 4369 sitim
2407 4312 2640 4368 ccelestis
2670 4314 2870 4385 pluvia:
2901 4313 3146 4387 largitate
3177 4314 3504 4388 perfundere
3552 4316 3670 4389 (III
3692 4319 3823 4390 Reg.

2224 4418 2388 4470 xvm,
2418 4401 2535 4474 45).
2566 4401 2722 4471 Quod
2747 4403 2970 4477 quidem
3018 4404 3077 4461 in
3124 4405 3354 4478 ﬁguram
3407 4405 3580 4461 nostri
3612 4405 3820 4463 factum

2225 4507 2338 4548 esse
2367 4493 2766 4566 cognoscimus,
2807 4503 2870 4550 ut
2903 4511 3002 4551 nos
3048 4511 3265 4569 quoque
3322 4494 3522 4552 horum
3573 4497 3825 4570 quadra-

2227 4582 2375 4656 ginta
2403 4582 2680 4640 curriculo
2713 4582 2926 4640 dierum
2977 4583 3313 4657 jejunantes,
3373 4586 3680 4658 spiritalem
3713 4588 3823 4644 ba-

517 4671 788 4731 Dominus
822 4677 1153 4745 peccatores,
1197 4677 1262 4726 ut
1291 4678 1444 4727 sanet
1475 4687 1490 4738 ;
1537 4669 1810 4728 mandatis
1838 4669 2112 4739 verberat,
2147 4695 2191 4754 D
2226 4672 2495 4744 ptismatis
2524 4673 2768 4746 pluviam
2799 4673 3056 4730 tribubus
3085 4675 3288 4731 nostris
3325 4675 3449 4746 (70)
3483 4692 3820 4745 mereamur,

517 4772 580 4822 ut
597 4762 886 4822 emendet:
914 4760 1128 4835 jejunia
1155 4761 1425 4836 praecipit,
1458 4760 1657 4820 indicit
1688 4760 2111 4829 continentiam,

511 4852 789 4927 judicium
827 4853 1224 4912 comminatur:
1273 4859 1327 4909 et
1355 4850 1568 4910 tristem
1610 4852 1872 4925 gehennae
1898 4857 2106 4907 metum

518 4943 813 5014 incutiens,
846 4941 1074 5000 adhibet
1096 4940 1428 5000 medicinam
1457 4959 1472 5011 ;
1505 4949 1568 4999 ut
1595 4941 1731 4998 dum
1751 4939 1936 4997 futura
1972 4954 2109 5013 per-

516 5031 882 5102 timescimus,
913 5030 1205 5106 praesentia
1231 5031 1588 5104 corrigamus.

589 5143 644 5200 ὅ.
684 5142 775 5200 Sic
818 5156 1056 5214 namque
1109 5141 1341 5198 Paulum
1401 5138 1708 5212 apostolum
1753 5135 2111 5210 percutiendo

516 5247 711 5289 sanum
761 5229 1002 5289 reddidit
1051 5229 1194 5302 (Act.
1226 5246 1307 5298 ιχ,
1349 5227 1381 5286 3
1409 5229 1582 5301 seq.);
1616 5244 1743 5286 cum
1783 5227 1932 5284 enim
1971 5233 2112 5284 esset

516 5329 854 5394 persecutor,
910 5318 1116 5392 impius
1148 5326 1203 5376 et
1245 5318 1616 5392 blasphemus,
1660 5325 1715 5375 et
1765 5315 1989 5390 quidem
2045 5315 2113 5372 ad

615 5493 708 5562 65)
742 5491 932 5551 Codex
959 5488 1217 5562 Vttlliscl.
1250 5488 1566 5562 medicinam
1594 5487 1777 5562 datam
1801 5486 2108 5542 servaverit.

741 5564 892 5620 Idem
924 5561 1121 5634 codex,
1156 5560 1462 5634 viviﬁcatur
1482 5560 1615 5634 odor
1643 5559 1922 5634 virtutum.

595 5629 710 5704 (67)
738 5634 913 5700 Edit.,
953 5629 1293 5704 auferantuiﬁ
1327 5630 1628 5704 detestanda
1659 5630 1869 5704 vitia..._
1897 5632 1994 5684 hac
2018 5629 2116 5700 pia

517 5700 782 5759 occasione
821 5700 1055 5761 Domini.
1091 5705 1163 5760 Et
1209 5702 1376 5767 infra,
1405 5700 1583 5755 videas
1614 5717 1719 5766 eos,
1749 5701 1932 5756 credas
1961 5717 2113 5756 rena-

520 5781 597 5830 tos
613 5775 867 5829 homines.

593 5845 713 5917 (68)
745 5845 825 5902 Ita
853 5844 1028 5904 codex
1057 5844 1338 5912 Valliscl.;
1371 5841 1505 5900 edit.
1547 5851 1728 5900 autem
1767 5851 1904 5912 τοι,
1941 5844 2118 5900 orbem

2222 4771 2572 4836 nostramque
2599 4763 2814 4836 jamdiu
2841 4764 3050 4820 aridam
3073 4774 3275 4821 terram
3309 4765 3549 4823 ccelestis
3581 4765 3822 4840 desuper

2217 4851 2396 4910 imber
2445 4853 2721 4923 infundat,
2767 4861 2821 4910 et
2879 4855 3098 4927 longam
3161 4855 3455 4928 gentilium
3508 4855 3818 4913 siccitatem

2219 4941 2423 5000 lavacri
2454 4941 2744 4999 inundatio
2765 4943 3019 5001 salutaris
3048 4946 3265 5002 irroret.
3296 4945 3612 5004 Siccitatem
3664 4945 3818 5002 enim

2215 5037 2268 5086 et
2297 5031 2546 5087 ardorem
2574 5030 2770 5087 animae
2820 5050 2928 5088 suze
2979 5033 3204 5105 patitur,
3254 5033 3505 5107 quisquis
3552 5025 3817 5106 baptismi

2219 5121 2393 5192 gratia
2427 5137 2539 5178 non
2573 5121 2800 5193 rigatur.

2291 5218 2345 5273 8.
2380 5219 2585 5274 Horum
2617 5235 2744 5292 ergo
2775 5218 2987 5276 dierum
3022 5219 3378 5293 noctiumque
3402 5219 3621 5293 jejunio
3652 5221 3817 5295 Moy-

2218 5324 2303 5364 ses
2332 5316 2550 5365 sanctus
2581 5309 2783 5366 meruit
2809 5325 2934 5365 cum
2965 5311 3077 5365 Deo
3099 5307 3273 5380 loqui,
3303 5316 3467 5379 stare,
3491 5311 3814 5380 consistere,

2219 5488 2485 5555 mutavit;
2539 5489 2719 5553 Rom.,
2773 5485 3046 5540 orbitatem
3096 5484 3346 5540 mutavit:
3413 5501 3602 5540 omnes
3659 5503 3812 5555 vero,

2221 5560 2370 5615 illum
2379 5560 2549 5614 inaret
2570 5564 2826 5628 aspectum
2837 5600 2849 5612 .

2295 5631 2386 5702 (69
2393 5639 2412 5701 )
2445 5627 2650 5702 Omnes
2679 5627 2838 5696 edit.,
2862 5627 3230 5702 ut,_quidquid
3272 5628 3532 5702 ulceribus
3552 5627 3820 5697 fetidum;

2221 5699 2548 5758 intermedia
2571 5716 2701 5756 vero
2722 5716 2750 5754 e
2779 5699 2901 5756 cod.
2946 5699 3195 5756 Valliscl.
3228 5699 3482 5756 restituta
3503 5708 3650 5756 sunt.

2322 5774 2412 5843 70)
2439 5774 2596 5830 Rom.
2629 5771 2765 5845 edit.
2808 5778 2930 5845 post
2959 5788 3151 5829 vocem
3175 5771 3419 5844 pluviam
3444 5783 3817 5844 resecaverat,

2223 5844 2461 5900 tribubus
2492 5844 2706 5900 nostris.
