3972 6380
193 434 297 492 661

1014 431 1385 490 SERMONES
1423 432 1480 491 S.
1521 431 1877 493 AMBROSIO
1917 433 2291 494 HACTENUS
2328 433 2663 492 ASCRIPTI.

3389 434 3497 494 662

193 567 252 617 et
276 560 346 618 de
376 576 543 618 manu
573 560 708 634 legis
753 566 1020 632 praecepta
1065 559 1344 632 suscipere
1386 560 1588 632 (Exod.
1629 576 1791 630 χχιν,
1821 566 1873 626 Α
1902 559 2184 633 gestimus.
2215 560 2473 634 Legimus
2499 560 2559 616 in
2590 558 2778 619 Veteri
2807 559 3176 631 Testamento,
3202 575 3329 618 cum
3357 577 3496 619 san-

197 650 303 719 I8;
334 666 494 720 χχχι,
528 651 639 722 18).
662 649 929 718 Quamvis
944 649 1091 704 enim
1111 649 1271 705 illum
1297 650 1366 705 ab
1393 650 1677 709 obtutibus
1691 650 1790 707 Dei

192 741 445 799 conditio
499 740 743 797 humana
789 738 1161 809 subtraheret,
1215 738 1555 811 jejuniorum
1608 749 1791 797 tamen

194 831 373 904 gratia
390 830 709 904 proximum
738 829 897 885 illum
920 828 1232 885 divinitatis
1247 829 1523 886 consortio
1538 830 1789 899 faciebat;

193 921 318 980 haec
344 923 494 980 enim
524 922 584 979 in
612 922 773 979 nobis
804 921 1074 978 virtutum
1107 920 1286 994 portio
1333 922 1432 978 Dei
1479 928 1578 990 est,
1610 929 1673 977 ut
1698 920 1794 993 je-

187 1014 455 1088 junemns
507 1015 845 1087 frequenter,
894 1010 1154 1086 quoniam
1216 1028 1427 1084 semper
1482 1013 1625 1068 Deus
1678 1011 1794 1084 ipse

186 1105 427 1181 jejunat.
459 1108 521 1163 In
567 1120 899 1178 quocunque
943 1103 1113 1175 igitur
1143 1104 1265 1175 plus
1310 1119 1538 1175 operum
1569 1119 1793 1159 suorum

194 1196 376 1254 inesse
408 1194 767 1269 perspexerit,
800 1193 905 1266 ipsi
934 1194 1106 1266 magis
1138 1193 1446 1261 familiaris,
1477 1193 1707 1249 intimus
1742 1200 1796 1248 et

191 1286 409 1344 amicus
436 1294 540 1354 est,
573 1285 718 1340 sicut
765 1284 1047 1356 Scriptura
1075 1282 1212 1339 dicit
1240 1300 1252 1339 :
1313 1306 1332 1331 ι
1361 1284 1432 1338 Et
1459 1284 1673 1355 Moyses
1703 1284 1795 1338 lo-

192 1376 465 1449 quebatur
492 1392 617 1431 cum
650 1376 763 1430 Deo
787 1371 928 1429 facie
952 1372 1021 1429 ad
1051 1373 1269 1441 faciem,
1301 1374 1443 1445 sicut
1469 1373 1593 1446 quis
1622 1373 1795 1447 loqui-

192 1476 290 1525 tur
326 1482 452 1523 cum
481 1463 660 1521 amico
695 1480 796 1520 suo
830 1464 1035 1534 (Exod.
1069 1479 1273 1532 χχχιιι,
1307 1464 1422 1535 II).
1454 1488 1473 1512 ι

268 1558 324 1615 9.
356 1555 512 1614 Unde
537 1561 591 1611 et
617 1553 893 1610 Dominus
920 1554 1075 1610 Jesus
1104 1553 1358 1610 Christus
1381 1551 1797 1609 resurrectionis

192 1646 428 1720 gloriam
493 1652 873 1718 percepturus,
949 1643 1183 1699 virtutes
1241 1660 1364 1699 suas
1437 1642 1798 1716 quadraginta

190 1736 412 1793 dierum
463 1736 819 1807 noctiumque
860 1732 1077 1805 jejunio
1123 1733 1401 1790 dedicavit
1450 1733 1665 1805 (Matth.
1716 1750 1794 1801 ιν,

190 1825 294 1897 2);
327 1833 389 1882 ut
417 1823 728 1881 ostenderet
755 1840 866 1879 non
906 1839 1101 1895 panem
1133 1839 1246 1879 esse
1275 1823 1449 1879 vitam
1478 1821 1792 1891 hominum,

1898 658 2020 707 ctus
2063 650 2279 723 Moyses
2302 649 2448 706 ﬁlios
2476 647 2641 706 Israel
2677 647 2744 704 de
2767 648 2902 721 jugo
2945 647 3223 721 Egyptim
3249 649 3497 722 captivi-

1899 738 2028 796 tatis
2063 748 2298 808 erueret,
2346 746 2409 795 ut
2453 738 2512 795 in
2554 746 2756 795 terram
2786 754 2878 795 eos
2908 737 3351 811 repromissionis
3394 740 3498 797 in-

1901 827 2141 897 duceret,
2190 828 2550 902 quadraginta
2593 834 2648 884 et
2675 826 2913 884 duorum
2954 825 3169 884 dierum
3201 826 3320 899 (72)
3360 842 3487 886 eum

1902 917 1970 973 ad
2000 926 2352 973 memoratam
2369 925 2569 973 terram
2586 916 2964 973 mansionibus
2985 916 3488 990 pervenisse(Num.

1902 1008 2159 1076 xxxm,I
2208 1007 2362 1078 seq.);
2416 1014 2677 1080 tantoque
2721 1006 2882 1063 illum
2920 1014 3229 1080 temporum
3265 1024 3496 1067 numero

1904 1098 2141 1170 potitum
2202 1113 2317 1153 esse
2357 1097 2660 1169 promissis,
2708 1105 2914 1171 quanto
2957 1104 3010 1154 et
3063 1114 3164 1156 nos
3212 1098 3496 1172 promissis

1903 1188 2063 1245 nobis
2090 1204 2123 1244 a
2163 1187 2443 1244 Salvatore
2483 1188 2691 1260 perfrui
2730 1188 3087 1261 gratulamur.
3133 1187 3364 1258 Eodem,
3396 1189 3497 1246 in-

1904 1295 2089 1351 quam,
2129 1295 2358 1335 numero
2398 1279 2614 1351 Moyses
2646 1295 2742 1351 per
2782 1279 3094 1337 mansiones
3136 1279 3388 1352 pervenit
3427 1280 3497 1338 ad

1904 1369 2167 1442 requiem,
2219 1386 2328 1443 quo
2360 1378 2415 1426 et
2457 1387 2557 1426 nos
2604 1387 2700 1442 per
2734 1370 2946 1443 jejunia
3004 1386 3384 1445 prosperamus
3428 1371 3497 1428 ad

1904 1462 2104 1519 malum
2145 1480 2165 1527 ;
2208 1462 2419 1534 jejunia
2465 1464 2612 1518 enim
2659 1472 2847 1519 nostra
2890 1464 3201 1520 mansiones
3246 1462 3496 1537 quaedam

1904 1559 2056 1618 sunt,
2113 1567 2209 1623 per
2257 1568 2379 1625 quae
2436 1553 2541 1608 iter
2578 1552 2901 1625 spiritaliter
2951 1553 3233 1622 facientes,
3296 1553 3496 1610 animai

1907 1641 2206 1697 virtutibus
2246 1642 2611 1709 ambulamus,
2661 1650 2715 1697 et
2761 1642 2964 1698 diurno
2997 1644 3251 1715 profectu
3297 1660 3499 1717 repro-

1905 1731 2085 1788 missae
2149 1731 2309 1787 nobis
2348 1740 2507 1788 terra:
2561 1730 2860 1788 viciniores
2916 1732 3187 1788 efﬁcimur
3230 1751 3246 1801 ;
3315 1733 3393 1790 ita
3436 1742 3500 1791 ut

1904 1822 2070 1878 citius
2097 1821 2400 1894 perveniat,
2433 1820 2527 1893 qui
2554 1820 2806 1877 devotius
2829 1819 3113 1891 jejunarit.
3147 1820 3318 1878 Pedes
3346 1821 3496 1878 enim

187 1914 290 1971 sed
336 1915 437 1971 Dei
486 1913 737 1969 verbum.
796 1912 894 1968 Ilis
949 1912 1135 1985 itaque
1178 1912 1394 1969 dierum
1438 1911 1798 1985 quadraginta
1823 1932 1870 1994 Β
1906 1912 2128 1985 quidam
2157 1910 2354 1992 animae
2397 1910 2643 1983 pemices
2685 1917 2816 1966 sunt
2841 1909 2978 1966 ﬁdes
3007 1917 3168 1983 atque
3193 1909 3495 1983 jejunium,

178 2002 419 2076 jejuniis
448 2002 838 2060 reconciliatur
864 2004 1031 2071 Deus,
1062 2002 1386 2075 aperiuntur
1403 2002 1549 2070 coeli,
1576 2001 1791 2057 inferna

186 2100 526 2150 reserantur.
560 2092 735 2165 Igitur
762 2100 817 2149 et
858 2108 980 2160 nos,
1015 2092 1209 2148 fratres
1237 2091 1605 2159 dilectissimi,
1632 2089 1788 2163 jeju-

186 2199 389 2240 nemus
416 2182 679 2239 continue
727 2190 781 2237 et
809 2182 1006 2237 devote
1052 2181 1156 2239 hoc
1189 2182 1367 2254 spatio
1397 2181 1681 2251 temporis,
1729 2187 1791 2236 ut

186 2271 521 2347 propitietur
553 2269 715 2327 nobis
742 2269 1015 2325 Dominus
1040 2288 1052 2325 :
1088 2277 1309 2341 pateant
1336 2270 1499 2327 nobis
1526 2267 1673 2338 caeli,
1706 2268 1788 2324 in-

186 2359 349 2418 ferna
375 2377 487 2418 non
516 2359 735 2416 valeant
766 2358 883 2431 (71)
915 2357 1171 2416 retinere.

689 2505 837 2564 415
865 2499 1098 2557 SERMO
1126 2501 1279 2575 χιχ.

548 2603 625 2659 De
655 2610 845 2659 sancta
872 2601 1298 2675 Quadragesima
1334 2600 1429 2656 IlI.

187 2720 383 2779 Statim
421 2719 486 2776 ab
537 2719 687 2796 initio
739 2738 858 2796 eain
892 2719 1197 2796 afﬁnitatnn
1234 2715 1574 2796 exhibethic
1619 2732 1788 2796 sermo

259 2809 379 2848 cum
405 2809 563 2847 serm.
596 2791 664 2848 39
710 2798 757 2847 et
800 2792 891 2857 lii,
921 2789 1051 2861 quos
1087 2789 1385 2861 rejecimus,
1420 2793 1478 2861 ut
1524 2804 1605 2861 eos
1652 2789 1787 2856 ejus-

255 2864 376 2921 dem
428 2864 662 2920 auctoris
740 2880 845 2919 esse
913 2860 1009 2917 nos
1070 2860 1387 2934 persuaderi
1441 2860 1586 2934 haud
1652 2876 1787 2934 (egre

249 2934 720 3012 patiamur.__1_Von
742 2941 833 3012 _e_st
872 2940 1051 3012 autem
1066 2931 1182 3012 rear
1226 2931 1786 3012 existimes-Quadra—

254 3003 506 3079 besimam
532 3007 670 3072 ittic,
699 3007 791 3061 ubi
813 3008 1197 3079 pronuntiatus
1213 3010 1321 3079 est,
1352 3003 1667 3079 42jejunia,
1697 3020 1786 3079 seu

254 3074 450 3151 Septem
468 3074 1101 3161 hebd01nadascomptecti
1122 3076 1369 3157 solitam;
1384 3092 1489 3156 non
1516 3074 1653 3157 enim
1675 3075 1785 3155 alio

256 3151 433 3202 modo.
467 3167 583 3202 auaz
605 3151 688 3202 hic
713 3150 965 3202 dicuntur
992 3149 1054 3202 de
1078 3148 1146 3202 42
1176 3148 1560 3202 mansionibus.
1591 3148 1784 3202 intelli-

256 3148 433 3219 modo,
467 3167 583 3220 qua:
605 3151 688 3205 hic
713 3150 965 3205 dicuntur
992 3149 1054 3204 de
1078 3148 1146 3204 42
1176 3148 1560 3209 mansionibus.
1591 3148 1784 3202 intelli-

256 3222 425 3295 genda
453 3228 596 3287 sunt,
647 3239 809 3295 quam
843 3222 1144 3295 earumdem
1181 3220 1516 3295 mansionum
1556 3236 1591 3273 a
1646 3219 1787 3295 Gre-

255 3290 407 3366 gorio
434 3294 627 3365 Magno
647 3290 799 3366 hom.
834 3294 901 3349 16
926 3293 985 3348 in
1014 3292 1279 3366 Evangel.
1302 3291 1437 3366 inita
1455 3290 1782 3366 comparatio
1815 3294 1857 3354 C

254 3362 376 3421 cum
442 3362 857 3432 Quadragesinm
899 3382 912 3431 ;
984 3364 1074 3419 ubi
1130 3362 1302 3418 tamen
1356 3363 1546 3418 diserte
1618 3362 1784 3417 tradit

260 3437 618 3566 tantugmodo
663 3433 732 3495 36
778 3437 887 3493 dies
911 3434 1115 3507 jejunii
1155 3441 1303 3491 (etate
1344 3452 1444 3490 sua
1485 3433 1649 3505 fuisse
1696 3434 1781 3489 ob-

257 3526 411 3565 serva
467 3525 513 3565 ς.

262 3643 313 3699 1.
354 3642 565 3700 Sanctae
599 3640 1039 3714 Quadragesimaa
1085 3638 1379 3708 rationem,
1422 3636 1580 3710 cujus
1615 3636 1782 3694 hodie

182 3732 413 3791 initium
460 3731 818 3800 celebramus,
867 3730 1181 3804 frequenter
1229 3726 1544 3784 edidimus:
1594 3735 1647 3783 et
1683 3742 1782 3783 cur

183 3829 467 3880 tantorum
508 3820 723 3878 dierum
753 3835 983 3876 numero
1024 3817 1359 3891 jejunemus,
1394 3832 1535 3888 saepe
1579 3814 1782 3872 docui-

183 3927 331 3968 mus.
362 3911 620 3968 Diximus
657 3909 806 3967 enim
857 3908 1003 3982 quod
1030 3907 1302 3965 Dominus
1329 3907 1483 3963 Jesus
1529 3904 1781 3963 Christus

184 4000 338 4059 hunc
366 4000 618 4058 eumdem
646 4015 937 4057 numerum
963 3995 1165 4070 jejunii
1194 3996 1547 4064 consecrarit,
1570 4004 1623 4051 et
1653 4011 1780 4050 con-

183 4090 417 4148 tinuatis
472 4091 669 4148 diebus
718 4088 1081 4161 noctibusque
1153 4104 1264 4144 non
1320 4086 1539 4159 capiens
1593 4084 1778 4141 cibum

181 4199 362 4239 unum
386 4182 588 4256 jejunii
634 4198 837 4254 corpus
881 4180 1151 4236 effecerit:
1200 4178 1307 4235 hoc
1352 4186 1453 4247 est,
1504 4176 1631 4234 licet
1669 4175 1781 4233 diei

181 4272 325 4330 ordo
368 4270 545 4327 noctis
596 4270 1089 4342 interrumperetur
1132 4269 1394 4337 adventu,
1440 4283 1550 4323 non
1594 4275 1779 4323 tamen

183 4362 530 4433 interruptus
558 4369 640 4417 est
667 4359 801 4415 ordo
825 4360 1047 4432 jejunii.
1070 4359 1225 4417 Unde
1254 4367 1409 4417 erant
1440 4358 1583 4432 apud
1603 4361 1779 4415 Deum

183 4453 349 4525 plura
373 4449 595 4523 quidem
622 4457 930 4521 temporum
960 4450 1256 4517 curricula,
1299 4448 1394 4505 sed
1432 4449 1778 4507 abstinentiae

182 4542 307 4600 dies
347 4555 497 4596 una:
545 4538 784 4595 ostendit
827 4537 987 4594 nobis
1032 4538 1109 4595 ita
1153 4554 1253 4594 nos
1300 4538 1449 4594 hunc
1486 4554 1777 4594 numerum

185 4632 463 4704 integrum
501 4629 752 4703 jejunare
799 4628 993 4686 debere
1025 4648 1039 4697 ;
1072 4636 1135 4685 ut
1180 4628 1309 4701 quia
1350 4636 1523 4684 totam
1551 4628 1777 4701 quadra-
1810 4668 1860 4727 D

187 4721 453 4796 gesimam
512 4720 804 4793 complecti
851 4735 963 4776 non
1002 4734 1291 4792 possumus
1339 4718 1515 4774 solido
1570 4725 1623 4774 et
1668 4735 1779 4775 uno

179 4812 421 4888 jejunio,
450 4810 541 4866 vel
569 4808 905 4883 quotidianis
943 4809 1189 4865 eamdem
1226 4808 1345 4863 sine
1374 4807 1779 4863 intermissione

180 4901 414 4976 jejuniis
462 4899 842 4966 celebremus;
892 4906 955 4954 ut
997 4898 1043 4954 si
1091 4898 1379 4971 quisquam
1425 4912 1590 4953 unam
1630 4894 1776 4951 diem

182 4989 488 5066 jejunando
561 4987 989 5062 praetermiserit,
1066 4995 1238 5043 totam
1310 4986 1777 5061 quadragesimam

188 5080 432 5150 violarit,
463 5086 518 5136 et
551 5085 773 5152 propter
817 5075 1024 5133 modici
1057 5075 1318 5149 temporis
1354 5076 1564 5147 cibum,
1595 5075 1778 5149 magni

187 5172 430 5229 fructum
455 5166 661 5224 laboris
687 5166 954 5223 amiserit.

260 5260 313 5318 2.
363 5258 467 5317 Sed
517 5257 663 5316 dicet
713 5256 950 5331 aliquis:
1004 5255 1442 5330 Quadragesimze
1490 5254 1780 5331 aliquoties

186 5349 498 5425 accepimus
524 5348 813 5415 rationem,
851 5355 905 5403 et
932 5359 1051 5403 eam
1081 5353 1454 5404 consecratam
1484 5363 1514 5402 a
1542 5345 1780 5404 Domino

187 5443 505 5515 frequenter
551 5437 873 5496 audivimus
907 5456 917 5495 :
952 5436 1048 5495 sed
1094 5453 1192 5494 cur
1239 5436 1425 5493 eadem
1460 5436 1780 5511 Quadrage-

186 5533 327 5591 sima
379 5528 741 5605 quadraginta
777 5537 829 5586 et
888 5528 1025 5585 duos
1076 5527 1357 5585 contineat
1411 5527 1528 5584 dies
1592 5527 1781 5584 audire

261 5679 378 5747 (71)
412 5678 537 5734 Vet.
569 5677 727 5746 edit.,
761 5676 975 5747 inferna
1020 5684 1208 5733 contra
1252 5694 1346 5731 nos
1396 5693 1498 5730 non
1535 5674 1782 5739 valeant;

185 5750 311 5809 cod.
348 5747 546 5818 Lugd,
575 5747 789 5818 inferna
818 5766 923 5803 non
935 5750 1180 5816 valeant;
1215 5749 1373 5804 Rom.
1396 5747 1554 5816 edit.,
1575 5762 1780 5817 praeva-

189 5825 369 5890 leant;
402 5819 653 5879 Valliscl.
685 5820 859 5878 codex
885 5829 947 5878 ut
974 5837 1076 5877 nos
1104 5820 1162 5877 in
1192 5827 1368 5877 textu.

1903 2003 1998 2077 qui
2028 2003 2139 2060 cito
2167 1988 2235 2057 de
2278 2001 2584 2058 humilibus
2622 2000 2692 2057 ad
2719 1999 2916 2056 altiora
2950 1999 3348 2069 conscendunt,
3386 1999 3499 2057 cito

1897 2094 1965 2151 de
1993 2093 2232 2151 terrenis
2269 2094 2337 2149 ad
2367 2093 2608 2151 cmlestia
2658 2090 3003 2165 gradiuntur.
3042 2093 3121 2148 De
3148 2091 3237 2148 his
3264 2092 3499 2166 pedibus

1894 2184 2040 2241 dixit
2067 2186 2363 2257 Apostolus
2399 2200 2411 2240 :
2462 2207 2483 2234 ι
2518 2184 2693 2252 Quam
2724 2182 2957 2257 speciosi
2986 2183 3150 2257 pedes
3206 2186 3498 2260 evangeli—

1896 2273 2139 2330 zantium
2204 2289 2413 2345 pacem,
2457 2272 2953 2345 evangelizantium
3007 2273 3154 2330 bona
3202 2274 3381 2348 (Rom.
3433 2294 3493 2346 χ,

1901 2364 1990 2435 15)
2019 2364 2071 2418 ιι
2129 2362 2243 2419 Hos
2284 2362 2450 2435 pedes
2495 2362 2666 2419 lavari
2716 2361 2976 2437 praecepit
3012 2364 3303 2434 Dominus,
3351 2366 3497 2425 sicut

1895 2454 2193 2527 Apostolus
2220 2454 2300 2509 ait
2326 2454 2395 2509 de
2425 2453 2596 2510 vidua
2626 2473 2638 2511 :
2686 2478 2705 2504 ι
2734 2455 2790 2512 Si
2819 2464 3137 2513 sanctorum
3166 2456 3330 2530 pedes
3360 2456 3498 2514 lavit

1900 2543 1959 2615 (Ι
1989 2544 2124 2600 Tim.
2166 2560 2222 2612 v,
2257 2544 2370 2615 10).
2403 2566 2422 2594 ι
2481 2544 2647 2616 Digni
2675 2545 2824 2601 enim
2868 2545 3077 2603 honore
3106 2547 3499 2620 evangelizan-

1898 2631 2036 2687 tium
2100 2648 2285 2705 pacem
2327 2631 2491 2704 pedes
2537 2643 2686 2703 sunt,
2732 2634 2827 2707 qui
2890 2635 3165 2707 spiritales
3209 2652 3274 2693 ac
3322 2635 3488 2693 nitidi

1896 2719 2149 2776 doctrina
2181 2720 2269 2776 sui
2296 2736 2459 2792 super
2484 2721 2772 2778 hominum
2800 2722 2967 2779 corda
2995 2725 3353 2798 gradiuntur.

1966 2811 2020 2868 3.
2059 2811 2430 2885 Quadraginta
2471 2812 2636 2869 etiam
2689 2820 2743 2869 et
2789 2813 3029 2872 duorum
3073 2832 3349 2874 annorum
3380 2833 3499 2875 nu-

1894 2915 2046 2957 mero
2089 2901 2257 2957 Israel
2299 2902 2536 2974 populus
2572 2903 2824 2975 pervenit
2856 2904 2926 2960 ad
2972 2904 3180 2961 ﬂuenta
3217 2904 3495 2975 Iordanis,

1894 2988 2081 3045 eodem
2105 3005 2322 3063 quoque
2349 2990 2565 3047 dierum
2582 2992 2862 3048 curriculo
2893 2992 3244 3051 Christianus
3259 2994 3496 3068 populus

1894 3081 2146 3153 pervenit
2173 3082 2243 3137 ad
2283 3081 2490 3139 ﬂuenta
2528 3082 2895 3156 baptismatis.
2927 3086 3001 3141 Et
3038 3084 3183 3142 sicut
3224 3085 3302 3142 ait
3349 3086 3496 3142 Pro-

1895 3171 2097 3244 pheta:
2145 3198 2164 3221 ε
2200 3173 2454 3230 Jordanis
2508 3190 2808 3233 conversus
2849 3182 2931 3233 est
2977 3184 3278 3234 retrorsum
3313 3177 3490 3250 (Psat.

1894 3280 2050 3333 cxrn,
2076 3264 2157 3337 3),
2177 3291 2195 3314 ι
2238 3265 2357 3323 illic
2384 3266 2698 3323 introeunte
2727 3268 2892 3325 Israel
2923 3268 2981 3325 in
3016 3285 3186 3344 aquas
3215 3268 3489 3339 ﬂuminis,

1891 3353 2038 3410 unda
2065 3354 2415 3428 subterfugit,
2450 3356 2543 3415 hic
2585 3356 2946 3414 descendente
2976 3358 3036 3414 in
3077 3358 3289 3416 fontem
3319 3359 3492 3417 Chri-

1889 3441 2091 3511 stiano,
2121 3444 2420 3501 criminum
2452 3453 2670 3517 peccata
2711 3445 3031 3519 diﬂ'ugiunt.
3064 3447 3138 3503 Et
3195 3447 3399 3504 mirum
3429 3450 3490 3506 in

1891 3532 2117 3587 modum
2160 3533 2279 3591 illic
2327 3543 2628 3591 retrorsum
2656 3552 2955 3592 conversus
2982 3535 3188 3593 ﬂuvius
3216 3536 3275 3592 in
3305 3536 3489 3611 origi-

1890 3636 2016 3676 nem
2059 3638 2212 3678 snam
2255 3623 2593 3680 revertitur:
2641 3622 2734 3680 hic
2772 3624 2830 3679 in
2868 3632 3149 3698 posterum
3198 3634 3487 3684 revocatus

1888 3709 2057 3768 homo
2089 3711 2147 3767 in
2179 3712 2407 3785 originis
2435 3731 2547 3770 sua;
2571 3713 2861 3771 infantiam
2907 3724 3209 3787 reparatur.
3238 3715 3320 3773 Ibi
3350 3716 3488 3773 fon-

1888 3806 1999 3856 tem
2028 3818 2210 3870 suum,
2242 3802 2309 3858 de
2370 3819 2480 3876 quo
2511 3819 2727 3876 egressa
2756 3803 2952 3872 fuerat,
2985 3803 3136 3860 unda
3164 3804 3435 3878 perquirit
3466 3823 3479 3862 :

1886 3888 1981 3947 hic
2026 3890 2308 3949 hominem
2355 3908 2539 3959 suum,
2569 3909 2602 3948 a
2642 3909 2751 3967 quo
2779 3892 2989 3949 exierat
3024 3892 3361 3964 innocentia,
3403 3910 3484 3951 re-

1886 3982 2196 4053 cognoscit:
2231 3982 2308 4039 ibi
2336 3983 2656 4039 exinanitur
2682 3985 2874 4040 alveus
2904 3983 3189 4053 ﬂuctibus,
3222 3983 3316 4041 hic
3343 4000 3485 4041 eva-

1888 4078 2123 4127 cuautur
2163 4072 2329 4129 corda
2375 4073 2703 4130 criminibus
2738 4089 2750 4128 :
2797 4072 2874 4130 ita
2902 4080 2965 4130 ut
3008 4089 3195 4131 servos
3222 4073 3322 4130 Dei
3366 4073 3485 4132 illic

1886 4176 2027 4234 aqua
2077 4179 2295 4219 caenosa
2339 4180 2451 4220 non
2498 4163 2761 4233 madidet,
2819 4163 2911 4220 hic
2963 4163 3200 4220 famulos
3225 4163 3326 4221 Dei
3356 4180 3484 4221 con-

1886 4251 2116 4309 scientia
2159 4259 2300 4309 tetra
2342 4270 2455 4311 non
2498 4256 2729 4328 polluat.
2778 4254 3035 4312 Iordanis
3082 4255 3229 4312 enim
3257 4253 3482 4329 quidam

1887 4349 1968 4397 est
2010 4342 2133 4398 fons
2175 4342 2399 4409 lavacri,
2448 4360 2545 4416 per
2594 4360 2757 4418 quem
2806 4344 2900 4418 qui
2942 4344 3244 4411 transierit,
3276 4344 3484 4403 relictis

1886 4430 2159 4501 sordibus,
2190 4432 2504 4505 paradisum
2533 4433 2978 4507 repromissionis
2999 4433 3327 4506 ingreditur.

1956 4519 2009 4577 4.
2050 4522 2117 4577 In
2164 4521 2270 4579 hoc
2310 4539 2437 4595 ergo
2493 4523 2923 4596 quadragenario
2966 4533 3022 4581 et
3066 4522 3218 4579 duali
3249 4539 3483 4579 numero

1884 4610 2048 4666 Israel
2082 4614 2318 4685 populus
2362 4613 2678 4687 relinquens
2715 4613 3041 4685 Egyptum,
3094 4611 3269 4670 Rubri
3313 4614 3483 4671 maris

1888 4698 2094 4757 ﬂuenta
2129 4703 2470 4761 transcendit
2504 4711 2589 4759 :et
2619 4719 2721 4759 nos
2754 4718 2970 4776 quoque
3006 4701 3065 4758 in
3100 4702 3221 4773 ipso
3250 4717 3484 4761 numero

1888 4790 2258 4865 relinquentes
2301 4795 2495 4853 mundi
2550 4796 2875 4869 Egyptum,
2922 4792 3184 4866 gehennae
3240 4793 3484 4863 ardentis

1886 4887 2076 4953 stagna
2113 4884 2410 4942 transimus
2435 4902 2446 4939 :
2477 4885 2603 4941 illos
2641 4884 2700 4940 in
2725 4882 2986 4941 ﬂuctibus
3014 4882 3162 4940 unda
3190 4891 3479 4955 sustentat,

1886 4993 1987 5033 nos
2035 4976 2178 5049 ignis
2242 4975 2464 5033 ﬂamma
2502 4991 2613 5032 non
2653 4974 2801 5031 urit:
2850 4973 2963 5031 illis
3005 4973 3275 5032 solidatur
3319 4992 3481 5050 aqua,

1888 5065 2048 5123 nobis
2118 5065 2425 5137 refrigescit
2503 5064 2823 5122 incendium
2864 5072 2967 5134 ;et
3019 5074 3213 5123 contra
3273 5072 3484 5124 natura;

1886 5173 2047 5214 usum
2078 5172 2174 5230 per
2215 5164 2409 5213 aestum
2450 5155 2688 5213 siccatur
2715 5172 2885 5225 mare,
2926 5172 3025 5229 per
3069 5156 3279 5215 fontem
3308 5156 3485 5233 bapti-

1888 5247 1993 5304 smi
2042 5246 2289 5320 geheuna
2311 5246 2571 5304 mitescit.
2598 5251 2747 5310 416
2794 5246 2857 5303 In
2895 5245 3021 5316 hoc,
3070 5246 3316 5321 inquam,
3362 5263 3485 5321 my-

1888 5344 2027 5402 stico
2056 5360 2285 5401 numero
2315 5343 2418 5399 ﬁlii
2462 5345 2626 5402 Israél
2666 5344 3047 5418 pervenientes
3078 5344 3146 5401 ad
3173 5343 3480 5417 Myrrham,

1886 5456 2015 5498 cum
2067 5456 2177 5513 prae
2205 5438 2571 5496 amaritudine
2610 5453 2809 5513 aquam
2844 5436 3068 5493 haurire
3121 5452 3235 5492 non
3264 5445 3485 5509 possent

1892 5531 2153 5605 (habebat
2192 5531 2341 5589 enim
2407 5530 2531 5589 fons
2575 5548 2795 5606 aquam,
2842 5530 2937 5588 sed
2974 5529 3325 5588 dulcedinem
3372 5547 3485 5589 non

1961 5677 2077 5749 (72)
2108 5677 2268 5735 Rom.
2289 5675 2425 5734 edit.
2459 5675 2598 5741 sola,
2625 5673 2987 5747 quadraginta
3015 5679 3065 5728 et
3090 5673 3323 5730 duorum
3356 5676 3492 5732 toco-

1890 5764 2031 5805 rum.
3056 5802 3065 5812 .
