3972 6364
482 403 591 462 663

1502 409 1599 465 AD
1637 407 1872 468 OPERA
1909 407 1964 464 S.
1994 405 2326 467 AMBROSII
2364 406 2744 466 APPENDIX.

3673 405 3778 463 665

481 532 717 592 habebat
743 547 756 588 :
801 541 918 591 erat
957 534 1296 596 delectabilis
1331 536 1400 595 ad
1444 538 1736 608 visionem,
1765 540 1860 596 sed
1893 542 2069 600 since-
2094 540 2146 599 A
2180 544 2376 594 mutat.
2394 537 2516 594 Illic
2536 545 2834 594 retrorsum
2859 550 3140 604 conversa,
3165 550 3286 608 quae
3306 533 3660 609 sequebatur,
3683 549 3795 591 un-

482 641 576 681 rus
603 640 716 681 non
743 633 860 682 erat
883 625 952 682 ad
980 628 1279 701 saporem),
1311 627 1515 701 injecto
1558 629 1618 686 in
1647 647 1764 688 eam
1800 647 1897 704 per
1927 634 2079 707 Moy-

481 729 578 770 sen
631 713 801 785 ligno.
849 714 1198 774 dulcedinem
1235 717 1478 775 suaviter
1521 727 1815 790 potarunt;
1847 724 2083 779 austeri-

480 811 651 861 tatem
680 803 827 860 enim
858 820 1022 878 quam
1061 807 1233 864 noxia
1255 805 1404 863 unda
1433 808 1696 880 gestabat,
1729 809 1864 881 ligni
1896 809 2081 866 abstu-

481 892 549 949 lit
584 903 1006 952 sacramentum.

551 983 607 1040 5.
647 983 806 1052 Quod
834 983 1056 1056 quidem
1087 984 1146 1041 in
1173 985 1405 1057 ﬁguram
1436 985 1642 1043 factum
1670 994 1805 1060 puto
1830 1004 1844 1055 ;
1882 1004 2080 1061 aquam

483 1070 631 1128 enim
673 1088 913 1128 amaram
977 1073 1036 1130 in
1093 1075 1396 1148 Myrrham,
1444 1075 1620 1147 legem
1669 1092 1786 1132 esse
1845 1076 2084 1133 arbitror

483 1161 685 1218 veteris
719 1161 1074 1232 Testamenti,
1111 1179 1232 1236 qua:
1277 1165 1368 1220 lex
1395 1163 1714 1238 priusquam
1753 1182 1916 1222 cruce
1951 1173 2082 1221 tem-

483 1257 763 1322 peraretur
784 1251 1029 1321 Domini,
1052 1263 1168 1310 erat
1201 1254 1434 1310 immitis
1464 1273 1476 1322 ;
1509 1253 1740 1327 jubebat
1771 1257 1920 1310 enim
1955 1271 2082 1310 ocu-

484 1339 600 1397 lum
653 1357 752 1413 pro
798 1342 978 1412 oculo,
1026 1343 1246 1400 dentem
1291 1361 1392 1417 pro
1432 1344 1595 1401 dente
1642 1345 1781 1414 dari,
1832 1356 1886 1402 et
1930 1347 2084 1402 velut

483 1439 700 1488 austera
727 1431 944 1488 nullum
967 1432 1356 1490 misericordiae
1383 1435 1729 1507 refrigerium
1749 1435 2078 1508 porrigebat.

483 1519 559 1577 At
603 1537 734 1576 vero
761 1520 857 1578 ubi
887 1521 1038 1594 ligno
1082 1523 1412 1595 evangelica;
1453 1524 1725 1596 passionis
1753 1533 1836 1581 est
1878 1531 2082 1596 tempe-

483 1617 620 1678 rata,
665 1609 850 1667 statim
878 1611 1302 1669 amaritudinem
1355 1628 1508 1668 suam
1540 1614 1810 1670 suavitate
1840 1630 2082 1670 commu-

483 1709 627 1770 tans,
683 1701 898 1758 dulcem
947 1717 1002 1758 se
1058 1703 1272 1760 cunctis
1324 1705 1582 1776 praestitit
1629 1706 1697 1762 ad
1746 1705 2073 1777 potandum,

487 1789 632 1847 sicut
660 1790 739 1846 ait
778 1790 1051 1864 Propheta
1083 1805 1095 1846 :
1141 1817 1160 1840 ι
1207 1792 1380 1860 Quam
1439 1793 1628 1852 dulcia
1668 1795 1921 1854 faucibus
1948 1795 2086 1852 meis

2189 627 2258 683 da
2286 626 2544 698 praecedit
2574 625 2666 683 hic
2715 627 2769 682 in
2803 625 3000 681 melius
3030 632 3355 698 temperata,
3385 641 3505 698 quae
3534 640 3793 680 amarum

2190 717 2452 786 stillabat,
2488 733 2627 774 vena
2655 715 2921 774 dulcescit
2952 734 2964 772 :
2997 722 3051 771 et
3081 715 3283 771 mirum
3320 715 3377 770 in
3407 713 3633 771 modum
3666 714 3792 770 flu—

2191 806 2316 862 vius
2343 822 2565 862 cursum
2597 807 2853 878 perdidit,
2886 805 3009 862 fons
3038 821 3307 878 saporem.

2262 921 2314 980 3.
2347 921 2451 978 Sed
2478 921 2739 994 quoniam
2769 921 3015 977 diximus
3047 920 3194 978 ﬁlios
3222 921 3385 976 Israel
3419 919 3706 976 venientes
3722 917 3796 974 ad

2189 1011 2494 1083 Myrrham,
2527 1027 2679 1083 aquae
2699 1010 3064 1066 amaritudine
3094 1011 3391 1076 laborasse,
3419 1025 3647 1082 eamque
3675 1022 3798 1064 non

2191 1099 2297 1156 nisi
2330 1099 2463 1172 ligni
2491 1099 2786 1171 injectione
2818 1108 3003 1172 potare
3029 1099 3272 1172 potuisse
3307 1099 3510 1171 (Exod.
3548 1115 3645 1166 xv,
3680 1096 3801 1152 23-

2191 1189 2306 1258 25),
2329 1199 2522 1262 typum
2541 1207 2756 1263 quoque
2787 1191 2842 1245 in
2873 1190 2967 1246 illa
2986 1190 3154 1246 fuisse
3175 1189 3392 1246 Veteris
3408 1186 3751 1244 Testamenti
3777 1202 3794 1252 ;

2191 1278 2475 1334 videamus
2505 1295 2613 1351 quo
2643 1279 2844 1334 exinde
2873 1279 3223 1351 proﬁciscens
3252 1279 3486 1350 populus
3513 1278 3626 1349 ipse
3656 1290 3803 1346 per-

2193 1366 2422 1422 venerit.
2457 1367 2713 1424 Pervenit
2743 1368 2800 1422 in
2829 1367 3032 1435 locum,
3068 1367 3385 1440 quidicitur
3404 1367 3576 1432 Elim,
3598 1365 3656 1420 in
3678 1379 3802 1436 quo

2192 1465 2347 1512 erant
2406 1454 2694 1511 duodecim
2766 1456 2944 1511 fontes
2992 1455 3296 1527 purissimi,
3344 1465 3398 1511 et
3444 1452 3804 1526 septuaginta

2192 1545 2491 1601 virentium
2538 1545 2837 1601 multitudo
2870 1547 3198 1618 palmarum.
3233 1545 3431 1602 Videte
3459 1543 3804 1616 mysterium

2192 1637 2312 1705 Dei,
2389 1637 2847 1709 quemadmodum
2924 1644 3048 1708 post
3121 1637 3549 1692 amaritudinem
3629 1633 3806 1706 legis,

2194 1726 2398 1783 ﬂuenta
2425 1725 2752 1798 evangelicae
2782 1725 3000 1796 pietatis
3015 1724 3338 1780 exuberent.
3374 1723 3458 1779 Ibi
3490 1723 3614 1778 fons
3644 1737 3810 1777 unus

2192 1823 2440 1871 austerus
2455 1821 2537 1871 est
2550 1814 2619 1870 ad
2639 1812 2962 1880 bibendum,
2986 1812 3079 1868 hic
3099 1814 3303 1884 plures,
3325 1819 3379 1867 et
3398 1828 3590 1867 omnes
3601 1809 3810 1866 dulces

483 1881 704 1955 eloquia
749 1888 863 1950 tua,
911 1897 1076 1955 super
1121 1884 1228 1940 mel
1276 1893 1330 1942 et
1369 1884 1556 1942 favum
1612 1887 1694 1942 ori
1735 1904 1857 1943 meo
1906 1886 2081 1956 (Psal.

2198 1913 2326 1959 sunt
2379 1904 2447 1959 ad
2501 1902 2846 1975 potandum:
2911 1901 2988 1956 ibi
3034 1881 3156 1973 post
3204 1900 3578 1972 fatigationem
3638 1899 3808 1954 nulla

483 1988 679 2042 cxvnr,
709 1972 857 2045 103)!
882 1996 900 2021 ›
933 1973 1130 2032 Dulcia
1148 1977 1298 2033 enim
1319 1985 1448 2033 sunt
1467 1977 1687 2050 eloquia
1717 1994 1836 2050 quae
1862 1975 2081 2048 jubent:

503 2089 523 2114 ι
550 2064 609 2122 Si
643 2065 768 2138 quis
814 2073 866 2122 te
895 2067 1222 2138 percusserit
1259 2067 1318 2124 in
1357 2067 1582 2125 dextera
1619 2068 1870 2135 maxilla,
1910 2066 2088 2138 praebe

485 2157 536 2214 ei
565 2164 620 2214 et
657 2157 905 2214 alteram.
936 2157 994 2215 Si
1035 2158 1159 2232 quis
1187 2159 1290 2216 tibi
1325 2159 1507 2215 aufert
1534 2158 1805 2227 tunicam,
1837 2159 2089 2230 relinque

483 2246 569 2304 illi
598 2254 652 2304 et
680 2248 910 2321 pallium
965 2251 1178 2321 (Matth.
1212 2268 1270 2318 v,
1298 2250 1412 2321 39).
1447 2273 1465 2296 ι
1523 2249 1650 2305 Haec
1685 2257 1768 2306 est
1813 2265 1940 2321 ergo
1991 2249 2090 2303 illa

487 2338 881 2409 amaritudine,
913 2355 1036 2413 quae
1075 2337 1368 2396 dulcedine
1397 2345 1736 2394 commutata
1762 2346 1864 2406 est,
1897 2338 1954 2394 id
1984 2347 2084 2409 est,

487 2426 780 2485 austeritas
832 2429 966 2500 legis
1035 2425 1324 2498 Evangelii
1391 2425 1564 2499 gratia
1621 2435 1924 2498 temperata
1983 2438 2084 2485 est.

485 2514 697 2571 Amara
732 2515 879 2572 enim
927 2523 1010 2572 est
1031 2514 1163 2586 legis
1207 2514 1392 2570 littera
1419 2513 1538 2570 sine
1567 2515 1747 2571 crucis
1799 2516 2084 2595 mysterio,

485 2603 554 2660 de
582 2621 690 2678 qua
717 2605 794 2662 ait
829 2605 1128 2678 Apostolus
1156 2619 1167 2658 :
1216 2627 1234 2651 ‹
1264 2605 1471 2661 Littera
1501 2605 1704 2662 occidit
1727 2607 1817 2678 (II
1836 2608 1963 2663 Cor.
2000 2623 2084 2667 ιιι,

485 2693 564 2766 6).
599 2719 616 2743 ι
658 2697 733 2752 At
769 2695 863 2751 ubi
906 2693 1054 2750 enim
1085 2694 1354 2766 passionis
1404 2693 1559 2751 illius
1589 2703 1928 2752 sacramenta
1953 2694 2083 2767 jun-

487 2793 710 2856 guntur,
741 2785 920 2842 omnis
947 2783 1065 2856 ejus
1091 2785 1415 2859 spiritaliter
1450 2787 1761 2844 amaritudo
1787 2787 2082 2854 conditur;

485 2881 541 2934 et
569 2874 637 2932 de
663 2890 726 2932 ea
753 2873 890 2932 dicit
907 2875 1244 2947 Apostolus:
1284 2899 1303 2922 ι
1323 2875 1753 2948 Spiritusautem
1772 2877 2069 2934 vivificat.»

1089 3015 1322 3075 SERMO
1353 3017 1482 3075 XX.

837 3112 917 3171 De
951 3121 1138 3173 sancta
1165 3114 1592 3191 Quadragesima
1620 3115 1718 3175 IV.

484 3216 554 3274 1η
583 3216 677 3302 hoc
728 3237 962 3302 sermone
989 3223 1281 3302 superioris
1319 3223 1576 3302 habentur
1627 3223 1995 3302 continuatio;
2023 3241 2086 3279 ac

548 3293 775 3360 proinde
801 3364 808 3366 Α
830 3293 924 3348 uni
965 3295 1173 3350 auctori
1201 3301 1417 3366 uterque
1474 3297 1779 3351 tribuendus
1809 3301 1901 3350 est.
1938 3297 2084 3351 Post-

553 3376 716 3439 quam
754 3364 836 3439 hic
862 3366 1104 3435 quwdam
1136 3366 1249 3439 illic
1277 3364 1504 3423 tractata
1542 3374 1729 3422 auctor
1756 3367 1984 3439 repetiit,
2013 3368 2087 3422 ad

565 3436 735 3512 fontes
771 3436 836 3493 12
865 3443 913 3512 et
935 3439 1148 3512 palmas
1180 3438 1245 3494 72
1275 3440 1569 3512 orationem
1593 3436 1916 3512 oertitfubi
1945 3439 2086 3512 quod

556 3508 722 3582 tradit
782 3508 1146 3582 apostolorum
1195 3526 1258 3565 ac
1286 3510 1686 3582 discipulorum
1743 3511 1975 3582 ﬁguram
2026 3510 2086 3582 in

556 3581 667 3653 illis
734 3579 1011 3653 emstitisse,
1086 3595 1194 3635 non
1239 3579 1457 3653 aliunde
1507 3599 1667 3653 quam
1713 3579 1796 3637 ea!
1842 3581 2085 3653 Origeuis

554 3651 711 3725 hom.
736 3651 907 3725 2_7,_in
927 3667 1054 3725 Acap.
1082 3667 1272 3725 xxxm
1299 3652 1489 3725 Num.,
1514 3651 1569 3708 ct
1595 3653 1911 3722 Hieronymi
1930 3651 2082 3725 epist.

559 3722 680 3789 127,
713 3720 782 3777 ad
811 3720 1046 3790 Fabioll,
1078 3723 1325 3778 haustum
1352 3723 1581 3780 videtur.

560 3850 609 3906 1.
641 3847 900 3907 Retinent
940 3847 1122 3908 adhuc
1149 3866 1340 3908 sensus
1367 3852 1559 3922 vestri,
1593 3853 1812 3920 fratres,
1842 3868 1944 3910 nos
1973 3852 2086 3912 hoc

435 3975 440 3982 -
486 3938 770 4012 superiore
807 3937 1098 3996 Dominica
1144 3940 1490 4014 praedicasse,
1539 3940 1686 4014 quod
1725 3941 1892 4015 hujus
1939 3959 2085 4017 qua-

485 4027 805 4101 dragesima:
842 4035 1042 4086 nostrae
1068 4027 1301 4102 ﬁguram
1345 4028 1458 4086 illae
1489 4030 1850 4105 quadraginta
1879 4040 1934 4088 et
1961 4033 2083 4090 duae

487 4121 797 4180 mansiones
821 4120 1118 4179 habuerint
1137 4122 1323 4194 (Num.
1359 4123 1606 4192 xxxrn,l
1637 4123 1796 4194 seq.),
1829 4139 1924 4196 per
1949 4141 2083 4197 quas

485 4211 719 4285 populus
765 4211 932 4268 Israel
975 4211 1166 4268 exiens
1193 4211 1260 4269 de
1289 4213 1553 4285 Egypto,
1604 4212 1806 4269 diurno
1835 4214 2082 4284 profectu

486 4310 684 4358 terram
716 4300 1157 4374 repromissionis
1203 4300 1452 4369 intravit,
1485 4309 1539 4358 et
1567 4303 1722 4375 quasi
1751 4302 2078 4376 quibusdam

485 4390 678 4448 salutis
717 4387 978 4463 gradibus
1018 4396 1141 4463 post
1171 4388 1368 4463 jugum
1407 4391 1692 4448 servitutis
1733 4392 1983 4451 ascendit
2010 4393 2077 4449 ad

484 4495 732 4554 regnum.

555 4571 609 4628 2.
655 4569 874 4643 Figura,
907 4568 1156 4644 inquam,
1204 4567 1310 4625 fuit
1351 4567 1410 4625 in
1435 4568 1550 4627 illis
1591 4569 1973 4629 mansionibus
1998 4567 2076 4644 je-

482 4658 774 4716 Juniorum
821 4665 1159 4727 nostrorum,
1198 4674 1309 4714 non
1331 4658 1511 4716 solum
1541 4658 1599 4715 in
1636 4659 1941 4732 quantitate
1981 4676 2080 4716 nu-

482 4747 642 4814 meri,
689 4746 782 4804 sed
825 4747 990 4804 etiam
1055 4747 1115 4803 in
1158 4746 1542 4804 observatione
1602 4747 1921 4818 virtutum;
1969 4764 2082 4805 non

481 4835 629 4892 enim
659 4843 874 4894 tantum
905 4835 1008 4892 filii
1047 4837 1214 4893 Israel
1246 4836 1305 4892 in
1342 4836 1538 4893 itinere
1577 4836 1777 4895 deserti
1806 4837 2083 4910 corporeis

483 4924 757 4997 gressibus
785 4924 1160 4994 ambularunt,
1193 4932 1461 4999 quantum
1491 4925 1551 4981 in
1579 4925 1670 4981 via
1697 4925 1924 4982 Domini
1956 4927 2082 4984 reli-

483 5011 650 5085 giosis
679 5012 892 5070 actibus
936 5013 1306 5087 profecerunt.
1357 5016 1417 5072 In
1449 5015 1539 5070 via
1564 5016 1726 5088 plane
1753 5014 2082 5073 ambulave-

482 5108 615 5157 runt
640 5099 886 5168 Domini,
920 5118 1041 5175 quze
1080 5103 1227 5172 illos,
1271 5112 1324 5160 et
1355 5103 1595 5176 portavit
1625 5104 1681 5159 in
1708 5103 1986 5174 ﬂuctibus,
2028 5113 2082 5162 et

482 5189 636 5263 pavit
671 5205 701 5245 e
745 5190 884 5246 cmlo
926 5210 939 5258 ;
979 5192 1349 5249 esurientibus
1375 5194 1520 5250 enim
1561 5193 1616 5249 in
1668 5209 1850 5249 eremo
1882 5210 2082 5250 manna

485 5297 594 5335 non
624 5279 822 5348 defuit,
867 5281 1310 5352 periclitantibus
1333 5285 1390 5340 in
1422 5285 1559 5340 mari
1587 5292 1732 5341 terra
1761 5300 1872 5339 non
1914 5284 2074 5358 fugit:

483 5371 560 5427 ibi
585 5389 733 5429 mare
761 5373 820 5428 in
848 5373 1104 5431 semitam
1148 5375 1434 5445 sternitur,
1467 5376 1560 5435 hic
1587 5377 1787 5434 coelum
1817 5376 1884 5432 ad
1913 5376 2078 5449 pabu-

484 5461 598 5516 lum
627 5470 920 5518 reseratur.
952 5463 1181 5537 Propter
1209 5467 1438 5537 gratiam
1471 5464 1802 5521 famulorum
1835 5465 1930 5522 Dei
1963 5465 2078 5521 Jor-

483 5551 641 5608 danis
670 5551 872 5608 fluenta
895 5570 993 5610 sua
1022 5555 1243 5622 retinet,
1271 5572 1465 5627 aquam
1499 5572 1653 5611 suam
1687 5556 1913 5628 Myrrha
1931 5573 2075 5612 com-

2196 1993 2442 2060 refectio,
2489 1991 2580 2047 hic
2619 1998 2740 2062 post
2765 1990 3006 2046 laborem
3037 1989 3382 2062 refrigerium
3425 1996 3588 2060 atque
3618 1987 3805 2042 victo-

2196 2083 2306 2147 ria;
2359 2081 2674 2138 sitientibus
2723 2081 2871 2136 enim
2921 2081 3100 2136 fontes
3129 2080 3538 2146 ministrentur,
3589 2077 3799 2149 palma:

2196 2169 2545 2226 vincentibus
2574 2169 2900 2226 offeruntur.

2266 2278 2318 2334 4.
2367 2279 2590 2346 Palmae,
2622 2278 2869 2352 inquam,
2899 2278 3207 2333 offeruntur
3235 2275 3588 2332 vincentibus
3615 2292 3628 2342 ;
3663 2273 3806 2347 quia

2194 2375 2318 2441 post
2348 2368 2482 2440 legis
2511 2367 2773 2425 duritiam
2804 2367 2872 2424 ad
2894 2366 3180 2439 Evangelii
3211 2366 3442 2439 gratiam
3478 2363 3803 2437 pervenisse

2195 2457 2394 2515 vicisse
2432 2466 2512 2514 est
2545 2477 2558 2525 ;
2611 2457 2898 2530 praemium
2929 2457 3076 2512 enim
3107 2456 3383 2528 quoddam
3431 2454 3660 2511 victoris
3690 2461 3798 2521 est,

2195 2563 2256 2602 os
2285 2547 2417 2602 vivo
2445 2547 2596 2602 fonte
2617 2546 2850 2614 diluere,
2882 2555 2935 2602 et
2954 2546 3236 2602 dexteram
3258 2543 3583 2616 triumphali
3615 2543 3804 2614 palma

2196 2635 2432 2691 munire.
2466 2636 2567 2690 Per
2600 2635 2808 2691 fontem
2862 2635 3009 2690 enim
3040 2635 3229 2707 lingua
3273 2633 3602 2690 confessoris
3631 2630 3803 2702 puri-

2197 2724 2411 2792 ficatur,
2445 2741 2541 2796 per
2584 2726 2820 2796 palmam
2870 2725 3095 2780 dextera
3140 2723 3398 2795 martyris
3445 2722 3797 2778 honoratur:

2197 2814 2293 2870 illa
2326 2812 2458 2886 quia
2486 2812 2694 2870 Christi
2737 2814 3003 2870 exaltavit
3033 2813 3287 2886 gloriam,
3339 2813 3456 2868 haec
3485 2812 3614 2884 quia
3642 2827 3799 2865 aram

2195 2905 2468 2977 sacrilegii
2499 2905 2791 2962 recusavit.
2839 2905 3131 2962 Praemium
3162 2904 3309 2960 enim
3344 2902 3617 2976 quoddam
3647 2907 3802 2962 417

2195 3010 2278 3058 est
2325 3003 2506 3076 palma
2553 3003 2828 3076 martyrii,
2861 3020 2982 3075 quae
3028 3001 3312 3059 conﬁtenti
3345 3000 3545 3071 lingua
3575 2999 3798 3054 dulcem

2201 3092 2442 3149 fructum
2472 3091 2690 3160 tribuit,
2724 3100 2778 3148 et
2807 3091 3023 3148 victrici
3055 3091 3293 3146 dexterze
3321 3089 3620 3161 gloriosum
3655 3103 3799 3159 pra;-

2197 3189 2303 3238 stat
2329 3188 2608 3237 ornatum.
2631 3183 2728 3238 Est
2756 3182 2916 3254 plane
2946 3180 3126 3252 palma
3153 3179 3492 3251 martyribus
3521 3177 3708 3233 suavis
3729 3175 3800 3231 ad

2197 3271 2403 3340 cibum,
2434 3270 2693 3326 umbrosa
2723 3271 2790 3326 ad
2820 3270 3084 3342 requiem,
3117 3269 3459 3325 honorabilis
3485 3267 3553 3324 ad
3583 3267 3801 3323 trium-

2195 3360 2390 3434 phum,
2421 3377 2635 3433 semper
2665 3360 2872 3429 virens,
2903 3376 3115 3433 semper
3143 3361 3344 3416 vestita
3380 3359 3550 3427 foliis,
3582 3373 3800 3430 semper

2194 3461 2380 3524 parata
2413 3451 2680 3518 victoriae,
2728 3459 2892 3523 atque
2930 3449 3053 3507 ideo
3100 3466 3211 3506 non
3254 3447 3541 3506 marcescit
3583 3448 3793 3520 palma,

2195 3539 2328 3613 quia
2349 3548 2654 3612 martyrum
2685 3539 2920 3596 victoria
2949 3556 3061 3596 non
3092 3537 3400 3595 marcescit.

2263 3658 2317 3714 5.
2349 3657 2484 3729 Ipsae
2516 3656 2753 3729 denique
2781 3656 2976 3730 palma
3022 3655 3231 3712 sedenti
3271 3671 3435 3727 super
3463 3654 3697 3721 asinam,
3741 3660 3796 3709 et

2193 3746 2437 3802 venienti
2470 3745 2537 3802 ad
2564 3746 2831 3817 templum
2862 3744 3099 3801 Domino
3129 3761 3159 3800 a
3187 3743 3405 3816 populis
3435 3742 3751 3802 offeruntur
3775 3760 3790 3808 ;

2193 3852 2318 3892 cum
2350 3835 2499 3891 enim
2543 3833 2802 3907 discipuli
2850 3834 3178 3891 vestimenta
3220 3849 3319 3889 sua
3362 3837 3694 3898 sternerent,
3740 3837 3796 3886 et

2193 3925 2298 3981 iter
2353 3924 2559 3983 Christi
2631 3925 2744 3981 suis
2799 3923 3092 3980 amictibus
3167 3922 3576 3979 communirent
3635 3920 3792 3992 (Luc.

2191 4030 2313 4082 xix,
2345 4013 2459 4084 36),
2497 4030 2607 4069 non
2655 4013 2848 4069 habuit
2878 4013 3054 4085 majus
3084 4013 3372 4086 praemium
3404 4011 3512 4068 nisi
3543 4011 3791 4084 palmas;

2191 4103 2338 4177 quod
2368 4103 2414 4159 si
2446 4103 2668 4159 devotio
2697 4104 2871 4176 plebis
2898 4103 3138 4168 offerret,
3169 4102 3486 4174 signiﬁcans
3515 4098 3701 4156 stratis
3733 4096 3794 4151 in

2190 4191 2386 4248 itinere
2419 4191 2680 4261 vestibus,
2700 4192 2964 4264 pollutam
2989 4192 3136 4248 viam
3167 4208 3281 4248 esse
3308 4191 3424 4263 (73)
3462 4190 3521 4245 in
3550 4185 3789 4254 mundo,

2190 4280 2388 4336 oblatis
2419 4281 2615 4354 palmis
2668 4281 2845 4354 ipsum
2895 4281 3089 4338 mundi
3136 4299 3251 4337 esse
3298 4281 3588 4336 victorem.
3641 4277 3787 4347 Ipse,

2187 4375 2434 4441 inquam,
2468 4369 2646 4425 victor
2687 4379 2788 4439 est,
2835 4371 2902 4426 de
2947 4388 3055 4444 quo
3102 4371 3180 4427 ait
3211 4371 3526 4442 Scriptura:
3589 4392 3606 4414 ι
3637 4362 3797 4420 Vicit

2189 4458 2274 4514 leo
2303 4457 2370 4513 de
2403 4457 2554 4514 tribu
2584 4457 2724 4514 Juda
2773 4459 2961 4531 (Apoc.
2989 4477 3046 4527 v,
3069 4461 3150 4530 5).
3181 4485 3198 4507 ι
3237 4461 3357 4532 Ipse
3389 4460 3552 4531 plane
3582 4457 3791 4524 victor,

2187 4547 2284 4620 qui
2315 4546 2588 4604 destruxit
2616 4547 2944 4606 diabolicam
2965 4557 3223 4619 mortem,
3255 4549 3428 4604 vitam
3448 4546 3796 4603 illuminavit

2107 4627 2156 4685 D
2193 4643 2470 4693 aeternam.
2513 4636 2715 4693 Palmm
2753 4638 2922 4710 igitur
2951 4637 3265 4694 advenienti
3296 4638 3586 4710 eriguntur
3618 4636 3795 4693 Chri-

2191 4733 2294 4783 sto.
2343 4727 2619 4799 Scriptum
2668 4737 2778 4784 est:
2857 4728 3088 4784 «Justus
3139 4729 3282 4783 sicut
3333 4728 3513 4799 palma
3571 4725 3793 4781 florebit

2195 4819 2367 4888 (Psal.
2399 4834 2513 4886 xcr,
2556 4819 2686 4889 I3);
2721 4843 2739 4866 ιι
2797 4826 2940 4874 recte
2985 4835 3111 4892 ergo
3139 4817 3455 4873 advenienti
3478 4816 3630 4889 justo
3671 4815 3793 4871 eri-

2191 4914 2395 4979 guntur
2422 4907 2630 4963 vexilla
2680 4907 2932 4980 justitize,
2972 4917 3025 4964 et
3071 4907 3282 4964 auctori
3330 4922 3556 4963 suorum
3614 4904 3789 4961 obse-

2191 5003 2434 5068 quuntur
2461 4996 2610 5052 tituli
2646 4997 3074 5068 triumphorum.

2261 5103 2313 5160 6.
2346 5103 2504 5160 Prius
2551 5113 2731 5160 autem
2775 5121 2935 5177 quam
2985 5105 3249 5159 tollantur
3297 5103 3512 5174 palmae,
3549 5102 3652 5158 iter
3681 5102 3788 5156 Do-

2192 5197 2328 5252 mini
2358 5213 2531 5270 usque
2563 5195 2629 5252 ad
2661 5197 2925 5268 templum
2959 5197 3355 5268 discipulorum
3385 5195 3633 5250 vestibus
3664 5208 3788 5264 ope-

2190 5286 2349 5354 ritur,
2382 5294 2438 5342 et
2477 5294 2538 5341 ut
2569 5285 2864 5358 impolluta
2900 5286 2968 5341 sit
2998 5285 3189 5341 semita
3221 5285 3541 5353 Salvatoris,
3575 5291 3788 5356 aposto-

2190 5379 2369 5434 lorum
2433 5377 2726 5434 amictibus
2779 5376 3174 5434 communitur.
3227 5376 3384 5442 Quod
3441 5375 3664 5448 quidem
3727 5375 3787 5429 in

2190 5465 2517 5538 mysterium
2572 5466 2778 5522 factum
2819 5474 2995 5538 puto;
3051 5465 3142 5520 via
3184 5463 3328 5519 enim
3381 5464 3610 5532 Christi,
3664 5479 3785 5536 qua)

2188 5554 2342 5612 ducit
2385 5555 2453 5610 ad
2504 5555 2791 5626 templum,
2842 5553 2976 5609 ﬁdes
3030 5552 3147 5625 ejus
3185 5561 3266 5609 est
3310 5563 3470 5626 atque
3510 5551 3782 5608 doctrina.

557 5674 672 5754 (73)
724 5675 930 5732 Omnes
956 5677 1088 5736 edit.
1123 5689 1178 5736 et
1211 5679 1386 5736 codex
1408 5679 1582 5752 Lugd.
1610 5681 1770 5754 .Reg.,
1814 5681 2146 5752 impollutam
2183 5680 2326 5736 viam
2374 5697 2511 5748 esse;
2564 5677 2736 5751 magis
2763 5694 2999 5752 congrue
3041 5696 3105 5738 ac
3152 5679 3362 5752 Remig.
3412 5687 3466 5738 et
3506 5677 3778 5747 Valliscl.,

478 5746 764 5817 pollutam,
784 5755 892 5804 etc.
