3972 6394
237 473 349 535 665

1054 468 1425 530 SERMONES
1463 470 1518 528 S.
1562 467 1919 529 AMBROSIO
1958 467 2328 527 HACTENUS
2369 466 2711 526 ASCRIPTI.

3438 466 3543 526 666

238 601 399 659 Hanc
426 597 598 673 igitur
631 598 780 656 viam
825 595 1107 672 discipuli,
1153 604 1217 654 ut
1258 611 1359 654 nos
1390 595 1507 653 sine
1530 594 1833 652 offensione
1860 604 1914 664 Α
1942 602 2039 650 aut
2080 592 2323 650 solitudo
2352 592 2675 665 pervaserit.
2726 591 2784 649 Si
2822 606 2951 663 ergo
2981 598 3038 646 et
3065 605 3164 646 nos
3191 590 3541 663 propositum

239 690 579 763 gradiamur,
607 688 843 747 amictus
884 687 1094 763 proprii
1123 685 1369 759 corporis
1416 692 1706 753 exuentes,
1737 699 1838 740 suo

236 793 486 843 stravere
523 783 825 857 martyrio;
885 790 949 838 nt
994 781 1139 839 inter
1189 778 1532 835 diversarum
1591 776 1839 850 gentium

236 874 432 931 turbas
454 872 686 947 justitim
711 871 965 928 semitam
995 869 1368 926 membrorum
1401 882 1627 925 suorum
1657 865 1838 922 vesti-

240 970 430 1020 menta
480 961 909 1030 substernerent,
953 968 1007 1016 et
1039 974 1313 1017 cmnosam
1345 956 1539 1013 mundi
1588 954 1836 1028 myrrha-

238 1052 426 1125 ginem
476 1050 594 1125 (74)
638 1050 936 1123 operirent,
983 1055 1037 1104 et
1074 1048 1423 1121 impollutam
1473 1045 1619 1101 viam
1650 1045 1835 1100 Salva-

238 1141 383 1198 toris
409 1140 779 1199 ostenderent.

316 1233 369 1288 7.
413 1232 501 1289 Ad
545 1230 932 1288 duodecimum
983 1246 1109 1302 ergo
1150 1229 1332 1285 fontes
1378 1234 1499 1300 post
1544 1226 1831 1300 Myrrham

235 1322 401 1379 venit
430 1322 664 1394 populus
705 1322 889 1378 Israel.
929 1320 1184 1392 Legimus
1213 1319 1272 1374 in
1314 1316 1622 1390 Propheta:
1671 1341 1689 1365 ι
1720 1318 1833 1373 Be-

237 1410 484 1467 nedicite
502 1410 741 1467 Domino
760 1409 829 1466 de
848 1409 1094 1465 fontibus
1113 1408 1459 1477 Israel(Psal.
1484 1423 1662 1472 van,
1680 1406 1820 1476 27).»

236 1500 517 1558 Dominus
544 1499 797 1561 Christus
838 1507 939 1568 est,
990 1500 1086 1573 qui
1123 1514 1237 1555 non
1277 1498 1386 1554 nisi
1433 1513 1529 1570 per
1566 1496 1837 1569 apostolo-

237 1606 368 1646 rum
398 1607 492 1647 ora
518 1591 746 1660 dicitur,
777 1589 1285 1663 discipulorumque
1319 1585 1651 1644 doctrinam.
1692 1588 1836 1657 Apo-

237 1680 371 1735 stoli
393 1680 641 1737 discendi
662 1689 791 1736 sunt
807 1680 1005 1747 fontes;
1026 1679 1155 1752 quia
1181 1679 1335 1733 velut
1356 1677 1533 1732 fontes
1554 1673 1837 1747 purissimi

239 1768 363 1841 (75)
400 1768 573 1841 gratia
600 1768 1008 1841 praedicationis
1054 1766 1378 1835 exuberant,
1432 1774 1484 1822 et
1534 1772 1656 1838 post
1689 1779 1834 1819 ama-

237 1856 547 1913 ritudinem
599 1857 733 1930 legis
783 1873 1048 1913 venarum
1096 1872 1318 1913 suarum
1365 1856 1512 1927 larga
1569 1852 1838 1925 sapientia

1949 683 2109 738 nobis
2137 681 2498 755 quadraginta
2525 682 2740 738 dierum
2770 680 2875 737 iter
2893 679 3156 736 debemus
3172 678 3325 735 omni
3356 680 3543 737 labore

1949 769 2238 839 conﬁcere,
2270 779 2323 826 et
2343 770 2671 845 quibusdam
2688 770 2842 844 quasi
2872 768 3065 825 castris
3083 784 3184 824 nos
3198 766 3541 839 jejuniorum

1949 858 2242 915 devotione
2291 859 2543 926 munire;
2584 867 2760 915 castra
2806 857 2954 914 enim
2986 856 3148 913 nobis
3195 863 3326 913 sunt
3356 864 3546 914 nostra

1943 946 2176 1020 jejunia,
2226 963 2346 1020 quae
2393 965 2493 1004 nos
2529 966 2560 1004 a
2588 947 2862 1005 diabolica
2906 944 3314 1019 oppugnatione
3344 945 3545 1003 defen-

1948 1034 2111 1091 dunt.
2146 1036 2397 1110 Denique
2447 1036 2711 1092 stationes
2747 1042 3037 1103 vocantur,
3058 1034 3207 1107 quod
3246 1041 3451 1091 stantes
3488 1040 3543 1091 et

1947 1132 2349 1182 commorantes
2396 1125 2455 1180 in
2492 1124 2592 1193 eis,
2641 1123 2999 1180 inimicorum
3043 1123 3273 1179 insidias
3302 1124 3543 1196 repella-

1949 1230 2090 1269 mus.
2140 1214 2329 1272 Castra
2362 1213 2508 1269 enim
2558 1221 2686 1269 sunt
2721 1211 2936 1285 jejunia
2981 1210 3334 1279 Christianis,
3368 1211 3541 1285 aqui-

1947 1303 2051 1360 bus
2077 1303 2123 1360 si
2152 1304 2274 1378 quis
2302 1304 2657 1371 aberraverit,
2691 1303 2760 1359 ab
2791 1302 3026 1374 spiritali
3058 1302 3342 1357 Pharaone
3372 1301 3543 1357 inva-

1948 1394 2121 1461 ditur,
2150 1403 2245 1451 aut
2274 1402 2626 1466 peccatorum
2648 1391 2952 1449 solitudine
2981 1390 3298 1447 devoratur.
3329 1391 3540 1448 Pecca-

1947 1491 2131 1539 torum
2173 1491 2355 1539 autem
2405 1481 2761 1539 solitudinem
2792 1481 3021 1553 patitur,
3052 1481 3148 1553 qui
3204 1479 3477 1537 deseritur
3508 1496 3541 1534 a

1947 1570 2206 1628 societate
2224 1578 2560 1628 sanctorum.

2020 1662 2072 1719 2.
2091 1663 2279 1718 Murus
2295 1662 2464 1735 igitur
2479 1660 2702 1735 quidam
2722 1668 2805 1717 est
2825 1660 3140 1718 Christiano
3150 1657 3541 1732 jejunium,in-

1948 1752 2332 1825 expugnabilis
2346 1752 2566 1807 diabolo
2587 1751 2727 1821 (78),
2752 1750 3268 1822 intransgressibilis
3291 1748 3540 1806 inimico.

1950 1840 2084 1908 Quis
2111 1840 2259 1896 enim
2287 1855 2530 1913 unquam
2563 1837 3003 1895 Christianorum
3034 1836 3331 1907 jejunavit,
3360 1843 3416 1891 et
3442 1851 3545 1891 ca-

235 1946 571 2002 sacramenti
602 1929 798 2019 pocula
825 1945 1177 2003 dulcedinem
1206 1945 1442 2001 stillant.
1491 1944 1602 1999 Nec
1630 1942 1835 1998 mirum
1871 1952 1918 2013 Β
1950 1941 2074 2005 pius
2094 1940 2175 1989 est
2196 1933 2224 1988 7
2242 1932 2366 2005 (Illis
2395 1931 2611 1988 sobrius
2640 1931 2863 1999 ωόηδίῑ,
2891 1938 2945 1987 θῐ
2974 1930 3154 1988 Victus
3181 1937 3264 1985 Θεῐ
3294 1930 3323 1985 Ῡ
3347 1929 3544 1985 Temu-

233 2033 288 2090 si
322 2041 483 2106 potus
519 2034 699 2092 dulcis
728 2042 810 2092 est
840 2034 1103 2105 fontium,
1151 2035 1211 2091 in
1242 2050 1478 2108 quorum
1516 2033 1645 2090 sinu
1681 2032 1839 2090 cibus

234 2122 459 2180 dulcior
514 2132 596 2181 est
643 2126 972 2198 palmarum.
1017 2125 1269 2198 Apostoli
1314 2141 1443 2196 ergo
1472 2131 1603 2181 sunt
1634 2123 1836 2191 fontes,

236 2210 340 2284 qui
377 2212 548 2268 totius
575 2221 734 2269 terrai
764 2212 961 2271 faciem
992 2212 1256 2270 doctrinae
1282 2229 1393 2269 suae
1442 2211 1672 2268 ﬂumine
1699 2211 1840 2283 riga-

243 2308 474 2367 verunt,
495 2310 549 2357 et
579 2300 821 2375 fatigatis
846 2301 1089 2373 gentium
1120 2301 1339 2375 populis
1367 2309 1561 2373 potum
1591 2301 1709 2373 (76)
1743 2300 1842 2358 di-

241 2390 367 2447 vini
394 2391 647 2463 mysterii
677 2390 1064 2464 propinarunt.
1303 2459 1321 2474 .

315 2478 369 2535 8.
412 2481 767 2554 Septuaginta
795 2488 978 2539 autem
1025 2482 1233 2555 palmas
1274 2479 1441 2553 juxta
1489 2480 1669 2537 fontes
1698 2496 1840 2552 apo-

238 2569 469 2626 stolicos
497 2580 776 2643 generatas
806 2573 1150 2644 septuaginta
1171 2571 1296 2627 illas
1344 2570 1648 2644 discipulos
1685 2569 1838 2626 dixe-

242 2658 373 2727 rim,
407 2658 502 2731 qui
535 2659 776 2717 secundo
804 2659 873 2716 ab
921 2660 1185 2733 apostolis
1230 2659 1401 2732 gradu
1429 2669 1653 2733 propter
1680 2660 1839 2715 salu-

242 2755 357 2804 tem
402 2746 692 2804 hominum
735 2765 766 2805 a
812 2748 1050 2805 Domino
1092 2747 1431 2821 diriguntur,
1481 2764 1619 2821 quos
1662 2749 1838 2805 Lucas

242 2837 582 2909 evangelista
617 2837 952 2906 describens,
998 2837 1160 2895 binos
1214 2845 1269 2894 et
1321 2836 1482 2894 binos
1528 2837 1721 2895 asserit
1748 2836 1837 2894 de-

241 2926 478 2983 stinatos
541 2927 699 2999 (Luc.
750 2943 810 2996 x,
864 2928 941 2999 1).
974 2926 1080 2994 Qui
1128 2942 1254 2983 vere
1295 2927 1449 2984 velut
1492 2927 1688 3000 palmas
1716 2934 1839 3000 post

240 3030 404 3073 curas
448 3014 739 3073 hominum
783 3032 909 3074 cum
959 3016 1327 3074 exsultatione
1373 3016 1685 3087 redeuntes,
1725 3018 1838 3090 glo-

240 3103 460 3160 riantur
482 3103 629 3177 apud
646 3106 946 3162 Dominum
969 3105 1076 3162 sibi
1095 3105 1262 3163 etiam
1282 3105 1555 3163 daemonia
1576 3122 1692 3163 esse
1711 3108 1837 3165 sub-

231 3191 403 3265 jecta.
434 3193 599 3251 Recte
624 3192 793 3267 igitur
815 3201 1203 3268 comparantur
1230 3194 1449 3268 palmis,
1494 3194 1590 3270 qui
1615 3197 1836 3269 palma-

242 3297 367 3338 rum
398 3282 625 3356 praemio
662 3282 870 3340 diaboli
892 3283 1152 3341 exstitere
1183 3283 1439 3341 victores.

829 3449 1064 3509 SERMO
1101 3449 1258 3509 XXI.

619 3576 698 3633 De
724 3584 912 3633 sancta
935 3576 1363 3650 Quadragesima
1392 3576 1461 3634 V.

236 3698 430 3773 Prima
456 3699 616 3773 hujus
642 3702 897 3758 sermonis
927 3702 1081 3758 verba
1109 3703 1259 3758 nobis
1290 3702 1657 3759 indicanteum
1685 3702 1837 3773 ejus-

310 3771 449 3837 dem,
480 3772 630 3843 cujus
682 3775 786 3829 duo
816 3775 1134 3846 superiores,
1155 3776 1398 3846 parentis
1426 3792 1548 3829 esse.
1580 3771 1837 3846 Non—mi-

307 3859 432 3897 rum
458 3852 631 3900 autem
664 3846 804 3915 quod
831 3863 947 3901 cum
975 3864 1006 3901 a

309 3920 603 3990 eostamen
649 3916 718 3974 42
746 3916 1107 3974 mansionibus
1136 3920 1509 3975 Israelitarum
1543 3935 1836 3990 compara-

308 3986 443 4042 verit
461 4005 484 4061 ,j
511 3988 702 4061 quippe
729 3990 869 4061 quod
899 3990 1078 4046 eadem
1104 3990 1452 4061 comparatio,
1472 3996 1532 4045 ut
1552 3986 1673 4061 ,ἱαπὶ
1695 3991 1833 4047 dixi-

307 4074 445 4133 mus,
451 4058 571 4133 jam
592 4058 699 4115 tum
714 4058 884 4131 fuerit
910 4058 1313 4133 usurpata,cum
1334 4062 1402 4119 36
1424 4058 1633 4118 tantum
1656 4063 1836 4117 diebus

311 4130 728 4201 Quadragesima
786 4130 1072 4190 constabat.
1143 4134 1294 4201 Quod
1321 4140 1495 4190 autem
1545 4135 1742 4189 dicitur
1778 4135 1835 4189 id

306 4201 489 4277 moris
530 4220 667 4277 esse,
704 4211 763 4259 ut
791 4205 1038 4277 stationes
1066 4207 1466 4277 appellarentur
1513 4207 1671 4261 iidem
1700 4207 1831 4271 dies,

307 4223 475 4255 mons
530 4223 655 4269 esse,
704 4223 763 4259 ut
791 4223 1038 4261 stationes
1066 4223 1135 4277 ap
1173 4223 1466 4261 euarenmr
1513 4223 1671 4261 ttaem
1700 4223 1831 4271 aies,

307 4289 384 4356 ea
445 4274 773 4356 Tertulliano
823 4276 926 4356 lib.
975 4277 1091 4356 de“
1125 4223 1275 4333 grat.
1310 4278 1405 4356 sub
1438 4278 1595 4356 ﬁnem
1647 4278 1737 4334 lib.
1764 4278 1831 4334 de

306 4342 488 4411 Jejun.
510 4349 558 4396 et
587 4345 676 4418 lib.
714 4346 799 4418 de,
819 4345 944 4402 Cor.
963 4346 1139 4418 Milit.
1162 4342 1664 4418 sumptum'videtur
1685 4367 1703 4404 :
1726 4366 1834 4403 non

309 4428 452 4465 secus
502 4430 566 4484 ac
620 4415 863 4469 Jonatlue
916 4417 999 4470 hic
1058 4416 1201 4484 facta
1252 4415 1443 4473 mentio
1506 4438 1572 4475 ea:
1630 4423 1832 4478 Hiero-

308 4482 965 4612 ;m‘:ib2.9Adv.Vigil.
998 4482 1114 4556 cap.
1148 4489 1237 4555 10,
1274 4495 1322 4543 et
1352 4490 1612 4547 Cassiano
1628 4493 1826 4551 Collat.

381 4595 401 4620 ,
422 4570 539 4625 cap.
563 4570 653 4612 τυ.

1078 3845 1223 3901 oscat
1239 3846 1438 3916 jejunii
1468 3862 1573 3901 esse
1600 3845 1668 3902 40
1704 3846 1835 3911 dies,

309 4696 361 4753 1.
400 4696 746 4755 Intellexisse
792 4715 891 4757 vos
928 4699 1113 4770 credo,
1144 4699 1340 4758 fratres
1392 4703 1535 4775 (77),
1585 4720 1684 4761 cur
1711 4704 1830 4763 haec
1861 4670 1913 4729 Ι)

236 4795 424 4844 nostra
445 4786 660 4861 jejunia
689 4788 803 4845 illis
856 4790 1237 4848 mansionibus
1265 4794 1719 4866 comparaverim,
1767 4795 1825 4851 in

235 4876 438 4950 quibus
465 4878 702 4952 populus
721 4879 884 4936 Israel
912 4886 1172 4953 tanquam
1195 4881 1254 4938 in
1283 4884 1566 4956 procinctu
1587 4887 1823 4960 quodam

236 4965 449 5038 positus
475 4965 814 5025 Pharaonem
872 4985 1053 5042 regem
1095 4971 1422 5045 quotidiano
1456 4974 1640 5033 labore
1667 4993 1823 5050 supe-

236 5055 401 5126 ravit,
429 5063 484 5114 et
510 5056 579 5113 ab
610 5057 855 5116 inimicis
900 5059 1015 5116 suis
1063 5061 1218 5134 quasi
1274 5062 1602 5136 quibusdam
1632 5066 1826 5125 castris

235 5144 581 5203 mansionum
612 5162 727 5203 sese
756 5146 991 5203 statione
1021 5147 1305 5217 defendit;
1331 5150 1407 5205 ita
1428 5158 1488 5206 ut
1506 5151 1825 5227 quicunque

232 5250 302 5289 ex
326 5233 420 5290 illo
453 5235 837 5293 comitantium
868 5252 1099 5292 numero
1129 5236 1343 5294 diurnae
1371 5228 1625 5297 stationis
1648 5243 1823 5314 spatia

232 5337 345 5378 non
373 5323 634 5395 confecit,
682 5333 777 5382 aut
822 5324 1053 5383 Pharao.
1084 5325 1244 5383 illum
1275 5329 1646 5401 occupaverit,
1673 5338 1821 5396 418

304 5459 421 5533 (74)
455 5462 611 5517 Rom.
644 5461 777 5537 edit.
810 5462 944 5537 sola,
985 5467 1033 5517 et
1084 5479 1339 5519 arenosum
1376 5465 1718 5537 voraginem.
1755 5510 1767 5521 .
1807 5510 1819 5522 .

223 5538 353 5612 post
377 5550 571 5612 "tamn
602 5534 782 5612 venit;
829 5533 923 5590 sed
970 5549 1101 5612 mss.
1159 5551 1222 5592 ac
1260 5544 1369 5593 vet.
1427 5533 1565 5595 edit.
1616 5537 1822 5611 ubique

229 5602 497 5676 scribunt,
530 5605 819 5676 myrrham,
852 5607 1094 5676 myrrha,
1125 5614 1231 5664 etc.

303 5674 419 5755 (75)
447 5674 597 5755 γει(
635 5677 793 5745 edit.,
847 5674 972 5755 quia
1015 5674 1196 5755 omnes
1246 5679 1572 5755 purissimi;
1631 5680 1819 5750 Rom.,

264 5748 355 5801 uia
381 5748 520 5802 velut
545 5764 722 5802 amnes
746 5749 1071 5819 purissimi;
1120 5748 1263 5806 mssf
1300 5759 1364 5807 ut
1409 5768 1509 5807 nos
1537 5750 1596 5807 in
1637 5748 1816 5809 textu;

277 5832 436 5875 ursus
464 5834 616 5888 vero,
644 5818 881 5878 ubi’vet.
924 5820 1085 5891 edit.,
1127 5823 1282 5896 larga
1331 5824 1594 5899 sapientia
1622 5840 1819 5882 sacra-

1949 2024 2161 2079 lentum
2216 2022 2530 2095 aggreditur
2580 2022 2837 2078 diabolus
2882 2020 3232 2076 luxuriosum
3264 2024 3545 2091 oppugnat

1949 2114 2230 2171 inimicus.
2258 2114 2359 2170 Ubi
2391 2122 2569 2170 autem
2582 2111 2858 2185 jejunium
2890 2112 3113 2181 viderit,
3138 2111 3298 2183 fugit,
3324 2109 3544 2179 metuit,

1948 2201 2319 2277 pertimescit;
2363 2211 2597 2258 terretur
2621 2203 2831 2274 pallore
2870 2199 3009 2273 ejus,
3041 2199 3368 2256 debilitatur
3407 2199 3539 2255 ine-

1951 2292 2062 2361 dia,
2095 2290 2414 2348 inﬁrmitate
2445 2290 2811 2364 prosternitur
2837 2308 2849 2346 :
2873 2288 3260 2362 prosternitur,
3285 2288 3507 2360 inquam
3526 2330 3541 2355 ,

1950 2376 2295 2448 inﬁrmitate,
2369 2381 2497 2452 quia
2556 2378 2872 2437 Christiana
2926 2377 3221 2433 infirmitas
3275 2375 3545 2432 fortitudo

1952 2479 2052 2528 est.
2085 2470 2240 2528 Unde
2268 2470 2346 2526 ait
2364 2471 2694 2542 Apostolus:
2754 2495 2772 2517 ε
2799 2469 2936 2527 Cum
2970 2468 3241 2537 inﬁrmor,
3274 2477 3409 2525 tunc
3437 2467 3545 2524 for-

1948 2560 2061 2617 tior
2088 2577 2209 2617 sum
2262 2561 2351 2630 (ΙΙ
2379 2561 2505 2618 Cor.
2536 2576 2639 2626 xu,
2677 2558 2789 2631 10).
2825 2582 2844 2606 ι
2907 2558 3013 2615 Sed
3056 2563 3263 2631 quaeret
3318 2557 3541 2631 aliquis,

1948 2649 2410 2725 quemadmodum
2439 2650 2510 2706 sit
2538 2650 2697 2706 fortis
2728 2648 3068 2706 inﬁrmitas?
3097 2649 3252 2705 Tunc
3270 2655 3352 2705 est
3387 2646 3548 2705 fortis

1947 2741 2264 2809 inﬁrmitas,
2289 2740 2509 2813 quando
2538 2756 2665 2796 caro
2686 2740 2918 2797 tabescit
2944 2739 3195 2812 jejuniis,
3216 2740 3403 2797 anima
3430 2756 3544 2812 pu-

1947 2830 2110 2887 ritate
2157 2829 2486 2902 pinguescit.
2520 2828 2801 2897 Quantum
2830 2829 2978 2885 enim
3011 2828 3098 2885 illi
3127 2830 3379 2887 ciborum
3407 2845 3544 2887 suc-

1947 2936 2045 2977 cus
2073 2917 2440 2987 subtrahitur,
2470 2925 2685 2975 tantum
2718 2917 2850 2976 huic
2872 2918 3105 2990 justitize
3134 2918 3314 2974 virtus
3366 2934 3543 2991 auge-

1946 3017 2057 3065 tur.
2107 3008 2261 3065 Tunc
2307 3008 2475 3080 igitur
2524 3007 2692 3063 homo
2733 3007 3032 3065 imbecillis
3070 3007 3293 3081 quidem
3338 3014 3420 3064 est
3472 3008 3542 3065 ad

1946 3096 2230 3155 saecularia
2279 3112 2460 3170 opera,
2493 3096 2588 3153 sed
2629 3096 2789 3154 fortis
2833 3095 2902 3152 ad
2944 3096 3169 3153 divina:
3222 3103 3355 3153 tunc
3393 3095 3540 3153 enim

1945 3187 2119 3259 magis
2148 3186 2215 3243 de
2267 3188 2384 3244 Deo
2413 3186 2635 3259 cogitat,
2692 3194 2827 3244 tunc
2862 3185 3138 3259 judicium
3167 3185 3365 3243 metuit
3398 3185 3537 3258 (79),

1947 3284 2082 3334 tunc
2119 3276 2296 3333 vincit
2325 3276 2637 3334 inimicum.
2672 3274 2767 3331 Ait
2797 3275 2946 3332 enim
2973 3274 3224 3332 Salvator
3250 3274 3317 3331 de
3338 3273 3540 3331 diabo-

1950 3367 2038 3422 lo:
2074 3366 2189 3422 Hoc
2215 3382 2384 3439 genus
2414 3381 2526 3422 non
2568 3364 2807 3438 ejicitur,
2840 3364 2951 3422 nisi
2995 3363 3213 3436 jejunio
3238 3370 3293 3419 et
3325 3362 3541 3420 oratio-

1944 3456 2108 3513 nibus
2161 3457 2375 3529 (Matth.
2424 3473 2567 3525 xvn,
2607 3456 2722 3528 20).
2774 3455 2923 3513 Dicit
2992 3455 3186 3529 utique
3232 3470 3265 3510 a
3316 3452 3539 3511 diabolo

1943 3561 2373 3618 energumenum
2413 3560 2525 3601 non
2560 3544 2667 3601 nisi
2707 3542 2937 3617 jejuniis
2966 3560 3121 3617 posse
3150 3543 3395 3617 purgari.
3428 3543 3540 3601 Vi-

1943 3632 2067 3689 dete
2108 3649 2235 3705 ergo
2276 3649 2396 3707 quae
2441 3632 2643 3705 jejunii
2691 3634 2869 3690 virtus
2906 3633 2997 3702 sit,
3031 3639 3291 3706 quantam
3320 3630 3537 3689 homini

1943 3738 2043 3777 suo
2074 3728 2293 3794 praestet
2341 3721 2593 3794 gratiam,
2650 3721 2796 3794 quod
2847 3728 3056 3777 tantam
3109 3728 3328 3794 praestet
3378 3720 3536 3777 alteri

1945 3810 2276 3867 medicinam
2321 3829 2332 3868 :
2384 3810 2847 3884 quemadmodum
2899 3810 3185 3884 proprium
3231 3809 3535 3867 sanctiﬂcet

1944 3900 2226 3958 hominem
2252 3920 2263 3957 έ
2284 3901 2431 3975 quod
2458 3902 2535 3957 ita
2550 3902 2809 3975 puriﬁcet
2828 3902 3094 3959 alienum.
3124 3901 3261 3959 Mira
3276 3900 3424 3958 enim
3448 3916 3536 3956 res

1944 3998 2045 4059 est,
2074 3990 2213 4049 alter
2254 3989 2490 4064 jejunat,
2521 3999 2577 4048 et
2616 3992 2775 4048 alteri
2805 3991 3029 4065 prodest
3065 3990 3372 4064 jejunantis
3412 3989 3535 4046 uti-

1945 4080 2091 4137 litas.

2014 4169 2067 4227 3.
2097 4171 2263 4245 Ergo,
2296 4171 2508 4242 fratres,
2536 4173 2884 4232 abstinentiae
2911 4189 3062 4231 arma
3090 4170 3319 4230 minime
3355 4168 3535 4244 depo-

1942 4274 2155 4328 namus,
2180 4267 2233 4315 et
2253 4261 2617 4335 quadraginta
2641 4262 2854 4319 dierum
2882 4261 3096 4336 jejunia
3121 4261 3240 4319 sine
3258 4258 3533 4318 intermis-

1940 4346 2093 4402 sione
2123 4364 2395 4407 curemus.
2437 4351 2540 4408 Hic
2568 4358 2650 4408 est
2686 4351 2837 4408 enim
2866 4352 3142 4426 perfectus
3170 4364 3434 4407 numerus
3464 4346 3533 4404 ad

1939 4435 2275 4493 vincendum
2304 4456 2318 4506 ;
2370 4439 2643 4497 Dominus
2681 4440 2831 4498 enim
2860 4441 3143 4498 diabolum
3178 4448 3531 4513 posteaquam

1939 4525 2299 4600 quadraginta
2335 4528 2453 4586 dies
2478 4528 2776 4603 jejunavit,
2807 4530 2997 4599 evicit,
3027 4547 3139 4587 non
3169 4530 3315 4603 quod
3343 4537 3397 4584 et
3423 4545 3533 4584 an-

1939 4624 1994 4672 te
2017 4616 2231 4691 jejunia
2265 4636 2388 4676 eum
2418 4620 2641 4677 vincere
2671 4637 2783 4676 non
2814 4620 3113 4694 potuisset;
3138 4619 3235 4676 sed
3262 4626 3326 4674 ut
3350 4626 3529 4674 osten-

1940 4706 2092 4764 deret
2140 4708 2304 4765 nobis
2344 4717 2480 4766 tunc
2508 4726 2610 4766 nos
2661 4709 2872 4766 diaboli
2920 4725 3077 4780 posse
3110 4723 3226 4764 esse
3270 4707 3530 4776 victores,

1935 4812 2061 4852 cum
2092 4814 2188 4871 per
2241 4799 2603 4874 quadraginta
2630 4799 2749 4855 dies
2779 4799 3016 4854 victores
3038 4795 3345 4869 jejunando
3372 4796 3533 4852 desi-

1933 4885 2212 4944 deriorum
2259 4888 2562 4945 carnalium
2617 4887 2947 4942 fuissemus:
3006 4901 3131 4942 eum
3162 4900 3379 4957 quoque
3433 4884 3528 4957 qui

1932 4974 2082 5032 hunc
2134 4992 2423 5033 numerum
2492 4983 2864 5032 consecratum
2921 4973 3060 5047 gula;
3107 4972 3527 5047 intemperantia

1934 5065 2209 5135 violasset,
2250 5075 2509 5140 tanquam
2569 5066 2905 5124 imbecillem
2955 5074 3009 5121 et
3046 5065 3308 5122 miserum
3365 5064 3527 5122 facile

1933 5173 2056 5213 eum
2085 5157 2153 5212 ab
2172 5156 2401 5212 inimico
2418 5173 2574 5228 posse
2589 5155 2853 5229 superari.
2869 5155 3158 5224 Quomodo
3178 5155 3325 5212 enim
3348 5163 3526 5229 potest

1931 5244 1991 5299 in
2019 5246 2191 5301 altero
2246 5243 2452 5300 diaboli
2496 5243 2907 5317 improbitatem
2955 5245 3199 5308 vincere.
3231 5244 3327 5319 qui
3383 5244 3524 5316 gulae

1931 5334 2410 5406 intemperantiam
2444 5334 2503 5390 in
2533 5351 2589 5391 se
2617 5334 2737 5408 ipso
2768 5351 2880 5391 non
2908 5334 3136 5393 vincit?
3176 5334 3335 5391 Prius
3373 5350 3522 5407 ergo,

1934 5470 2103 5520 menta
2121 5465 2322 5537 poculi,
2352 5464 2526 5537 codex
2554 5464 2828 5537 Valliscl.,
2862 5465 3014 5536 larga
3042 5462 3313 5537 sapientia:
3336 5479 3521 5521 sacra-

1932 5542 2101 5593 menta
2113 5534 2310 5608 poculi;
2336 5536 2506 5607 Lugd.
2538 5553 2670 5593 vero
2698 5534 2985 5608 lectionem
3028 5534 3439 5608 anteponimus.

2029 5606 2129 5674 76)
2144 5609 2330 5667 Codex
2359 5606 2631 5674 valliscl.,
2652 5608 2820 5663 divini
2838 5606 3121 5661 ministerii
3140 5606 3521 5674 propinarunt.

2031 5678 2120 5749 77)
2144 5681 2302 5738 Rom.
2333 5680 2465 5736 edit.
2508 5681 2642 5745 sola,
2674 5678 2890 5749 fratres,
2920 5678 3189 5749 superiore
3218 5678 3519 5736 Dominica.

2030 5750 2120 5819 78)
2151 5752 2337 5810 Codex
2366 5752 2574 5819 Germ,
2600 5750 2824 5805 etturris
2856 5750 3273 5821 inexpugnabilis
3288 5750 3518 5807 diabolo.

2032 5825 2122 5897 79)
2154 5823 2341 5884 Codex
2362 5823 2588 5883 Valliscl
2609 5863 2649 5894 .,
2698 5820 3094 5893 tuncjudicium
3117 5838 3226 5880 non
3243 5822 3445 5881 munit.
