3972 6362
472 468 578 526 667

1487 467 1584 524 AD
1623 467 1856 524 OPERA
1899 465 1956 523 S.
1997 463 2331 525 AMBROSII
2368 463 2747 523 APPENDIX.

471 596 662 666 homo,
690 594 774 654 tui
803 594 981 652 victor
999 603 1152 663 esto;
1185 603 1248 652 ut
1274 595 1448 668 possis
1475 609 1589 650 esse
1601 594 1779 651 victor
1807 593 2052 650 alterius.
2087 595 2138 654 A
2165 591 2350 649 ritales
2375 593 2729 666 carnalesque
2757 589 3080 659 vincamus;
3112 589 3384 650 habemus
3411 593 3584 665 enim,
3620 597 3769 654 sicut

470 686 612 744 Sunt
634 684 782 743 enim
808 684 953 742 intra
976 691 1030 742 te
1069 683 1280 758 proprii
1311 683 1415 741 tibi
1446 683 1652 754 hostes,
1681 683 1778 758 qui
1809 683 2061 758 quotidie

469 783 525 834 te
568 782 932 850 oppugnant;
985 791 1110 834 ecce
1164 775 1312 832 enim
1360 773 1593 832 avaritia
1635 781 1686 831 te
1734 773 2059 831 divitiarum

469 863 770 921 ambitione
797 863 1183 934 circumvenit,
1207 864 1430 921 luxuria
1459 864 1746 937 epularum
1790 863 2061 920 suavitate

469 953 730 1026 captivat,
769 951 992 1012 haeresis
1040 955 1282 1011 scientiae
1326 953 1565 1011 falsitate
1609 953 1875 1027 pervertit
1915 953 2057 1027 (80).

470 1041 644 1100 Vince
690 1057 818 1115 ergo
869 1041 1128 1101 inimicos
1190 1044 1462 1118 proprios,
1507 1051 1570 1100 ut
1616 1042 1839 1100 vincere
1883 1040 2061 1114 possis

467 1129 695 1187 alienos.

538 1229 593 1288 4.
620 1231 745 1288 Non
771 1228 943 1298 enim,
973 1227 1190 1297 fratres,
1221 1229 1340 1284 leve
1359 1235 1645 1300 peccatum
1671 1231 1772 1294 est,
1801 1223 2062 1282 ﬁdelibus

467 1317 732 1378 indictam
778 1317 1248 1393 quadragesimam
1279 1333 1311 1372 a
1339 1316 1578 1372 Domino
1605 1313 1813 1370 violare
1831 1320 1896 1395 et
1918 1311 2060 1386 jeju-

467 1409 561 1466 nia
583 1415 899 1466 consecrata
945 1407 1157 1464 ventris
1185 1407 1484 1463 voracitate
1532 1405 1854 1462 dissolvere.
1901 1402 2060 1459 Scri-

463 1506 621 1572 ptum
649 1505 732 1555 est
775 1497 960 1555 enim:
1002 1519 1021 1545 σ
1058 1496 1323 1566 Quidicit
1355 1513 1412 1553 se
1443 1496 1500 1551 in
1546 1495 1770 1554 Christo
1813 1509 2058 1558 manere,

464 1587 628 1646 debet
652 1587 799 1646 sicut
825 1587 920 1644 ille
948 1587 1276 1652 ambulavit,
1307 1595 1362 1644 et
1383 1586 1499 1658 ipse
1518 1585 1800 1642 ambulare
1825 1585 1882 1657 (Ι
1896 1584 2056 1640 Joan.

467 1695 527 1748 ιι,
558 1677 662 1749 6).:
693 1677 751 1734 Si
781 1677 867 1734 vis
893 1693 1020 1748 ergo
1047 1675 1399 1734 Christianus
1428 1692 1562 1744 esse,
1587 1675 1751 1732 debes
1780 1672 2058 1748 quomodo

463 1774 518 1824 et
545 1766 798 1825 Christus
852 1766 1134 1824 ambulare
1184 1765 1326 1840 (81).
1357 1765 1458 1823 Ille
1500 1766 1595 1840 qui
1624 1771 1908 1839 peccatum
1945 1779 2058 1820 non

459 1855 717 1928 habebat,
742 1856 1212 1931 quadragesimam
1234 1855 1550 1929 jejunavit:
1583 1863 1645 1911 tu
1670 1871 1783 1912 non
1812 1853 1897 1910 vis
1929 1869 2057 1926 qua-

2170 681 2363 751 nostis,
2403 689 2456 739 et
2475 681 2718 739 carnales
2748 679 2950 738 hostes.
2983 679 3310 754 Jejuuemus
3336 681 3530 756 igitur,
3569 692 3632 742 ut
3678 702 3768 743 eos

2169 771 2444 828 exercitus
2492 778 2679 828 noster
2734 779 2787 827 et
2835 771 2964 828 Saul
3013 779 3234 843 superet
3263 779 3318 830 et
3361 773 3626 833 obtineat.
3659 775 3768 834 Nec

2169 861 2228 918 in
2257 861 2592 919 abstinentia
2619 861 2783 936 positi
2821 861 3164 918 declinemus
3210 861 3280 920 ad
3329 863 3558 934 favum;
3609 865 3766 922 favus

2169 953 2316 1011 enim
2347 956 2594 1029 quaedam
2635 955 2829 1012 mundi
2867 962 2948 1012 est
2964 957 3243 1028 voluptas,
3275 973 3371 1015 seu
3397 957 3556 1028 vitia,
3600 981 3620 1007 ι
3648 974 3766 1032 quat

2169 1045 2313 1101 sicut
2340 1044 2605 1117 scriptum
2653 1051 2756 1114 est,
2786 1044 2857 1101 ad
2915 1051 3133 1118 tempus
3163 1045 3388 1118 quidem
3421 1045 3766 1120 impinguant

2168 1135 2372 1203 fauces,
2404 1135 2705 1191 novissima
2733 1134 3004 1190 amariora
3035 1143 3165 1192 sunt
3195 1135 3324 1191 felle
3343 1135 3532 1208 (Prov.
3560 1155 3617 1208 v,
3647 1136 3752 1209 4).»

2169 1224 2400 1280 Uremus
2429 1223 2598 1297 igitur
2629 1223 2770 1296 (83),
2802 1231 2864 1280 ut
2896 1223 3057 1280 nobis
3074 1222 3460 1296 jejunantibus
3493 1225 3587 1282 ille
3606 1224 3763 1299 spiri-

2168 1317 2334 1373 tualis
2361 1317 2521 1372 favus
2558 1333 2589 1372 a
2612 1315 2855 1372 Domino
2885 1315 3173 1388 largiatur,
3206 1315 3301 1389 qui
3331 1316 3390 1372 in
3417 1324 3620 1373 aeterna
3643 1315 3762 1374 bea-

2168 1405 2408 1462 titudine
2456 1405 2514 1461 in
2570 1405 2754 1478 palato
2806 1405 2982 1461 faucis
3011 1404 3208 1462 anima;
3237 1404 3400 1462 nobis
3438 1405 3716 1464 dnlcescat
3747 1425 3760 1462 ;

2167 1494 2286 1568 ipso
2313 1495 2628 1566 adjuvante,
2661 1495 2756 1570 qui
2785 1495 2930 1552 vivit
2958 1503 3012 1553 et
3059 1503 3251 1568 regnat
3281 1495 3339 1552 in
3369 1497 3572 1554 saecula
3599 1511 3760 1553 secu-

2169 1586 2368 1655 lorum,
2399 1601 2579 1642 amen.

2731 1691 2966 1750 SERMO
3023 1691 3202 1748 XXII.

2520 1784 2599 1841 De
2628 1791 2813 1840 sancta
2849 1781 3274 1854 Quadragesima
3302 1781 3401 1839 VI.

2165 1874 2566 1952 Hiensermohin
2592 1873 2776 1952 antiq._
2789 1873 2912 1928 edit.
2945 1872 3295 1952 a_c_pl_erisque
3348 1887 3474 1952 mss.
3507 1870 3756 1952 superio-

461 1943 820 2018 dragesimam
846 1945 1116 2018 jejunare,
1189 1943 1284 2018 qui
1324 1945 1564 2018 peccas?
1624 1945 1744 2013 Ille,
1801 1943 2052 2015 inquam,
2086 1959 2131 2022 Β
2237 1946 2386 2022 ribus
2417 1945 2586 2022 tribus
2609 1942 2856 2016 prolrime
2903 1943 3220 2022 subjicitur;
3269 1942 3422 2022 unde
3461 1942 3759 2022 conjecture

461 2043 745 2109 peccatum
801 2051 914 2092 non
943 2035 1199 2104 habebat,
1251 2035 1345 2092 sed
1375 2051 1476 2108 pro
1527 2033 1732 2090 nostris
1774 2031 2056 2104 jejunavit

460 2124 716 2197 peccatis.
748 2123 939 2192 Qualis
965 2141 1094 2198 ergo
1121 2124 1267 2198 apud
1295 2124 1689 2181 conscientiam
1719 2129 1870 2179 tuam
1899 2120 2056 2179 Chri-

458 2215 672 2273 stianus
711 2232 788 2285 es,
818 2233 944 2273 cum
976 2215 1198 2274 Christo
1229 2232 1328 2290 pro
1365 2223 1421 2271 te
1455 2215 1753 2284 esuriente,
1802 2221 1864 2270 tu
1894 2231 2054 2288 pran-

457 2304 554 2362 des
573 2305 602 2362 ‘I
628 2321 755 2362 cum
790 2305 1071 2362 Salvatore
1101 2322 1200 2378 pro
1232 2313 1286 2361 te
1303 2304 1614 2378 jejunante,
1639 2311 1697 2359 tn
1725 2303 1948 2362 reﬁcis?

527 2393 582 2450 5.
609 2393 732 2451 Non
766 2393 957 2467 igitur,
990 2394 1136 2452 sicut
1165 2393 1308 2464 dixi,
1329 2395 1448 2450 leve
1475 2409 1638 2467 pecca
1666 2409 1760 2448 um
1791 2400 1874 2450 est
1911 2393 2054 2450 indi-

457 2490 608 2540 ctum
635 2483 849 2541 violare
879 2483 1178 2557 jejunium.
1212 2485 1349 2542 Nam
1381 2493 1445 2541 ut
1498 2483 1604 2542 hoc
1633 2483 1901 2556 exemplis
1930 2483 2050 2541 bre-

455 2569 599 2628 viter
621 2573 1005 2648 approbemus,
1034 2574 1266 2647 legimus
1287 2573 1345 2630 in
1372 2573 1530 2630 libris
1559 2574 1892 2645 Regnorum,
1924 2591 2050 2630 cum

455 2661 586 2718 Saul
615 2678 715 2718 rex
759 2662 924 2720 Israel
970 2664 1181 2724 bellum
1227 2673 1420 2722 contra
1452 2664 1788 2738 Allophylos
1817 2671 2048 2737 gereret,

454 2749 714 2810 universo
741 2768 867 2809 eum
913 2752 1185 2811 exercitui
1227 2753 1495 2810 indixisse
1513 2751 1810 2826 jejunium,
1841 2762 1894 2810 et
1930 2752 2049 2810 abs-

455 2840 761 2900 tinentibus
779 2841 1016 2914 cunctis,
1057 2859 1181 2900 eum
1206 2851 1400 2902 contra
1437 2841 1778 2901 adversarios
1805 2859 2048 2918 pugnare

449 2931 680 3006 cmpisse
723 2934 782 3004 (Ι
801 2935 926 3008 Reg.
964 2949 1087 3004 xiv,
1137 2933 1206 2992 24
1246 2952 1352 3008 seq.
1385 2939 1428 3008 ).
1464 2935 1650 2993 Bonus
1701 2935 1865 3008 plane
1923 2953 2044 3006 rex,

451 3020 547 3094 qui
592 3020 778 3080 hostes
823 3039 953 3080 suos
1005 3038 1119 3078 non
1157 3030 1269 3080 tam
1321 3022 1488 3080 armis
1534 3040 1698 3098 quam
1745 3023 2045 3081 devotione

449 3109 725 3168 vincebat.
756 3119 811 3168 et
839 3111 964 3185 plus
1005 3111 1308 3170 dimicabat
1347 3113 1634 3186 religione,
1683 3130 1844 3188 quam
1894 3114 2040 3174 telis.

451 3197 587 3258 Cum
605 3215 734 3271 ergo
762 3200 890 3258 Saul
919 3199 1312 3259 abstinentiam
1339 3202 1452 3260 diei
1469 3203 1588 3260 suis
1613 3203 1871 3261 omnibus
1900 3204 2040 3261 indi-

449 3290 642 3360 xisset,
673 3297 727 3346 et
753 3290 1016 3374 Jonathas
1035 3290 1155 3364 ejus
1177 3291 1327 3350 ﬁlius
1355 3293 1610 3367 praecepti
1629 3295 1870 3364 nescius,
1895 3295 2041 3353 inter

448 3380 656 3439 medias
685 3381 930 3439 hostium
959 3383 1104 3440 acies
1120 3382 1298 3441 victor
1328 3383 1586 3440 incedens
1615 3383 1802 3441 favum
1832 3385 2036 3454 mellis,

447 3471 694 3530 invincta
730 3474 930 3548 sceptri
963 3474 1298 3545 summitate,
1344 3482 1649 3548 gustasset;
1682 3483 1836 3534 tanta
1899 3480 2040 3538 419

445 3571 754 3648 indignatio
809 3583 1032 3648 repente
1077 3582 1354 3632 commota
1415 3582 1516 3644 est,
1551 3582 1614 3631 ut
1645 3583 1699 3632 et
1725 3575 2041 3634 differretur

444 3663 700 3735 victoria,
731 3674 785 3725 et
825 3666 1090 3724 divinitas
1136 3665 1444 3722 laederetur.
1476 3667 1728 3740 Denique
1758 3682 1865 3723 nec
1891 3666 2040 3724 bello

443 3755 574 3812 ﬁnis
624 3755 950 3829 imponitur,
1007 3771 1110 3813 nec
1135 3755 1250 3829 regi
1281 3772 1602 3829 responsum
1650 3756 2036 3830 propheticum

442 3843 623 3902 datur.
657 3845 810 3904 Unde
837 3846 1202 3923 intelligimus
1225 3850 1374 3924 quod
1401 3850 1529 3907 Saul
1561 3849 1744 3906 hostes
1781 3865 1893 3906 non
1927 3856 2038 3905 tam

443 3935 651 3994 virtute
660 3937 1091 4014 militum,quam
1111 3939 1351 3998 militum
1363 3940 1698 3998 abstinentia
1715 3938 2032 4012 superabat.

443 4027 691 4100 Denique
722 4029 888 4086 unius
916 4031 1078 4103 culpa
1122 4031 1342 4089 cunctis
1390 4032 1671 4088 confertur
1715 4029 1956 4104 ignavia,
1983 4035 2039 4084 et

462 4118 629 4176 unius
662 4119 865 4178 delicto
890 4121 1148 4178 omnibus
1177 4135 1466 4194 generatur
1495 4122 1823 4188 inﬁrmitas;
1851 4120 2038 4176 deﬁcit

442 4207 592 4265 enim
618 4208 795 4267 virtus
821 4210 880 4266 in
930 4211 1199 4280 exercitu,
1229 4211 1324 4268 ubi
1354 4211 1541 4269 deﬁcit
1566 4212 1625 4266 in
1655 4207 2036 4266 observatione

437 4296 734 4372 jejunium.
767 4298 924 4368 Quod
941 4309 1005 4356 ut
1030 4307 1312 4373 peccatum
1333 4300 1462 4356 Saul
1491 4317 1561 4357 ex
1587 4300 1704 4373 iqsa
1723 4297 2036 4354 divinitatis

442 4387 744 4446 offensione
789 4389 1070 4462 cognovit,
1109 4389 1296 4445 statim
1329 4388 1576 4446 Jonathze
1609 4387 1755 4444 dixit
1782 4403 1894 4444 non
1920 4403 2035 4444 esse

441 4477 799 4550 parcendum,
829 4479 924 4536 sed
952 4485 1236 4553 peccatum
1275 4478 1577 4535 admissum
1620 4477 1887 4535 effusione
1917 4475 2034 4548 ejus

441 4567 723 4640 sanguinis
751 4569 1108 4642 expiandum.
1131 4569 1328 4626 Videte
1353 4576 1558 4642 quanta
1591 4567 1738 4641 apud
1775 4567 1904 4624 Saul
1936 4582 2034 4622 re-

2235 2019 2420 2089 aliqua
2447 2017 2570 2072 duci
2593 2015 2778 2088 potest,
2799 2033 2915 2070 eum
2943 2016 3008 2070 ab
3037 2015 3260 2089 illorum
3281 2021 3521 2089 auctore
3535 2085 3544 2089 _
3563 2015 3763 2085 profc-

2236 2085 2375 2145 ctuin
2411 2107 2536 2145 esse.
2567 2085 2748 2160 Ipsius
2779 2095 2950 2160 tamen
2964 2087 3324 2160 stylusrpauto
3353 2085 3611 2160 humilior
3649 2093 3726 2140 est
3748 2105 3763 2141 .·

2234 2163 2323 2218 sed
2341 2163 2574 2218 eumdem
2593 2157 2626 2216 ὰ
2642 2161 2866 2215 dictione
2885 2157 3342 2230 Ambrosiimutto
3365 2157 3572 2230 longius
3595 2175 3762 2214 remo-

2234 2240 2314 2290 vet
2343 2234 2441 2290 illa
2470 2233 2802 2305 simplicitas,
2829 2248 2991 2302 quam
3016 2249 3051 2286 a
3079 2229 3332 2289 Maximi.

2235 2343 2286 2398 1.
2334 2342 2456 2398 Νοη
2491 2357 2663 2414 usque
2699 2341 2836 2396 adeo
2865 2337 3184 2396 contristari
3222 2336 3509 2406 debemus,
3540 2337 3758 2406 fratres,

2161 2429 2307 2502 quod
2337 2429 2396 2486 in
2425 2429 2512 2486 his
2537 2429 2975 2502 Quadragesimze
3005 2426 3202 2484 diebus
3223 2424 3458 2483 tentatio
3474 2423 3637 2482 nobis
3663 2426 3760 2482 tri-

2159 2519 2460 2577 bulationis
2489 2517 2750 2587 advenit;
2783 2516 3045 2591 quoniam
3065 2525 3118 2573 et
3139 2516 3484 2572 Salvatorem
3504 2523 3759 2572 nostrum

2159 2617 2382 2684 propter
2418 2609 2592 2681 ipsam
2621 2606 3104 2680 Quadragesimam
3142 2604 3399 2662 videmus
3433 2619 3548 2660 esse
3579 2611 3760 2660 tenta-

2157 2706 2298 2756 tum.
2328 2699 2512 2757 Minus
2541 2715 2668 2772 ergo
2697 2698 2883 2755 dolere
2909 2696 3173 2753 debemus
3215 2695 3446 2765 servuli,
3481 2693 3610 2768 quia
3636 2695 3762 2752 Do-

2158 2793 2296 2850 mini
2327 2792 2592 2850 habemus
2619 2791 2958 2864 exemplum.
2986 2789 3091 2847 Ubi
3121 2787 3270 2846 enim
3301 2795 3383 2845 est
3401 2785 3602 2844 similis
3621 2803 3753 2845 cum

2155 2881 2376 2941 Christo
2405 2881 2650 2952 devotio,
2682 2880 2884 2938 similis
2903 2887 2986 2938 est
3009 2885 3064 2936 et
3077 2895 3202 2936 cum
3233 2876 3454 2964 Christo
3481 2875 3720 2933 tentatio
3735 2893 3753 2945 ;

2153 2973 2526 3030 conditionem
2555 2971 2706 3028 enim
2741 2970 2904 3028 nobis
2932 2967 3205 3026 tolerandi
3237 2965 3476 3041 imponit
3503 2965 3756 3024 conditio

2145 3061 2456 3136 jejunandi.
2489 3062 2784 3122 Credimus
2811 3069 2996 3118 autem
3024 3055 3348 3135 quod'sicut
3383 3057 3638 3115 Salvator
3655 3073 3755 3114 no-

2151 3159 2264 3209 ster
2299 3153 2585 3210 diabolum
2617 3169 2744 3209 cum
2773 3157 3100 3220 tentaretur,
3133 3147 3400 3216 obtinuit,
3457 3145 3536 3204 ita
3563 3153 3618 3202 et
3647 3163 3753 3204 nos

2149 3245 2334 3301 hostes
2381 3250 2619 3311 nostros,
2645 3257 2772 3299 cum
2823 3239 3179 3306 tribulamnr,
3213 3251 3370 3311 posse
3416 3234 3746 3303 devincere;

2069 3328 2113 3391 C
2140 3333 2355 3408 jejunia
2382 3333 2531 3390 enim
2561 3331 2768 3390 Christi
2806 3329 3007 3386 tentari
3052 3335 3305 3402 possunt,
3354 3342 3468 3383 non
3515 3332 3750 3399 possunt

2149 3424 2414 3498 superari.
2448 3421 2746 3496 Angustias
2774 3419 3000 3496 quidem
3020 3418 3079 3475 in
3108 3415 3490 3475 observatione
3518 3413 3748 3484 habent,

2148 3514 2243 3572 sed
2291 3513 2707 3589 prosperitatem
2749 3510 3005 3568 tribuunt
3051 3517 3106 3567 et
3150 3508 3405 3564 salutem.
3446 3504 3751 3564 Videamus

2149 3603 2318 3676 igitur
2348 3604 2492 3660 inter
2521 3611 2743 3660 caeteras
2780 3600 3137 3670 tentationes,
3169 3613 3277 3673 qua
3303 3592 3748 3656 Dominumdja-

2147 3696 2310 3752 bolus
2338 3702 2454 3751 arte
2483 3695 2731 3751 lacessat.

2220 3784 2272 3842 2.
2292 3785 2430 3842 Cum
2460 3784 2607 3840 enim
2625 3797 2791 3856 super
2809 3782 3034 3854 pinnam
3057 3785 3230 3835 staret
3257 3773 3451 3849 templi
3471 3773 3745 3842 Salvator,

2149 3873 2225 3932 ait
2261 3873 2516 3930 diabolus
2544 3891 2556 3928 :
2601 3871 2689 3927 «Si
2711 3869 2892 3926 Filius
2915 3867 3015 3925 Dei
3046 3883 3124 3936 es,
3157 3866 3318 3922 mitte
3350 3872 3400 3921 te
3426 3864 3733 3932 deorsum,-

2147 3973 2201 4021 et
2229 3963 2440 4036 reliqua
2469 3962 2682 4032 (Matth.
2715 3977 2793 4028 1v,
2824 3959 2905 4030 6).
2931 3957 3072 4014 Vere
3105 3954 3393 4012 diabolica:
3421 3951 3633 4009 fraudis
3660 3967 3746 4008 as-

2147 4053 2288 4113 tutia
2313 4049 2732 4110 consuetudinis
2764 4063 2876 4104 suae
2905 4045 3107 4102 nititur
3132 4049 3496 4114 argumento;
3527 4056 3748 4112 semper

2145 4142 2292 4200 enim
2323 4141 2606 4213 religiosos
2633 4138 2700 4194 de
2722 4133 3096 4208 superioribus
3121 4131 3356 4204 dejicere
3384 4128 3453 4184 ad
3477 4128 3746 4184 inferiora

2143 4241 2394 4299 conatur,
2426 4237 2480 4284 et
2511 4230 2579 4285 de
2633 4225 2838 4284 sanctis
2883 4241 2947 4281 ac
2977 4219 3302 4279 venerandis
3329 4217 3542 4276 actibus
3570 4216 3745 4274 dedu-

2143 4339 2264 4383 cere
2293 4323 2362 4379 ad
2401 4329 2619 4376 terrena
2646 4323 2700 4374 et
2729 4330 2948 4374 caenosa
2980 4311 3244 4379 festinat;
3277 4319 3340 4367 ut
3368 4307 3464 4381 qui
3493 4315 3601 4364 stat
3638 4323 3742 4380 pu-

2143 4413 2302 4469 ritate
2339 4410 2540 4467 mentis
2597 4408 2654 4463 in
2703 4405 3018 4463 summitate
3049 4399 3262 4472 templi,
3301 4397 3556 4472 projiciat
3593 4412 3650 4452 se
3680 4396 3744 4452 in

2143 4501 2478 4577 profundum
2505 4497 2670 4555 inferi
2701 4495 3026 4568 contagione
3058 4489 3286 4565 peccati.
3318 4488 3455 4544 Nam
3475 4503 3601 4577 cum
3631 4487 3740 4577 Do-

2143 4573 2358 4650 minum
2385 4589 2452 4646 de
2485 4587 2653 4660 pinna
2681 4585 2873 4656 templi
2905 4581 3142 4654 dejicere
3169 4577 3392 4646 nititur,
3448 4575 3640 4649 utique
3669 4573 3740 4631 de

441 4660 760 4758 89_m_
786 4650 1070 4758 ΓθῙίείόΡίδ
1100 4660 1430 4758 οδδθτνδίίίξν
1595 4661 1859 4758 οπεῗίξδδῖη
1908 4661 2030 4716 Ῑ)⁰“
2062 4691 2110 4750 D
2143 4681 2387 4758 perfecto
2429 4650 2719 4750 religionis
2765 4650 2924 4731 cultu
2971 4650 3098 4728 eum
3139 4683 3421 4725 removere
3457 4671 3734 4732 conatur;

441 4750 580 4807 mini
635 4752 756 4824 (82)
811 4753 1024 4825 optavit
1073 4753 1241 4809 etiam
1273 4751 1569 4825 parricidio
1621 4751 1913 4824 mitigare:
1979 4757 2032 4808 et

439 4847 646 4914 quanta
671 4839 744 4898 sit
773 4841 1001 4899 resoluti
1030 4842 1191 4915 culpa
1208 4840 1432 4914 jejunii,
1459 4857 1580 4914 quae
1612 4856 1723 4897 non
1763 4839 1873 4897 nisi
1903 4855 2030 4895 san-

439 4927 622 5001 guinis
667 4930 935 4988 etfusione
970 4931 1220 5004 punitur.
1262 4931 1335 4987 Et
1378 4929 1425 4986 si
1467 4929 1726 5003 ignorans
1769 4928 2032 4985 Jonathas

439 5021 710 5078 indictum
746 5039 775 5078 a
822 5033 975 5094 patre
1001 5022 1278 5095 jejunium
1320 5021 1472 5098 quod
1516 5023 1826 5092 resolverit,
1861 5022 2030 5079 morti

437 5113 750 5171 addicitur:
798 5114 896 5188 qui
942 5115 1120 5172 sciens
1167 5115 1444 5176 indictum
1490 5132 1524 5172 a
1551 5115 1770 5174 Christo
1797 5114 2030 5172 resolvit

431 5203 730 5280 jejunium,
762 5205 898 5280 quid
926 5213 1166 5262 meretur
1184 5206 1213 5262 ?

505 5313 560 5370 6.
591 5314 758 5386 Ergo,
814 5313 1029 5382 fratres,
1095 5321 1362 5371 statutum
1425 5314 1586 5372 nobis
1653 5313 2029 5372 custodiamus

436 5403 588 5458 omni
617 5403 1000 5460 observatione
1019 5402 1317 5477 jejunium,
1347 5412 1408 5460 ut
1453 5403 1635 5460 hostes
1676 5413 1892 5460 nostros
1921 5403 2025 5476 spi-

508 5565 858 5638 (80),Omnes
899 5566 1057 5636 edit.,
1107 5561 1454 5638 perversitate
1501 5566 1758 5638 pervertit
1789 5583 1804 5634 ;
1833 5579 2026 5623 omnes

435 5651 564 5710 mss:
572 5679 592 5710 ,
606 5637 856 5710 falsitate
876 5637 1148 5710 pervertit.

506 5707 628 5778 (81)
677 5708 802 5764 Vet.
831 5707 965 5766 edit.
1032 5717 1086 5765 et
1115 5726 1220 5764 ms.
1243 5725 1407 5776 unus,
1430 5708 1576 5763 debes
1603 5709 1744 5780 quod
1774 5708 2026 5780 Christus

436 5779 647 5849 facere;
677 5780 861 5846 Rom,
884 5780 1004 5848 fecit
1032 5780 1239 5849 facere:
1275 5780 1368 5836 sed
1397 5796 1524 5835 cum
1538 5779 1796 5835 neutrum
1827 5779 2026 5836 horum

438 5849 736 5909 verborum
754 5849 931 5924 legere
949 5851 1022 5908 sit
1041 5851 1100 5908 in
1113 5851 1240 5907 aliis
1259 5867 1389 5909 mss.
1413 5851 1596 5918 lectio,
1611 5851 1818 5910 codicis
1837 5853 2024 5908 Germ.

2143 4776 2317 4850 pinna
2344 4771 2493 4830 enim
2529 4769 2638 4828 loci
2667 4764 2842 4824 sancti
2874 4761 3138 4837 perfectio
3167 4758 3412 4819 coelestia
3441 4765 3524 4814 est
3549 4771 3741 4814 sacra-

2144 4873 2460 5013 mgrltllecte
2507 4959 2690 5008 autem
2736 4944 3014 5004 Dominus
3060 4957 3225 5014 super
3264 4939 3492 5014 pinnam
3539 4934 3737 5009 templi

2138 5055 2280 5104 stare
2304 5045 2546 5111 dicitur;
2583 5039 2716 5115 quia
2745 5037 2814 5094 de
2846 5035 2966 5108 ipso
2985 5033 3273 5106 scriptnm'
3287 5035 3372 5086 est
3397 5046 3410 5086 :
3451 5053 3468 5077 ι
3489 5026 3594 5096 Qui
3621 5040 3738 5082 am-

2137 5137 2289 5193 bulat
2329 5149 2491 5206 super
2513 5145 2722 5204 pennas
2749 5132 3043 5182 ventorum
3067 5121 3240 5191 (Psal.
3267 5135 3383 5186 cm,
3413 5118 3493 5189 3).
3511 5141 3530 5164 ι
3561 5115 3739 5188 Super

2138 5241 2344 5300 pennas
2375 5205 2524 5278 enim
2553 5226 2847 5276 ventorum
2879 5210 3290 5288 quodammodo
3331 5206 3578 5300 ambulat
3626 5205 3736 5261 Do-

2137 5295 2342 5381 minus,
2373 5327 2496 5368 cum
2527 5323 2692 5380 super
2721 5320 2937 5361 morum
2967 5307 3286 5357 nostrorum
3306 5295 3474 5352 alacri
3503 5309 3737 5351 conver-

2135 5404 2344 5461 satione
2374 5401 2562 5458 volatu
2581 5394 2824 5462 incedit;
2859 5405 3054 5466 pennae
3079 5387 3228 5444 enim
3254 5383 3416 5441 nobis
3440 5391 3569 5440 sunt
3599 5382 3734 5439 boni

2137 5570 2592 5707 mﬁgflltgbliss.
2621 5646 2635 5696 ;
2666 5625 2800 5682 edit.
2823 5639 2974 5692 vero,
3007 5617 3338 5676 observantia
3355 5617 3448 5690 qui
3475 5617 3734 5690 offensum

2133 5707 2324 5846 1385335
2355 5713 2607 5833 egremiis
2643 5770 2825 5842 igitur,
2857 5775 2910 5846 et
2937 5763 3220 5840 sequentia
3249 5779 3397 5820 nunc
3431 5761 3673 5836 primum
3703 5779 3735 5820 e

2133 5840 2257 5908 cod.
2290 5840 2418 5906 Vat.
2447 5853 2502 5902 et
2529 5840 2713 5902 Germ.
2747 5840 3132 5898 restituuntur.
