3972 6370
189 491 294 555 669

1003 487 1378 551 SERMONES
1414 488 1472 546 S.
1511 484 1867 547 AMBROSIO
1906 483 2278 545 HACTENUS
2316 482 2653 542 ASCRIPTI.

3385 486 3490 546 670

188 636 385 688 mores,
410 619 506 695 qui
534 634 632 677 nos
660 618 900 677 elevatos
926 634 959 675 a
1001 623 1160 674 terras
1202 613 1511 673 humilibus
1571 613 1631 669 in
1659 611 1785 671 οωιὶ
1814 614 1865 675 Α
1890 587 2080 679 tutela,
2107 609 2202 683 qui
2226 607 2458 665 habetur
2487 607 2547 665 in
2600 623 2850 677 numero,
2887 616 2950 666 ut
3006 625 3196 668 errans
3238 610 3478 685 propriis

194 710 388 768 altiora
441 708 759 778 sustollant,
812 715 867 766 et
926 707 1115 763 volatu
1173 703 1412 780 quodam
1468 702 1669 761 mentis
1710 702 1778 760 de

144 793 397 869 itartaro
436 800 726 859 tenebroso
756 798 1018 868 educunt,
1067 805 1121 855 et
1172 796 1241 853 ad
1281 793 1520 869 paradisi
1565 810 1782 852 ammna

136 886 173 964 _]
194 890 519 964 perducunt.
568 890 811 960 Quorum
861 904 1077 946 morum
1129 903 1335 960 pennas
1389 886 1590 943 habere
1637 886 1781 942 Pro-

138 975 173 1053 Α
194 979 357 1053 pheta
380 980 693 1038 desiderans
721 980 830 1037 ait:
870 1003 889 1028 ι
916 978 1053 1047 Quis
1077 976 1231 1034 dabit
1248 976 1387 1033 mihi
1418 992 1624 1049 pennas
1638 975 1782 1033 sicut

194 1071 484 1139 columbae,
515 1079 569 1129 et
588 1070 784 1129 volabo
806 1079 859 1128 et
887 1068 1226 1143 requiescam
1259 1068 1448 1138 (Psal.
1490 1085 1603 1137 LIV,
1634 1067 1726 1137 7)?
1750 1092 1769 1116 ι

152 1155 367 1234 ξὸιιρθι·
395 1160 536 1217 hanc
563 1177 691 1234 ergo
712 1160 937 1234 pinnam
956 1157 1152 1231 templi
1202 1157 1451 1214 Salvator
1504 1164 1649 1213 stare
1684 1155 1783 1213 di-

150 1247 181 1325 ]
194 1250 358 1320 citur,
398 1250 505 1308 hoc
534 1259 634 1320 est,
667 1251 819 1325 quasi
843 1250 901 1306 in
926 1248 1168 1323 quodam
1190 1249 1398 1321 templo
1430 1247 1560 1304 ﬁdei
1580 1255 1782 1303 nostrae

193 1341 522 1410 consistere;
554 1339 700 1396 unde
729 1340 807 1395 ait
835 1338 1132 1412 Apostolus
1168 1355 1184 1394 :
1214 1337 1330 1396 Vos
1358 1338 1490 1395 estis
1510 1337 1782 1410 templum

98 1425 294 1502 cci—Dei
319 1430 456 1498 vivi,
494 1438 549 1487 et
576 1429 815 1502 Spiritus
842 1427 941 1486 Dei
970 1426 1185 1485 habitat
1202 1425 1262 1482 in
1291 1425 1451 1483 vobis
1471 1426 1529 1499 (Ι
1563 1428 1783 1497 Cor.m,

197 1521 354 1593 16)..
429 1534 437 1543 -

265 1611 319 1667 4.
350 1610 413 1667 In
439 1608 547 1666 hoc
575 1608 744 1682 igitur
769 1609 977 1681 templo
1010 1615 1162 1664 stans
1188 1607 1463 1665 Dominus
1495 1623 1598 1665 nec
1625 1622 1787 1664 rece-

232 1716 329 1757 ens
356 1703 503 1762 420
534 1696 782 1771 increpat
815 1697 1120 1766 diabolum,
1164 1697 1390 1755 dicens:
1448 1720 1467 1745 ι
1509 1697 1787 1769 Scriptum

116 1876 119 1879 Α
156 1795 277 1881 ιιξεει
297 1815 309 1853 :
332 1797 454 1854 Non
481 1795 723 1854 tentabis
740 1796 1040 1853 Dominum
1074 1796 1248 1853 Deum
1279 1806 1437 1853 tuum
1467 1795 1678 1866 (Matth.
1708 1813 1786 1866 iv,

170 1884 279 1960 17),
303 1910 323 1935 ι
365 1886 474 1945 hoc
517 1893 617 1956 est,
654 1901 766 1942 non
808 1884 1047 1942 tentabis
1083 1901 1234 1956 eum,
1269 1902 1432 1960 quem
1459 1893 1621 1959 putas
1653 1893 1792 1943 tan-

170 1888 279 1960 '7),
303 1910 323 1935 »
365 1886 474 1945 hoc
517 1893 617 1956 est,
654 1901 766 1942 non
808 1884 1047 1942 tentabis
1083 1901 1234 1956 eum,
1269 1902 1432 1960 quem
1459 1893 1621 1959 putas
1653 1893 1792 1943 tan-

271 1992 359 2032 am
386 1975 669 2031 hominem
706 1974 777 2031 ad
812 1973 1074 2031 inferiora
1102 1975 1444 2048 pellendum,
1480 1974 1576 2031 sed
1613 1973 1788 2048 magis

220 2081 457 2139 anquam
476 2067 653 2122 Deum
672 2070 727 2120 et
740 2063 1039 2120 Dominum
1062 2063 1243 2137 ipsum
1267 2063 1385 2136 (84)
1409 2063 1632 2121 noveris
1664 2062 1792 2121 ado-

196 2154 454 2212 randum.
485 2154 550 2210 In
578 2152 666 2209 his
686 2169 813 2226 ergo
837 2151 1179 2225 jejuniorum
1197 2152 1394 2210 diebus
1422 2161 1703 2212 tentamur
1727 2152 1792 2210 ad

195 2242 620 2301 similitudinem
642 2241 972 2310 Salvatoris;
1004 2242 1261 2299 similiter
1296 2242 1445 2299 enim
1473 2252 1527 2299 et
1568 2258 1671 2299 nos
1700 2240 1792 2299 bo-

156 2358 159 2367 -
197 2341 307 2391 stes
325 2332 504 2389 nostri
531 2332 599 2389 de
614 2332 785 2404 pinna
812 2331 1028 2405 templi,
1049 2331 1156 2389 hoc
1183 2340 1284 2401 est,
1316 2332 1384 2389 de
1414 2330 1792 2389 observatione

271 1992 359 2032 am
386 1975 669 2031 hominem
706 1974 777 2031 ad
812 1973 1074 2031 inferiora
1102 1975 1444 2048 pellendum,
1480 1974 1576 2031 sed
1613 1973 1788 2048 magis
1820 1985 1869 2046 Β

196 2154 454 2212 randum.
485 2154 550 2210 In
578 2152 666 2209 his
686 2169 813 2226 ergo
837 2151 1179 2225 jejuniorum
1197 2152 1394 2210 diebus
1422 2161 1703 2212 tentamur
1727 2152 1797 2210 ad

195 2242 620 2301 similitudinem
642 2241 972 2310 Salvatoris;
1004 2242 1261 2299 similiter
1296 2242 1445 2299 enim
1473 2252 1527 2299 et
1568 2258 1671 2299 nos
1700 2240 1798 2299 bo-

197 2341 307 2391 stes
325 2332 504 2389 nostri
531 2332 599 2389 de
614 2332 785 2404 pinna
812 2331 1028 2405 templi,
1049 2331 1156 2389 hoc
1183 2340 1284 2401 est,
1316 2332 1384 2389 de
1414 2330 1798 2389 observatione

197 2423 636 2498 Quadragesimae
665 2421 955 2480 deturbare
975 2431 1267 2499 conantur.
1308 2423 1453 2479 Dum
1508 2420 1658 2479 enim
1688 2429 1794 2478 ter-

200 2531 348 2571 rores
401 2514 678 2586 ingerunt,
728 2513 861 2570 dum
913 2512 1145 2570 insidias
1189 2520 1404 2586 parant,
1435 2511 1669 2585 cupiunt
1695 2528 1798 2570 nos

130 2600 159 2679 j
198 2603 267 2660 de
295 2620 420 2662 arce
445 2602 731 2677 religionis
758 2600 1047 2660 abducere.
1070 2602 1289 2660 Dicitur
1316 2608 1499 2659 autem
1522 2602 1601 2658 eis
1629 2619 1661 2658 a
1692 2603 1797 2658 Do-

200 2692 386 2750 mino:
419 2694 541 2751 Non
572 2693 857 2750 tentabitis
877 2700 1095 2750 sanctos
1123 2693 1276 2749 viros
1303 2701 1358 2750 et
1389 2691 1628 2749 famulos
1655 2691 1753 2749 Dei
1778 2711 1793 2761 ;

198 2800 337 2859 quos
361 2782 510 2840 enim
538 2791 801 2857 tanquam
828 2782 1069 2840 humiles
1106 2781 1514 2840 conculcandos
1567 2783 1795 2855 putatis,

199 2873 453 2933 sentietis
478 2882 741 2948 tanquam
771 2882 1024 2932 strenuos
1051 2872 1431 2934 honorandos.

273 2974 331 3032 5.
364 2973 504 3031 Sunt
537 2975 709 3045 enim,
757 2973 903 3032 sicut
933 2973 1076 3044 dixi,
1121 2975 1373 3049 plerique
1401 2973 1620 3045 fratres,
1662 2990 1800 3049 quos

204 3061 392 3121 hostes
433 3062 608 3121 nostri
635 3062 704 3121 de
758 3062 1090 3137 perfectione
1132 3062 1419 3137 religionis
1470 3064 1795 3122 abducunt:

200 3153 299 3229 qui
352 3153 484 3211 dum
545 3170 784 3228 praesens
812 3154 1019 3211 malum
1072 3161 1348 3223 metuunt,
1402 3160 1597 3228 putant
1624 3155 1799 3211 Deum

202 3253 403 3304 nostrai
460 3246 656 3304 salutis
701 3246 1103 3316 immemorem,
1135 3245 1440 3303 nescientes
1480 3245 1629 3320 quod
1655 3247 1801 3303 Deus

1888 708 2194 775 apportetu.
2227 699 2492 769 humeris,
2533 715 2601 756 ne
2631 699 2766 773 quid
2800 699 2868 757 de
2894 716 3124 759 numero
3172 701 3481 762 minuatur.

1887 794 2070 851 Nolite
2102 786 2229 866 ergb
2250 801 2460 866 putare,
2484 792 2696 859 fratres,
2720 792 2868 866 quod
2897 794 2983 850 vel
3014 792 3235 851 minimi
3299 795 3487 869 cujus-

1892 900 2055 958 quam
2106 883 2497 950 obliviscatur;
2548 884 2692 940 Deus
2717 885 2866 943 enim
2896 885 3144 943 omnium
3206 886 3485 957 meminit,

1892 982 2141 1039 omnium
2170 980 2517 1039 recordatur:
2540 988 2758 1039 tantum
2788 989 2850 1039 ut
2896 1000 3028 1052 non,
3060 984 3264 1043 nostris
3319 985 3492 1043 inter-

1893 1073 2245 1131 venientibus
2272 1074 2527 1148 peccatis,
2558 1073 2610 1131 ei
2639 1074 2908 1131 inferatur
2937 1075 3167 1136 oblivio.

2459 1204 2692 1263 SERMO
2735 1207 2940 1265 XXIII.

2248 1297 2326 1353 De
2355 1304 2541 1357 sancta
2567 1298 2992 1370 Quadragesima
3008 1298 3132 1356 VII.

1895 1407 1986 1462 Ea:
2021 1402 2089 1477 iis
2112 1419 2230 1477 qua:
2256 1404 2339 1459 hic
2366 1406 2615 1462 dicuntur
2641 1408 2702 1463 de
2719 1404 3161 1476 Quadragesima,
3184 1421 3490 1477 cognoscere

1966 1481 2040 1531 est
2066 1475 2215 1531 illius
2256 1477 2424 1550 ritum
2461 1480 2695 1534 nondum
2739 1475 3083 1550 communiter
3123 1475 3485 1550 idit‘emporis

1964 1553 2225 1620 receptum
2249 1546 2452 1616 fuisse:
2482 1551 2544 1605 de
2578 1550 2732 1618 cujus
2767 1550 2979 1620 quidem
3009 1546 3487 1605 diversitate—con—

1967 1619 2074 1674 suli
2088 1625 2258 1688 potest
2289 1620 2576 1677 Cassianus
2624 1619 2924 1687 Collfxxr,
2960 1620 3184 1691 cap.24,
3224 1627 3275 1676 et
3316 1622 3491 1679 Soza-

1968 1707 2147 1764 menus
2175 1690 2268 1764 lib.
2296 1709 2395 1758 νη,
2439 1709 2555 1763 cap.
2592 1694 2677 1750 19.
2708 1693 2859 1761 Quod
2904 1690 3095 1764 autem
3132 1692 3215 1764 hic
3263 1692 3486 1764 sexage-

1969 1762 2202 1835 simteac
2242 1762 2641 1835 Septuagesimte
2665 1765 2818 1819 nulla
2854 1764 2916 1835 ﬁt
2939 1763 3152 1835 mentio.
3194 1762 3334 1835 illud
3362 1762 3492 1835 sane

1972 1833 2165 1888 indicio
2194 1840 2267 1889 est
2293 1832 2451 1903 hujus
2480 1835 2738 1890 sermonis
2766 1852 2829 1890 ac
2854 1832 3202 1904 superiorum
3239 1832 3304 1889 14
3342 1840 3392 1888 et
3422 1833 3489 1891 15

1971 1912 2209 1961 auctores
2252 1906 2487 1961 diversos
2519 1907 2794 1962 exstitisse.
2839 1906 3144 1963 Intenditur
3170 1921 3293 1959 vero
3333 1905 3492 1960 etiam

1973 1978 2186 2048 querela
2208 1978 2462 2033 adversus
2487 1996 2589 2046 eos,
2631 1979 2723 2049 qui
2753 1995 2851 2049 per
2891 1976 3360 2049 Quadragesimam
3391 1978 3490 2033 al-

1975 2049 2137 2104 ternis
2168 2056 2371 2105 tantum
2415 2050 2747 2105 hebdomadis
2788 2049 3056 2118 jejunium
3101 2049 3399 2115 servabant,
3431 2049 3491 2102 in

1973 2137 2103 2193 quos
2139 2122 2384 2177 similiter
2410 2139 2642 2177 sermone
2670 2121 2770 2177 146
2793 2122 3058 2176 invehitur
3078 2192 3081 2193 ν
3103 2121 3293 2176 Petrus
3328 2121 3496 2190 Chry-

1972 2194 2199 2264 sologus.
2236 2195 2370 2250 Sunt
2402 2200 2659 2264 prwterea
2700 2194 2759 2248 in
2793 2193 2982 2264 quibus
3030 2192 3112 2247 hic
3158 2208 3328 2247 sermo
3381 2208 3498 2264 cum

1975 2263 2131 2337 serm.
2160 2265 2259 2321 145
2289 2272 2336 2320 et
2363 2263 2462 2321 147
2491 2265 2734 2337 Append.
2763 2263 2986 2337 August.
3013 2264 3145 2319 satis
3200 2263 3494 2337 conveniat,

1975 2343 2035 2391 ut
2061 2335 2199 2405 forte
2226 2337 2299 2392 ad
2333 2355 2515 2392 eorum
2541 2335 2828 2392 auctorem
2859 2335 3058 2406 referri
3105 2335 3273 2406 possit
3305 2352 3316 2390 :
3350 2342 3409 2390 at
3432 2352 3495 2390 ne

1976 2408 2113 2534 idertn
2145 2408 2414 2464 tribuatur
2461 2408 2741 2465 Ambrosio
2795 2414 2996 2476 nostra,
3030 2407 3166 2463 nihil
3192 2424 3299 2462 non
3326 2407 3489 2462 recla-

1976 2497 2063 2534 ma
2093 2523 2105 2534 .

1976 2497 2105 2536 mat.

1981 2608 2031 2663 1.
2061 2607 2328 2665 Nonnulli
2381 2607 2847 2677 Christianorum,
2894 2607 3113 2677 fratres,
3165 2604 3500 2663 aestimantes

1907 2714 1963 2756 se
1991 2697 2305 2756 divinitatis
2346 2706 2616 2773 praecepta
2669 2698 2979 2771 religiosius
3016 2697 3325 2767 observare,
3366 2714 3500 2771 prae-

1908 2788 2157 2846 termissa
2180 2789 2473 2846 devotione
2509 2789 2969 2862 Quadragesimas,
3012 2787 3170 2861 cujus
3215 2786 3381 2845 hodie
3408 2804 3500 2845 cu-

1908 2894 2092 2935 ramus
2122 2878 2435 2950 exordium,
2482 2879 3002 2953 Quinquagesimam
3031 2894 3088 2937 se
3143 2878 3321 2936 facere
3351 2893 3501 2935 men-

1907 2970 2155 3039 tiuntur;
2207 2988 2333 3029 cum
2393 2971 2452 3029 id
2486 2988 2663 3045 neque
2729 2972 2937 3029 divinis
2966 2970 3168 3028 litteris
3214 2970 3498 3044 jubeatur,

1908 3077 2085 3134 neque
2114 3060 2377 3119 traditum
2404 3062 2477 3119 sit
2505 3061 2829 3119 auctoritate
2861 3060 3152 3135 majorum.
3183 3061 3313 3118 Sola
3332 3060 3503 3134 igitur

1910 3150 2015 3208 hoc
2044 3150 2258 3209 faciunt
2274 3152 2445 3208 animi
2474 3152 2932 3226 praesumptione;
2964 3159 3018 3209 et
3045 3150 3178 3207 dum
3207 3159 3406 3225 putant
3443 3167 3499 3208 se

1909 3240 2163 3299 devotius
2199 3258 2378 3315 agere,
2422 3243 2857 3317 superstitiosius
2895 3251 3314 3300 conversantur.
3356 3240 3507 3299 Dicit

205 3335 419 3394 nullius
448 3344 530 3393 est
561 3334 853 3393 immemor
883 3353 898 3404 ;
925 3335 1019 3393 sed
1058 3335 1437 3393 immemorem
1487 3336 1647 3392 illum
1686 3352 1799 3392 no-
1838 3355 1881 3416 ο
1907 3346 1965 3389 se
1989 3330 2276 3389 observare
2296 3332 2841 3405 Quinquagesimam,
2874 3332 2968 3406 qui
2999 3332 3143 3389 forte
3194 3331 3501 3406 Quadrage-

205 3427 309 3485 stri
336 3436 466 3485 tunc
502 3425 757 3495 facimus,
784 3442 910 3483 cum
938 3442 1247 3500 peccamus.
1283 3424 1421 3484 Cum
1457 3426 1607 3483 enim
1652 3426 1798 3482 mala

208 3533 524 3591 operamur,
553 3516 754 3574 avertit
791 3516 1027 3586 faciem;
1068 3533 1194 3574 cum
1232 3516 1469 3573 nefanda
1496 3514 1795 3591 loquimur,

207 3625 397 3666 aurem
426 3607 702 3677 obstruit;
761 3615 817 3664 et
858 3607 982 3665 ideo
1028 3605 1524 3664 bonitatem-suam
1575 3621 1608 3661 a
1639 3601 1800 3661 nobis

206 3698 359 3755 Deus
399 3712 511 3754 non
556 3704 669 3753 tam
714 3696 829 3770 ipse
879 3695 1131 3762 retrahit,
1181 3712 1347 3770 quam
1396 3701 1583 3751 nostra
1639 3692 1799 3749 illum

207 3784 411 3843 delicta
464 3784 742 3858 rejiciunt.
806 3785 903 3842 Ait
952 3786 1100 3843 enim
1158 3785 1305 3844 idem
1363 3783 1637 3843 Dominus
1702 3798 1800 3855 per

208 3874 536 3951 prophetam
578 3873 667 3939 (ad
732 3890 824 3932 eos
876 3875 975 3950 qui
1030 3883 1185 3933 erant
1236 3875 1296 3931 in
1348 3871 1803 3932 tribulationibus

207 3964 499 4023 constituti
531 3981 544 4021 :
593 3987 612 4012 ι
637 3964 920 4039 Numquid
937 3980 1049 4022 non
1078 3965 1227 4023 valet
1242 3981 1438 4022 manus
1466 3980 1587 4021 mea
1614 3980 1803 4021 eruere

208 4071 311 4112 vos
354 4054 491 4128 (Isa.
525 4070 577 4124 ι,
608 4054 668 4128 2)
698 4054 728 4112 ‘i'
763 4078 783 4104 ι
823 4060 877 4111 et
903 4053 1137 4130 reliqua.
1175 4054 1347 4114 Vides
1389 4071 1517 4127 ergo
1543 4054 1805 4128 quoniam

210 4143 359 4201 inter
406 4145 584 4202 Deum
624 4151 678 4201 et
730 4142 1015 4202 hominem
1059 4155 1281 4220 peccata
1321 4156 1594 4221 separant.
1652 4146 1806 4202 Tolle

212 4233 386 4307 igitur
402 4239 623 4307 peccata
648 4234 717 4291 de
754 4233 959 4302 medio,
990 4242 1046 4292 et
1080 4237 1255 4293 Deum
1274 4236 1378 4293 tibi
1407 4235 1724 4311 proximum
1745 4242 1808 4292 tu

214 4322 416 4380 fecisti.

287 4423 341 4481 6.
377 4418 664 4491 Quomodo
692 4420 841 4479 enim
871 4429 1071 4496 potest,
1099 4423 1315 4495 fratres,
1358 4424 1614 4483 oblivisci
1634 4424 1812 4481 nostri

215 4515 382 4583 Deus,
415 4511 509 4587 qui
528 4511 695 4569 etiam
723 4511 952 4585 capillos
983 4514 1177 4587 capitis
1214 4516 1391 4573 nostri
1420 4517 1480 4573 in
1508 4515 1810 4589 Evangelia

215 4601 361 4678 apud
389 4617 445 4658 se
463 4599 601 4658 dicit
629 4616 744 4658 esse
768 4611 1087 4659 numeratos
1116 4604 1269 4677 (Luc.
1303 4620 1407 4673 xu,
1441 4605 1496 4676 7)
1515 4604 1543 4660 7
1564 4604 1621 4661 Si
1663 4604 1811 4662 enim

1905 3421 2100 3477 simam
2129 3422 2358 3495 implere
2388 3422 2487 3478 vix
2525 3421 2718 3494 possit.
2750 3422 2967 3478 Bonum
2997 3429 3078 3477 est
3111 3420 3335 3496 quidem
3366 3438 3496 3479 cun-

1907 3512 2010 3569 ctis
2041 3512 2382 3586 temporibus
2420 3511 2689 3585 jejunare,
2721 3510 2816 3568 sed
2863 3510 3061 3567 melius
3132 3510 3495 3585 Quadragesi-

1907 3618 2053 3658 mam
2075 3600 2326 3675 jejunare
2356 3619 2483 3659 cum
2523 3600 2777 3668 Christo;
2822 3600 2967 3658 hanc
3003 3598 3153 3657 enim
3191 3599 3506 3675 quadrage-

1909 3693 2103 3750 simam
2156 3692 2316 3749 nobis
2388 3692 2658 3750 Dominus
2701 3709 2800 3749 suo
2858 3691 3073 3765 jejunio
3140 3690 3502 3749 consecravit.

1910 3785 2197 3854 Quoddixi
2217 3785 2454 3858 jejunio,
2479 3804 2591 3845 non
2618 3786 2889 3859 jejuniis;
2937 3802 3114 3843 unum
3160 3786 3308 3842 enim
3348 3784 3509 3859 jeju—

1911 3874 2069 3931 nium
2115 3875 2340 3932 Domini
2389 3875 2517 3946 fuit,
2589 3874 2719 3949 quia
2757 3875 3091 3932 continuatis
3149 3873 3509 3950 quadraginta

1912 3964 2107 4022 diebus
2156 3973 2210 4022 et
2252 3964 2528 4036 noctibus,
2572 3965 2759 4024 cibum
2824 3964 3053 4021 omnino
3104 3981 3218 4022 non
3275 3962 3511 4038 sumpsit

1917 4054 2127 4126 (Matth.
2168 4072 2248 4125 1v,
2276 4054 2356 4129 2).

1986 4147 2038 4204 2.
2067 4146 2330 4221 Quisquis
2358 4164 2487 4222 ergo
2543 4146 2894 4207 Christianus
2937 4154 3309 4205 consecratam
3366 4144 3508 4220 jeju-

1916 4234 2100 4292 nando
2129 4251 2243 4293 non
2274 4236 2591 4310 impleverit
2632 4237 3135 4310 Quadragesimam,
3190 4235 3510 4309 praevarica-

1918 4324 2087 4381 tionis
2131 4334 2186 4382 et
2223 4326 2588 4385 contumacia:
2634 4318 2761 4400 reus
2791 4325 3089 4396 tenebitur,
3134 4325 3282 4400 quod
3337 4327 3512 4398 legem

1918 4414 2193 4472 divinitus
2225 4432 2324 4488 pro
2381 4419 2555 4476 salute
2609 4414 2708 4476 sui
2753 4417 2938 4475 datam
2989 4421 3130 4480 421
3194 4416 3514 4492 prandendo

1921 4513 2036 4587 ipse
2061 4512 2344 4571 rescindit.
2367 4514 2655 4573 Rescindis
2676 4514 2824 4572 enim
2854 4515 3049 4590 legem,
3081 4514 3176 4588 qui
3196 4513 3514 4587 exemplum

1916 4604 2118 4679 jejunii
2163 4605 2441 4664 Dominici
2482 4622 2595 4663 non
2641 4605 2902 4664 custodis.
2958 4604 3147 4674 Qualis
3189 4619 3322 4660 vero
3355 4602 3514 4660 Chri-

216 4695 545 4769 capillorum
574 4701 893 4752 nostrorum
948 4696 1223 4766 meminit,
1269 4698 1447 4754 multo
1496 4697 1673 4771 magis
1702 4715 1814 4754 no-
1844 4726 1892 4785 D
1921 4696 2135 4754 stianus
2160 4713 2237 4767 es,
2259 4713 2408 4768 cum,
2439 4695 2677 4754 Domino
2699 4694 3072 4769 jejunante,tu
3091 4692 3324 4767 prandes
3359 4691 3513 4765 (85)?

217 4792 459 4843 strarum
496 4783 808 4840 animarum
849 4784 1126 4842 meminit.
1171 4785 1274 4843 Per
1313 4801 1607 4844 numerum
1665 4786 1813 4844 enim

218 4895 409 4937 curam
440 4877 587 4935 circa
637 4893 739 4934 nos
784 4878 1334 4956 sollicitudinemque
1383 4881 1811 4955 cognoscimus:

220 4982 383 5025 nemo
410 4967 559 5025 enim
579 4975 853 5039 numerat,
885 4968 995 5025 nisi
1034 4971 1180 5044 quod
1211 4972 1334 5029 vult
1362 4971 1684 5045 diligentius
1719 4988 1815 5029 cu-

220 5059 463 5128 stodire;
496 5074 657 5117 nemo
686 5069 962 5130 numerat,
995 5061 1104 5118 nisi
1133 5062 1230 5136 qui
1258 5070 1502 5133 veretur,
1549 5077 1619 5120 ne
1670 5061 1816 5119 frau-

221 5151 347 5211 dem
401 5152 606 5226 absque
659 5168 890 5211 numero
944 5152 1203 5228 patiatur.
1256 5156 1444 5213 Pastor
1497 5164 1559 5214 ut
1600 5155 1815 5213 salvum

223 5258 436 5316 gregem
462 5241 678 5313 habeat,
726 5260 854 5301 eum
880 5243 1204 5319 frequenter
1248 5254 1575 5303 annumerat
1601 5289 1617 5315 ,
1649 5243 1817 5302 deni—

223 5347 329 5406 que
361 5330 651 5402 Dominus,
683 5332 780 5406 qui
806 5341 889 5391 est
916 5333 1097 5393 bonus
1124 5344 1329 5409 pastor,
1371 5352 1499 5394 cum
1530 5351 1642 5392 una
1695 5333 1816 5390 ovi-

223 5422 349 5480 cula
402 5422 470 5479 de
525 5432 748 5482 centum
802 5426 1002 5483 ovibus
1053 5427 1372 5497 aberrasset,
1416 5445 1705 5486 recurrens
1747 5427 1816 5484 ad

225 5526 544 5581 numerum,
575 5515 814 5587 propriis
852 5532 971 5573 eam
1009 5513 1077 5571 ad
1111 5533 1327 5590 gregem
1361 5515 1608 5575 humeris
1636 5532 1818 5591 repor-

225 5601 367 5659 tavit
396 5602 548 5674 (Luc.
575 5620 674 5671 xv,
703 5604 758 5674 4,
789 5605 869 5676 5).
905 5605 1084 5680 Usque
1118 5606 1253 5666 adeo
1274 5624 1401 5683 ergo
1456 5608 1689 5667 habetur
1718 5606 1819 5665 sub

301 5781 420 5865 (84)
447 5783 575 5864 Yet.
599 5782 733 5864 edit.
767 5802 892 5865 cum
914 5803 1017 5843 ms.
1040 5787 1316 5865 Yalliscl.,
1350 5796 1602 5865 tanquam
1653 5792 1823 5849 Deum

227 5861 277 5913 et
315 5855 573 5912 hominem
591 5855 786 5930 ipsum.
808 5858 929 5917 Non
959 5857 1091 5917 satis
1118 5867 1286 5920 recte.

1923 4795 2112 4864 Qualis
2142 4794 2490 4854 Christianus
2538 4811 2616 4864 es,
2664 4810 2812 4862 cum,
2872 4791 3092 4851 Christo
3121 4790 3514 4857 esuriente,,tu

1929 4884 2111 4943 reﬁcis
2139 4885 2168 4942 ?
2202 4884 2303 4943 Ille
2332 4901 2430 4958 pro
2455 4884 2629 4941 salute
2657 4890 2751 4938 tua
2787 4880 2988 4939 famem
3008 4880 3266 4949 sustinet,
3296 4886 3359 4958 tu
3413 4895 3512 4952 pro

1925 4974 2159 5047 peccatis
2183 4974 2295 5031 tuis
2318 4973 2569 5047 jejunare
2596 4970 2860 5028 formidas
2879 4970 2908 5028 ?
2963 4968 3142 5028 Dicite
3171 4968 3320 5028 enim
3349 4966 3516 5037 mihi,

1924 5064 2202 5139 interrogo
2227 5080 2326 5121 vos
2364 5063 2457 5139 qui
2488 5060 2547 5119 in
2568 5059 2995 5134 Quadragesima
3012 5058 3311 5134 prandetis,
3333 5058 3381 5117 si
3401 5072 3516 5115 non

1925 5158 1984 5216 in
2019 5157 2372 5218 conscientiis
2425 5155 2622 5212 vestris
2675 5154 2757 5211 rei
2811 5152 2964 5220 estis,
3011 5153 3160 5228 quod
3199 5151 3511 5210 abstinente

1925 5256 2123 5306 cuncto
2149 5247 2375 5321 populo,
2413 5262 2514 5303 vos
2561 5241 2664 5302 soli
2693 5250 2881 5303 contra
2915 5248 3249 5317 praeceptum
3289 5239 3514 5299 Domini

1926 5338 2200 5398 devoratis
2226 5338 2255 5396 7
2292 5338 2339 5395 si
2393 5354 2507 5395 non
2547 5335 2708 5394 vobis
2741 5335 2911 5392 rubor
2944 5342 3048 5403 est,
3078 5349 3207 5390 cum
3236 5331 3401 5389 exitis
3449 5331 3511 5389 in

1926 5427 2232 5500 publicum,
2261 5442 2330 5484 ne
2385 5426 2511 5501 quis
2555 5425 2714 5483 vobis
2764 5423 2988 5503 jejunus
3016 5430 3303 5481 occurrat:
3334 5429 3431 5479 aut
3468 5421 3516 5478 si

1928 5534 2041 5575 non
2076 5517 2347 5592 cogitatis,
2375 5534 2503 5576 cum
2533 5515 2602 5573 ad
2631 5515 2931 5573 Ecclesiam
2963 5510 3289 5587 proceditis,
3323 5528 3514 5588 quem-

1928 5606 2225 5666 admodum
2276 5624 2463 5682 pacem
2515 5606 2770 5681 episcopo
2846 5602 3170 5678 porrigatis;
3247 5616 3318 5659 ne
3372 5600 3516 5660 forte

2002 5790 2118 5863 (85)
2139 5790 2309 5863 Abest
2328 5807 2359 5845 a
2376 5788 2499 5847 cod.
2520 5787 2694 5862 Lugd.
2724 5795 2779 5845 et
2806 5785 3080 5855 Valliscl.,
3114 5783 3301 5858 Qualis
3323 5799 3512 5844 vero...

1932 5869 2059 5921 ...!u
2082 5862 2317 5937 prandes
2338 5863 2367 5922 1’
