3972 6392
373 424 476 482 671

1389 427 1486 482 AD
1524 425 1758 482 OPERA
1795 425 1851 483 S.
1887 427 2220 486 AMBROSII
2258 429 2638 488 APPENDIX.

3569 433 3680 494 672

373 547 494 624 ipso
521 548 722 623 spiritu
739 549 915 605 osculi
953 548 1123 605 vestri
1152 565 1250 606 vos
1279 549 1560 623 reprobetl
1593 551 1749 619 Quod
1779 551 1824 608 si
1846 551 1964 610 hac
1993 567 2042 626 Α
2071 561 2298 612 necatur
2351 556 2582 613 Saulus:
2629 557 2687 613 vi
2719 558 2974 615 vincatur
3015 561 3316 632 apostolus,
3348 560 3682 620 viviﬁcatur

372 639 515 697 forte
560 656 673 696 non
717 638 991 712 cogitatis,
1030 639 1263 696 forsitan
1323 640 1678 697 vehementer
1728 642 1960 710 erratis;

370 731 514 788 scire
549 729 697 787 enim
719 728 954 798 debetis,
992 745 1120 786 cum
1167 729 1226 787 in
1277 729 1719 803 Quadragesima
1775 731 1969 788 diebus

365 817 562 892 jejuno
596 833 828 892 pransus
869 817 1130 887 occurrit,
1163 834 1275 875 non
1319 817 1458 876 bene
1513 818 1582 875 de
1611 819 1710 876 illo
1728 817 1964 891 judicat,

373 907 469 981 qui
500 905 738 980 jejunat.

444 1017 498 1074 3.
529 1016 646 1073 Hoc
702 1014 852 1072 enim
887 1015 1010 1072 ideo
1046 1014 1194 1084 dico,
1244 1015 1373 1089 quia
1415 1015 1582 1073 audio
1633 1015 1966 1088 complures,

370 1106 518 1181 quod
546 1107 765 1182 gravius
793 1115 898 1178 est,
926 1107 1114 1164 ﬁdeles
1169 1106 1397 1163 alternis
1424 1106 1484 1162 in
1527 1104 1958 1178 Quadragesima

372 1197 732 1257 hebdomadis
790 1198 1084 1266 abstinere,
1138 1205 1192 1253 et
1239 1205 1617 1253 consecratum
1659 1195 1820 1250 illum
1853 1194 1965 1250 die-

370 1304 494 1344 rum
547 1304 841 1344 numerum
895 1287 1036 1360 gula
1087 1285 1511 1358 intemperantia
1574 1283 1803 1352 violare,
1863 1282 1970 1338 hoc
2014 1320 2018 1324 -

370 1387 472 1448 est,
503 1380 772 1453 prandere
809 1387 1015 1451 septem
1072 1376 1290 1434 dierum
1323 1375 1623 1444 curriculo,
1655 1383 1710 1432 et
1757 1381 1966 1446 septem

371 1467 585 1524 dierum
622 1466 799 1540 spatio
821 1465 1096 1539 jejunare.
1120 1465 1332 1534 Quibus
1360 1465 1467 1522 hoc
1493 1465 1640 1534 dico,
1671 1481 1770 1522 cur
1799 1463 1966 1520 etiam

371 1572 468 1630 per
501 1557 628 1613 illos
652 1565 859 1628 septem
887 1556 1004 1612 dies
1033 1555 1283 1612 fraudem
1312 1554 1419 1610 sibi
1457 1554 1662 1611 faciant
1694 1553 1968 1626 jejunan-

369 1645 464 1712 do,
493 1662 619 1702 cum
659 1645 773 1701 illis
819 1643 1094 1717 jejunium
1142 1645 1252 1700 tale
1295 1661 1404 1700 non
1431 1644 1662 1718 prosit?
1701 1642 1967 1712 Quamvis

369 1739 519 1796 enim
565 1739 837 1798 abstineat
880 1738 1004 1814 quis
1042 1739 1208 1796 certis
1261 1736 1476 1805 diebus,
1510 1734 1764 1810 quamvis
1817 1735 1965 1792 cibo-

370 1850 492 1890 rum
522 1833 774 1892 dulciora
828 1833 1093 1890 alimenta
1123 1849 1237 1890 non
1267 1839 1466 1903 sumat,
1515 1848 1628 1889 non
1657 1840 1843 1887 tamen
1880 1829 1966 1886 illi

2073 641 2278 715 justus,
2323 645 2644 702 viviﬁcatur
2697 656 2751 704 et
2803 647 3027 706 Paulus.
3083 651 3264 724 Usque
3309 649 3444 707 adeo
3491 657 3678 708 autem

2079 734 2320 807 perdidit
2360 743 2601 792 veterem
2645 754 2771 795 cum
2818 739 3034 796 actibus
3076 740 3198 797 suis
3255 740 3562 811 hominem,
3613 747 3680 798 ut

2078 841 2204 882 cum
2256 826 2502 883 moribus
2545 835 2782 885 mutaret
2819 839 2872 888 et
2909 847 3132 888 nomen.
3166 831 3430 906 Quisquis
3461 848 3590 906 ergo
3615 831 3678 888 in

2079 913 2182 970 hac
2225 913 2519 972 devotione
2587 917 3026 992 Quadragesima
3064 918 3361 977 Dominica
3419 920 3682 978 mandata

2078 1003 2400 1072 servaverit,
2430 1005 2716 1063 necabitur
2743 1007 2802 1064 in
2832 1025 2896 1064 eo
2926 1008 3198 1067 diabolica
3223 1009 3499 1084 impietas,
3531 1027 3678 1084 apo—

2077 1092 2270 1148 stolica
2325 1102 2508 1150 autem
2554 1096 2924 1153 reservabitur
2970 1099 3172 1171 gratia;
3232 1108 3287 1156 et
3375 1099 3680 1158 succedens

2077 1184 2482 1258 quodammodo
2520 1186 2628 1244 sibi
2678 1187 2812 1260 ipse,
2861 1191 3098 1246 moritur
3131 1207 3200 1246 ex
3243 1207 3308 1247 ea
3363 1201 3518 1265 parte
3565 1207 3680 1265 qua

2078 1284 2332 1345 peccator
2373 1283 2475 1344 est,
2521 1276 2838 1336 viviﬁcatur
2886 1297 2955 1336 ex
2985 1281 3081 1336 illa
3131 1289 3291 1354 parte
3335 1297 3446 1355 qua
3476 1281 3666 1355 justus

2077 1373 2181 1420 est.

2146 1454 2200 1510 5.
2236 1454 2535 1513 Videamus
2579 1459 2745 1514 etiam
2780 1459 2827 1514 si
2869 1459 3004 1517 alibi
3056 1460 3116 1516 in
3158 1459 3460 1534 Scripturis
3520 1461 3675 1518 hunc

2077 1545 2372 1618 mysticum
2405 1547 2830 1623 quadragesima
2860 1568 3152 1609 numerum
3197 1553 3472 1627 possimus
3502 1552 3681 1610 inve-

2075 1638 2214 1695 nire.
2239 1638 2491 1711 Legimus
2528 1643 2676 1716 quod
2704 1651 2924 1701 sanctus
2956 1646 3174 1717 Moyses
3219 1646 3278 1702 in
3321 1662 3506 1704 eremo
3541 1662 3674 1720 qua-

2075 1725 2330 1799 draginta
2372 1745 2645 1785 annorum
2706 1732 2986 1789 curriculo
3047 1733 3192 1790 ﬁlios
3247 1735 3413 1792 Israel
3461 1735 3676 1792 caelesti

2066 1833 2277 1873 .manna
2305 1817 2566 1874 nutrierit
2605 1820 2812 1891 (Exod.
2852 1839 2972 1890 xvr,
3023 1823 3140 1894 35).
3176 1823 3365 1879 Bonus
3413 1840 3541 1896 ergo
3573 1841 3677 1882 nu-

369 1931 592 1996 ειοοεριο
637 1923 813 1982 fel-tur
853 1924 970 1999 (86)
1017 1923 1459 1996 Quadragesima,
1513 1921 1810 1995 jejunium,
1868 1917 1963 1992 qui
1998 1913 2045 1974 Β
2079 1923 2282 1976 merus,
2310 1907 2406 1982 qui
2437 1925 2651 1981 semper
2678 1912 2880 1968 coelum
2909 1913 3120 1985 aperit:
3171 1911 3372 1982 bonus,
3424 1913 3674 1987 inquam,

369 2029 481 2070 non
505 2014 702 2072 diebus
730 2016 1091 2090 quadraginta
1124 2014 1362 2089 jejunat.
1412 2014 1586 2071 Pudet
1615 2013 1818 2080 dicere,
1885 2025 1963 2066 se-

369 2120 468 2160 nes
495 2111 549 2159 et
575 2104 808 2161 anicula
839 2104 1324 2177 Quadragesimam
1360 2103 1576 2159 faciunt
1601 2119 1612 2158 :
1647 2100 1884 2172 juvenes
1911 2108 1966 2156 et

364 2191 682 2265 juveucula
729 2209 842 2248 non
882 2192 1096 2249 faciunt
1134 2192 1274 2265 (87).
1300 2191 1465 2249 Omni
1497 2191 1667 2261 igitur
1685 2189 1957 2245 sollicitu-

370 2278 501 2336 dine
526 2288 743 2354 tempus
783 2279 1213 2336 sacratissimum
1259 2279 1620 2346 celebremus,
1652 2292 1766 2332 non
1815 2292 1966 2348 pra-

369 2375 542 2424 tereat
591 2383 692 2424 nos
738 2367 857 2424 dies
905 2367 1108 2442 absque
1152 2367 1386 2441 jejunio,
1434 2382 1547 2423 non
1578 2382 1680 2422 nos
1725 2373 1966 2421 transeat

369 2473 481 2514 una
517 2455 862 2513 hebdomada
907 2456 1112 2530 absque
1160 2455 1388 2530 vigiliis.
1449 2456 1548 2511 Ille
1611 2454 1762 2510 enim
1829 2453 1964 2510 facit

372 2545 877 2618 Quadragesimam,
905 2545 999 2620 qui
1025 2545 1330 2619 jejunando
1362 2553 1416 2601 et
1449 2543 1732 2618 vigilando
1761 2559 1963 2600 ascen-

371 2636 456 2693 dit
483 2635 706 2709 pascha.
743 2635 879 2692 Nam
920 2635 1065 2692 sicut
1103 2634 1318 2710 reliquo
1347 2650 1493 2690 anno
1525 2632 1780 2706 jejunare
1823 2651 1957 2708 pra-

370 2723 546 2782 mium
579 2731 683 2794 est,
721 2723 800 2780 ita
841 2725 900 2780 in
939 2723 1368 2796 Quadragesima
1403 2738 1516 2778 non
1546 2721 1800 2794 jejunare
1826 2739 1966 2795 pec-

369 2823 551 2873 catum
583 2823 696 2884 est;
744 2815 840 2872 illa
889 2815 1038 2872 enim
1080 2814 1396 2872 voluntaria
1423 2821 1552 2870 sunt
1590 2811 1824 2885 jejunia,
1861 2811 1966 2868 ista

371 2905 710 2963 necessaria:
744 2903 842 2962 illa
871 2903 939 2962 de
967 2904 1200 2962 arbitrio
1227 2903 1484 2968 veniunt,
1512 2902 1617 2959 ista
1637 2902 1703 2959 de
1733 2901 1875 2976 lege:
1896 2900 1964 2957 ad

370 2994 468 3051 illa
495 2993 823 3062 invitamur,
854 2991 923 3048 ad
950 2991 1056 3049 ista
1083 2991 1496 3066 compellimur.

439 3099 493 3158 4.
527 3099 632 3158 Sed
651 3099 941 3157 videamus
970 3099 1072 3156 iste
1123 3099 1483 3173 quadraginta
1535 3097 1752 3156 dierum
1791 3113 1964 3155 sacra-

369 3189 620 3248 tissimus
650 3205 916 3247 numerus
943 3187 1090 3247 unde
1135 3187 1336 3246 habere
1375 3186 1602 3262 coeperit
1647 3186 1961 3245 exordium.

2073 2014 2357 2068 numerus,
2387 2018 2485 2074 per
2520 2017 2683 2074 quem
2707 2000 2933 2074 justitia
2977 2003 3092 2059 Noe
3139 2003 3410 2072 salvatur,
3433 2011 3490 2060 et
3509 2005 3674 2060 Israel

2074 2085 2178 2142 ﬁlii
2208 2089 2549 2161 saginantur.
2605 2090 2759 2147 Unde
2788 2099 2844 2148 et
2872 2107 2978 2147 nos
3007 2091 3366 2148 observemus
3397 2092 3546 2150 hunc
3574 2109 3676 2149 nu-

2074 2195 2310 2247 merum,
2332 2189 2394 2236 ut
2431 2181 2754 2253 aperiuntur
2783 2182 2946 2239 nobis
2984 2182 3131 2250 cali,
3173 2191 3444 2256 quatenus
3473 2191 3526 2240 et
3553 2184 3674 2257 plu-

2073 2267 2166 2323 via
2198 2285 2298 2324 nos
2345 2269 2530 2342 gratia
2567 2271 2812 2343 spirtalis
2851 2272 3070 2342 irroret,
3102 2279 3157 2328 et
3209 2271 3546 2345 spiritalium
3589 2290 3675 2332 sa-

2073 2366 2478 2414 cramentorum
2524 2376 2730 2416 manna
2777 2361 3020 2428 reﬁciat;
3053 2362 3228 2418 instar
3267 2362 3416 2418 enim
3456 2371 3674 2436 patrum

2072 2454 2390 2503 nostrorum
2419 2447 2524 2506 hac
2543 2449 2931 2506 observatione
2956 2449 3384 2524 quadragesima
3426 2459 3481 2508 et
3511 2450 3676 2523 justi-

2073 2535 2304 2592 ﬁcamur
2347 2541 2494 2600 422
2539 2545 2594 2594 et
2631 2537 2953 2610 pascimur:
2991 2537 3366 2612 justiﬁcamur
3428 2541 3672 2612 lavacro,

2073 2633 2350 2705 pascimur
2369 2637 2745 2692 sacramentis.

2143 2737 2196 2794 6.
2232 2737 2335 2796 Sed
2366 2738 2514 2797 dicet
2545 2741 2765 2814 aliquis,
2797 2740 2944 2800 ﬁlios
2959 2742 3124 2800 Israel
3156 2744 3215 2800 in
3235 2759 3420 2801 eremo
3449 2743 3676 2818 quando

2075 2843 2276 2884 manna
2303 2829 2533 2886 saturati
2573 2838 2721 2898 sunt,
2753 2830 2983 2889 minime
3005 2831 3302 2905 jejunasse.
3335 2833 3452 2906 Ego
3488 2841 3673 2890 autem

2074 2916 2200 2973 dico
2218 2918 2343 2974 illos
2362 2935 2474 2976 non
2496 2919 2603 2978 nisi
2617 2920 2966 2978 abstinentia
2979 2929 3114 2978 tunc
3125 2931 3530 2997 vacasse,atque
3546 2923 3675 2980 ideo

2073 3007 2310 3066 caelestis
2339 3010 2618 3068 alimonia
2647 3012 2877 3084 gratiam
2910 3012 3174 3070 meruisse
3207 3031 3220 3069 :
3254 3012 3519 3085 primum,
3538 3015 3676 3090 quia

2075 3095 2352 3154 desertum
2385 3116 2547 3156 omne
2571 3098 2848 3173 jejunium
2863 3110 2996 3175 .est;
3035 3101 3164 3175 quia
3185 3102 3438 3160 anxietas
3457 3103 3670 3160 solitu-

2077 3185 2352 3260 dinis(88)
2384 3189 2889 3262 concupiscentiam
2921 3190 3141 3264 repellit
3155 3209 3437 3250 escarum:
3468 3193 3668 3251 deinde

369 3278 624 3352 Legimus
669 3279 914 3352 primum
954 3278 1013 3334 in
1059 3277 1245 3336 Veteri
1293 3278 1640 3334 Testamento
1667 3277 1781 3335 Noe
1827 3286 1960 3335 tem-
1989 3266 2040 3332 C
2073 3278 2129 3334 in
2152 3296 2336 3337 eremo
2365 3281 2511 3338 unde
2542 3290 2810 3340 accurata
2829 3283 3006 3355 epula
3027 3283 3056 3339 ?
3081 3283 3228 3340 unde
3255 3284 3390 3340 vina
3452 3284 3668 3359 pretio-

366 3368 618 3442 poribus,
656 3385 784 3427 cum
812 3384 976 3426 omne
1007 3383 1176 3442 genus
1211 3367 1502 3424 hominum
1538 3368 1801 3425 scelerata
1857 3367 1960 3424 ini-

366 3459 548 3534 quitas
587 3468 924 3534 occupasset,
970 3467 1054 3518 tot
1115 3459 1334 3516 dierum
1393 3475 1624 3516 numero
1671 3458 1960 3532 patefactis

367 3551 657 3610 cataractis
700 3553 829 3610 cali
875 3567 1143 3626 aquarum
1197 3549 1414 3624 pluvias
1457 3549 1753 3607 deﬂuxisse
1798 3549 1953 3623 (Gen.

363 3658 468 3712 vn,
499 3641 614 3712 12),
646 3647 702 3698 et
746 3641 1014 3714 mysterio
1056 3640 1295 3714 quodam
1343 3639 1768 3714 quadragesima
1799 3639 1958 3695 inun-

365 3730 586 3788 datione
624 3730 747 3788 orbi
777 3738 1051 3787 terrarum
1112 3729 1274 3800 facta,
1324 3746 1436 3787 non
1502 3737 1615 3786 tam
1681 3728 1958 3786 diluvium

365 3839 530 3898 quam
557 3821 892 3896 baptismum
934 3823 1250 3896 contigisse.
1287 3821 1602 3895 Baptismus
1639 3821 1801 3893 plane
1828 3819 1957 3889 fuit,

365 3925 462 3984 per
481 3909 630 3985 quod
658 3909 717 3966 in
747 3911 1128 3984 peccatoribus
1157 3911 1424 3985 iniquitas
1469 3910 1684 3966 sublata
1710 3917 1814 3976 est,
1841 3909 1958 3966 Noe

361 4000 579 4074 justitia
605 4011 946 4060 conservata.
981 4004 1063 4059 Ita
1091 4019 1216 4076 ergo
1247 4010 1301 4059 et
1321 4002 1485 4059 modo
1500 4002 1660 4059 nobis
1689 4002 1960 4060 Dominus

367 4089 436 4148 ad
463 4090 636 4147 instar
681 4091 836 4148 illius
869 4091 1133 4165 temporis
1165 4091 1646 4163 Quadragesimam
1691 4090 1862 4158 dedit,
1898 4097 1961 4146 ut

365 4179 668 4252 constituto
699 4180 916 4238 dierum
945 4197 1197 4250 numero,
1250 4179 1534 4253 patefactis
1562 4179 1738 4244 calis,
1769 4178 1962 4252 pluvia

369 4285 466 4326 nos
511 4268 904 4326 misericordia
945 4269 1184 4326 caelestis
1227 4267 1448 4336 irroret,
1487 4276 1542 4324 et
1598 4266 1960 4322 inundatione

367 4359 512 4416 facta
539 4375 636 4433 per
661 4357 999 4433 baptismum
1031 4356 1237 4414 lavacri
1266 4355 1522 4413 salutaris
1553 4372 1652 4411 nos
1681 4354 1858 4412 imber
1896 4355 1959 4412 il-

368 4450 626 4508 luminet:
661 4458 716 4507 et
740 4449 884 4506 sicut
920 4456 1056 4505 tunc
1101 4448 1310 4505 factum
1367 4455 1450 4503 est
1477 4462 1746 4520 aquarum
1779 4445 1963 4502 ﬂucti-

367 4541 492 4609 bus,
521 4541 909 4615 exstinguatur
935 4556 1086 4597 nunc
1114 4539 1172 4595 in
1204 4538 1368 4596 nobis
1395 4538 1726 4595 delictorum
1757 4537 1961 4612 iniqui-

2069 3369 2170 3426 sa?
2226 3369 2374 3427 unde
2411 3371 2776 3444 quadraginta
2821 3388 3094 3428 annorum
3141 3379 3386 3446 tempore
3451 3373 3668 3447 qualis-

2069 3475 2286 3533 cunque
2315 3459 2672 3518 substantia?
2698 3461 3068 3536 Intelligimus
3113 3479 3240 3536 ergo
3276 3461 3552 3537 jejunasse
3590 3463 3668 3520 ﬁ-

2072 3550 2174 3607 lios
2205 3552 2370 3608 Israel
2397 3570 2410 3621 ;
2443 3552 2574 3626 quia
2599 3553 2982 3626 cognoscimus
3011 3554 3124 3611 illis
3160 3571 3408 3612 escarum
3452 3555 3662 3629 copiam

2069 3638 2331 3707 defuisse,
2361 3649 2415 3698 et
2433 3649 2568 3699 tunc
2588 3644 2886 3716 sumpsisse
2913 3643 3124 3714 cibum,
3152 3643 3372 3719 quando
3399 3645 3659 3720 largienti

2068 3731 2306 3788 Domino
2353 3733 2668 3804 placuisset.
2713 3733 2858 3790 Satis
2913 3744 3097 3792 autem
3139 3735 3238 3792 diu
3276 3734 3510 3808 jejunat,
3565 3735 3658 3810 qui

2067 3836 2195 3876 cum
2224 3819 2430 3878 Christi
2471 3821 2755 3878 voluntate
2784 3839 2841 3880 se
2879 3823 3078 3881 reﬁcit.
3128 3825 3309 3898 Usque
3339 3825 3476 3882 adeo
3532 3841 3667 3882 vero

2067 3909 2402 3968 abstinentia
2426 3910 2674 3966 ﬁliorum
2703 3912 2866 3968 Israel
2898 3912 2957 3967 in
2995 3929 3180 3970 eremo
3225 3915 3434 3986 placuit
3481 3915 3664 3972 Salva-

2066 3998 2197 4066 tori,
2229 4007 2291 4055 ut
2324 4000 2687 4072 quorumdam
2709 4000 2873 4055 etiam
2892 3999 3038 4058 inter
3065 4002 3212 4074 ipsos
3245 4003 3668 4076 intemperantia

2069 4095 2383 4151 notaretur;
2422 4087 2500 4144 ita
2542 4095 2605 4144 ut
2653 4087 2904 4161 quisquis
2932 4089 3152 4146 avidior
3168 4089 3402 4163 duplum
3451 4107 3669 4148 manna

2069 4176 2256 4234 cibum
2301 4177 2406 4233 sibi
2443 4178 2756 4250 collegerat,
2788 4177 2882 4234 hic
2906 4177 3011 4236 hac
3039 4177 3245 4252 injuria
3280 4179 3562 4251 feriretur,
3603 4188 3670 4238 ut

2069 4284 2182 4324 non
2209 4274 2323 4323 tam
2354 4267 2540 4324 cibum
2566 4268 2670 4324 sibi
2705 4268 3052 4326 inveniretur
3079 4285 3345 4338 servasse,
3369 4287 3531 4344 quam
3545 4287 3666 4328 ver-

2071 4378 2186 4418 mes
2211 4379 2221 4417 :
2254 4360 2466 4417 scilicet
2496 4368 2557 4417 ut
2587 4361 2718 4435 quia
2753 4378 2918 4434 supra
2941 4361 3278 4419 moderatam
3309 4363 3665 4421 refectionem

2070 4449 2444 4522 concupierat,
2475 4451 2628 4506 velut
2652 4450 2896 4507 stimulis
2941 4451 3273 4525 quibusdam
3316 4452 3668 4511 conscientia

2070 4537 2129 4594 in
2159 4555 2367 4595 morem
2399 4538 2675 4596 vermium
2695 4547 3001 4612 urgeretur.

367 4638 468 4702 tas,
510 4633 782 4689 virtutum
815 4631 1035 4704 justitia
1080 4637 1460 4687 conservetur.
1489 4630 1612 4702 Ipsa
1646 4629 1795 4686 enim
1836 4646 1956 4702 qua
1989 4623 2041 4684 D
2143 4638 2194 4693 7,
2226 4636 2400 4709 Igitur
2425 4643 2480 4693 et
2525 4654 2644 4707 nos,
2675 4637 2892 4708 fratres,
2943 4639 3312 4697 observantes
3361 4637 3670 4712 Quadi-age.

367 4729 470 4788 sub
508 4729 646 4798 Noe,
673 4737 730 4786 et
758 4726 923 4784 modo
966 4725 1204 4782 vertitur
1247 4724 1420 4793 ratio;
1450 4724 1760 4798 baptismus
1808 4725 1960 4782 enim

369 4819 642 4895 peccaturi
673 4817 952 4874 diluvium
991 4825 1093 4884 est,
1157 4815 1494 4874 consecratio
1546 4823 1628 4871 est
1661 4813 1831 4871 ﬁdeli.
1864 4815 1966 4872 Per

369 4913 650 4968 lavacrum
686 4910 834 4966 enim
891 4907 1119 4965 Domini
1169 4908 1413 4964 salvatur
1454 4904 1694 4979 justitia,
1736 4913 1966 4964 necatur

371 4997 669 5071 injustitia:
702 4998 852 5072 quod
872 4997 930 5054 in
968 5015 1081 5054 uno
1101 4998 1403 5072 eodemque
1435 4995 1668 5068 factum
1713 4995 1966 5052 videmus

369 5087 618 5162 apostolo
645 5087 836 5156 Paulo,
882 5088 978 5161 qui
1008 5087 1328 5160 priusquam
1377 5085 1665 5159 praceptis
1705 5085 1964 5158 spiritali-

370 5178 474 5234 bus
535 5176 834 5244 lavaretur,
905 5184 1022 5233 erat
1081 5175 1437 5249 blasphemus
1501 5183 1838 5248 persecutor,
1911 5183 1966 5230 et

370 5268 602 5336 Saulus;
643 5275 700 5325 at
744 5265 839 5322 ubi
887 5265 1078 5339 pluvia
1122 5283 1286 5340 super
1323 5283 1449 5324 eum
1483 5265 1689 5322 lavacri
1719 5263 1964 5320 calestis

371 5358 619 5428 influxit,
658 5364 887 5414 necatur
936 5355 1311 5429 blasphemus,
1352 5365 1581 5413 necatur
1626 5362 1964 5429 persecutor,

445 5577 562 5649 (86)
611 5577 799 5636 Codex
823 5576 1102 5647 Valliscl.,
1149 5594 1256 5635 non
1287 5583 1459 5634 tanien
1511 5575 1661 5633 illius
1705 5584 1968 5650 acceptum

371 5649 568 5720 fertur,
591 5655 697 5706 etc.
1175 5669 1183 5676 ’
1820 5649 1827 5650 “

445 5720 562 5794 (87)
585 5721 666 5776 Ita
692 5719 826 5776 edit.
850 5739 869 5786 ;
889 5719 1180 5794 codavero
1211 5720 1387 5794 Lugd.
1419 5728 1477 5778 et
1513 5721 1786 5789 Valliscl.,
1833 5719 1967 5776 diei-

375 5799 445 5850 m
463 5791 899 5863 juvenesquenon
926 5791 1154 5863 faciunt.

2073 4728 2225 4784 sima
2252 4727 2574 4800 quotidiana
2609 4734 2662 4782 et
2705 4727 2986 4784 moderata
3025 4727 3264 4802 jejunia,
3309 4735 3365 4786 et
3406 4735 3669 4802 tanquam

2073 4817 2132 4873 in
2181 4833 2364 4872 eremo
2402 4815 2715 4882 constituti,
2758 4815 2902 4872 nihil
2945 4816 3274 4875 deliciarum
3320 4817 3668 4875 sacularium

2073 4906 2396 4978 cogitemus,
2416 4906 2571 4962 nulla
2598 4923 2699 4962 nos
2729 4905 3096 4978 cupiditatum
3146 4907 3517 4981 corporalium
3548 4905 3670 4963 dul-

2073 4996 2208 5054 cedo
2240 4994 2520 5052 sollicitet.
2578 4995 2763 5052 Simus
2797 4994 2992 5065 sobrii,
3028 4997 3202 5052 simus
3241 4995 3410 5064 casti;
3466 4994 3670 5052 haben-

2073 5095 2154 5145 tes
2173 5087 2395 5161 quidem
2427 5085 2906 5144 conversationem
2923 5086 2980 5142 in
3011 5087 3262 5156 urbibus,
3294 5085 3672 5158 possideamus

2077 5185 2260 5234 mente
2285 5177 2582 5232 desertum.
2607 5199 2613 5204 -
2641 5176 2697 5232 Si
2741 5176 2816 5232 ita
2873 5175 3212 5232 abstinentes
3241 5176 3534 5248 egerimus,
3561 5175 3672 5232 erit

2074 5275 2137 5324 ut
2161 5266 2398 5323 caelestis
2468 5281 2682 5322 manna
2726 5265 3040 5322 reﬁciamur
3085 5264 3369 5334 alimonia,
3400 5274 3454 5323 et
3499 5265 3672 5321 nullis

2075 5355 2348 5412 vermium
2383 5354 2624 5412 stimulis
2644 5370 3098 5428 compungamur.
3639 5359 3644 5364 ’

2150 5576 2268 5643 (88)
2310 5575 2434 5632 Vet.
2457 5574 2589 5632 edit.
2625 5589 2772 5630 cum.
2795 5589 2896 5627 ms.
2912 5571 3185 5640 Valliscl.,
3204 5572 3298 5642 qui
3310 5572 3555 5628 anxietas
3568 5574 3672 5628 sol-

2080 5647 2402 5775 ξξῗὲἇιςίἱῃὶω
2425 5646 2620 5703 melius
2650 5644 2782 5701 edit.
2808 5645 2966 5702 Rom.
2999 5660 3125 5701 cum
3163 5643 3290 5703 cod.
3332 5643 3555 5718 Lugd...
3588 5661 3673 5700 so-

2100 5738 2118 5774 t
2216 5736 2338 5774 mis.
