3972 6368
256 391 364 450 673

818 533 1051 593 SERMO
1080 535 1284 593 XXIV.

590 633 670 688 De
695 640 884 689 sancta
910 631 991 700 Qu
1002 632 1342 705 adragesima
1370 633 1522 690 VIII.

259 746 534 818 Quidquid
574 764 609 802 a
648 747 837 818 primis
881 747 1043 816 hujus
1085 748 1340 802 sermonis
1378 747 1550 803 verbis
1587 763 1750 818 usque
1784 747 1856 802 ad

214 863 228 871 .
329 835 609 873 numerum
651 818 684 874 2
712 818 1091 890 interponitur,
1122 821 1178 874 in
1217 820 1458 890 Append.
1508 820 1736 889 August.
1768 818 1858 873 ubi

330 907 621 945 sermonem
672 890 773 945 251
839 891 1129 958 constituit,
1196 893 1482 961 reperitur.
1538 893 1629 946 Ea:
1678 891 1855 944 eodem

329 963 488 1016 etiam
532 962 792 1016 nonnulla
820 963 1162 1032 reperiuntur
1197 962 1253 1015 in
1281 962 1511 1031 ejusdem
1540 962 1857 1032 Appendicis

330 1033 455 1089 256.
497 1033 639 1088 Unde
678 1034 1029 1103 cognoscimus
1075 1039 1123 1087 et
1161 1035 1471 1100 Ccesarium,
1514 1033 1561 1086 si
1600 1040 1769 1086 tamen
1810 1033 1856 1087 is

331 1110 517 1159 auctor
563 1105 754 1159 horum
810 1121 1106 1158 sermonum
1167 1104 1296 1173 jure
1358 1106 1592 1172 dicatur,
1653 1105 1857 1159 easdem

331 1175 613 1230 sententias
653 1176 871 1231 subinde
912 1177 1146 1242 iterasse,
1208 1183 1255 1230 et
1288 1183 1527 1230 nostrum
1560 1177 1696 1230 hunc
1752 1192 1857 1229 ser-

329 1248 789 1335 monemnplenum
819 1264 923 1335 esse
972 1254 1127 1335 atque
1161 1246 1481 1335 perfectum,
1525 1264 1643 1335 cum
1671 1247 1860 1335 ldictus

333 1335 503 1372 sermo
528 1318 627 1374 251
657 1319 807 1373 illius
834 1325 1036 1373 tantum
1067 1320 1361 1373 taciniasit.
1394 1319 1553 1389 Apud
1582 1318 1859 1374 Rabanum

332 1390 552 1445 homilia
594 1390 902 1445 inscribitur
945 1390 1150 1447 Contra
1197 1389 1490 1462 paganicos
1518 1406 1747 1457 errores,
1802 1389 1858 1442 in

332 1477 440 1586 zua
477 1462 613 1516 sicut
638 1468 686 1515 et
712 1462 770 1516 in
794 1462 1027 1533 sequenti
1054 1462 1297 1532 quaedam
1329 1464 1490 1532 legere
1518 1467 1611 1529 est,
1652 1477 1769 1530 qua:
1796 1476 1860 1514 ex

370 1549 428 1586 oc
464 1549 699 1586 sermone
725 1533 936 1586 videtur
956 1539 1227 1586 mutuatus
1253 1551 1269 1586 :
1296 1534 1403 1586 nisi
1429 1533 1685 1586 malueris
1722 1548 1859 1586 eum-

370 1549 428 1586 oc
464 1549 699 1587 sermone
725 1533 936 1588 videtur
956 1539 1227 1588 mutuatus
1248 1551 1269 1598 ,'
1296 1534 1403 1588 nisi
1429 1533 1685 1587 malueris
1722 1548 1859 1586 eum-

333 1604 447 1675 dem
477 1616 767 1658 sermonem
789 1605 991 1675 partim
1039 1621 1102 1658 ex
1136 1604 1389 1672 Cwsario,
1424 1604 1627 1675 partim
1654 1620 1720 1658 ea:
1758 1605 1860 1659 Ra-

334 1674 491 1744 bano,
519 1676 725 1747 partim
753 1674 819 1730 ea:
843 1675 970 1731 aliis
1002 1676 1270 1731 collectum
1296 1692 1420 1730 esse.

335 1807 385 1863 1.
419 1807 595 1875 Quam
644 1808 926 1865 timendus
974 1816 1078 1877 est,
1120 1808 1319 1865 fratres
1359 1808 1694 1877 charissimi,
1741 1808 1861 1864 dies

1068 392 1439 451 SERMONES
1477 394 1534 451 S.
1578 385 1932 451 AMBROSIO
1970 392 2339 451 HACTENUS
2378 394 2720 453 ASCRIPTI.

3456 395 3562 453 674

1874 521 1927 581 Α
1956 520 2055 587 tia,
2084 520 2181 576 ubi
2211 521 2397 577 nullus
2439 521 2509 576 ad
2541 520 2941 578 confessionem
2970 535 3243 590 recursus,
3279 521 3380 579 ubi
3424 521 3567 579 nul-
3620 504 3628 509 ’

1969 611 2055 666 lus
2084 619 2163 666 est
2199 611 2268 666 ad
2287 611 2505 667 veniam
2528 627 2824 683 regressus.

2040 707 2092 764 3.
2122 709 2194 763 Et
2218 724 2338 776 nos,
2374 708 2569 764 fratres
2595 708 2927 777 charissimi,
2966 724 3192 781 agamus
3221 725 3406 767 veram
3430 726 3559 783 pm-

1969 799 2283 868 nitentiam,
2311 808 2373 855 ut
2424 816 2526 857 nos
2550 801 2822 858 Dominus
2848 802 2915 859 ab
2949 801 3042 857 illa
3068 817 3247 874 poena,
3271 817 3438 874 quam
3467 819 3571 859 su-

1970 888 2155 961 perius
2196 888 2463 957 diximus,
2501 890 2708 961 eripere
2745 889 3018 962 dignetur.
3050 891 3171 947 Non
3211 890 3371 946 nobis
3401 889 3569 946 suﬂi-

1968 978 2067 1046 cit,
2096 977 2243 1050 quod
2274 993 2477 1033 nomen
2516 978 2892 1035 Christianum
2920 978 3294 1050 praeferamus,
3329 979 3374 1035 si
3404 994 3569 1051 opera

1970 1066 2284 1123 Christiana
2343 1082 2453 1123 non
2518 1066 2791 1124 facimus:
2853 1067 3092 1123 decimas
3150 1075 3364 1124 nostras
3408 1065 3570 1122 annis

1970 1158 2204 1231 singulis
2253 1157 2320 1214 de
2369 1160 2583 1215 cunctis
2611 1158 2884 1230 frugibus,
2940 1158 3250 1230 pecoribus,
3283 1166 3337 1213 et
3361 1157 3574 1214 caeteris

1970 1249 2221 1323 praecipit
2267 1250 2568 1321 erogandas
2612 1252 2903 1309 Dominus.
2939 1252 3215 1325 Scriptum
3246 1267 3460 1324 quoque
3488 1257 3571 1307 est

1976 1341 2154 1412 (Deut.
2203 1359 2310 1412 x11,
2340 1344 2374 1401 6
2417 1346 2585 1417 seq.):
2636 1348 2772 1404 Date
2802 1347 3042 1405 decimas
3088 1345 3156 1402 de
3203 1345 3356 1401 omni
3384 1343 3572 1400 labore

1971 1444 2175 1504 vestro,
2206 1446 2260 1493 et
2283 1435 2350 1491 de
2384 1437 2643 1493 omnibus
2672 1438 2961 1510 pecoribus
2991 1435 3206 1505 vestris,
3229 1444 3284 1492 et
3304 1451 3402 1507 ego
3430 1449 3570 1507 ape-

1972 1521 2110 1578 riam
2184 1522 2346 1579 vobis
2398 1532 2697 1582 cataractas
2751 1526 2896 1594 coeli,
2964 1534 3019 1583 et
3056 1523 3575 1601 multiplicabuntur

1972 1627 2193 1681 messes,
2224 1620 2279 1668 et
2328 1612 2623 1669 vindemiae
2670 1622 2864 1670 vestrae
2906 1622 3068 1671 erunt
3097 1613 3256 1671 vobis
3282 1613 3340 1668 in
3386 1613 3573 1669 abun-

1975 1703 2240 1771 dantiam,
2291 1702 2516 1774 insuper
2562 1710 2615 1758 et
2664 1704 2926 1761 sanitates
2972 1704 3032 1759 in
3060 1704 3317 1762 domibus
3351 1703 3569 1760 vestris.

1972 1795 2046 1849 At
2076 1793 2122 1849 si
2151 1808 2262 1848 non
2288 1791 2552 1849 dederitis
2579 1793 2842 1864 decimas,
2873 1794 3010 1852 dicit
3034 1795 3323 1863 Dominus,
3355 1795 3573 1851 mittam

261 1895 359 1953 ille
383 1871 607 1969 judicii,
640 1897 698 1954 in
737 1914 846 1971 quo
888 1871 1160 1955 Dominus
1189 1907 1376 1957 noster
1402 1899 1557 1955 Jesus
1589 1871 1861 1970 Christus,
1895 1871 1942 1933 B
1977 1883 2297 1956 grandinem
2328 1891 2382 1940 θῐ
2427 1884 2681 1957 Numam
2712 1893 2766 1942 θῐ
2799 1892 3147 1958 tempestates
3179 1900 3343 1958 super
3370 1901 3490 1951 V03:
3521 1890 3576 1941 θῖ

257 2002 325 2043 ac
351 1986 684 2058 Redemptor
709 1987 958 2044 omnium
978 1988 1264 2061 proposuit
1298 1989 1489 2045 venire
1503 2005 1628 2046 cum
1647 1988 1867 2044 ﬂamma

258 2075 424 2147 ignis,
485 2092 605 2149 quas
649 2085 1043 2150 consumptura
1101 2087 1182 2136 est
1227 2079 1569 2137 adversarios
1622 2095 1768 2147 suos,
1813 2086 1868 2135 et

258 2180 355 2221 eos
391 2166 488 2239 qui
531 2165 745 2223 faciunt
789 2166 1178 2241 iniquitatem!
1240 2169 1304 2224 In
1346 2168 1445 2224 illa
1474 2168 1565 2225 die
1608 2168 1868 2239 plangent

259 2270 453 2310 omnes
480 2253 662 2311 tribus
690 2262 870 2312 terrai.
920 2257 993 2311 Et
1042 2255 1314 2313 videbunt
1362 2256 1567 2312 Filium
1615 2255 1864 2312 hominis

263 2342 575 2399 venientem
621 2344 681 2400 in
726 2344 971 2401 nubibus
999 2346 1125 2403 caeli
1154 2362 1278 2402 cum
1310 2346 1517 2402 virtute
1563 2361 1780 2418 magna,
1812 2353 1866 2401 et

264 2430 551 2504 majestate
592 2434 840 2490 excelsa:
902 2442 956 2491 et
1008 2434 1506 2491 commovebuntur
1556 2443 1684 2492 ante
1738 2450 1863 2490 eum

264 2538 457 2579 omnes
488 2522 628 2579 ﬁnes
670 2530 850 2593 terrae,
895 2531 949 2580 et
1000 2534 1309 2596 peccatores
1346 2524 1606 2597 peribunt
1653 2525 1711 2581 in
1758 2540 1859 2581 ea:

262 2619 317 2669 et
347 2612 550 2669 cmlum
585 2612 907 2685 plicabitur,
938 2622 992 2670 et
1032 2630 1180 2670 mare
1223 2614 1539 2683 siccabitur,
1569 2622 1623 2670 et
1650 2622 1865 2670 montes

266 2700 413 2759 sicut
439 2716 563 2760 cera
611 2700 884 2758 ardebunt
914 2719 1087 2776 usque
1116 2704 1184 2760 ad
1214 2703 1421 2759 inferos
1454 2721 1465 2759 :
1517 2711 1572 2759 et
1611 2703 1694 2759 sol
1736 2718 1864 2759 con-

264 2797 511 2847 vertetur
529 2790 585 2847 in
618 2790 889 2860 tenebras,
920 2798 974 2847 et
998 2792 1131 2848 luna
1157 2808 1270 2848 non
1289 2791 1442 2849 dabit
1469 2793 1658 2848 lumen
1678 2808 1860 2861 suum,

265 2887 322 2937 et
371 2881 545 2937 stellae
606 2880 804 2937 cadent
857 2879 925 2936 de
979 2881 1138 2950 coelo,
1195 2890 1249 2937 et
1303 2882 1536 2938 virtutes
1598 2882 1862 2938 caelorum

265 2969 803 3026 commovebuntur:
852 2977 907 3025 et
950 2976 1085 3026 tunc
1134 2969 1417 3042 apparebit
1457 2970 1675 3042 signum
1734 2970 1862 3025 Filii

266 3056 513 3115 hominis
559 3058 618 3114 in
666 3059 828 3124 caelo,
874 3058 1021 3132 quod
1070 3060 1175 3116 erit
1221 3076 1359 3116 crux
1402 3059 1608 3119 Christi
1637 3059 1863 3117 Domini

272 3147 471 3215 nostri,
504 3146 564 3202 in
597 3145 756 3218 cujus
792 3146 1002 3203 lumine
1044 3148 1423 3205 tenebrescent
1451 3149 1625 3206 totius
1667 3147 1864 3205 mundi

1974 1974 2170 2030 tollam
2190 1990 2410 2030 omnem
2449 1974 2691 2031 laborem
2727 1984 2991 2032 vestrum.
3014 1975 3225 2032 Novem
3257 1984 3437 2049 partes
3464 1992 3576 2031 vo-

1975 2063 2063 2121 bis
2089 2064 2310 2121 tributze
2339 2071 2489 2134 sunt,
2511 2065 2604 2122 sed
2633 2064 2731 2138 qui
2756 2065 2997 2122 decimas
3033 2064 3165 2121 dare
3200 2063 3479 2133 noluistis,
3506 2062 3576 2121 ad

1976 2155 2150 2211 solam
2178 2153 2447 2212 decimam
2487 2155 2812 2212 revertetis:
2861 2156 3089 2227 insuper
3133 2162 3188 2211 et
3216 2153 3578 2211 mortalitates

1975 2244 2201 2303 venient
2247 2246 2306 2301 in
2344 2245 2538 2301 domos
2586 2252 2807 2302 vestras.
2854 2244 3162 2314 Frumenti,
3212 2245 3342 2301 vini
3385 2253 3440 2301 et
3467 2243 3575 2300 olei

1976 2343 2128 2410 parte
2173 2335 2362 2393 offerte
2410 2335 2651 2409 primum
2705 2337 2763 2393 in
2790 2337 3113 2406 Ecclesiam,
3184 2336 3454 2409 reliquam
3483 2350 3579 2408 per

1975 2441 2165 2494 caecos,
2215 2424 2459 2493 claudos,
2507 2424 2736 2496 debiles,
2777 2426 3037 2501 leprosos,
3083 2432 3137 2483 et
3187 2424 3485 2498 orphanos,
3518 2431 3573 2481 et

1974 2530 2071 2586 per
2100 2513 2318 2583 viduas,
2357 2514 2675 2587 peregrinos
2701 2524 2755 2573 et
2786 2515 3026 2574 advenas
3068 2516 3316 2574 dividere
3341 2515 3572 2573 debetis.

1974 2602 2245 2660 Similiter
2288 2603 2451 2661 facite
2489 2603 2557 2660 de
2598 2604 2752 2662 omni
2810 2606 3026 2678 peculio
3074 2615 3280 2674 vestro,
3326 2604 3394 2662 de
3420 2604 3574 2662 omni

1972 2693 2161 2750 fructu
2189 2684 2393 2750 vestro.
2422 2693 2647 2761 Quoties
2676 2712 2883 2752 novum
2906 2696 3043 2753 facis
3080 2711 3277 2769 panem
3306 2693 3374 2751 de
3402 2708 3576 2751 messe

1970 2789 2089 2849 tua,
2129 2780 2370 2853 primum
2415 2782 2548 2838 aﬂ'er
2576 2782 2646 2839 ad
2676 2783 2980 2841 Ecclesiam
3009 2800 3109 2856 pro
3154 2783 3567 2841 benedictione:

1972 2871 2247 2944 reliquum
2278 2886 2412 2927 vero
2441 2878 2624 2929 tecum
2662 2872 2898 2930 retinere
2938 2874 3146 2946 poteris
3180 2889 3280 2946 pro
3310 2881 3364 2931 te
3392 2879 3449 2930 et
3474 2880 3570 2929 tua

1971 2959 2183 3016 familia
2208 2978 2219 3016 :
2242 2959 2323 3017 sic
2341 2959 2429 3018 fac
2446 2960 2514 3017 de
2526 2977 2654 3031 uva,
2675 2971 2729 3018 et
2743 2961 2811 3018 de
2830 2962 2981 3019 omni
3004 2961 3188 3018 labore
3210 2970 3327 3019 tuo.

1972 3130 1981 3135 ν
2041 3054 2111 3113 4(
2133 3058 2196 3113 In
2240 3058 2469 3114 ecclesia
2510 3067 2713 3116 stantes
2763 3059 2935 3116 nolite
2984 3059 3316 3132 obstrepere,
3361 3057 3455 3115 sed
3482 3059 3573 3114 le-

1971 3146 2183 3214 ctiones
2210 3145 2431 3203 divinas
2456 3146 2751 3219 diligenter
2778 3147 2983 3205 audite.
3015 3147 3123 3215 Qui
3149 3147 3343 3204 otiosis
3364 3146 3569 3213 verbis,

268 3237 502 3294 lumina.
536 3236 693 3293 Tunc
723 3237 900 3294 sancti
952 3237 1235 3310 rapientur
1279 3238 1497 3294 obviam
1545 3237 1765 3296 Christo
1804 3237 1863 3293 in
1893 3231 1938 3292 C
1971 3234 2256 3292 cachinnis
2282 3234 2620 3304 clamorosis,
2669 3235 3211 3292 deambulationibus
3238 3234 3573 3307 importunis

275 3344 422 3396 aera,
455 3335 510 3384 et
533 3327 615 3384 sic
644 3344 858 3400 semper
884 3344 1010 3385 cum
1049 3328 1286 3384 Domino
1315 3335 1482 3384 erunt
1510 3345 1521 3383 :
1551 3335 1863 3400 peccatores

268 3423 449 3471 autem
482 3414 895 3471 confundentur
923 3424 978 3471 et
1007 3417 1285 3489 peribunt.
1316 3418 1388 3473 Et
1429 3426 1564 3474 tunc
1592 3417 1863 3474 Dominus

266 3513 453 3561 noster
500 3505 656 3561 Jesus
712 3504 968 3562 Christus
1039 3530 1058 3551 ε
1096 3506 1278 3562 mittet
1327 3506 1549 3577 angelos
1605 3522 1733 3562 suos
1794 3505 1862 3561 ad

267 3602 503 3667 quatuor
556 3594 788 3665 angulos
845 3601 1023 3662 terrae,
1083 3602 1137 3650 et
1192 3594 1600 3666 congregabunt
1661 3596 1863 3651 electos

266 3682 385 3755 ejus
430 3699 462 3738 a
491 3698 708 3737 summo
742 3683 1010 3739 caelorum
1054 3698 1229 3755 usque
1278 3683 1346 3739 ad
1378 3682 1642 3738 terminos
1671 3699 1860 3738 eorum

270 3773 481 3845 (Matth.
507 3788 667 3840 xxxv,
697 3771 839 3844 31);ι
865 3779 918 3827 et
933 3780 1066 3829 tunc
1086 3774 1357 3845 separabit
1378 3782 1594 3831 sanctos
1609 3791 1737 3830 suos
1758 3775 1861 3830 Do-

269 3861 455 3916 minus
487 3859 554 3916 de
583 3860 766 3917 medio
794 3869 1163 3933 peccatorum,
1201 3870 1255 3918 et
1288 3864 1472 3920 mittet
1508 3879 1599 3919 eos
1626 3862 1683 3918 in
1713 3879 1861 3918 man-

266 3950 450 4005 siones
480 3949 729 4006 coelestes
754 3968 766 4007 :
801 3959 1113 4023 peccatores
1141 3960 1324 4008 autem
1359 3953 1649 4009 mittentur
1677 3952 1735 4007 in
1763 3968 1864 4009 ca-

269 4038 486 4095 minum
517 4039 683 4110 ignis,
715 4041 810 4113 qui
841 4049 1061 4113 paratus
1081 4050 1161 4099 est
1182 4042 1405 4099 diabolo
1432 4050 1486 4098 et
1512 4042 1721 4114 angelis
1748 4039 1866 4112 ejus

270 4128 482 4201 (Matth.
515 4145 654 4197 xxv,
706 4128 821 4201 41),
881 4154 900 4177 ε
932 4130 1013 4186 lbi
1055 4132 1159 4187 erit
1188 4130 1348 4187 ﬂetus
1394 4138 1448 4187 et
1487 4130 1691 4187 stridor
1722 4130 1868 4186 den-

268 4216 408 4273 tium
452 4216 668 4286 (Matth.
715 4233 836 4285 vm,
889 4217 1001 4290 12).
1034 4244 1053 4266 ι
1098 4220 1194 4277 Vae
1236 4219 1351 4275 illis
1397 4218 1738 4288 hominibus,
1771 4218 1867 4291 qui

271 4320 402 4361 cum
452 4302 677 4359 diabolo
723 4303 1006 4363 habebunt
1033 4308 1383 4364 mansiones!
1438 4308 1569 4382 quia
1611 4307 1869 4364 ascendet

272 4393 461 4449 fumus
496 4399 899 4449 tormentorum
939 4411 1130 4452 eorum
1180 4398 1239 4453 in
1268 4399 1467 4455 saecula
1495 4400 1821 4457 saeculorum
1851 4416 1863 4455 :

271 4496 509 4555 quorum
557 4482 762 4536 vermis
791 4497 903 4536 non
941 4486 1231 4553 morietur,
1277 4494 1331 4541 et
1363 4486 1507 4559 ignis
1536 4503 1725 4544 eorum
1756 4503 1865 4543 non

1970 3324 2030 3381 in
2058 3324 2289 3382 ecclesia
2321 3325 2634 3397 perstrepit,
2677 3332 2732 3381 et
2767 3341 2866 3397 pro
2903 3340 2961 3381 se
2999 3332 3054 3380 et
3089 3340 3189 3396 pro
3208 3323 3335 3380 aliis
3376 3323 3573 3381 reddi—

1970 3421 2129 3469 turus
2150 3421 2231 3469 est
2254 3413 2519 3470 rationem
2550 3413 2610 3469 in
2657 3414 2747 3469 die
2769 3412 3006 3485 judicii;
3038 3410 3168 3485 quia
3199 3412 3443 3469 Verbum
3472 3412 3570 3469 Dei

1972 3521 2073 3561 nec
2116 3505 2230 3576 ipse
2257 3503 2434 3571 audit,
2487 3519 2589 3559 nec
2635 3502 2772 3559 alios
2808 3502 2998 3558 audire
3032 3501 3321 3574 permittit.
3362 3501 3449 3558 Ad
3486 3517 3572 3560 ec-

1970 3593 2194 3652 clesiam
2223 3609 2348 3650 cum
2394 3593 2616 3662 venitis,
2654 3593 2826 3649 nolite
2873 3591 3129 3663 litigare;
3183 3606 3374 3648 causas
3402 3607 3572 3649 vanas

1973 3684 2147 3740 nolite
2174 3683 2376 3753 dicere,
2415 3683 2606 3740 audire
2646 3684 2733 3738 vel
2780 3681 3065 3754 judicare;
3116 3687 3212 3737 aut
3236 3679 3431 3749 rixari,
3478 3687 3575 3736 aut

1967 3771 2163 3845 jocari,
2210 3773 2298 3828 vel
2340 3772 2547 3828 alienas
2610 3771 2824 3827 fabulas
2870 3770 3119 3839 referre;
3171 3768 3436 3843 quoniam
3476 3770 3572 3843 qui

1972 3863 2108 3919 talia
2132 3869 2321 3935 agunt,
2344 3861 2461 3918 sine
2480 3862 2664 3917 fructu
2694 3860 2968 3917 orationes
2993 3875 3185 3916 eorum
3215 3865 3571 3915 evanescunt:

1974 3952 2088 4008 imo
2130 3968 2257 4008 cum
2304 3966 2476 4023 parvo
2513 3956 2737 4022 peccato
2786 3948 2856 4005 ad
2897 3949 3182 4007 ecclesiam
3222 3946 3474 4016 veniunt,
3520 3953 3576 4002 et

1974 4057 2099 4097 cum
2146 4041 2384 4113 peccatis
2426 4041 2618 4096 multis
2663 4040 2730 4097 de
2778 4039 3010 4097 ecclesia
3055 4038 3336 4107 recedunt,
3375 4035 3576 4111 quibus

1974 4131 2136 4187 valde
2164 4130 2438 4204 congruit,
2462 4130 2610 4204 quod
2629 4129 2903 4202 Propheta
2921 4128 3061 4185 dicit
3085 4135 3140 4184 et
3167 4126 3571 4185 comminatur:

1987 4244 2008 4269 ι
2037 4221 2214 4277 Homo
2260 4218 2494 4275 vanitati
2533 4217 2734 4274 similis
2770 4218 2949 4275 factus
2978 4224 3078 4286 est,
3118 4216 3237 4273 dies
3290 4214 3409 4288 ejus
3433 4214 3576 4272 sicut

1976 4311 2172 4368 umbra
2201 4318 2487 4367 transeunt
2518 4310 2694 4382 (Psat.
2726 4326 2917 4377 enm,
2950 4307 3030 4381 4).
3060 4333 3079 4359 ι

2047 4408 2100 4464 5.
2133 4407 2353 4465 Iudices
2397 4423 2527 4463 vero
2564 4406 2659 4479 qui
2706 4423 2897 4464 causas
2942 4406 3195 4474 audiunt,
3232 4404 3380 4478 juste
3412 4403 3578 4476 judi-

1976 4504 2123 4563 cent,
2154 4504 2209 4552 et
2248 4514 2476 4554 munera
2522 4513 2687 4569 super
2727 4497 3047 4553 innocentes
3094 4511 3207 4550 non
3246 4493 3522 4566 accipiant
3556 4510 3571 4561 ;

269 4570 672 4659 exstinguetur.
728 4569 793 4659 In
838 4570 1039 4643 quibus
1085 4573 1238 4628 nulla
1289 4592 1400 4630 vox
1461 4576 1569 4632 nisi
1613 4577 1866 4647 gemitus,
1903 4592 1952 4651 1)
1984 4601 2054 4641 ne
2082 4586 2222 4642 forte
2250 4586 2384 4641 dum
2412 4585 2706 4659 acquirunt
2742 4582 3051 4655 pecuniam,
3074 4581 3305 4654 perdant
3332 4581 3575 4638 animam

273 4658 435 4717 nulla
473 4657 692 4731 requies
742 4658 851 4715 nisi
900 4659 1064 4732 ignis,
1115 4662 1332 4717 nullum
1373 4663 1715 4735 refrigerium
1762 4665 1869 4721 nisi

272 4747 520 4816 ﬂamma,
572 4748 729 4802 nulla
778 4748 877 4803 lux
920 4765 1163 4822 unquam
1199 4750 1305 4806 nisi
1339 4752 1611 4820 tenebrae;
1644 4761 1699 4809 et
1738 4754 1872 4809 tales

272 4853 385 4893 non
426 4835 651 4892 venient
694 4853 939 4910 unquam
998 4839 1057 4894 in
1101 4841 1427 4897 memoriam
1484 4842 1629 4915 apud
1668 4844 1868 4911 Deum,

273 4941 507 5000 quorum
529 4924 689 4982 cibus
717 4926 997 4984 cruciatus
1035 4936 1136 4997 est,
1178 4939 1231 4986 et
1262 4931 1474 4987 mansio
1505 4948 1693 4988 eorum
1743 4950 1867 4990 cum

188 5074 194 5082 _
273 5014 493 5072 diabolo
517 5015 642 5083 erit,
676 5014 773 5071 ubi
803 5017 958 5071 nulla
986 5018 1228 5073 suavitas
1257 5020 1363 5074 nisi
1394 5019 1555 5076 fetor.

351 5108 499 5167 423
552 5104 606 5161 2.
674 5104 720 5161 Ο
764 5104 953 5174 homo,
1006 5104 1101 5178 qui
1150 5124 1376 5180 regnum
1438 5110 1538 5166 Dei
1595 5109 1869 5183 possidere

273 5201 566 5270 desideras,
590 5201 739 5275 quod
768 5202 948 5259 fecisti
978 5206 1204 5273 malum,
1236 5205 1368 5263 dum
1398 5216 1571 5279 potes,
1617 5208 1862 5265 emenda.

273 5289 405 5348 dum
438 5299 654 5364 tempus
685 5291 870 5361 habes,
902 5295 1077 5350 clama
1105 5293 1172 5349 ad
1201 5297 1631 5369 omnipotentem
1654 5301 1863 5354 Deum:

274 5381 407 5440 dum
440 5390 654 5455 tempus
682 5382 848 5440 habes
893 5384 1137 5455 lugendi,
1168 5384 1300 5441 dum
1332 5385 1513 5444 adhuc
1549 5388 1734 5443 anima
1774 5394 1869 5443 tua

273 5478 528 5527 versatur
570 5470 630 5527 in
667 5488 894 5545 corpore
946 5482 1063 5541 tuo,
1107 5472 1238 5529 dum
1275 5473 1457 5532 adhuc
1485 5475 1651 5545 vivis,
1682 5491 1869 5531 reme-

276 5558 431 5617 dium
475 5560 578 5616 tibi
608 5560 857 5617 futurum
887 5562 1133 5635 acquire,
1161 5562 1481 5637 priusquam
1534 5566 1592 5620 in
1640 5565 1867 5637 profun-

275 5648 409 5706 dum
439 5658 493 5705 te
534 5650 729 5706 mortis
761 5649 1046 5708 absorbeat
1090 5652 1315 5725 laqueus
1353 5669 1659 5726 pmnarum,
1691 5655 1866 5728 prius-

275 5753 439 5812 quam
486 5745 540 5795 te
581 5738 829 5795 infernus
856 5740 1075 5813 capiat:
1126 5741 1223 5800 ubi
1262 5743 1417 5801 nulla
1454 5751 1535 5802 est
1580 5744 1867 5819 indulgen-

1979 4690 2154 4731 suam.
2184 4675 2358 4731 Nemo
2376 4674 2521 4731 enim
2551 4673 2715 4729 habet
2742 4672 3009 4744 injustam
3044 4672 3258 4727 lucrum
3280 4668 3399 4725 sine
3423 4667 3576 4740 justo

1978 4762 2214 4819 damno:
2277 4764 2375 4819 ubi
2402 4764 2640 4831 lucrum,
2689 4759 2766 4816 ibi
2819 4766 2874 4816 et
2918 4757 3218 4815 damnum:
3272 4757 3487 4813 lucrum
3515 4755 3577 4813 in

1977 4868 2123 4921 arca,
2155 4851 2419 4908 damnum
2455 4867 2585 4906 vero
2626 4850 2684 4904 in
2712 4848 2917 4903 anima.
2948 4847 3071 4915 Dic,
3102 4844 3199 4902 ubi
3246 4853 3375 4902 sunt
3399 4859 3573 4916 reges,

1976 4942 2072 4998 ubi
2102 4950 2231 4998 sunt
2259 4940 2553 5013 principes,
2584 4937 2678 4993 ubi
2703 4945 2833 4993 sunt
2858 4934 3062 4991 divites
3082 4934 3110 4991 ’ἲ
3153 4933 3249 4990 ubi
3268 4941 3351 4990 est
3377 4948 3573 4990 aurum

1977 5040 2030 5088 et
2058 5036 2439 5087 ornamentum
2475 5043 2665 5082 eorum
2694 5025 2722 5081 ?
2747 5024 2958 5081 Cuncta
2988 5023 3140 5079 velut
3161 5023 3355 5079 umbra
3386 5030 3575 5079 trans-

1977 5120 2177 5175 ierunt.
2228 5119 2441 5173 Aurum
2495 5122 2550 5171 et
2591 5121 2876 5187 argentum
2922 5121 2976 5169 et
3027 5122 3351 5169 ornamenta
3386 5128 3574 5169 eorum

1976 5212 2355 5264 remanserunt
2397 5204 2456 5260 in
2491 5203 2720 5272 mundo,
2751 5210 2805 5259 et
2844 5201 2929 5258 illi
2969 5201 3089 5259 sine
3118 5201 3228 5258 fine
3255 5201 3577 5259 cruciantur

1976 5297 2035 5352 in
2068 5296 2305 5364 inferno,
2350 5295 2445 5350 ubi
2484 5310 2695 5350 vermes
2738 5308 2929 5348 eorum
2986 5307 3100 5347 non
3157 5291 3484 5360 morientur,
3521 5298 3577 5346 et

1974 5384 2117 5458 ignis
2146 5400 2336 5441 eorum
2366 5399 2476 5438 non
2524 5381 2927 5455 exstinguetur,
2975 5380 3107 5454 quia
3143 5380 3412 5452 scriptum
3446 5386 3527 5434 est
3559 5395 3570 5435 :

1988 5498 2007 5521 ι
2038 5476 2292 5530 Potentes
2343 5480 2595 5545 potenter
2644 5479 2917 5528 tormenta
2975 5468 3257 5543 patientur
3307 5469 3461 5540 (Sap.
3494 5485 3577 5538 v1,

1979 5566 2056 5638 7).
2078 5592 2095 5615 ι
2124 5566 2206 5623 Ibi
2232 5564 2403 5621 vitam
2433 5565 2779 5621 tenebrosam
2818 5572 2873 5619 et
2912 5560 3258 5619 mansionem
3286 5559 3577 5619 obscuram

1976 5664 2239 5730 perpetuo
2286 5654 2603 5712 habebunt:
2652 5653 2729 5710 ibi
2771 5650 2961 5709 miseri
3001 5668 3127 5709 cum
3182 5650 3418 5720 miseris,
3472 5667 3579 5707 su-

1977 5746 2133 5820 perbi
2179 5761 2309 5805 cum
2370 5731 2639 5820 superbis,
2696 5740 2990 5802 homicidas
3061 5757 3190 5801 cum
3257 5737 3574 5805 homicidia,
