3972 6376
419 318 524 376 675

1423 318 1518 374 AD
1557 317 1790 374 OPERA
1829 316 1884 373 S.
1931 314 2267 374 AMBROSII
2303 315 2686 376 APPENDIX.

3617 319 3725 378 676

420 444 656 505 adulteri
715 460 840 503 cum
885 444 1169 516 adulteris,
1221 445 1401 521 iniqui
1448 464 1572 504 cum
1617 448 1846 520 iniquis,
1885 447 2010 506 falsi
2039 450 2090 510 A
2117 450 2424 530 auxiliante
2463 452 2736 522 Domino,
2766 451 3070 509 castitatem
3118 459 3330 508 servate
3369 459 3433 511 ut
3474 470 3576 511 nos
3621 471 3725 512 so-

418 553 544 595 cum
597 537 767 606 falsis,
799 536 1047 608 sacrilegi
1094 552 1219 593 cum
1268 537 1563 610 sacrilegis,
1612 556 1802 596 omnes
1849 537 2015 595 simul

417 628 739 686 cruciantur
759 627 818 682 in
843 627 1060 682 inferno
1083 627 1200 683 sine
1228 627 1356 684 ﬁne.

492 720 545 776 6.
586 717 848 776 Firmiter
871 717 1011 773 mihi
1050 718 1274 787 credite,
1314 719 1529 788 fratres,
1563 720 1691 793 quia
1717 722 1905 776 nullus
1928 736 2017 794 pe-

416 806 590 880 jorem
621 809 838 881 culpam
867 808 1051 877 habet,
1094 825 1256 882 quam
1292 808 1384 880 qui
1412 811 1584 864 Deum
1630 809 2016 882 blasphemans

418 905 472 954 et
518 897 924 971 derelinquens,
971 897 1117 952 idola
1163 898 1336 954 colit:
1388 915 1487 955 nec
1533 899 1686 972 pejor
1729 899 2018 956 dissolutio

421 1001 534 1042 esse
565 993 743 1058 potest
789 985 847 1040 in
891 987 1112 1058 populo,
1145 1003 1305 1059 quam
1354 986 1500 1060 quod
1535 987 1878 1044 daemonibus
1918 988 2019 1044 im-

421 1076 676 1144 moletur,
723 1083 777 1131 et
828 1076 1088 1132 Ecclesiae
1138 1076 1422 1133 catholicae
1486 1077 1939 1152 derelinquantur
2000 1096 2012 1135 :

420 1175 474 1224 et
503 1167 594 1240 qui
634 1166 700 1222 de
729 1166 1104 1223 misericordia
1138 1167 1360 1225 Domini
1391 1167 1662 1240 desperat,
1688 1178 1742 1226 et
1768 1186 1879 1226 non
1908 1187 2019 1227 cre-

417 1256 500 1313 dit
532 1256 588 1310 in
618 1256 1070 1312 resurrectionem
1105 1275 1115 1311 :
1156 1265 1208 1312 et
1250 1258 1343 1331 qui
1391 1259 1580 1314 colunt
1654 1275 1903 1331 augures,
1931 1260 2018 1316 vel

418 1345 728 1418 sortilegos,
757 1346 845 1402 vel
891 1347 1185 1418 aruspices,
1222 1347 1445 1404 divinos
1471 1356 1523 1404 et
1554 1355 1938 1420 praecantores,
1968 1355 2021 1403 et

419 1436 514 1509 qui
539 1435 826 1494 conﬁdunt
855 1436 912 1492 in
962 1437 1319 1510 pliylacteriis
1361 1445 1414 1494 et
1462 1437 1889 1506 characteribus,
1927 1443 2021 1492 aut

425 1525 942 1595 sternutationibus,
1006 1525 1203 1582 avibus
1245 1526 1611 1595 cantantibus,
1663 1526 2015 1582 divinationi-

416 1614 539 1684 bus,
593 1623 688 1672 aut
760 1614 1182 1684 mathematicis,
1249 1623 1344 1671 aut
1417 1615 1541 1672 aliis
1598 1615 2017 1690 quibuscunque

419 1705 579 1762 malis
608 1705 837 1772 artibus,
872 1704 1300 1760 damnabantur.

2125 539 2435 601 lemnitates
2471 548 2671 596 nostrae
2702 549 2877 597 castos
2903 550 2954 597 et
2985 541 3165 612 justos
3197 542 3503 600 inveniant.

2199 629 2282 684 11.
2317 630 2588 702 Rogamus
2618 630 2936 700 Dominum,
2978 639 3040 688 ut
3077 631 3259 687 mittat
3285 631 3443 688 vobis
3472 632 3726 689 medica—

2126 729 2375 778 mentum
2422 720 2662 786 coeleste,
2704 719 2810 778 hoc
2856 729 2958 790 est,
3011 722 3338 792 castitatem,
3373 721 3724 791 charitatem,

2128 811 2408 882 gaudium,
2445 809 2790 882 patientiam,
2824 811 3323 884 longanimitatem,
3355 812 3539 876 fidem,
3573 812 3728 868 leni-

2129 907 2314 968 tatem,
2370 899 2795 970 continentiam,
2851 909 2904 957 et
2957 901 3410 959 misericordiam.
3472 903 3543 958 Et
3599 917 3725 969 nos,

2129 989 2323 1046 fratres
2370 990 2700 1060 charissimi,
2736 1008 2849 1048 non
2878 1009 3150 1049 cessemus
3195 992 3532 1060 benefacere,
3565 989 3729 1063 jeju—

2130 1096 2279 1149 nare,
2313 1081 2692 1152 paenitentiam
2738 1098 2914 1154 agere,
2947 1085 3323 1156 eleemosynas
3352 1083 3501 1150 dare,
3542 1081 3728 1138 nudos

2129 1169 2350 1238 vestire,
2384 1170 2633 1228 inﬁrmos
2669 1171 2914 1242 visitare,
2947 1172 3189 1246 hospites
3217 1172 3494 1245 colligere,
3518 1177 3572 1227 et
3592 1187 3726 1243 pau-

2128 1274 2281 1331 peres
2347 1275 2584 1331 pascere,
2649 1261 2915 1318 Ecclesiis
2978 1261 3076 1318 Dei
3133 1262 3360 1331 servire,
3414 1260 3729 1334 Scriptura:

2127 1355 2340 1405 sanctas
2395 1349 2692 1420 custodire,
2748 1352 2848 1407 Dei
2901 1368 3086 1409 servos
3132 1351 3383 1424 diligere,
3428 1367 3576 1424 spem
3625 1367 3727 1406 no-

2129 1446 2295 1494 stram
2327 1438 2478 1493 omni
2510 1437 2644 1495 hora
2675 1440 2734 1496 in
2763 1441 2936 1496 Deum
2973 1457 3196 1514 ponere,
3237 1441 3375 1496 iram
3406 1456 3515 1496 non
3548 1438 3729 1512 perﬁ-

2128 1546 2270 1600 cere,
2301 1529 2600 1588 iracundia:
2633 1541 2847 1606 tempus
2875 1550 2987 1589 non
3026 1535 3279 1603 retinere,
3310 1550 3496 1606 pacem
3527 1533 3726 1590 falsam

2128 1636 2239 1675 non
2279 1620 2430 1691 dare,
2460 1621 2780 1679 charitatem
2826 1639 2937 1679 non
2966 1622 3366 1697 derelinquere,
3397 1641 3508 1680 non
3533 1623 3730 1695 jurare

2126 1709 2373 1779 omnino,
2441 1727 2508 1767 ne
2566 1711 2703 1767 forte
2763 1700 3086 1784 pejeremus.
3135 1713 3333 1770 Omnia
3381 1729 3731 1788 quascunque

491 1795 542 1852 7.
585 1795 680 1850 Isti
720 1810 908 1850 omnes
946 1793 1194 1850 infelices
1223 1804 1276 1851 et
1315 1794 1522 1864 miseri,
1566 1795 1659 1868 qui
1699 1795 2018 1852 saltationes
2050 1815 2096 1876 Β
2127 1801 2300 1855 vultis
2341 1808 2401 1856 ut
2445 1801 2648 1858 faciant
2679 1801 2836 1859 vobis
2877 1801 3147 1872 homines,
3189 1810 3242 1858 et
3273 1819 3373 1859 vos
3401 1803 3564 1860 facite
3610 1802 3730 1860 illis

416 1891 542 1940 ante
571 1884 716 1956 ipsas
741 1883 907 1940 etiam
957 1893 1269 1940 sanctorum
1297 1883 1575 1954 basilicas,
1601 1893 1654 1941 et
1677 1885 1735 1941 in
1772 1886 2016 1959 ipsorum

420 1982 735 2032 sanctorum
805 1972 1199 2029 festivitatibus
1256 1972 1452 2030 choros
1519 1976 1752 2043 ducunt,
1807 1975 2018 2032 cantica

419 2063 706 2120 luxuriosa
742 2063 830 2119 vel
868 2062 1050 2134 turpia
1108 2062 1295 2136 lingua
1343 2080 1440 2120 sua
1494 2065 1799 2138 proferunt.
1839 2065 2017 2133 Quare

418 2150 566 2208 unde
595 2150 895 2207 debuerant
938 2153 1113 2207 Deum
1148 2151 1370 2209 laudare
1400 2161 1453 2210 et
1495 2153 1713 2222 mereri,
1751 2154 1878 2210 inde
1906 2152 2016 2208 sibi

418 2241 826 2298 damnationem
875 2241 1213 2314 acquirunt:
1261 2249 1316 2298 et
1356 2241 1500 2299 sicut
1529 2241 1828 2300 Christiani
1871 2247 2019 2304 424

419 2343 487 2400 ad
514 2341 816 2399 Ecclesium
847 2342 1098 2412 veniunt,
1126 2350 1188 2400 ut
1231 2342 1425 2416 pagani
1455 2349 1637 2398 tamen
1661 2341 1728 2398 de
1758 2341 2016 2399 Ecclesia

420 2439 789 2489 revertuntur.

491 2526 544 2582 8.
586 2526 747 2581 Nulla
783 2522 982 2580 mulier
1011 2523 1232 2597 potione
1270 2524 1581 2581 abortivum
1612 2533 1890 2596 procuret,
1919 2531 2014 2580 aut

421 2619 714 2686 conceptos
770 2613 913 2668 fetus
981 2613 1212 2670 occidat.
1251 2614 1449 2671 Mulier
1499 2631 1619 2687 quae
1658 2613 2008 2688 iniquitatem

422 2701 565 2758 hanc
624 2703 942 2774 patraverit,
1009 2709 1241 2775 quantos
1301 2718 1487 2774 parere
1544 2703 1810 2776 potuisset
1846 2703 2009 2772 ﬁlios,

423 2798 700 2849 tantorum
736 2789 1160 2846 homicidiorum
1189 2806 1300 2859 rea,
1330 2791 1599 2847 rationem
1627 2789 1908 2847 redditura
1932 2798 2013 2848 est

430 2880 489 2936 in
517 2879 606 2936 die
630 2879 852 2951 judicii.
885 2880 1208 2952 Quicunque
1239 2880 1507 2936 malorum
1538 2878 1859 2952 hujusmodi
1889 2896 2014 2936 reus

423 2970 686 3026 inventus
737 2969 925 3037 fuerit,
959 2968 1198 3041 perdidit
1233 2968 1494 3042 baptismi
1533 2970 1790 3026 meritum
1829 2986 2011 3028 coram

420 3059 534 3114 Deo
563 3067 616 3114 et
643 3058 850 3129 angelis
877 3055 1011 3128 ejus.

497 3149 550 3205 9.
593 3147 981 3205 Contestamur
1006 3143 1174 3246 vobis
1192 3161 1375 3202 coram
1409 3145 1628 3204 Christo
1655 3146 1891 3203 Domino
1921 3163 2014 3202 no-
2053 3186 2095 3246 Ο

428 3244 561 3305 stro,
593 3235 739 3309 quod
778 3235 1108 3308 qui‘malum
1148 3233 1359 3303 fecerit,
1391 3235 1500 3291 nisi
1528 3252 1710 3292 veram
1753 3236 2016 3308 paeniten-

427 3326 560 3382 tiam
611 3325 800 3397 egerit,
860 3323 1234 3395 eleemosynas
1275 3321 1450 3394 justas
1491 3324 1701 3393 fecerit,
1731 3333 1784 3380 et
1822 3325 1930 3380 nisi
1960 3325 2016 3381 in

427 3414 588 3471 bonis
609 3414 866 3487 operibus
892 3428 1038 3467 mors
1062 3411 1219 3468 illum
1253 3411 1546 3484 invenerit,
1563 3413 1709 3487 quod
1736 3429 2016 3486 nunquam

425 3504 728 3577 possidebit
756 3503 926 3557 vitam
959 3508 1238 3571 aeternam,
1266 3503 1361 3559 sed
1391 3520 1518 3560 cum
1549 3503 1772 3560 diabolo
1799 3504 2019 3560 descen-

425 3593 518 3651 det
556 3593 613 3648 in
643 3591 920 3648 infernum
963 3609 977 3659 ;
1018 3591 1148 3664 quia
1199 3615 1216 3640 ι
1255 3601 1406 3649 arcta
1434 3601 1488 3648 et
1524 3602 1754 3665 angusta
1783 3600 1867 3649 est
1905 3593 2014 3661 via,

426 3698 546 3754 quae
577 3680 730 3736 ducit
763 3678 830 3734 ad
866 3679 1037 3735 vitam
1074 3680 1292 3751 (Matth.
1325 3699 1426 3749 vn,
1461 3681 1572 3752 14).
1595 3706 1613 3730 ι
1655 3682 1727 3737 Et
1754 3681 1878 3737 ideo
1909 3697 2018 3736 non

428 3778 641 3826 tantum
695 3776 915 3841 propter
943 3769 1197 3826 timorem
1236 3770 1457 3842 judicii,
1501 3772 1594 3828 sed
1623 3779 1846 3844 propter
1872 3787 2018 3828 amo-

427 3876 541 3915 rem
580 3859 703 3928 Dei,
748 3866 802 3915 et
848 3859 1044 3931 gaudia
1081 3860 1209 3916 vita
1234 3870 1468 3930 eterna,
1516 3861 1582 3917 ab
1612 3862 1762 3917 omni
1792 3861 1930 3917 vitio
1967 3869 2022 3918 et

431 3950 574 4005 malo
613 3965 669 4005 se
734 3949 1005 4006 abstinere
1067 3951 1190 4024 quis
1251 3951 1429 4020 debet,
1475 3951 1638 4007 etiam
1677 3967 1827 4023 spem
1865 3967 2018 4008 suam

433 4040 586 4096 omni
617 4038 753 4095 hora
784 4039 841 4095 in
873 4042 1044 4095 Deum
1074 4056 1293 4112 ponere.

506 4137 591 4193 10.
635 4137 864 4209 Serpens
925 4155 1050 4194 cum
1091 4139 1303 4195 venerit
1335 4139 1404 4196 ad
1441 4139 1746 4198 bibendum
1800 4158 2017 4216 aquam,

433 4225 752 4300 priusquam
782 4226 954 4295 bibat,
1005 4236 1161 4284 extra
1215 4229 1422 4286 fontem
1479 4233 1687 4287 evomit
1746 4247 2020 4288 venenum

433 4332 616 4384 suum,
667 4323 720 4371 et
753 4325 938 4388 postea
961 4316 1102 4373 bibit
1131 4335 1144 4384 ;
1177 4317 1255 4372 ita
1300 4327 1352 4375 et
1381 4336 1480 4375 nos
1508 4319 1727 4393 quando
1755 4320 1824 4376 ad
1853 4321 2021 4376 altare

430 4406 654 4462 Domini
683 4409 1136 4465 communicaturi
1167 4410 1498 4480 accedimus,
1526 4411 1889 4483 desponamus
1916 4427 2020 4467 ve-

430 4510 633 4551 nenum
682 4497 1018 4569 pessimum:
1081 4497 1186 4557 hoc
1243 4508 1345 4569 est,
1393 4500 1756 4570 iracundiam,
1801 4501 2015 4569 odium,

432 4586 722 4656 invidiam,
756 4588 1072 4659 falsitatem,
1106 4590 1478 4665 iniquitatem,
1512 4594 1820 4661 avaritiam,
1865 4593 2016 4665 cupi-

431 4675 684 4744 ditatem,
710 4679 1040 4752 superbiam,
1061 4681 1425 4754 sacrilegium,
1457 4683 1689 4753 furtum,
1721 4683 2021 4752 luxuriam,

431 4771 632 4828 falsum
675 4774 1078 4841 testimonium,
1118 4773 1476 4845 discordiam,
1517 4776 1816 4848 perjurium
1852 4793 1864 4830 :
1909 4773 2026 4830 haec

432 4869 562 4918 sunt
589 4862 896 4918 animarum
930 4878 1160 4918 venena.
1188 4864 1294 4919 Ista
1323 4865 1475 4937 prius
1513 4866 1839 4938 repellamus
1871 4881 1903 4920 a
1930 4881 2024 4921 no-

432 4948 541 5017 bis,
594 4958 648 5004 et
691 4950 772 5006 sic
825 4950 892 5006 ad
944 4951 1112 5006 altare
1166 4952 1389 5008 Domini
1419 4970 1644 5026 corpore
1685 4963 1738 5011 et
1765 4954 2028 5027 sanguine

441 5036 560 5110 ejus
606 5038 890 5094 satiemur.
937 5039 1265 5096 Mundemus
1292 5042 1457 5099 corda
1485 5051 1539 5099 et
1589 5060 1816 5118 corpora
1844 5052 2029 5100 nostra

435 5127 506 5184 ab
535 5127 686 5183 omni
742 5127 881 5184 vitio
929 5131 1108 5197 malo;
1142 5141 1203 5188 ut
1253 5143 1399 5190 casto
1427 5152 1673 5209 corpore,
1728 5145 1782 5193 et
1826 5135 2031 5193 mundo

436 5216 622 5287 corde,
675 5225 729 5274 et
755 5235 881 5276 cum
913 5234 1102 5276 secura
1129 5225 1466 5282 conscientia
1493 5226 1583 5291 ,ad
1611 5227 1780 5282 altare
1807 5225 2031 5282 Domini

436 5307 711 5378 possimus
758 5307 1034 5367 accedere.
1091 5311 1273 5370 Etiam
1331 5330 1427 5387 per
1457 5331 1649 5371 omnes
1686 5315 2029 5387 festivitates,

515 5544 632 5624 (89)
660 5548 722 5603 In
750 5548 885 5625 cod._
908 5549 1178 5625 Biblioth.
1208 5552 1406 5611 Vallic.
1432 5561 1486 5608 et
1513 5553 1656 5625 apud
1695 5553 1940 5611 Gratian.
1971 5571 2034 5612 ea

441 5613 622 5694 hujus
645 5621 918 5694 sermonis
955 5621 1129 5694 prima
1175 5625 1342 5680 verba
1369 5633 1498 5680 sunt
1526 5613 1628 5680 :lin
1675 5626 1808 5682 edit.
1851 5635 2034 5683 autem

440 5685 601 5745 Rom.
645 5687 750 5748 hoc
797 5685 1021 5749 initium
1073 5695 1191 5753 sine
1243 5703 1379 5754 teste
1404 5703 1499 5755 aut
1535 5695 1852 5771 fidejussore
1897 5715 2029 5771 prae-

2050 4551 2097 4611 D

2129 1891 2404 1947 similiter.
2478 1917 2496 1940 ι
2553 1892 2659 1960 Qui
2713 1901 2894 1950 autem
2952 1893 3382 1966 perseveraverit
3436 1910 3611 1968 usque
3663 1892 3726 1950 in

2128 1980 2316 2050 ﬁnem,
2348 1980 2439 2037 hic
2463 1983 2648 2038 salvus
2679 1983 2784 2039 erit
2813 1984 3023 2055 (Matth.
3056 2001 3113 2054 x,
3151 1982 3267 2055 22).
3292 2012 3310 2035 ι

2201 2071 2286 2126 12.
2339 2070 2450 2127 Vos
2495 2081 2699 2142 autem,
2755 2072 2953 2131 fratres
2995 2074 3328 2145 charissimi,
3379 2085 3441 2134 ut
3469 2077 3726 2150 cogitetis

2127 2157 2434 2231 periculum
2482 2168 2748 2231 vestrum,
2778 2170 3004 2235 paterna
3033 2163 3302 2222 charitate
3338 2165 3719 2225 admonemus.

2127 2247 2184 2304 Si
2232 2263 2334 2305 nos
2377 2248 2612 2308 libenter
2653 2251 2880 2323 auditis,
2929 2261 2983 2310 et
3025 2255 3184 2313 vobis
3236 2255 3407 2313 vitam
3436 2265 3720 2328 aeternam,

2127 2343 2181 2393 et
2228 2337 2389 2395 nobis
2433 2356 2670 2413 perenne
2700 2343 3088 2416 comparabitis
3142 2345 3402 2419 gaudium
3452 2348 3511 2403 in
3553 2364 3723 2421 regno

2125 2428 2410 2499 oculorum,
2465 2431 2533 2487 ad
2586 2431 2732 2504 quod
2778 2431 3014 2490 feliciter
3053 2436 3340 2508 pervenire
3389 2452 3718 2507 mereamur,

2125 2526 2420 2590 praestante
2471 2521 2712 2578 Domino
2757 2531 2946 2580 nostro
2991 2525 3118 2582 Jesu
3161 2526 3402 2598 Christo,
3453 2527 3547 2601 qui
3591 2543 3720 2584 cum

2125 2606 2283 2664 Patre
2316 2616 2369 2664 et
2398 2608 2609 2682 Spiritu
2632 2621 2822 2670 sancto
2850 2613 2994 2670 vivit
3023 2623 3076 2671 et
3105 2624 3293 2689 regnat
3319 2617 3377 2675 in
3399 2617 3598 2677 saecula
3625 2634 3721 2675 sae-

2125 2699 2400 2770 culorum,
2432 2715 2614 2757 amen.

2692 2809 2929 2869 SERMO
2967 2813 3148 2873 XXV.

2481 2906 2561 2964 De
2591 2917 2777 2968 sancta
2815 2910 3237 2986 Quadragesima
3264 2913 3365 2973 IX.

2123 3006 2246 3085 Ja-nt
2271 3001 2480 3073 pridem
2506 3005 2608 3086 'hic
2649 3023 2816 3086 sermo
2842 3017 3170 3086 Anu-meram:
3197 3011 3453 3086 estinter
3496 3010 3720 3086 Ambro-

2195 3079 2394 3156 sianos,
2423 3079 2613 3156 quippe
2645 3079 2738 3156 qui
2764 3099 2799 3135 α
2829 3081 3090 3156 Gratiano
3113 3090 3160 3137 et
3187 3084 3252 3156 P.
3282 3083 3574 3138 Lombardo
3593 3084 3721 3156 Am-

2198 3147 2363 3223 brosii
2400 3149 2614 3223 nomine
2652 3147 2847 3206 citatus
2906 3154 3090 3223 fuerit.
3140 3155 3344 3210 Horum
3400 3154 3714 3210 auctoritate

2196 3219 2331 3274 sicut
2387 3225 2436 3274 et
2500 3221 2734 3276 codicum
2806 3219 2967 3280 Vatia.
3035 3233 3084 3280 et
3134 3227 3345 3283 Mediol.
3408 3245 3444 3282 a
3506 3227 3713 3282 Decreti

2196 3290 2617 3347 emendatoribus
2657 3296 2890 3350 eumdem
2933 3304 3110 3352 sancto
3138 3298 3356 3354 Doctori
3396 3299 3711 3354 attributum

2195 3379 2299 3442 esse
2325 3379 2556 3442 pronum
2597 3365 2824 3442 videtur.
2872 3369 3072 3442 iVerum
3114 3387 3218 3423 non
3262 3387 3539 3442 possumus
3581 3370 3712 3441 quia

2197 3435 2529 3513 admiremur
2555 3439 2822 3513 eruditiss.
2851 3441 3014 3497 Card.
3047 3443 3200 3498 Bona
3219 3435 3483 3503 lib.1Rer.
3501 3435 3708 3513 Liturg.

2195 3522 2311 3586 c_ap.
2344 3507 2432 3586 14,
2468 3525 2614 3586 nunt.
2647 3511 2698 3578 5,
2735 3529 2837 3582 pro
2866 3513 3218 3568 Ambrosiam
3247 3514 3421 3586 ipsum
3449 3507 3708 3570 habuisse.

2195 3579 2403 3658 Etenim
2450 3582 2528 3658 vel
2553 3582 2671 3658 hoc
2717 3579 2887 3640 solum
2926 3587 3066 3656 quod
3089 3603 3207 3658 per
3245 3579 3714 3658 Quadragesimam

2197 3652 2420 3728 singulis
2463 3653 2640 3728 diebus
2679 3663 2889 3728 excepta
2933 3652 3217 3713 Domiftica
3252 3652 3540 3714 accessa-rio
3572 3657 3715 3728 jeju-

2197 3723 2460 3792 nandum,
2493 3725 2660 3780 tradit
2677 3723 2886 3794 justum
2917 3729 3014 3783 hac
3042 3729 3102 3784 de
3141 3747 3198 3784 re
3225 3731 3505 3786 dubitandi
3544 3723 3716 3786 locum

2197 3797 2754 3871 pirwbuitfossevino
2808 3800 2865 3852 in
2923 3801 3226 3871 Apparatu.
3280 3803 3338 3857 Si
3377 3803 3496 3857 huic
3544 3819 3718 3857 can-ste

2198 3865 2366 3945 illam_
2387 3869 2658 3945 addideris
2699 3871 2842 3945 quod
2871 3865 3162 3941 pra-adium
3201 3873 3502 3945 horrarnona
3533 3891 3718 3945 capere

2193 3940 2473 4014 permittit,
2505 3941 2683 3996 eadem
2710 3943 2815 3995 haec
2847 3940 2966 4014 cum
2994 3960 3151 3999 serm.
3183 3945 3218 3999 8
3257 3944 3315 3998 in
3345 3944 3486 4000 Psal.
3519 3940 3714 4014 cxvm,

2199 4025 2345 4084 rium.
2400 4012 2490 4082 48,
2530 4013 2902 4084 composueris,
2947 4030 3102 4083 quam
3138 4014 3196 4068 in
3223 4032 3279 4070 eo
3317 4016 3451 4070 nihil
3497 4012 3724 4072 exsistat

2198 4080 2658 4156 Ambrosianum,—
2683 4084 2861 4156 statim
2913 4080 3211 4156 cdmperies.
3249 4087 3423 4140 Porro
3468 4088 3719 4142 mutatio-

2199 4168 2287 4210 nes
2314 4175 2357 4230 _a
2406 4155 2659 4230 Romanis
2695 4155 3143 4230 editoribus,’qui
3175 4157 3346 4230 primi
3385 4174 3502 4212 eum
3543 4159 3720 4230 praelo

2207 4227 2482 4296 subjecere,
2509 4227 2565 4280 in
2593 4244 2648 4282 eo
2693 4225 2863 4296 factas
2909 4245 2975 4283 ea:
3010 4225 3188 4284 codice
3221 4225 3561 4286 bibliothecaf
3583 4231 3722 4290 Val-

2202 4299 2455 4358 licellame
2489 4298 2699 4354 emenda
2708 4299 2893 4355 vimus.

2202 4409 2251 4465 1.
2285 4409 2429 4464 Ecce
2457 4423 2606 4464 nunc
2650 4414 2866 4480 tempus
2895 4407 3048 4466 adest
3079 4410 3219 4483 (89),
3268 4410 3326 4466 in
3365 4427 3474 4485 quo
3516 4418 3569 4467 et
3600 4425 3722 4485 pec-

2127 4506 2247 4556 cata
2284 4506 2463 4554 vestra
2505 4498 2755 4553 conﬁteri
2795 4499 2907 4555 Deo
2949 4505 3004 4555 et
3050 4500 3337 4569 sacerdoti,
3383 4509 3436 4558 et
3463 4517 3556 4574 per
3579 4500 3720 4574 jeju-

2129 4587 2243 4658 nia,
2284 4594 2337 4644 et
2374 4587 2670 4656 orationes,
2703 4595 2756 4644 et
2806 4588 3098 4662 lacrymas,
3139 4598 3302 4664 atque
3347 4591 3724 4663 eleemosynas

2133 4678 2315 4735 delere
2377 4677 2588 4734 debetis
2642 4679 2743 4751 (De
2795 4679 3009 4744 Pcenit.,
3067 4679 3196 4736 dist.
3258 4682 3307 4748 1,
3363 4696 3482 4752 cap.
3541 4679 3720 4752 Ecce).

2134 4769 2311 4837 Quare
2355 4767 2627 4825 erubescit
2670 4777 2920 4841 peccator
2957 4770 3306 4827 manifestare
3344 4777 3563 4845 peccata
3603 4786 3721 4841 sua,

2135 4876 2255 4932 quae
2303 4867 2356 4915 et
2387 4861 2500 4914 Deo
2543 4866 2597 4916 et
2642 4864 2788 4921 425
2835 4860 3040 4932 angelis
3069 4860 3345 4930 omnibus,
3386 4870 3547 4933 atque
3577 4877 3726 4917 cun-

2135 4955 2239 5012 ctis
2287 4957 2476 5012 electis
2539 4956 2828 5013 animabus
2899 4965 3028 5013 sunt
3083 4965 3214 5014 nota
3275 4947 3332 5014 et
3393 4954 3728 5016 manifesta?

2138 5046 2421 5104 Confessio
2450 5063 2481 5103 a
2521 5056 2698 5104 morte
2728 5048 2966 5104 animam
3011 5048 3226 5118 liberat,
3266 5048 3538 5105 confessio
3567 5067 3726 5123 para-

2139 5135 2319 5192 disum
2352 5137 2546 5209 aperit,
2587 5138 2858 5195 confessio
2885 5155 3035 5212 spem
3065 5137 3313 5194 salvandi
3358 5138 3573 5195 tribuit.
3606 5141 3729 5196 Un-

2139 5225 2207 5282 de
2236 5226 2512 5300 Scriptura
2543 5227 2679 5286 dicit
2703 5246 2715 5285 :
2761 5254 2781 5279 ι
2806 5228 2906 5286 Dic
2935 5237 2996 5284 tu
3015 5219 3333 5301 iniquitates
3351 5234 3471 5284 tuas
3493 5228 3726 5301 primus,

2140 5325 2202 5374 ut
2219 5314 2539 5389 justiﬁceris
2569 5317 2704 5391 (Isa.
2735 5335 2894 5391 xuii,
2929 5318 3043 5394 26).
3065 5343 3084 5369 ι
3119 5317 3222 5376 Hic
3243 5316 3314 5376 iis
3337 5318 3522 5376 verbis
3550 5326 3730 5377 osten-

2143 5552 2374 5629 missum
2403 5553 2547 5629 fuit:
2579 5554 2711 5629 Ecce
2746 5569 2886 5629 nunc
2933 5558 3132 5627 tempus
3159 5553 3487 5629 acceptabile,
3531 5557 3592 5611 ut
3635 5566 3731 5612 su-

2137 5628 2345 5700 periori
2371 5627 2652 5686 Dominica
2681 5627 2915 5698 legimus.
