3972 6370
264 322 374 382 677

1077 322 1447 383 SERMONES
1484 323 1540 380 S.
1582 322 1939 381 AMBROSIO
1979 323 2357 381 HACTENUS
2394 323 2732 382 ASCRIPTL

3457 328 3566 387 678

262 448 424 507 ditur
449 451 582 524 quia
604 466 717 509 nou
747 458 992 509 meretur
1014 450 1328 524 justiﬁcari,
1363 450 1494 524 quia
1530 451 1589 506 in
1626 449 1743 506 vita
1771 466 1869 505 sua
1895 452 1946 512 A
1976 449 2093 505 uite
2145 465 2293 521 ergo,
2347 448 2623 504 benedicti
2662 449 2837 505 Patris
2889 448 2995 506 mei
3027 450 3240 523 (Matth.
3272 466 3410 522 xxv,
3467 453 3563 523 35,

262 546 487 612 peccata
514 556 626 597 non
656 542 780 598 vult
818 540 1089 598 conﬁteri.
1143 541 1245 596 Illa
1272 556 1404 597 vero
1434 539 1703 596 confessio
1750 555 1859 594 non

264 627 485 699 liberat,
546 647 668 703 qua
712 647 823 687 non
867 630 930 688 ﬁt
976 647 1103 689 cum
1152 629 1497 703 panitentia.
1529 627 1863 685 Pmnitentia

258 734 394 774 vera
421 726 503 776 est
532 719 692 777 dolor
727 720 929 789 cordis,
960 728 1013 777 et
1039 718 1347 776 amaritudo
1387 719 1584 775 anima
1616 735 1715 792 pro
1745 734 1859 773 ma-

261 805 335 863 lis
368 825 490 882 qua
546 808 777 883 quisque
817 808 1095 867 commisit
1145 808 1245 880 (De
1290 808 1507 876 Pamit.,
1556 807 1684 863 dist.
1726 807 1777 875 3,
1807 824 1857 863 c.

258 898 624 969 Pwnitentia).
650 898 980 956 Pmnitentia
1009 906 1090 954 est
1125 905 1178 953 et
1209 898 1351 953 mala
1393 896 1666 969 praterita
1694 898 1861 968 plan—

258 1005 408 1061 gere,
445 998 500 1046 et
527 990 834 1063 plangenda
863 991 1061 1046 iterum
1093 1006 1205 1045 non
1242 988 1605 1045 committere.

335 1078 388 1135 2.
423 1079 494 1135 Et
524 1079 779 1153 quamvis
806 1096 997 1136 omnes
1034 1078 1171 1147 dies,
1223 1078 1425 1152 quibus
1468 1075 1721 1133 homines
1764 1072 1861 1129 vi-

254 1175 422 1237 vunt,
476 1169 589 1242 apti
639 1169 751 1225 sint
801 1169 1161 1243 poenitentia,
1203 1176 1387 1223 tamen
1440 1167 1532 1222 isti
1587 1165 1704 1220 dies
1733 1170 1861 1219 sunt

254 1256 387 1331 plus
417 1258 529 1331 apti
553 1265 609 1314 et
635 1258 863 1331 congrui
890 1257 959 1314 ad
995 1256 1393 1325 conﬁtendum,
1424 1262 1477 1311 et
1501 1254 1569 1311 ad
1593 1252 1861 1326 jejunan-

1974 537 2090 612 36).
2113 563 2131 587 ι
2177 538 2233 595 Si
2266 537 2371 594 ista
2404 555 2503 595 vos
2532 554 2697 610 opera
2732 537 3122 595 misericordia
3154 556 3268 597 non
3300 539 3562 612 feceritis,

1973 644 2096 700 qua
2125 627 2289 684 modo
2343 628 2796 696 commemoravi,
2855 626 3089 684 audietis
3118 628 3176 684 in
3205 629 3295 686 die
3320 630 3523 703 judicii
3548 649 3560 689 :

1989 740 2007 765 α
2035 718 2113 773 Ite
2139 717 2196 772 in
2239 717 2420 789 ignem
2443 726 2708 773 ateruum
2743 718 2861 790 (93)
2895 717 3058 788 (Ibid.
3089 717 3243 790 41).»

2045 805 2097 863 4.
2122 807 2241 863 Jam
2297 806 2427 880 quia
2461 809 2596 865 tales
2641 807 2759 865 dies
2784 815 2939 876 sunt,
2986 824 3098 863 non
3132 806 3325 876 audeo,
3360 816 3423 865 ut
3450 825 3560 866 non

1972 892 2152 952 dicam
2179 896 2485 967 periculum
2517 906 2570 953 et
2599 897 2801 970 grande
2826 897 3054 966 malum,
3088 896 3233 970 quod
3263 904 3344 953 est
3381 897 3439 953 in
3470 915 3563 972 po-

1972 986 2104 1057 pulo
2134 985 2240 1042 isto
2262 1004 2273 1040 :
2294 986 2443 1058 quod
2471 988 2517 1043 si
2538 1004 2602 1043 ea
2631 988 3053 1054 feceritis,dicet
3072 987 3262 1046 vobis:
3301 1013 3319 1037 σ
3340 988 3559 1059 Venite,

1972 1074 2250 1132 benedicti
2268 1076 2442 1132 Patris
2475 1077 2628 1133 mei»
2671 1077 2861 1144 Qualis
2882 1076 3228 1134 Christianus
3247 1079 3448 1152 est,qui
3462 1078 3562 1135 tali

1974 1174 2221 1239 tempore
2260 1184 2371 1224 non
2413 1166 2646 1240 jejunet,
2681 1169 2767 1224 vel
2808 1184 2981 1242 usque
3031 1167 3099 1224 ad
3126 1184 3328 1224 nonam
3354 1167 3383 1224 ‘i'
3420 1169 3563 1226 Ecce

1972 1257 2233 1315 Ninivita
2282 1258 2542 1332 parvulos
2592 1258 2756 1314 etiam
2789 1258 3073 1326 lactantes,
3101 1265 3155 1314 et
3176 1271 3372 1329 pecora
3395 1264 3559 1331 atque

255 1347 416 1417 dum,
442 1356 604 1422 atque
647 1349 1027 1421 eleemosynas
1056 1348 1332 1405 faciendas
1366 1365 1377 1404 :
1425 1345 1684 1420 quoniam
1725 1360 1861 1416 pec-
1968 1344 2237 1418 jumenta,
2267 1356 2329 1403 ut
2366 1347 2673 1419 periculum
2722 1346 2916 1404 mortis
2949 1346 3177 1404 evadere
3204 1354 3442 1418 possent,
3466 1343 3564 1417 je-

254 1444 379 1494 cata
407 1437 578 1495 totius
606 1436 737 1494 anni
779 1438 903 1494 istis
932 1437 1128 1495 diebus
1157 1438 1385 1511 potestis
1417 1436 1648 1492 diluere.
1694 1434 1861 1490 ldeo-
1967 1434 2162 1507 juuare
2184 1435 2450 1492 fecerunt.
2483 1436 2681 1503 Quales
2696 1452 2822 1509 ergo
2852 1434 3151 1492 Christiani
3169 1450 3282 1490 esse
3311 1442 3558 1507 possunt,

255 1543 363 1601 que
392 1544 591 1584 moneo
619 1544 829 1597 omnes,
864 1537 917 1585 et
959 1528 1154 1584 hortor
1192 1527 1460 1601 singulos,
1486 1532 1549 1580 ut
1588 1520 1858 1597 quidquid
1972 1526 2065 1598 qui
2095 1533 2150 1581 et
2176 1525 2294 1582 sani
2326 1534 2475 1594 sunt,
2515 1533 2568 1581 et
2584 1525 2835 1597 jejunere
2859 1542 2985 1582 cum
3016 1526 3221 1598 Moyse,
3253 1531 3308 1581 et
3334 1524 3481 1593 Elia,
3509 1531 3563 1581 et

254 1614 316 1672 in
356 1615 516 1674 vobis
541 1616 975 1690 reprehensibile
996 1615 1349 1690 cognoscitis,
1375 1612 1695 1670 emendetis.
1729 1609 1857 1677 Qui-
1971 1615 2249 1672 Salvatore
2278 1624 2467 1672 nostro
2515 1616 2714 1672 nolunt
2742 1616 2769 1671 ἢ
2798 1615 2985 1670 Solent
3014 1616 3162 1671 enim
3198 1613 3415 1672 dicere:
3448 1629 3562 1670 non

253 1722 472 1780 cunque
502 1707 844 1781 recognoscit
873 1707 932 1763 in
978 1723 1035 1763 se
1076 1705 1225 1778 quod
1264 1704 1484 1760 ﬁdelem
1531 1718 1645 1758 non
1678 1699 1854 1769 decet,
1969 1722 2261 1779 possumus
2313 1704 2579 1772 laborare,
2611 1711 2665 1758 et
2691 1700 2963 1774 jejunare.
2997 1703 3102 1760 Sed
3133 1703 3255 1760 ideo
3282 1720 3395 1760 nou
3424 1720 3561 1776 pos-

251 1800 509 1857 emendet
541 1818 553 1856 :
589 1800 737 1873 quod
794 1800 980 1856 minus
1032 1797 1184 1866 fecit,
1243 1795 1288 1852 si
1345 1794 1584 1852 ﬁdeliter
1616 1792 1856 1849 decimas
1886 1816 1934 1879 Β
1967 1801 2119 1863 sunt,
2150 1793 2280 1867 quia
2331 1794 2551 1849 nolunt.
2582 1792 2787 1849 Saltem
2811 1791 3060 1848 laborent
3088 1791 3291 1861 minus,
3323 1801 3386 1850 ut
3406 1792 3564 1865 jeju-

251 1904 368 1945 nou
398 1889 612 1946 dederit
643 1888 784 1959 (90).
817 1888 963 1956 Quid
1004 1895 1090 1944 est
1136 1885 1375 1942 ﬁdeliter
1420 1883 1662 1941 decimas
1704 1881 1853 1950 dare,

249 1976 364 2033 nisi
394 1986 457 2035 ut
483 1993 586 2034 nec
612 1975 789 2050 pejus,
819 1992 923 2034 nec
951 1975 1137 2032 minus
1182 1974 1479 2048 aliquando
1525 1973 1640 2029 Deo
1668 1970 1859 2026 olferat

250 2074 352 2123 aut
380 2066 448 2123 de
477 2082 649 2139 grano
690 2082 810 2134 suo,
860 2074 957 2123 aut
985 2064 1052 2121 de
1096 2064 1231 2120 vino
1278 2079 1399 2132 suo,
1431 2070 1526 2119 aut
1558 2061 1626 2117 de
1652 2058 1858 2115 fructi—

252 2155 360 2213 bus
386 2155 668 2225 arborum,
699 2162 796 2211 aut
839 2154 907 2212 de
935 2152 1244 2227 pecoribus,
1292 2159 1387 2208 aut
1433 2152 1499 2208 de
1542 2150 1722 2217 horto,
1762 2153 1857 2205 aut

250 2245 323 2304 de
350 2246 604 2319 negotiis,
658 2253 753 2304 aut
806 2247 875 2303 de
916 2246 1035 2318 ipsa
1080 2244 1373 2302 venatione
1421 2241 1562 2300 sua?
1613 2240 1755 2309 Quia
1788 2240 1857 2298 de

251 2336 408 2393 omni
438 2335 769 2404 substantia,
798 2352 962 2410 quam
1002 2337 1148 2393 Deus
1194 2332 1413 2390 homini
1455 2332 1646 2401 donat,
1696 2331 1857 2387 deci-

252 2440 401 2482 mam
435 2433 644 2499 partem
673 2424 780 2482 sibi
811 2425 1085 2493 servavit;
1109 2431 1163 2480 et
1191 2423 1314 2479 ideo
1336 2439 1449 2478 non
1480 2421 1608 2477 licet
1638 2419 1853 2476 homini

251 2514 491 2571 retinere
520 2513 683 2585 illud,
717 2514 864 2588 quod
893 2515 1039 2570 Deus
1077 2511 1183 2570 sibi
1233 2509 1555 2568 reservavit.
1590 2509 1711 2565 Tibi
1746 2508 1854 2564 de—

253 2604 341 2662 dit
369 2620 568 2662 uovem
625 2613 827 2679 partes,
883 2604 991 2660 sibi
1038 2618 1169 2661 vero
1220 2600 1522 2659 reservavit
1578 2599 1846 2656 decimam

252 2703 465 2769 partem
498 2710 511 2749 :
545 2701 599 2752 et
626 2694 673 2752 si
698 2702 761 2751 tu
790 2711 900 2751 non
930 2692 1148 2751 dederis
1174 2693 1289 2749 Deo
1320 2692 1592 2750 decimam
1614 2696 1850 2763 partem,

247 2784 398 2844 Deus
420 2784 576 2841 tollet
604 2800 637 2840 a
676 2790 732 2840 te
761 2800 960 2840 novem
1013 2791 1211 2855 partes.
1270 2782 1408 2838 Item
1462 2781 1509 2837 si
1550 2778 1674 2854 quis
1705 2793 1852 2835 reco-

248 2874 466 2949 gnoscit
495 2874 553 2931 in
592 2890 649 2930 se
679 2873 827 2947 quod
855 2873 923 2929 ab
951 2873 1137 2946 aliquo
1184 2871 1316 2928 tulit
1363 2869 1574 2943 aliquid
1621 2869 1846 2940 injuste,

250 2966 505 3023 emendet
534 2966 814 3024 reddendo
851 2964 998 3039 quod
1028 2962 1229 3036 injuste
1259 2963 1407 3021 tulit.
1447 2964 1582 3019 Nam
1609 2962 1704 3035 qui
1736 2977 1849 3017 non

248 3056 377 3113 vult
404 3057 516 3112 Deo
547 3055 774 3112 reddere
801 3054 1042 3111 decimas
1076 3070 1210 3128 quas
1248 3052 1498 3122 retinuit,
1529 3058 1583 3107 et
1632 3049 1849 3107 homini

252 3161 368 3201 non
397 3144 581 3202 studet
635 3144 882 3213 reddere,
939 3142 1084 3217 quod
1134 3142 1337 3215 injuste
1388 3141 1455 3198 ab
1482 3156 1546 3197 eo
1569 3139 1797 3196 abstulit
1831 3156 1844 3207 ;

251 3250 368 3292 non
396 3234 557 3291 timet
603 3234 782 3292 adhuc
832 3236 1029 3303 Deum,
1089 3242 1142 3289 et
1174 3232 1389 3305 ignorat
1442 3229 1577 3304 quid
1617 3229 1689 3286 sit
1722 3244 1851 3284 vera

250 3325 602 3400 poenitentia,
643 3342 878 3399 veraque
916 3323 1186 3382 confessio
1247 3323 1362 3396 (16,
1418 3338 1471 3395 q.
1506 3320 1561 3391 2,
1612 3338 1661 3379 c.
1712 3320 1853 3376 Nam

250 3416 349 3491 qui
370 3417 525 3490 Deo).
886 3460 891 3465 .

329 3508 382 3565 3.
440 3509 547 3564 Iste
596 3507 720 3564 talis
748 3506 917 3563 homo
963 3523 1074 3562 non
1115 3512 1291 3579 potest
1328 3505 1529 3561 bonam
1558 3506 1853 3578 eleemosy-

253 3614 385 3656 nam
431 3597 630 3655 facere.
680 3598 897 3654 Bonum
931 3605 1012 3653 est
1059 3604 1366 3670 propterea,
1388 3596 1605 3665 fratres,
1634 3604 1696 3651 ut
1741 3598 1854 3652 Deo

254 3689 502 3747 reddatis
541 3705 662 3763 qua
710 3705 808 3745 sua
839 3697 985 3759 sunt,
1031 3696 1084 3745 et
1113 3688 1367 3761 proximo
1397 3706 1516 3762 qua
1546 3687 1697 3743 illius
1726 3687 1856 3743 fue—

255 3786 430 3846 runt;
483 3786 546 3835 ut
589 3778 657 3835 de
700 3779 900 3834 vestris
939 3777 1107 3851 justis
1156 3778 1439 3834 laboribus
1481 3778 1857 3850 eleemosynas

256 3866 531 3937 faciendo,
566 3874 785 3939 peccata
806 3874 986 3924 vestra
1006 3866 1228 3940 possitis
1248 3867 1536 3935 redimere,
1554 3866 1855 3923 secundum

258 3955 408 4029 quod
439 3957 704 4029 scriptum
736 3964 821 4013 est
858 3975 869 4013 :
914 3979 933 4004 ι
968 3956 1123 4013 Sicut
1151 3972 1290 4029 aqua
1319 3956 1623 4030 exstinguit
1652 3956 1854 4029 ignem,

260 4044 341 4101 ita
367 4046 717 4119 eleemosyna
735 4045 1040 4119 exstinguit
1069 4054 1353 4119 peccatum
1379 4046 1570 4118 (Eccli.
1599 4063 1680 4115 nr,
1703 4046 1845 4117 35).»

260 4134 334 4190 Et
363 4133 468 4191 hoc
512 4134 687 4192 facere
734 4134 946 4191 debetis
994 4135 1135 4207 (91),
1190 4135 1321 4209 quia
1340 4134 1718 4208 unusquisque
1763 4150 1859 4190 se-

264 4221 509 4281 cundum
540 4223 689 4297 quod
712 4222 898 4292 habet,
937 4222 1100 4279 debet
1145 4224 1390 4280 tribuere
1435 4223 1812 4296 indigentibus
1841 4239 1853 4278 :

266 4310 324 4367 id
353 4320 454 4381 est,
488 4313 583 4385 qui
610 4313 773 4369 habet
799 4315 1058 4383 multum,
1091 4313 1252 4370 debet
1283 4314 1528 4371 tribuere
1561 4316 1772 4371 multa:
1805 4321 1860 4371 et

266 4400 364 4474 qui
410 4417 605 4473 parum
654 4401 841 4472 habet,
885 4403 1047 4460 debet
1099 4420 1291 4477 parum
1348 4405 1499 4475 dare,
1556 4405 1857 4463 secundum

268 4488 417 4563 quod
450 4490 567 4563 (92)
601 4499 823 4548 sanctus
851 4491 1050 4547 Tobias
1083 4508 1239 4565 agere
1268 4492 1457 4549 docuit
1485 4494 1663 4551 ﬁlium
1693 4510 1855 4551 suum

270 4579 429 4653 (Tob.
470 4598 548 4652 1v,
605 4581 686 4652 9).
744 4581 882 4639 Cum
933 4583 1125 4655 grandi
1174 4599 1389 4656 quoque
1417 4585 1601 4641 studio
1649 4593 1703 4641 et
1728 4603 1854 4643 cum

268 4669 481 4743 ingenti
510 4670 774 4729 aviditate
800 4672 1000 4729 debent
1028 4671 1328 4731 Christiani
1371 4675 1742 4748 eleemosynas
1773 4676 1858 4732 fa-

268 4778 418 4829 cere;
453 4769 516 4817 ut
546 4770 859 4819 mereantur
888 4763 946 4819 in
977 4762 1066 4819 die
1090 4762 1290 4835 judicii
1309 4764 1498 4822 audire
1522 4782 1553 4821 a
1581 4765 1818 4823 Domino
1842 4784 1855 4823 :

286 4875 305 4901 ε
341 4850 589 4921 Esurivi,
621 4860 676 4908 et
714 4852 945 4909 dedistis
984 4853 1124 4909 mihi
1173 4852 1546 4912 manducare:
1601 4855 1777 4922 sitivi,
1807 4864 1861 4913 et

270 4940 502 4999 dedistis
554 4941 694 4997 mihi
727 4941 959 5000 bibere:
1020 4943 1217 5017 hospes
1271 4958 1443 5011 eram,
1484 4954 1538 5001 et
1566 4944 1863 5017 collegistis

272 5046 361 5087 me
402 5050 415 5088 :
449 5032 633 5088 nudus
661 5049 829 5103 eram,
856 5041 911 5091 et
936 5033 1180 5091 vestistis
1206 5051 1292 5091 me
1326 5053 1337 5091 ε
1373 5034 1646 5105 inﬁrmus,
1683 5043 1736 5091 et
1782 5034 1863 5091 vi-

272 5119 454 5178 sitatis
483 5137 570 5178 me
607 5140 619 5178 :
652 5120 711 5177 in
740 5138 956 5179 carcere
984 5138 1153 5193 eram,
1186 5132 1239 5181 et
1268 5123 1500 5182 venistis
1529 5124 1597 5181 ad
1623 5140 1727 5181 me.
1760 5124 1864 5182 Ve-

352 5283 469 5357 (90)
493 5285 651 5342 Rom.
683 5285 840 5353 edit.,
863 5286 1004 5357 quod
1032 5287 1261 5358 fideliter
1288 5304 1393 5343 non
1416 5288 1616 5343 dederit
1644 5288 1868 5344 decimas

276 5372 425 5426 suas,
454 5358 609 5414 modo
656 5359 903 5427 emendet,
961 5359 1104 5430 quod
1156 5359 1333 5415 minus
1387 5358 1528 5430 fecit.
1595 5360 1735 5428 Quid
1770 5365 1865 5415 est.

357 5500 486 5576 (91)
508 5501 714 5576 Eadem
744 5501 900 5572 edit.,
945 5504 1201 5576 scriptum
1231 5510 1304 5559 est
1336 5521 1348 5559 :
1377 5510 1591 5575 peccata
1621 5509 1712 5558 tua
1747 5504 1870 5559 elec-

278 5574 514 5632 moszmis
542 5575 755 5630 redime.
792 5577 865 5631 Et
886 5574 1065 5630 adhuc
1086 5576 1218 5630 scire
1243 5574 1451 5632 debetis.

357 5645 476 5717 (92)
507 5645 665 5720 Rom.
718 5645 875 5715 edit.,
932 5647 1098 5717 juxta
1131 5664 1363 5720 paucam
1399 5665 1505 5709 non
1537 5647 1715 5705 timeat
1744 5648 1867 5703 eice-

282 5716 557 5791 περιμανῆ
596 5716 790 5791 facere,
829 5716 1111 5779 secundum
1131 5716 1304 5792 quod,
1334 5728 1439 5780 etc.

1967 1899 2098 1940 nare
2127 1882 2358 1955 possint.
2411 1883 2609 1939 Moneo
2664 1890 3012 1956 quapropter,
3051 1889 3107 1938 et
3134 1890 3410 1938 contestor
3460 1897 3561 1940 vos

1966 1973 2025 2029 in
2054 1972 2315 2042 Domino,
2354 1980 2417 2028 ut
2461 1973 2653 2029 nullus
2683 1980 2948 2040 vestrum,
2978 1970 3088 2028 nisi
3118 1970 3260 2029 forte
3287 1971 3360 2029 sit
3386 1971 3557 2029 inﬁr-

1966 2082 2110 2135 mus,
2142 2072 2237 2122 aut
2266 2064 2472 2134 infans,
2499 2080 2674 2138 usque
2702 2062 2771 2120 ad
2791 2061 3018 2132 Pascha,
3048 2071 3103 2121 et
3130 2063 3239 2121 nisi
3268 2064 3327 2121 in
3355 2063 3559 2122 Domi-

1966 2156 2108 2215 uicis
2134 2156 2350 2225 diebus,
2381 2162 2507 2212 ante
2531 2170 2735 2212 nonam
2766 2152 3060 2210 manducet
3078 2162 3175 2212 aut
3201 2153 3378 2212 bibat.

2034 2248 2089 2304 5.
2119 2248 2315 2304 Moneo
2366 2247 2531 2303 etiam
2560 2254 2623 2304 ut
2666 2244 2763 2320 qui
2803 2244 2967 2316 juxta
3007 2244 3309 2302 Ecclesiam
3366 2252 3468 2314 est,
3499 2254 3553 2304 et

1964 2352 2249 2395 occanere
2271 2343 2452 2409 potest
2468 2334 2608 2408 (94),
2641 2335 2887 2408 quotidie
2906 2334 3093 2393 audiat
3108 2335 3329 2392 missam
3353 2352 3367 2404 ;
3391 2341 3445 2392 et
3458 2333 3557 2408 qui

1963 2433 2160 2499 potest,
2192 2426 2345 2482 omni
2397 2433 2558 2483 nocte
2594 2424 2665 2481 ad
2693 2424 3028 2481 matutinum
3061 2424 3307 2481 ofﬁcium
3345 2424 3555 2482 veniat.

1962 2517 2067 2585 Qui
2099 2532 2229 2572 vero
2252 2517 2411 2587 longe
2439 2514 2508 2570 ab
2542 2514 2790 2572 Ecclesia
2817 2520 3059 2583 manent,
3088 2513 3244 2571 omni
3262 2512 3555 2571 Dominica
3646 2506 3649 2509 ’

1961 2606 2220 2664 studeant
2248 2604 2317 2661 ad
2347 2602 2681 2661 Matutinum
2723 2603 2948 2660 venire:
2981 2602 3040 2660 id
3074 2610 3175 2672 est,
3208 2602 3336 2673 viri,
3383 2611 3439 2661 et
3464 2603 3557 2661 fe-

1962 2695 2150 2765 mina,
2182 2703 2236 2752 et
2268 2693 2522 2767 juvenes,
2570 2701 2627 2749 et
2665 2708 2820 2749 senes
2872 2701 3069 2766 prater
3094 2691 3378 2761 inﬁrmos;
3410 2709 3555 2753 unus

1962 2792 2148 2841 tamen
2203 2790 2299 2840 aut
2353 2781 2465 2838 duo
2523 2788 2862 2851 remaneant,
2920 2779 3016 2855 qui
3068 2779 3295 2840 domum
3350 2788 3546 2840 custo-

1961 2872 2136 2932 diant.
2264 2868 2269 2875 ’“

2033 2963 2086 3019 6.
2116 2961 2314 3020 Nullus
2342 2959 2569 3017 omnino
2597 2958 2761 3015 uxori
2790 2975 2903 3016 sua
2944 2958 3207 3033 jungatur
3232 2966 3359 3017 ante
3387 2968 3550 3018 octa-

1963 3070 2089 3109 vam
2118 3051 2357 3110 Pascha.
2410 3050 2736 3123 Quicunque
2800 3050 2960 3119 iram,
2992 3056 3089 3105 aut
3125 3048 3315 3107 odium
3354 3057 3550 3107 contra

1963 3145 2198 3200 alterum
2253 3148 2423 3210 tenet,
2452 3146 2601 3203 426
2656 3138 2901 3195 dimittat
2928 3138 3016 3195 illi
3053 3153 3123 3194 ex
3149 3145 3264 3195 toto
3291 3138 3475 3209 corde,
3503 3139 3551 3197 si

1962 3241 2163 3299 salvari
2193 3240 2467 3298 desiderat
2497 3258 2510 3297 :
2562 3248 2616 3296 et
2643 3239 2889 3311 exceptis
2912 3238 3046 3307 illis,
3071 3238 3274 3312 quibus
3300 3238 3551 3296 sacerdos

1962 3331 2256 3388 consilium
2289 3331 2404 3398 dat,
2435 3336 2497 3385 ut
2543 3345 2654 3384 non
2684 3328 3113 3393 communicent,
3163 3344 3353 3384 omnes
3378 3327 3551 3387 Chri-

1964 3422 2129 3479 stiani
2154 3421 2308 3477 omni
2337 3419 2626 3476 Dominica
2645 3418 3050 3475 debentoﬁ‘erre
3078 3419 3549 3476 etcommuuicare

1964 3513 2029 3569 In
2056 3508 2480 3582 Quadragesima
2503 3524 2635 3563 vero
2664 3525 2860 3564 moneo
2889 3516 2952 3563 ut
2977 3507 3068 3563 die
3104 3506 3279 3574 omni,
3311 3515 3406 3564 aut
3432 3509 3553 3565 sal-

1964 3612 2096 3671 tem,
2130 3610 2193 3658 ut
2220 3601 2363 3671 dixi,
2389 3600 2541 3657 omni
2569 3599 2859 3656 Dominica
2884 3599 3126 3657 offeratis
3151 3606 3204 3654 et
3232 3598 3555 3656 communi-

1965 3693 2121 3751 cetis.
2185 3692 2257 3747 Et
2288 3690 2493 3747 idcirco
2525 3706 2716 3762 puram
2755 3697 2810 3745 et
2855 3689 3116 3746 mundam
3145 3688 3317 3745 vitam
3346 3688 3552 3760 ducite,

1966 3791 2029 3839 ut
2053 3780 2207 3855 digni
2256 3780 2377 3836 sitis
2405 3778 2660 3836 accedere
2683 3778 2751 3835 ad
2784 3786 3025 3835 sanctam
3080 3778 3551 3836 communionem.

1966 3873 2041 3928 Et
2068 3871 2187 3927 hac
2216 3870 2354 3926 scire
2379 3868 2611 3937 debetis,
2640 3867 2768 3941 quia
2785 3866 3057 3942 quidquid
3085 3867 3411 3924 subtrahitis
3436 3882 3555 3924 cor-

1965 3961 2088 4035 pori
2118 3960 2176 4017 in
2205 3958 2528 4031 jejunando,
2559 3965 2736 4013 totum
2780 3956 2992 4014 debetis
3018 3956 3349 4030 pauperibus
3374 3957 3557 4013 dona-

1968 4066 2047 4120 re,
2078 4065 2189 4105 non
2219 4048 2378 4103 vobis
2406 4046 2541 4120 ipsis
2562 4062 2859 4104 reservare.

2042 4140 2093 4195 7.
2125 4136 2488 4210 Omnipotens
2536 4137 2681 4192 Deus
2738 4135 2906 4192 donet
2931 4142 2996 4192 ut
3049 4135 3175 4206 ista,
3232 4150 3355 4209 qua
3409 4133 3558 4191 dicta

1969 4235 2119 4297 sunt,
2174 4226 2475 4296 retineatis,
2531 4234 2587 4283 et
2628 4240 2792 4297 opere
2846 4225 3206 4298 complestis;
3280 4231 3558 4299 quatenus

1967 4327 2092 4393 post
2118 4319 2284 4375 ﬁnem
2315 4317 2481 4389 hujus
2508 4317 2657 4385 vita,
2688 4324 2743 4373 et
2781 4323 2905 4388 post
2931 4316 3232 4373 terminum
3260 4314 3463 4371 laboris
3489 4313 3560 4371 ad

1968 4409 2214 4483 requiem
2285 4407 2674 4480 sempiternam
2743 4407 3030 4477 pervenire
3104 4404 3363 4478 possitis:
3437 4403 3559 4476 ipso

1968 4498 2229 4568 donante,
2269 4497 2365 4571 qui
2391 4513 2491 4553 vos
2517 4504 2573 4552 et
2600 4495 2829 4560 creavit,
2874 4504 2929 4552 et
2955 4493 3131 4567 pretio
3157 4495 3244 4550 sui
3273 4491 3558 4565 sanguinis

1967 4589 2234 4646 redimere
2271 4588 2485 4644 voluit:
2532 4586 2627 4660 qui
2673 4585 2817 4642 vivit
2845 4592 2901 4642 et
2950 4590 3139 4657 regnat
3187 4597 3284 4655 per
3335 4580 3558 4639 inﬁnita

1966 4680 2292 4739 saeculorum
2331 4677 2548 4736 sacula.
2578 4676 2778 4731 Amen.

2527 4816 2760 4875 SERMO
2789 4815 2997 4872 XXVI.

2327 4931 2406 4987 De
2450 4933 2636 4984 sancta
2676 4921 3100 4995 Quadragesima
3127 4921 3202 4981 Χ.

1973 5052 2071 5111 Hic
2098 5067 2266 5107 sermo
2308 5065 2373 5103 ea:
2426 5061 2606 5100 eorum
2635 5049 2710 5097 est
2754 5057 2995 5105 numero,
3034 5056 3164 5110 quos
3195 5040 3351 5111 Rom.
3399 5038 3558 5095 editio

2040 5125 2278 5197 primum
2333 5116 2612 5188 evulgavit.
2643 5114 2833 5170 Eidem
2855 5113 3096 5185 prefuit
3119 5112 3276 5169 illum
3313 5110 3544 5168 titulum'

2050 5284 2167 5359 (93)
2186 5284 2345 5340 Rom.
2373 5280 2531 5348 edit.,
2549 5279 2719 5359 Siper
2743 5279 2876 5359 hanc
2894 5293 3069 5359 vocent
3080 5293 3241 5359 opera
3266 5274 3562 5359 misericor-

1976 5346 2169 5413 diam}.
2230 5346 2639 5421 (sternum,'qui_
2672 5358 2901 5422 paratus
2934 5356 3009 5404 est
3034 5346 3244 5404 diabolo
3276 5353 3322 5401 et
3366 5346 3564 5422 angelis

1976 5429 2111 5499 ejus.
2143 5428 2266 5482 Jam
2316 5425 2510 5496 quia...
2538 5420 2646 5478 non
2672 5420 2865 5500 audeo
2898 5428 3084 5500 tacere,
3115 5425 3173 5500 ut
3209 5435 3315 5500 non
3343 5420 3566 5500 revelant

1972 5489 2269 5572 periculum
2322 5489 2629 5572 igestrum.._._
2687 5494 2828 5565 quod
2882 5493 3047 5560 vobis,
3112 5489 3220 5545 nisi
3288 5489 3567 5546 emendatis

1976 5566 2160 5639 citam,
2193 5570 2448 5637 imminet,
2478 5566 2676 5639 qualis,
2706 5574 2810 5623 etc.

2053 5633 2171 5716 (94)
2233 5633 2442 5702 Eadem
2485 5633 2653 5708 edit.,
2720 5642 2770 5694 et
2820 5635 2931 5692 sine
2985 5634 3145 5707 gravi
3198 5633 3568 5709 impedimento

1971 5722 2160 5791 potest.
