3972 6362
461 342 566 402 679

1613 343 1708 401 DE
1746 342 2124 403 TRINITATE
2160 340 2593 403 TRACTATUS.

3657 347 3767 405 680

532 468 612 549 De
650 467 816 549 modo
875 481 1004 524 vere
1051 465 1245 549 agendi
1287 467 1687 549 paenitentiam.
1752 469 1852 549 Sed
1895 485 2056 541 quam
2085 472 2137 532 Α
2169 469 2428 527 stantiam
2459 485 2613 525 suam
2661 483 2788 526 cum
2837 467 3220 526 meretricibus
3248 468 3540 545 dissipavit
3571 478 3767 542 ;427

531 538 794 594 immerito
838 555 1031 611 nomen
1072 538 1360 611 Ambrosii
1392 540 1497 611 ipsi
1522 540 1846 609 ascripserit,
1903 538 2053 595 nemo

530 612 611 665 vel
640 626 725 691 ea:_
748 610 934 694 prima
966 610 1177 694 lectione
1207 628 1314 694 non
1347 610 1717 694 deprehendat.
1746 612 2054 694 Suspectum

530 698 655 736 vero
704 681 762 736 id
814 682 969 736 etiam
1001 682 1149 735 nobis
1179 688 1274 747 est,
1329 681 1469 752 quad
1501 683 1557 737 in
1600 684 1712 753 ipso
1742 681 1921 738 limine
1952 701 2053 739 me-

529 759 776 807 moratur
804 753 866 807 de
912 753 1202 826 Ninivitis:
1233 753 1445 826 quippe,
1474 770 1590 826 cum
1628 756 1682 807 in
1714 761 1816 809 toto
1848 757 2053 826 reliquo

528 840 765 897 sermone
791 841 954 897 neque
982 825 1044 878 de
1072 825 1200 890 illis,
1231 842 1393 897 neque
1411 825 1473 879 de
1500 825 1719 879 illorum
1743 825 2055 897 paenitentia

528 894 819 967 quidquam
845 895 1076 967 dicatur.
1104 896 1253 962 Quod
1278 902 1450 949 autem
1477 894 1760 964 deseritur,
1781 898 1873 967 qui
1892 915 2054 954 unam

530 971 751 1039 tantum,
773 965 975 1039 jejunii
1011 967 1146 1020 diem
1196 968 1614 1038 prietermiserit,
1653 965 1909 1039 integram
1944 970 2051 1025 vio-

529 1038 666 1092 lasse
722 1038 1216 1108 Quadragesimam,
1244 1040 1465 1093 habetur
1500 1040 1657 1093 etiam
1686 1038 1919 1096 sermone
1960 1041 2051 1109 22,

528 1112 665 1162 sicut
711 1116 759 1163 et
786 1110 926 1179 quod
977 1111 1245 1164 occasione
1291 1110 1472 1164 hiemis
1525 1112 1583 1164 in
1612 1112 1881 1167 meliorem
1933 1119 2052 1166 tem-

522 1186 773 1249 pestatem
829 1198 881 1233 se
925 1181 1269 1235 convertentis
1286 1182 1366 1235 hic
1394 1181 1695 1248 disseritur,
1727 1200 1842 1237 cum
1879 1185 2054 1238 eodem

526 1267 765 1305 sermone
792 1253 1097 1391 (Vﬁnitatem
1126 1254 1409 1321 quamdam
1439 1254 1626 1308 habere
1655 1255 1889 1321 videtur;
1918 1255 2055 1309 unde

526 1320 787 1391 conjicere
835 1339 999 1377 orsan
1021 1324 1173 1378 liceat
1192 1341 1357 1379 unum
1384 1342 1445 1379 ac
1470 1326 1702 1380 eumdem
1728 1326 1917 1380 horum
1945 1344 2050 1381 ser-

526 1320 787 1391 conjicere
808 1320 999 1391 forsan
1021 1320 1173 1378 liceat
1192 1341 1357 1379 unum
1384 1342 1445 1379 ac
1470 1326 1702 1380 eumdem
1728 1326 1917 1380 horum
1945 1344 2050 1381 ser-

526 1409 743 1448 monum
772 1399 1038 1449 auctorem
1077 1412 1198 1451 esse.

526 1490 578 1547 1.
616 1490 843 1547 Lectum
886 1500 970 1548 est
1003 1509 1151 1549 nunc
1192 1492 1251 1549 in
1279 1493 1617 1564 Evangelio:
1676 1518 1695 1542 ι
1722 1494 1844 1551 Viri
1883 1494 2053 1551 Nini-

451 1578 580 1634 vitaa
617 1587 843 1652 surgent
887 1580 946 1635 in
986 1579 1200 1651 judicio
1247 1598 1372 1638 cum
1426 1582 1776 1654 generatione
1824 1582 1947 1651 ista,
1998 1591 2053 1640 et

449 1666 899 1725 condemnabunt
946 1685 1089 1736 eam,
1134 1670 1265 1742 quia
1312 1670 1696 1743 pmnitentiam
1726 1680 1953 1744 egerunt
1992 1671 2053 1727 in

448 1757 837 1829 praedicatione
864 1759 1014 1815 Jonas
1034 1759 1247 1830 (Matth.
1271 1778 1372 1829 xu,
1406 1761 1521 1834 41).
1548 1744 1568 1811 ἐ
1600 1762 1861 1819 Pharisaei
1879 1764 2049 1836 poeni.

2164 577 2351 643 postea
2376 568 2609 625 humilis
2639 569 2837 639 factus,
2870 577 2925 626 et
2971 570 3040 625 ad
3085 586 3182 628 cor
3228 566 3499 642 reversus,
3529 572 3762 630 dicens:

2177 682 2195 706 ι
2233 658 2436 726 Quanti
2481 659 2808 714 mercenarii
2859 658 2918 715 in
2948 658 3114 715 domo
3142 658 3314 732 patris
3344 660 3453 715 mei
3478 660 3769 718 abundant

2163 746 2419 821 panibus,
2452 762 2551 818 ego
2580 754 2761 802 autem
2794 746 2887 804 hic
2928 747 3075 803 fame
3102 763 3263 820 pereo
3281 747 3311 804 ?
3352 748 3580 822 Surgam
3609 765 3765 823 ergo,

2162 844 2217 892 et
2272 835 2468 891 vadam
2520 834 2588 891 ad
2643 843 2852 908 patrem
2909 852 3114 904 meum,
3172 843 3225 893 et
3276 837 3456 895 dicam
3490 856 3502 894 :
3536 839 3645 894 Fac
3676 853 3768 893 me

2162 924 2305 981 sicut
2334 940 2506 980 unum
2537 941 2605 980 ex
2628 925 2983 982 mercenariis
3012 926 3123 982 tuis
3155 925 3307 998 (Luc.
3349 944 3447 996 xv,
3487 929 3698 1000 17-19).
3733 954 3753 977 ι

2163 1014 2247 1070 Ad
2277 1022 2485 1086 patrem
2519 1014 2804 1084 accedens,
2859 1023 2913 1071 et
2959 1032 3143 1073 coram
3188 1032 3252 1073 eo
3298 1032 3355 1073 se
3384 1025 3764 1090 prosternens,

2163 1103 2270 1158 fuit
2302 1103 2370 1159 ab
2400 1120 2465 1160 eo
2499 1104 2749 1161 laetanter
2794 1113 3085 1178 acceptus;
3146 1106 3258 1162 imo
3313 1107 3517 1165 occidit
3564 1123 3667 1181 pro
3699 1123 3768 1163 eo

2164 1199 2405 1255 vitulum
2438 1200 2766 1273 saginatum.

2235 1286 2289 1343 4.
2331 1287 2632 1344 Memorare
2662 1288 2845 1362 itaque
2873 1289 3003 1364 quia
3029 1297 3083 1345 et
3124 1307 3224 1363 pro
3250 1297 3306 1347 te
3335 1289 3587 1349 Christus
3615 1290 3768 1348 occi-

2163 1393 2258 1433 sus
2289 1386 2391 1441 est.
2431 1377 2527 1449 qui
2555 1383 2681 1433 ante
2712 1376 2821 1434 fuit
2874 1376 3087 1435 vitulus
3132 1378 3430 1451 saginatus.
3458 1378 3598 1447 Quia
3625 1396 3768 1436 vero

2161 1467 2302 1522 alter
2326 1465 2476 1522 ﬁlius
2524 1464 2643 1538 ejus
2684 1466 3041 1523 contristatus
3082 1476 3183 1536 est,
3233 1468 3491 1541 quoniam
3543 1469 3770 1526 occisus

2163 1564 2245 1611 est
2276 1555 2550 1626 Christus,
2580 1556 2675 1630 qui
2712 1564 2839 1613 ante
2866 1554 2975 1612 fuit
3003 1555 3214 1612 vitulus
3258 1557 3556 1629 saginatus,
3604 1566 3770 1631 pater

2165 1646 2469 1720 respondit,
2500 1647 2688 1703 dicens
2719 1665 2731 1703 :
2778 1669 2797 1693 ι
2846 1645 2973 1716 Fili,
3014 1652 3078 1701 tu
3107 1663 3319 1702 mecum
3352 1662 3566 1719 semper
3595 1665 3677 1717 es,
3710 1654 3769 1704 et

2161 1737 2347 1794 omnia
2375 1752 2497 1792 mea
2548 1744 2642 1793 tua
2688 1743 2864 1795 sunt:
2917 1736 3151 1809 gaudere
3186 1745 3370 1793 autem
3425 1745 3480 1795 te
3538 1744 3768 1810 oportet

448 1824 677 1901 tentiam
726 1824 1080 1916 simulabant,
1111 1848 1235 1904 ide.)
1265 1866 1297 1905 a
1326 1824 1548 1907 Christo
1585 1852 1825 1908 Domino
1849 1824 2046 1925 appel-
2079 1834 2126 1896 Β
2159 1824 2287 1923 Ψήέ
2315 1824 2408 1925 δίηθ
2458 1824 2609 1925 ﬁli?“
2659 1842 2814 1925 m9“
2872 1835 3124 1925 Ψοῗξῖλῖλῗ
3172 1825 3467 1925 {'{e’ajﬁ‘
3496 1826 3715 1925 τξνίχίί
3747 1844 3762 1883 ³

449 1936 633 1994 lantur
672 1962 690 1986 ι
728 1939 1006 2010 generatio
1043 1940 1186 1995 mala
1214 1949 1268 1997 et
1296 1940 1546 1998 adultera
1578 1943 1742 2014 (Ibid.
1773 1943 1865 2015 39)
1895 1962 1948 2012 ;›
1991 1950 2047 2001 et

448 2030 604 2101 alibi,
648 2055 666 2080 ι
699 2034 985 2107 progenies
1018 2034 1333 2108 viperarum
1367 2037 1582 2108 (Matth.
1614 2055 1698 2107 ιιι,
1732 2038 1823 2111 7);
1858 2064 1876 2087 ι
1932 2055 2042 2096 ιιοιι

447 2131 630 2180 autem
669 2140 796 2182 vere
830 2126 1187 2198 ptenitebant,
1204 2126 1328 2182 ideo
1345 2126 1544 2183 merito
1571 2126 2039 2184 condemnantur.

520 2215 573 2271 2.
604 2216 696 2273 Sic
723 2226 776 2273 et
805 2225 886 2287 tn,
919 2235 952 2274 ο
999 2217 1332 2287 Christiane,
1365 2235 1527 2291 quem
1564 2219 1680 2276 scio
1709 2236 1826 2276 esse
1852 2235 2039 2292 super-

446 2303 602 2371 bum,
636 2306 900 2379 plenitere
943 2314 995 2364 te
1023 2307 1240 2377 asseris,
1272 2315 1327 2364 et
1352 2306 1559 2364 diaboli
1589 2324 1753 2380 opera
1780 2307 2039 2380 requiris,

445 2403 500 2451 et
524 2396 746 2453 Domini
769 2405 1038 2471 praecepta
1057 2396 1452 2470 praetermittis.
1484 2396 1635 2453 Scire
1654 2412 1687 2453 a
1713 2404 1766 2453 te
1789 2396 2039 2455 desidero

446 2485 580 2559 quid
640 2486 922 2558 poeniteas,
981 2487 1170 2543 nescio
1226 2485 1361 2560 quid
1406 2485 1480 2542 sit
1532 2484 1857 2557 paenitentia
1922 2493 2034 2543 tua.

447 2574 721 2632 Poenitere
769 2584 821 2633 te
849 2575 1065 2643 asseris,
1097 2575 1192 2649 qui
1236 2592 1361 2633 cum
1397 2574 1693 2646 injustitia,
1733 2591 1841 2647 qua
1886 2591 2038 2647 prae—

444 2664 660 2723 cinctus
690 2682 766 2735 es,
800 2666 1237 2739 superinduxisti
1285 2664 1593 2737 superbiam
1622 2664 1650 2721 ?
1689 2665 1953 2722 Paenitere
1982 2672 2036 2722 te

443 2754 658 2823 asseris,
689 2756 784 2827 qui
804 2771 1025 2812 carnem
1049 2754 1284 2812 alienam
1305 2752 1548 2827 sequeris
1570 2753 1597 2809 ‘l
1625 2752 1715 2809 Sic
1744 2752 1990 2827 fatigaris
2016 2772 2029 2812 :

445 2860 696 2901 reversus
733 2863 791 2902 es
845 2846 988 2903 sicut
1015 2846 1170 2903 canis
1215 2844 1282 2901 ad
1314 2844 1608 2913 vomitum,
1639 2853 1734 2902 aut
1758 2846 1913 2902 velut
1941 2864 2035 2904 sus

442 2934 621 2990 calore
650 2934 863 3003 affecta,
911 2934 968 2990 in
1022 2934 1156 2991 limo
1193 2942 1352 2989 terrae
1398 2933 1709 3005 provoluta.
1770 2933 1913 3001 Quid
1960 2935 2034 2992 sit

441 3029 536 3078 tua
574 3023 919 3095 paenitentia,
952 3039 1063 3079 non
1093 3022 1353 3079 invenio:
1387 3022 1622 3080 circuivi
1651 3030 1705 3079 et
1744 3024 2031 3095 perambu-

442 3112 554 3169 lavi
580 3112 765 3170 locum
796 3112 1153 3184 poenitentiae,
1185 3119 1238 3167 et
1290 3128 1401 3167 non
1435 3111 1624 3168 inveni
1654 3111 2030 3185 paenitentiam

2154 1913 2408 1985 perierat,
2452 1923 2507 1971 et
2545 1914 2805 1972 inventus
2851 1922 2933 1972 est
2966 1916 3130 1987 (Ibid.
3180 1915 3269 1985 31,
3310 1915 3425 1989 32).
3450 1940 3469 1964 ι
3512 1916 3557 1973 Ο
3590 1931 3764 1989 quam

2152 2001 2371 2059 beatum
2402 2005 2690 2076 populum,
2713 2021 2812 2077 pro
2841 2020 2951 2078 quo
2973 2003 3226 2063 Christus
3255 2004 3562 2062 occiditurl
3594 2005 3765 2078 quale

2151 2094 2413 2166 gaudium
2453 2103 2637 2167 portat
2664 2096 2843 2163 Pater,
2880 2095 3100 2169 quando
3135 2094 3284 2170 quod
3309 2102 3594 2151 mortuum
3623 2095 3765 2151 fue-

2150 2191 2253 2252 rat,
2311 2183 2642 2242 reviviscit:
2686 2191 2741 2241 et
2778 2184 2928 2258 quod
2983 2185 3238 2257 perierat,
3293 2183 3609 2241 invenitur!
3660 2183 3763 2241 cui

2149 2284 2284 2333 tunc
2312 2275 2537 2347 dicitur,
2570 2285 2633 2334 ut
2661 2276 2929 2352 scriptum
2960 2286 3042 2335 est
3073 2295 3086 2334 :
3134 2303 3152 2326 ι
3188 2278 3334 2334 Ecce
3382 2293 3548 2335 sanus
3573 2276 3763 2335 factus

2148 2380 2225 2433 es,
2249 2363 2364 2437 jam
2398 2366 2515 2422 noli
2541 2382 2783 2439 peccare,
2819 2383 2889 2424 ne
2934 2365 3039 2424 tibi
3089 2365 3330 2441 deterius
3369 2366 3583 2441 aliquid
3606 2383 3761 2425 con-

2147 2453 2326 2528 tingat
2350 2454 2533 2527 (Joan.
2568 2473 2625 2526 v,
2663 2456 2775 2528 l4).
2814 2481 2833 2505 ι

2217 2552 2272 2609 5.
2304 2553 2544 2610 Attende
2592 2570 2718 2628 ergo
2746 2554 2895 2613 unde
2935 2555 3239 2627 excideras,
3286 2564 3342 2614 et
3372 2558 3587 2630 plange,
3622 2573 3759 2631 pm-

2145 2641 2441 2698 nitentiam
2470 2658 2565 2716 age
2600 2663 2612 2701 :
2644 2644 2692 2701 si
2726 2644 3046 2719 quominus,
3098 2645 3285 2703 veniet
3314 2645 3420 2703 tibi
3469 2646 3749 2704 Dominus

2144 2730 2279 2801 cito,
2318 2740 2373 2788 et
2419 2731 2668 2790 movebit
2702 2734 3093 2791 candelabrum
3136 2743 3297 2793 tuum
3342 2735 3410 2792 de
3455 2735 3577 2794 loco
3620 2753 3754 2794 suo.

2144 2821 2465 2892 Memorare,
2513 2821 2618 2893 ﬁli,
2674 2822 2957 2881 Christum
3013 2824 3301 2899 reliquisse
3346 2826 3646 2897 nonaginta
3695 2832 3760 2883 et

2144 2926 2342 2967 novem
2364 2909 2567 2984 justos,
2626 2913 2956 2987 perquisisse
2985 2914 3267 2971 hominem
3297 2923 3662 2989 peccatorem,
3697 2924 3759 2975 et

2143 3003 2432 3057 inventum
2458 3018 2583 3058 eum
2601 3002 2659 3057 in
2680 3002 2837 3059 invio
2861 3003 3108 3061 humeris
3127 3004 3245 3061 suis
3266 3012 3572 3078 reportasse
3588 3005 3752 3077 (Luc.

2142 3104 2239 3157 xv,
2288 3089 2386 3161 4);
2444 3091 2532 3146 vel
2591 3091 2743 3147 illam
2806 3093 3097 3150 mulierem
3150 3096 3314 3167 (Ibid.
3374 3095 3455 3167 8),
3507 3094 3614 3153 hoc
3664 3104 3755 3153 est

443 3209 583 3259 tum.
614 3203 721 3270 Qui
770 3178 1035 3259 saeculum
1063 3178 1435 3267 destruxeras,
1482 3178 1688 3256 ibidem
1718 3200 2024 3258 inveniris:
2066 3198 2108 3257 C
2140 3178 2465 3249 Ε⁰⁰¹θ⁸ί³ωυ
2497 3196 2617 3254 quae
2646 3181 2960 3253 Perdidi?”t
2988 3183 3327 3253 drachmam:
3358 3183 3465 3243 hoc
3512 3193 3594 3243 θεῖ
3634 3184 3756 3250 δο-

442 3292 536 3365 qui
589 3291 771 3349 carnis
833 3289 1143 3363 superbiam
1189 3289 1536 3362 deposueras,
1569 3289 1863 3346 humerum
1892 3290 2032 3347 sub—

440 3381 618 3437 mittis
646 3380 870 3449 iterum,
901 3388 963 3436 ut
979 3380 1197 3452 gravius
1225 3386 1407 3451 portes
1441 3395 1582 3436 onus
1608 3398 1619 3436 :
1654 3380 1749 3453 qui
1780 3380 2029 3437 avaritiae

441 3476 667 3534 dederas
694 3476 941 3544 dorsum,
990 3475 1172 3531 denuo
1224 3476 1309 3531 illi
1334 3476 1556 3533 obviam
1594 3476 1841 3534 occurris
1874 3491 1886 3531 :
1935 3476 2031 3550 qui

440 3566 672 3622 vanitati
730 3563 1023 3637 repudium
1065 3564 1309 3633 dederas,
1365 3564 1564 3622 iterum
1621 3565 1913 3622 reverteris
1963 3565 2033 3622 ad

438 3654 557 3726 ejus
583 3654 809 3725 gratiam
839 3671 852 3710 :
907 3654 1003 3727 qui
1033 3670 1259 3726 pompas
1308 3654 1497 3711 saeculi
1552 3653 1794 3726 fugeras,
1828 3656 2028 3710 iterum

436 3740 497 3796 in
527 3757 722 3798 manus
750 3742 905 3798 illius
950 3743 1216 3800 incidisti.
1265 3744 1532 3800 Ambulas
1558 3745 1899 3816 superelatus
1913 3744 2032 3801 sine

436 3831 669 3887 cervice.
701 3832 889 3889 Nescis
918 3832 1358 3906 scriptum‘esse:
1396 3854 1424 3887 «
1454 3833 1599 3901 Quid
1628 3833 1790 3890 nobis
1819 3834 2032 3906 profuit

440 3920 713 3993 superbia,
745 3930 799 3979 et
827 3922 960 3996 quid
993 3924 1203 3980 divitiae
1232 3940 1356 3981 cum
1381 3923 1648 3996 jactantia
1675 3926 2030 3982 contulerunt

441 4008 601 4065 nobis
630 4009 782 4083 (Sap.
807 4028 863 4080 v,
890 4011 947 4085 8)
981 4012 1009 4069 ‘l
1029 4038 1047 4061 ι
1089 4012 1459 4086 Etsequitur:
1508 4013 1903 4071 «Transierunt
1931 4014 2030 4070 illa

437 4099 628 4155 omnia
672 4109 933 4173 tanquam
990 4101 1185 4158 umbra
1241 4103 1402 4174 (Ibid.
1463 4102 1585 4175 9).-
1656 4103 1900 4160 Fidelem
1974 4111 2029 4161 et

440 4191 711 4247 mundum
743 4200 796 4248 te
822 4192 1105 4260 invenisti,
1124 4192 1219 4266 qui
1238 4210 1541 4267 peraquam
1560 4192 1819 4266 baptismi
1848 4194 2029 4251 fueras

433 4290 751 4352 renovatus,
784 4284 929 4341 sicut
966 4284 1232 4356 scriptum
1275 4294 1394 4342 est:
1445 4310 1463 4334 ‹
1494 4286 1802 4353 Lavamini,
1833 4284 2027 4343 mundi

431 4380 625 4441 estote,
676 4374 886 4430 auferte
943 4375 1217 4447 nequitias
1247 4376 1314 4431 ab
1342 4375 1631 4432 animabus
1660 4375 1859 4431 vestris
1890 4377 2025 4449 (Isa.

429 4477 476 4530 ι,
505 4461 617 4533 16).
651 4487 669 4510 ν
738 4463 868 4519 Illos
896 4462 1163 4536 propheta
1196 4463 1264 4520 ad
1294 4463 1591 4520 lavandum
1635 4463 1928 4532 hortatur;
1964 4470 2026 4520 tu

2144 3271 2349 3328 minem
2392 3282 2754 3346 peccatorem,
2805 3276 3116 3335 accendisse
3149 3279 3449 3350 lucernam,
3499 3277 3605 3337 hoc
3631 3287 3742 3350 est,

2142 3359 2428 3418 Christum
2459 3363 2557 3436 qui
2588 3373 2669 3422 est
2689 3365 2875 3422 lumen
2898 3366 3132 3439 justitiaa
3161 3386 3173 3424 :
3207 3376 3263 3425 et
3310 3369 3538 3425 inventa
3570 3385 3635 3425 ea
3680 3368 3743 3425 in

2141 3450 2390 3522 pulvere,
2430 3467 2653 3510 vocasse
2708 3454 2912 3512 amicas
2969 3463 3025 3513 et
3078 3456 3292 3513 vicinas
3344 3456 3640 3525 Ecclesiae;
3676 3463 3744 3513 ut

2141 3542 2656 3614 congratularentur
2706 3561 2869 3617 super
2895 3546 3184 3604 inventum
3228 3546 3509 3604 hominem
3540 3562 3742 3621 pecca-

2142 3637 2358 3701 torem;
2391 3640 2445 3689 Θῐ
2474 3649 2507 3689 ἃ
2551 3642 2789 3693 stercore
2830 3646 3073 3694 erectum
3113 3654 3235 3694 eum
3283 3638 3576 3694 0011003888
3608 3654 3740 3695 cum

2140 3721 2486 3795 principibus
2536 3726 2727 3798 populi
2769 3726 2876 3795 sui,
2928 3726 3035 3786 hoc
3073 3736 3176 3797 est,
3214 3744 3338 3786 cum
3396 3726 3659 3799 apostolis
3683 3733 3741 3782 et

2139 3811 2441 3885 prophetis.
2473 3813 2615 3870 Ecce
2664 3814 2799 3888 quid
2828 3815 2961 3874 facit
2987 3818 3312 3888 poenitentia
3368 3816 3584 3873 homini
3613 3832 3738 3889 pec-

2136 3903 2331 3973 catori,
2365 3903 2459 3977 qui
2498 3903 2629 3961 dum
2667 3905 2726 3962 in
2753 3913 2990 3963 stercore
3013 3907 3179 3981 jacet,
3211 3924 3341 3966 cum
3389 3908 3739 3982 principibus

2136 3991 2467 4051 sublimatur
2496 3994 2676 4065 (Psal.
2707 4010 2840 4064 cxn,
2876 3997 2954 4068 7).

2206 4092 2260 4150 6.
2305 4090 2670 4149 Poenitentem
2712 4092 2996 4149 hominem
3027 4094 3173 4162 dico,
3204 4091 3300 4166 qui
3334 4093 3549 4165 plangit
3581 4095 3739 4166 quod

2136 4190 2473 4255 peccaverat,
2504 4188 2559 4237 et
2590 4187 2742 4254 rogat
2770 4180 3069 4237 Dominum
3099 4190 3163 4238 ut
3191 4197 3304 4238 non
3334 4182 3534 4238 iterum
3565 4181 3739 4239 faciat

2134 4271 2281 4344 quod
2327 4269 2640 4326 admiserat.
2701 4270 3062 4327 Poenitentem
3115 4270 3399 4327 hominem
3450 4270 3575 4329 dico
3631 4272 3734 4344 qui

2135 4358 2331 4416 diebus
2373 4375 2437 4417 ac
2480 4358 2737 4417 noctibus
2792 4358 3123 4432 ingemiscit,
3178 4369 3232 4417 et
3277 4377 3403 4418 cum
3452 4359 3735 4433 Propheta

2135 4447 2271 4505 dicit
2301 4465 2314 4504 :
2364 4472 2383 4495 ι
2414 4448 2632 4506 Lavabo
2666 4465 2760 4521 per
2788 4448 3032 4522 singulas
3074 4457 3263 4507 noctes
3291 4451 3493 4507 lectum
3541 4465 3729 4509 meum

428 4557 612 4608 autem
657 4568 783 4609 cum
811 4568 954 4609 esses
982 4552 1242 4621 mundus,
1280 4551 1535 4609 sordidus
1562 4552 1739 4610 factus
1790 4568 1869 4620 es,
1903 4567 2016 4608 non
2047 4560 2096 4620 ι)
2132 4539 2396 4614 lacrymis
2426 4540 2562 4599 meis
2586 4540 2760 4613 (Psal.
2788 4557 2869 4609 v1,
2902 4540 3004 4614 7).:
3048 4540 3412 4597 Pmnitentem
3441 4539 3728 4599 hominem

425 4651 578 4715 potes
609 4644 791 4703 denuo
820 4646 1012 4703 lavari.

497 4733 550 4789 3.
587 4733 645 4791 Si
672 4735 758 4793 vis
802 4744 985 4793 autem
1028 4745 1091 4793 ut
1116 4735 1402 4792 munderis
1429 4734 1651 4802 iterum,
1692 4733 1762 4791 da
1788 4734 2022 4792 eleemo-

428 4839 646 4895 synam,
683 4833 737 4881 et
791 4825 978 4881 omnia
1006 4835 1101 4882 tua
1155 4823 1361 4881 munda
1398 4831 1526 4879 sunt
1580 4824 1732 4890 (Luc.
1764 4840 1843 4892 χι,
1894 4823 2012 4896 41).

436 4896 453 4907 ’
495 4912 829 4970 Mundandis
858 4914 1002 4970 bona
1030 4921 1113 4971 est
1140 4914 1507 4986 eleemosyna,
1539 4928 1659 4985 quae
1687 4921 1881 4985 purgat
1901 4930 2018 4969 om-

423 5011 521 5053 nes
545 5000 751 5058 sordes.
783 5002 1028 5059 Humilia
1054 5011 1236 5060 autem
1272 5012 1324 5059 te
1354 5003 1412 5058 in
1443 5002 1720 5070 omnibus,
1752 5012 1806 5059 et
1834 5019 2016 5060 coram

420 5086 536 5143 Deo
567 5087 818 5146 invenies
846 5093 1075 5163 gratiam
1102 5112 1113 5149 :
1160 5118 1178 5141 ι
1198 5093 1463 5150 Subditus
1490 5101 1605 5148 esto
1624 5093 1755 5161 Deo,
1783 5099 1837 5149 et
1865 5092 2017 5150 obse-

424 5194 517 5235 cra
547 5166 846 5236 Dominum
877 5182 1071 5253 (Eccle.
1100 5200 1185 5252 nr,
1211 5183 1340 5255 20);
1371 5209 1388 5231 ι
1423 5192 1478 5240 et
1510 5201 1523 5241 :
1570 5208 1588 5232 ε
1617 5183 1695 5239 Ne
1719 5183 2014 5253 aemuleris,

420 5273 482 5323 ut
542 5270 796 5343 nequiter
835 5287 996 5345 agas;
1056 5273 1313 5343 quoniam
1363 5273 1455 5345 qui
1515 5272 1769 5345 nequiter
1824 5280 2011 5345 agunt,

422 5359 945 5416 exterminabuntur
976 5360 1149 5432 (Psal.
1197 5377 1396 5432 xxxvr,
1425 5362 1477 5429 7,
1508 5362 1587 5433 9).
1607 5385 1625 5410 ι
1679 5361 1787 5417 Ora
1814 5361 2016 5417 Domi-

427 5458 558 5500 num
591 5449 836 5520 quotidie
883 5466 1010 5506 cum
1063 5449 1344 5522 lacrymis,
1376 5450 1425 5506 si
1455 5450 1594 5506 forte
1648 5458 1869 5523 peccata
1921 5459 2018 5509 tua

426 5533 747 5606 solvantur;
801 5557 926 5597 cum
957 5541 1105 5596 Deus
1141 5540 1391 5612 superbis
1421 5540 1655 5609 resistat,
1708 5541 2014 5599 humilibus

424 5628 608 5677 autem
634 5625 725 5680 det
764 5628 993 5699 gratiam
1027 5630 1085 5701 (Ι
1127 5630 1273 5685 Petr.
1304 5645 1361 5696 v,
1391 5627 1473 5701 ὅ).
1504 5629 1804 5685 Memorare
1833 5629 2011 5686 ﬁlium

429 5710 489 5768 in
530 5712 834 5790 longinquo
875 5718 1141 5792 positum,
1163 5719 1259 5793 qui
1297 5718 1580 5778 luxuriose
1603 5719 1842 5779 vivendo
1887 5720 2012 5779 sub-

2130 4630 2254 4687 dico
2282 4631 2377 4704 qui
2434 4632 2654 4705 repellit
2696 4630 2844 4705 quod
2889 4632 3031 4687 male
3074 4628 3301 4701 fecerat,
3350 4636 3405 4687 et
3434 4637 3586 4703 rogat
3617 4629 3727 4686 Do-

2127 4721 2363 4791 minum,
2416 4729 2479 4778 ut
2533 4721 2755 4779 veniam
2803 4727 3186 4793 consequatur.
3219 4720 3581 4777 Pcnnitentem
3611 4719 3728 4775 ho-

2127 4812 2334 4869 minem
2363 4813 2509 4883 dico,
2556 4812 2650 4886 qui
2699 4819 2823 4886 post
2868 4810 3367 4884 concupiscentiam
3412 4827 3565 4867 suam
3608 4826 3723 4867 non

2128 4903 2306 4971 vadit,
2352 4912 2406 4961 et
2454 4902 2834 4977 voluptatibus
2855 4901 2985 4958 suis
3032 4919 3089 4959 se
3127 4902 3326 4975 privat.
3358 4900 3721 4958 Poenitentem

2126 4990 2410 5049 hominem
2441 4992 2568 5049 dico
2623 4992 2719 5067 qui
2770 4990 2956 5065 diligit
3009 4990 3157 5065 quod
3194 4998 3320 5048 ante
3365 4988 3627 5063 neglexit,
3665 4997 3723 5045 et

2124 5081 2271 5154 quod
2307 5080 2509 5137 fecerat
2538 5081 2691 5151 mali,
2722 5080 2946 5138 deserit.
2968 5080 3300 5138 Adhaereant
3327 5096 3456 5153 ergo
3475 5078 3578 5137 tibi
3597 5095 3720 5153 quae

2125 5170 2274 5227 bona
2305 5180 2456 5237 sunt,
2488 5179 2540 5227 et
2569 5187 2690 5245 quae
2724 5171 2869 5227 mala
2895 5169 3200 5228 deleantur.

2196 5270 2246 5327 7.
2298 5269 2357 5326 Si
2389 5270 2771 5344 paenitentiam
2800 5287 2913 5328 non
2942 5269 3135 5344 egeris,
3176 5269 3391 5327 incides
3418 5270 3478 5327 in
3522 5286 3718 5328 manus

2120 5358 2347 5417 Domini
2409 5360 2712 5418 secundum
2761 5359 3107 5418 severitatem
3149 5356 3351 5429 judicii
3401 5358 3538 5431 ejus,
3566 5359 3713 5433 quod

2121 5465 2312 5508 cavere
2340 5448 2632 5520 debemus;
2666 5466 2793 5506 nam
2820 5448 2959 5506 dicit
2974 5448 3302 5521 Apostolus:
3343 5447 3712 5505 «Horrendum

2121 5548 2203 5596 est
2238 5540 2481 5597 incidere
2515 5540 2573 5595 in
2606 5557 2802 5595 manus
2818 5538 2917 5595 Dei
2939 5538 3381 5609 viventis(Hebr.
3406 5538 3714 5611 x,3l).-—

2133 5652 2153 5676 ‹
2192 5631 2417 5686 Diverte
2457 5630 2634 5703 (ergo)
2689 5646 2722 5685 a
2774 5630 2941 5697 malo,
2989 5636 3043 5684 et
3081 5628 3166 5685 {ac
3193 5628 3440 5698 bonum;
3491 5627 3714 5701 inquire

2118 5736 2331 5796 pacem,
2364 5727 2420 5781 et
2447 5734 2672 5796 sequere
2699 5718 2876 5791 illam,
2907 5743 2928 5772 ι
2963 5719 3107 5778 sicut
3128 5717 3395 5792 scriptum
3419 5723 3502 5778 est
3530 5716 3709 5793 (Prol.
