3972 6374
142 394 360 487 δυ’

969 423 1342 484 SERMONES
1380 422 1437 482 S.
1479 422 1836 484 AMBROSIO
1875 418 2245 481 HACTENUS
2285 416 2624 479 ASCRIPTI.

3350 417 3456 480 682

145 573 358 624 xxxm,
393 555 636 627 l5).Dic
670 569 832 624 ergo:
885 551 1156 609 Commisi—
1180 551 1340 619 mala,
1394 557 1448 606 et
1505 551 1749 607 recreavi
1781 549 2019 622 Aimpii
2067 550 2126 604 in
2173 548 2352 619 ignem
2393 555 2680 614 aeternum,
2729 544 2868 617 justi
2924 553 3110 602 autem
3165 545 3224 602 in
3281 546 3454 603 vitam

144 647 314 704 bona.
348 647 454 702 Fac
482 645 650 702 etiam
697 642 896 714 dignos
936 641 1151 698 fructus
1194 641 1565 713 poenitentia,
1600 648 1654 697 et
1685 657 1754 697 ne

143 735 398 792 dixeris:
451 759 469 782 ι
501 732 756 801 Peccavi,
787 731 922 804 quid
956 732 1164 788 factum
1201 737 1282 785 est
1325 729 1464 786 mihi
1495 729 1654 785 triste
1684 730 1756 786 ?..

145 834 206 882 et
228 842 340 882 non
371 823 599 896 adjicias
627 829 910 895 peccatum
939 835 1105 892 super
1136 825 1422 891 peccatum
1475 819 1666 889 (Eccl-i.
1699 837 1757 902 ν,

149 913 211 982 4,
243 915 335 985 5);
379 938 398 960 ι
466 921 519 970 et
554 929 622 968 ne
655 911 854 968 dicas:
928 935 945 957 ι
988 909 1270 966 Miseratio
1311 907 1412 963 Dei
1456 910 1631 964 multa
1678 917 1760 965 est

149 1004 321 1075 (Ibid.
353 1003 410 1071 6)
437 1021 451 1070 ;
486 1029 502 1050 ι
539 1003 676 1060 scito
707 1001 854 1056 enim
886 999 1014 1072 quia
1045 1022 1063 1044 ι
1096 996 1472 1054 misericordia
1491 1005 1544 1053 et
1572 997 1655 1053 ira
1689 997 1759 1053 ab

149 1093 256 1148 illo
289 1093 450 1165 (Ibid.
503 1091 581 1162 7).
613 1115 630 1137 ι
693 1091 988 1146 Revertere
1046 1087 1216 1158 igitur
1262 1085 1328 1141 ad
1353 1085 1675 1154 Dominum,
1705 1093 1760 1143 et

148 1183 370 1253 plange.
401 1179 583 1236 Dicito
612 1185 796 1233 autem
824 1195 835 1232 :
887 1201 905 1223 ι
928 1174 1051 1230 Tibi
1081 1174 1185 1232 soli
1205 1173 1447 1247 peccavi,
1479 1181 1533 1229 et
1550 1175 1756 1228 malum

147 1288 339 1328 coram
368 1278 422 1326 te
451 1268 558 1325 feci
593 1269 766 1338 (Psal.
793 1268 932 1338 L,6),
969 1291 987 1314 ι
1031 1273 1119 1321 et:
1157 1291 1175 1313 ι
1209 1265 1421 1321 Delicta
1448 1262 1758 1335 juventutis

152 1377 291 1416 meae
320 1369 374 1416 et
400 1357 739 1432 ignorantias
795 1372 941 1412 meas
997 1371 1064 1410 ne
1130 1353 1468 1421 memineris,
1525 1352 1759 1409 Domine

147 1453 338 1522 (Psal.
369 1468 526 1519 xxxv,
562 1451 622 1520 7)
647 1468 660 1516 ;
685 1473 702 1496 ι
747 1458 836 1505 et:
877 1473 894 1495 ι
936 1447 1014 1504 Ne
1051 1454 1266 1502 avertas
1309 1445 1505 1502 faciem
1547 1453 1701 1501 tuam
1729 1460 1761 1500 a

151 1559 265 1611 me,
295 1559 363 1598 ne
401 1541 641 1598 declines
670 1539 728 1595 in
759 1539 841 1594 ira
867 1555 897 1594 a
926 1555 1086 1594 servo
1114 1546 1210 1594 tuo
1242 1538 1417 1609 (Psal.
1451 1554 1609 1606 xxvr,
1639 1536 1747 1607 9).-

149 1633 298 1690 Ecce
323 1631 649 1704 pmnitentia
679 1629 924 1685 hominis
954 1644 1010 1684 se
1042 1627 1435 1684 humiliantis:
1479 1624 1760 1699 quomodo

150 1738 270 1779 non
297 1721 516 1777 veniam
544 1717 791 1786 habebit,
827 1716 922 1789 qui
945 1717 1078 1772 talia
1106 1716 1422 1788 ingemiscit
1440 1715 1469 1771 ‘i‘
1497 1715 1622 1788 quis
1651 1730 1760 1770 au-

149 1811 272 1867 diat
302 1811 481 1879 illum,
516 1818 700 1866 etnon
732 1805 1068 1862 moveatur?
1097 1804 1203 1872 Qui
1259 1805 1408 1861 enim
1477 1828 1496 1852 ι
1542 1820 1599 1860 se
1658 1802 1758 1860 hu-

149 1902 360 1968 miliat,
388 1900 763 1965 exaltabitur;
825 1923 844 1947 ι
906 1896 1049 1953 sicut

145 1991 547 2048 humiliabitur
578 1991 729 2061 (Luc.
764 2005 886 2056 XIV,
933 1987 1046 2058 11).
1079 2011 1097 2034 ι
1141 1987 1280 2043 Nam
1324 1985 1595 2059 scriptum
1628 1993 1710 2041 est
1741 1999 1756 2042 :

161 2108 185 2131 ι
209 2082 358 2150 Quid
384 2080 639 2154 gloriaris
674 2079 734 2135 in
765 2079 996 2149 malitia,
1039 2080 1135 2153 qui
1164 2087 1358 2153 potens
1385 2096 1443 2137 es
1470 2080 1529 2136 in
1561 2077 1762 2152 iniqui-

145 2181 265 2232 tate
290 2173 463 2244 (Psal.
490 2189 564 2239 LI,
584 2171 688 2241 3)?
717 2195 734 2218 ›

227 2266 282 2322 8.
313 2266 586 2322 Puenitere
617 2264 898 2336 pollicitus
942 2279 1020 2333 es,
1067 2273 1122 2322 et
1160 2263 1342 2321 adhuc
1365 2263 1548 2320 carnis
1595 2276 1760 2334 opera

150 2355 376 2429 perﬁcis
395 2355 424 2410 ?
451 2353 638 2410 Nescis
667 2353 798 2426 quia
823 2353 1090 2425 scriptum
1117 2359 1218 2409 est:
1276 2375 1294 2400 ‹
1324 2353 1500 2408 Multo
1559 2350 1758 2407 melius

151 2459 240 2506 est
269 2463 380 2502 non
410 2462 612 2502 vovere
639 2454 713 2515 te,
746 2463 908 2520 quam
944 2448 1163 2504 vovisse
1193 2456 1265 2517 te,
1290 2456 1343 2504 et
1363 2465 1474 2503 non
1531 2447 1756 2505 reddere

155 2537 359 2610 (Eccle.
418 2552 472 2604 v,
506 2534 613 2605 lt)?
644 2559 662 2582 ι»
733 2535 1021 2592 Peccatum
1068 2553 1176 2592 non
1230 2535 1433 2592 desinit
1479 2535 1756 2593 dominari

153 2626 262 2684 tibi
287 2645 299 2694 ;
323 2635 378 2683 et
415 2635 474 2683 tu
495 2625 633 2682 dicis
663 2625 809 2698 quod
841 2628 1092 2698 poenites,
1128 2635 1181 2683 et
1211 2643 1352 2683 oras.
1388 2626 1576 2683 Nescis
1607 2625 1754 2699 quod

153 2717 424 2789 scriptum
455 2723 536 2772 est
561 2734 571 2772 :
621 2741 639 2764 ι
668 2717 944 2773 Peccatori
978 2725 1160 2773 autem
1190 2717 1336 2774 dixit
1365 2719 1546 2773 Deus:
1576 2716 1754 2784 Quare

157 2815 223 2863 tu
247 2822 467 2862 enarras
487 2804 731 2876 justitias
767 2823 934 2876 meas,
994 2816 1048 2864 et
1095 2807 1330 2863 assumis
1360 2813 1752 2863 testamentum

156 2908 344 2949 meum
371 2907 467 2964 per
495 2909 556 2948 os
588 2900 745 2948 tuum
781 2892 954 2964 (Psal.
987 2892 1248 2964 xxrx,16)
1283 2893 1310 2948 ?
1341 2893 1514 2948 pEcce
1536 2892 1752 2965 qualem

151 2980 647 3039 comminationem
676 2980 902 3036 Domini
929 2981 985 3036 in
1007 2997 1225 3036 omnem
1243 2970 1751 3052 peccatorem.Quid

153 3071 300 3128 dicis
330 3079 409 3138 tu,
447 3071 542 3142 qui
582 3078 634 3125 te
657 3070 857 3126 asseris
883 3070 1240 3142 pmnitentem
1258 3070 1286 3125 ἳ
1321 3069 1424 3126 Ubi
1453 3076 1535 3125 est
1564 3068 1752 3142 poeni—

158 3161 340 3220 tentia
366 3170 459 3217 tua
482 3162 510 3217 ?
538 3161 783 3219 Exclusa
811 3171 893 3218 est
921 3162 1189 3234 superbiae
1216 3169 1349 3218 aestu
1375 3179 1386 3217 :
1419 3161 1552 3218 dum
1573 3161 1753 3218 carnis

1120 1919 1139 1945 ι
1192 1902 1246 1951 et
1295 1893 1392 1969 qui
1443 1911 1499 1951 se
1527 1894 1755 1963 exaltat,
1791 1910 1839 1972 Β

1867 646 2123 694 aeternam
2174 637 2336 710 (Ibid.
2370 635 2487 708 46),
2527 661 2546 684 ι
2607 633 2676 691 ad
2701 650 2864 708 quam
2893 651 2994 692 nos
3023 635 3285 709 perducat
3335 640 3457 694 Do-

1868 729 2053 785 minus
2107 735 2292 784 noster
2347 727 2500 782 Iesus
2548 725 2820 796 Christus,
2878 728 2975 800 qui
3025 743 3153 784 cum
3200 727 3357 784 Patre
3403 719 3460 784 et

1867 817 2076 889 Spiritu
2107 825 2295 875 sancto
2325 817 2468 874 vivit
2493 825 2548 873 et
2578 825 2768 890 regnat
2798 816 2856 873 in
2887 818 3087 875 saecula
3107 819 3457 876 saeculorum.

1866 906 2064 964 Amen.

2407 1006 2641 1064 SERMO
2692 1005 2924 1064 XXVII.

2194 1102 2273 1158 De
2295 1099 2512 1173 jejunio
2541 1098 2766 1156 Domini
2795 1098 2854 1154 in
2883 1098 3118 1157 deserto.

2329 1190 2408 1246 De
2445 1188 2868 1261 Quadragesima
2904 1187 3004 1246 XI.

1865 1301 1958 1357 Ex
1982 1299 2142 1377 hujus
2176 1299 2430 1377 sermonis
2458 1300 2674 1377 lectione
2699 1301 3076 1377 cognoscimus,
3112 1307 3161 1357 et
3186 1301 3341 1358 illum
3361 1322 3462 1377 per

1938 1371 2404 1444 quadragesimum
2451 1372 2688 1428 habitum
2742 1371 2866 1440 esse,
2926 1379 2976 1427 et
3028 1373 3141 1444 ejus
3193 1371 3461 1434 auctorem

1938 1443 2130 1515 sapius
2158 1443 2510 1519 eonscendisse
2539 1460 2750 1519 sacrum
2779 1443 3089 1519 suggestum.
3143 1445 3271 1502 Cum
3291 1464 3460 1519 porro

1938 1513 2196 1589 sermonis
2237 1533 2294 1589 _a
2347 1531 2398 1569 se
2449 1513 2722 1589 anteriore
2781 1513 3073 1589 Dominica
3118 1513 3462 1589 pronuntiati

1938 1586 2181 1641 materies
2225 1586 2283 1640 in
2311 1602 2544 1658 ser-mone
2580 1585 2648 1642 30
2692 1602 2858 1658 supra
2892 1585 3204 1655 rejectoritm
3234 1596 3462 1649 tractata

1938 1657 2261 1728 reperiatur,
2309 1657 2542 1711 eumdem
2568 1657 2854 1712 sermonem
2893 1658 2976 1713 hic
3005 1659 3238 1715 indicari
3280 1664 3463 1718 credi-

1941 1729 2042 1784 bile
2065 1735 2158 1797 est,
2208 1734 2363 1798 atque
2403 1729 2532 1783 adeo
2573 1734 2854 1798 utrumque
2898 1745 3003 1783 esse
3047 1730 3294 1788 Maximi.
3344 1735 3462 1790 Huc
3565 1757 3570 1765 -

1938 1800 2073 1856 adde
2102 1799 2241 1870 quod
2270 1797 2407 1854 idem
2436 1805 2647 1854 sanctus
2683 1797 2907 1870 exordia
2950 1800 3071 1856 huic
3099 1801 3301 1858 similia
3333 1806 3463 1860 solet

1939 1869 2203 1947 adhibere,
2263 1870 2502 1947 quodque
2528 1871 2668 1926 hom.
2695 1869 2728 1926 2
2754 1870 2812 1926 in
2859 1872 2954 1947 hoc
3004 1872 3179 1943 ipsum
3223 1875 3464 1947 Evange-

1950 1943 2080 2000 lium
2109 1943 2369 1998 nonnulla
2400 1949 2611 2008 tractat,
2634 1959 2750 2013 qua:
2775 1959 2891 1998 cum
2908 1943 3003 1998 hoc
3020 1949 3202 1999 nostra
3227 1943 3462 2003 sermone

1943 2021 2063 2086 apte
2117 2015 2409 2070 concinam.
2478 2015 2637 2074 Valde
2692 2014 2847 2070 etiam
2894 2015 3180 2072 verisimile
3223 2024 3316 2086 est,
3367 2019 3464 2074 hoc

1944 2085 2177 2142 sermone
2204 2086 2379 2142 habito
2426 2087 2488 2142 de
2525 2087 2708 2158 prima
2740 2085 2941 2143 Christi
2964 2085 3462 2158 tentatione,’alios

1942 2158 2007 2214 ab
2037 2165 2248 2232 auctore
2290 2158 2352 2212 de
2388 2157 2612 2232 secunda
2659 2163 2706 2212 et
2747 2159 2809 2213 de
2851 2157 3005 2232 tertia
3049 2175 3154 2215 esse
3207 2160 3457 2232 adjectos,

1944 2236 1992 2284 et
2033 2231 2094 2284 de
2126 2230 2278 2284 tertia
2326 2229 2535 2300 quidem
2575 2245 2865 2286 sermonm
2903 2229 3018 2300 iam
3060 2246 3168 2286 non
3211 2229 3456 2289 exstare:

1943 2302 2024 2376 de
2051 2301 2278 2376 secunda
2298 2318 2439 2376 _ve_ro
2485 2319 2601 2356 eum
2643 2302 2819 2376 ipsum
2867 2319 2991 2371 esse,
3046 2303 3140 2374 qui
3183 2303 3252 2361 22
3295 2321 3460 2376 supra

1939 2373 2230 2430 exhibetur.
2282 2373 2384 2430 Sed
2414 2379 2645 2430 veterum
2672 2375 2796 2430 edit.
2844 2391 2908 2431 ac
2934 2373 3070 2430 mssf
3107 2373 3461 2433 ordinem—hic

1936 2445 2238 2502 retinemus.

1942 2555 1992 2610 1.
2032 2551 2348 2610 Meminisse
2380 2550 2544 2608 debet
2571 2561 2754 2610 vestra
2780 2551 3007 2611 dilectio
3045 2554 3152 2614 hoc
3181 2573 3266 2614 me
3296 2565 3458 2616 ante-

1867 2641 2011 2698 riore
2066 2641 2356 2698 Dominica
2411 2641 2754 2714 praedicasse,
2811 2651 2867 2700 et
2920 2643 3134 2702 dedisse
3187 2647 3458 2706 rationem

1865 2746 1965 2788 cur
1993 2731 2262 2786 Dominus
2310 2731 2783 2804 quadragesimam
2805 2731 3164 2805 jejunaverit,
3215 2738 3306 2793 vel
3359 2754 3461 2795 cur

1865 2818 2214 2892 ipsajejunia
2259 2820 2318 2875 in
2364 2819 2581 2876 deserto
2610 2822 2954 2895 transegerit.
3007 2823 3266 2882 Diximus
3307 2828 3456 2884 enim

1863 2909 1980 2966 haec
2008 2909 2196 2965 omnia
2221 2909 2406 2966 obsert
2419 2926 2536 2966 asse
2564 2926 2710 2981 eum,
2757 2929 2870 2968 non
2903 2911 3321 2984 justiﬁcationis
3345 2933 3456 2973 sua:

1863 3017 2047 3066 causa,
2101 3000 2196 3073 qui
2227 3009 2341 3057 erat
2368 3001 2522 3074 virgo
2550 3017 2645 3074 per
2671 3003 2876 3071 omnia,
2909 3003 3003 3060 sed
3031 3013 3232 3062 nostra;
3261 3007 3458 3064 salutis

1864 3091 2068 3164 gratia;
2118 3097 2182 3145 ut
2235 3107 2469 3162 quorum
2504 3091 2780 3162 generatio
2833 3109 2928 3165 per
2973 3093 3452 3167 intemperantiam

1862 3186 2201 3254 peccaverat,
2234 3195 2331 3252 per
2353 3179 2746 3237 abstinentiam
2775 3189 3078 3240 sanaretur.

156 3251 434 3345 desideria
481 3252 636 3345 S‘fflui
685 3253 924 3345 confll'iS,
985 3253 1300 3345 _D0minum
1359 3251 1751 3345 Ρτεθίθτξηίηίθς
1785 3267 1830 3330 C
1864 3251 1882 3254 ⁷
1936 3269 1990 3326 2.
2031 3251 2330 3327 Videamus
2361 3267 2530 3340 igitur
2559 3269 2693 3343 quid
2723 3271 2822 3326 illo
2865 3271 2925 3327 in
2963 3279 3206 3345 tempore
3255 3277 3341 3332 vel
3394 3276 3454 3334 in

156 3340 310 3396 Audi
333 3356 479 3413 ergo,
505 3340 609 3407 ﬁli,
640 3341 854 3398 retrahe
900 3341 1094 3414 pedem
1159 3350 1313 3398 tuum
1347 3357 1379 3396 a
1405 3341 1627 3409 saeculo,
1665 3341 1752 3398 cui

150 3432 274 3506 jam
305 3433 517 3505 pridem
566 3433 1004 3501 renuntiaveras,
1037 3443 1100 3499 ut
1143 3433 1323 3490 ﬁdelis
1361 3433 1559 3489 amodo
1590 3433 1758 3489 iuve-

155 3521 354 3578 niaris.
386 3522 528 3590 Quid
561 3522 809 3595 quarisa
846 3523 1046 3579 saeculo
1075 3523 1166 3580 cui
1190 3521 1305 3593 jam
1339 3537 1517 3577 renun
1540 3521 1696 3578 tiasti
1728 3521 1758 3578 ?

158 3611 435 3667 Poeniteas
472 3627 600 3683 ergo
631 3611 696 3666 de
742 3611 896 3666 omni
925 3625 1127 3684 pompa
1155 3609 1471 3683 iniquitatis
1511 3629 1523 3665 :
1557 3626 1762 3682 appre-

158 3698 344 3756 hende
382 3700 568 3768 ﬁdem,
618 3715 782 3773 quam
830 3708 955 3756 ante
1011 3701 1421 3766 maculaveras;
1464 3699 1595 3772 quia
1632 3713 1759 3756 con-

158 3811 410 3853 senseras
447 3795 668 3851 diabolo
699 3795 1075 3866 tenebrarum,
1106 3806 1160 3853 et
1186 3794 1488 3852 Dominum
1542 3794 1637 3868 qui
1679 3803 1764 3852 est

160 3887 378 3953 lumen,
413 3891 536 3958 post
561 3884 786 3941 dorsum
816 3893 976 3943 tuum
1005 3885 1324 3959 reliqueras.

236 3981 293 4038 9.
332 3981 659 4050 Memorare,
689 3981 795 4053 ﬁli,
830 3982 960 4056 quia
987 3982 1254 4054 scriptum
1286 3989 1366 4038 est
1392 4000 1404 4038 :
1427 4003 1467 4030 '«
1495 3981 1640 4051 Quid
1660 3989 1763 4049 est,

164 4076 606 4134 misericordiam
631 4077 782 4146 volo,
813 4083 868 4133 et
895 4091 1007 4132 non
1037 4076 1372 4134 sacrificium
1401 4077 1552 4149 (Osee
1580 4094 1657 4145 vr,
1690 4075 1762 4144 6;

165 4168 356 4228 Matth.
387 4185 466 4238 ιχ,
499 4169 599 4237 13;
633 4186 734 4238 xu,
769 4169 823 4240 7)
848 4169 876 4226 ?
907 4195 925 4218 ι
966 4168 1316 4226 Miserebitur
1345 4167 1448 4224 tibi
1475 4167 1766 4237 Dominus,

163 4260 316 4318 428
345 4257 392 4312 si
441 4256 559 4313 haec
606 4256 795 4313 omnia
823 4273 950 4315 cum
1005 4256 1224 4330 legeris,
1285 4255 1497 4326 facias;
1557 4264 1621 4314 ut
1673 4271 1770 4328 per

168 4351 544 4411 obedientiam
570 4357 722 4406 tuam
752 4359 806 4407 et
845 4351 1231 4408 humilitatem
1282 4353 1514 4424 gratiam
1569 4367 1772 4409 conse-

170 4440 394 4516 quaris:
424 4439 470 4495 si
502 4439 883 4511 paenitentiam
912 4439 980 4495 de
1006 4446 1127 4495 toto
1155 4438 1320 4497 corde
1364 4438 1559 4510 egeris,
1589 4438 1636 4494 si
1665 4440 1771 4495 Do-

171 4533 390 4588 minum
432 4545 542 4600 prae
587 4527 764 4584 oculis
818 4525 1127 4595 habueris;
1189 4527 1237 4582 si
1300 4527 1468 4584 missa
1511 4529 1772 4600 voragine

1864 3360 1982 3432 ipsa
2009 3357 2308 3415 solitudine
2336 3367 2547 3431 gestum
2577 3358 2686 3426 sit;
2737 3359 2876 3418 dicit
2921 3360 3070 3416 enim
3116 3365 3455 3435 evangelista

1865 3447 2105 3506 adfuisse
2134 3447 2212 3502 ibi
2244 3446 2549 3516 diabolum,
2598 3455 2653 3502 et
2681 3448 3018 3505 Salvatorem
3049 3450 3167 3523 ejus
3209 3455 3454 3511 versutia

1866 3538 2035 3594 fuisse
2070 3543 2363 3593 tentatum.
2413 3535 2510 3592 Ait
2538 3552 2772 3609 namque
2800 3553 2952 3595 sacra
2995 3539 3158 3596 lectio
3199 3543 3457 3601 esuriisse

1867 3626 2191 3691 Dominum,
2227 3633 2282 3682 et
2311 3624 2518 3682 dixisse
2549 3625 2634 3681 illi
2666 3624 2950 3683 diabolum
2981 3645 2993 3685 :
3040 3653 3059 3678 ‹
3090 3628 3148 3685 Si
3181 3629 3331 3688 ﬁlius
3359 3631 3458 3689 Dei

1869 3734 1945 3787 es,
1979 3719 2070 3775 dic
2097 3715 2265 3789 lapidi
2295 3715 2427 3773 huic
2456 3723 2518 3801 ut
2545 3716 2640 3772 ﬁat
2669 3717 2825 3791 panis
2857 3718 3011 3791 (Luc.
3044 3736 3122 3789 IV,
3157 3719 3238 3792 3).
3273 3746 3291 3770 ι
3348 3723 3420 3780 Vi
3443 3751 3460 3764 -

1870 3807 1994 3864 dete
2021 3815 2194 3863 artem
2238 3804 2485 3875 Domini,
2534 3821 2642 3878 qua
2682 3805 3060 3864 adversarium
3110 3807 3303 3866 fraude
3339 3810 3460 3866 cir-

1871 3899 2174 3960 cumvenit.
2223 3899 2352 3956 Post
2395 3899 2570 3955 multa
2607 3897 2820 3972 jejunia
2848 3901 3081 3958 esurisse
3122 3918 3180 3959 se
3211 3902 3458 3971 simulat,

1872 4001 1935 4050 ut
1962 3991 2242 4048 diabolum
2281 4007 2443 4064 quem
2481 3988 2783 4062 jejunando
2823 3989 2939 4062 jam
2985 3991 3214 4062 vicerat,
3261 3993 3464 4050 iterum

1874 4081 2167 4140 esuriendo
2195 4081 2493 4148 sollicitet;
2543 4097 2698 4154 spem
2741 4080 2891 4138 enim
2939 4081 3025 4138 illi
3073 4083 3464 4155 congrediendi

1875 4189 1946 4230 ex
1975 4171 2295 4229 inﬁrmitate
2340 4172 2502 4228 famis
2542 4170 2948 4245 quodammodo
2977 4172 3194 4243 tribuit,
3225 4179 3288 4230 ut
3332 4172 3466 4230 dum

1877 4265 2050 4322 veluti
2080 4273 2272 4323 contra
2300 4262 2635 4320 imbecillem
2669 4263 3042 4337 congreditur,
3084 4265 3354 4338 gloriosus
3379 4283 3467 4324 su-

1878 4362 2118 4428 peretur.
2171 4355 2298 4412 Haec
2325 4352 2472 4410 enim
2500 4361 2584 4411 est
2613 4370 2742 4410 vera
2773 4353 3024 4424 victoria,
3074 4361 3136 4411 ut
3163 4355 3258 4428 qui
3288 4355 3467 4412 Adam

1879 4446 2267 4515 immortalem,
2313 4445 2611 4518 gloriosum
2657 4452 2711 4502 et
2737 4447 3049 4518 epulantem
3096 4445 3466 4514 subverterat,

1880 4553 2028 4594 nunc
2069 4536 2136 4592 ab
2161 4535 2387 4592 homine
2431 4535 2674 4604 mortali,
2728 4534 2929 4590 humili
2981 4542 3144 4608 atque
3198 4537 3472 4592 esuriente

135 4667 140 4672 -
172 4618 364 4693 Ροοαιί
393 4617 615 4686 veneni.
663 4615 889 4673 calicem
938 4616 1133 4672 5311193
1177 4616 1414 4688 ἃοείρίδε
1451 4634 1465 4684 ;
1499 4617 1546 4673 Si
1593 4616 1682 4673 die
1711 4633 1774 4674 3°
1800 4629 1850 4688 D
1880 4630 2153 4685 vincatur.
2213 4627 2455 4685 Cernens
2484 4628 2633 4684 enim
2664 4625 2994 4682 esurientem
3045 4625 3304 4684 diabolus
3348 4630 3473 4686 Do-

173 4717 337 4768 nocte
367 4709 425 4764 in
455 4709 573 4781 lege
601 4706 827 4763 Domini
866 4705 1259 4774 meditaberis;
1301 4706 1348 4763 si
1378 4721 1598 4763 omnem
1627 4706 1777 4763 solli-

173 4800 485 4861 citudinem
525 4808 678 4855 tuam
711 4798 768 4852 in
801 4798 963 4853 illum
995 4796 1310 4870 projeceris,
1348 4805 1482 4855 tunc
1519 4797 1779 4871 gaudebis

176 4899 234 4946 et
272 4889 575 4948 exsultabis
605 4889 664 4944 in
693 4888 951 4958 Domino,
1013 4889 1142 4962 quia
1195 4887 1379 4945 vicisti
1431 4890 1775 4962 malignum:

179 4991 316 5039 tunc
340 4981 444 5036 erit
499 4994 706 5035 merces
754 4985 850 5034 tua
906 4979 965 5034 in
1006 4980 1166 5047 coelo,
1224 4980 1354 5052 quia
1409 4980 1594 5036 taliter
1631 4980 1780 5037 labo-

180 5069 347 5126 rasti:
382 5077 516 5125 tunc
542 5069 646 5124 erit
675 5067 948 5124 Dominus
1004 5067 1228 5139 adjutor
1272 5076 1404 5125 tuus
1436 5069 1492 5124 in
1525 5068 1614 5125 die
1634 5068 1780 5141 judi-

178 5164 294 5223 cii:
330 5170 464 5219 tunc
515 5162 687 5218 stabis
717 5163 773 5217 in
823 5177 1021 5233 magna
1066 5159 1293 5229 ﬁducia,
1327 5167 1463 5217 tunc
1519 5158 1687 5216 stabis
1714 5158 1784 5217 ad

181 5256 469 5312 dexteram
507 5255 606 5311 Dei
661 5271 788 5312 cum
844 5253 1053 5310 sanctis
1093 5250 1225 5320 suis,
1260 5259 1314 5308 et
1368 5251 1585 5308 dicetur
1638 5251 1779 5310 tibi:

195 5374 214 5398 ε
256 5347 477 5417 Venite,
529 5347 806 5406 benedicti
855 5348 1033 5404 Patris
1089 5346 1236 5404 mei:
1297 5345 1527 5418 accipite
1555 5361 1796 5421 regnum,

181 5444 513 5512 perpetuum
543 5437 756 5510 (Matth.
789 5454 928 5507 xxv,
966 5437 1084 5511 34),
1112 5462 1131 5486 ι
1173 5435 1320 5510 quod
1366 5436 1526 5492 vobis
1573 5437 1789 5510 paravit

183 5531 346 5586 Pater
376 5545 529 5585 meus
561 5529 816 5587 caelestis.
842 5529 1070 5603 Injustis
1097 5536 1280 5585 autem
1321 5534 1375 5584 et
1411 5527 1788 5599 peccatoribus

186 5620 444 5679 dicetur:
485 5646 504 5670 ‹
535 5622 614 5678 Ite
644 5623 702 5678 in
735 5623 918 5696 ignem
950 5631 1217 5679 aeternum
1249 5621 1411 5694 (Ibid.
1443 5619 1584 5694 41),›
1626 5637 1786 5694 quem

191 5710 528 5785 praeparavit
570 5711 730 5767 Pater
779 5719 959 5768 vester
1023 5710 1281 5768 diabolo:
1352 5734 1372 5760 α
1419 5709 1574 5770 Tunc
1627 5708 1791 5769 ibunt

1884 4717 2123 4785 minum,
2179 4715 2444 4773 hominen
2501 4721 2675 4787 putat,
2725 4712 2941 4770 dubitat
2983 4713 3368 4784 Salvatorem;
3419 4724 3475 4774 et

1886 4806 2011 4864 ideo
2039 4805 2153 4862 ait:
2219 4829 2238 4853 ‹
2267 4804 2323 4860 Si
2354 4803 2503 4860 ﬁlius
2531 4803 2633 4859 Dei
2663 4818 2740 4871 es,
2784 4801 2876 4858 dic
2903 4801 3078 4874 lapidi
3106 4803 3257 4873 huic,
3289 4813 3352 4861 ut
3380 4805 3476 4874 ﬁat

1886 4896 2062 4970 panis.
2098 4921 2117 4946 ι
2171 4895 2216 4953 Ο
2249 4891 2447 4950 misera
2473 4893 2686 4949 Satanae
2733 4899 2788 4947 et
2831 4900 3079 4949 extrema
3119 4895 3473 4967 congressio!

1886 4985 2149 5042 Diabolus
2202 4985 2261 5040 in
2308 4979 2522 5038 deserto
2568 4979 2887 5037 tentationis
2940 4980 3102 5037 solita
3151 4998 3304 5040 arma
3361 4983 3478 5056 (95)

1888 5092 2000 5133 non
2031 5073 2246 5131 invenit
2270 5091 2280 5128 :
2314 5070 2465 5127 deest
2494 5070 2577 5125 illi
2607 5069 2674 5125 de
2703 5069 2957 5142 paradiso
2986 5072 3278 5130 amoenitas
3305 5072 3480 5130 arbo-

1890 5182 2032 5234 rum,
2057 5163 2207 5221 deest
2236 5161 2318 5216 illi
2349 5158 2698 5216 consiliatrix
2727 5160 2864 5230 Eva,
2891 5157 3042 5217 deest
3071 5161 3156 5217 illi
3189 5178 3480 5235 pomorum

1891 5254 2134 5328 speciosa
2162 5250 2412 5323 deceptio
2436 5268 2450 5320 ;
2483 5259 2538 5309 et
2557 5251 2686 5324 quia
2705 5267 2818 5307 non
2840 5251 3057 5310 invenit
3077 5251 3286 5319 cibum,
3317 5269 3481 5326 quem

1891 5346 2083 5405 offerat
2112 5342 2396 5412 esurienti,
2427 5342 2668 5415 postulat
2697 5343 2756 5400 in
2785 5342 2975 5401 cibum
3004 5361 3136 5401 saxa
3163 5343 3388 5402 mutari.

1963 5437 2016 5495 3.
2057 5433 2311 5508 Undique
2357 5434 2634 5503 exclusus,
2699 5434 2943 5509 undique
2991 5434 3366 5503 defraudatus,
3416 5431 3486 5492 ad

1892 5527 2207 5601 pavimenta
2237 5542 2293 5582 se
2317 5525 2567 5594 confert;
2618 5525 2751 5582 satis
2783 5526 2931 5582 enim
2962 5526 3251 5584 manifeste
3292 5534 3490 5584 osten—

1895 5616 1976 5674 dit
2031 5617 2341 5673 vastitatem
2395 5613 2500 5670 sibi
2555 5611 2724 5670 eremi
2791 5614 3077 5686 restitisse,
3150 5631 3275 5674 cum
3333 5620 3490 5690 putat

1895 5717 2117 5784 propter
2191 5707 2433 5782 in0piam
2505 5722 2686 5764 rerum
2759 5706 2924 5766 etiam
2991 5705 3262 5765 elementa
3332 5719 3491 5780 posse

261 5817 383 5893 (95)
411 5816 615 5874 Omnes
642 5816 800 5888 edit.,
835 5818 1137 5878 tentationis
1165 5816 1337 5877 solida
1351 5833 1548 5876 arma:
1578 5818 1782 5879 rectius
1811 5834 1942 5876 mss.
1977 5816 2276 5876 tentationis
2304 5813 2465 5874 solita
2491 5829 2669 5874 arma.

450 5907 692 5970 Parma.
731 5907 909 5970 XVII.
