3972 6402
549 441 652 499 683

1555 443 1650 497 ΑΙ)
1693 441 1930 498 OPERA
1969 441 2024 496 S.
2068 441 2121 496 Α

2252 439 2400 498 lOSII
2437 440 2816 498 APPENDIX.
3750 439 3849 496 684

542 564 812 624 converti.
871 565 1119 622 Postulat
1159 565 1328 638 igitur
1365 565 1424 622 in
1472 581 1666 638 panem
1721 566 1929 638 lapides
1974 581 2139 622 com-
2176 568 2226 626 Α
2255 564 2498 622 dictione
2527 573 2693 634 caret,
2754 564 3159 621 maledictione
3211 565 3538 636 completur.
3566 565 3669 621 Illa
3723 580 3849 638 ergo

541 654 766 712 mutari.
816 653 1084 711 Versatus
1115 665 1167 712 et
1196 655 1429 712 callidus
1456 655 1560 712 scit
1590 655 1724 728 Quid
1753 662 1923 726 petat,
1977 655 2133 710 novit

541 744 746 800 factum
788 759 903 800 esse
952 743 1097 816 quod
1141 744 1309 812 dicit;
1373 744 1626 800 meminit
1665 746 1812 800 enim
1858 744 1914 799 in
1963 744 2135 801 veteri

541 834 886 888 Testamento
916 832 1233 889 sitientibus
1263 850 1457 905 aquam
1485 835 1552 889 de
1587 833 1767 906 lapide
1805 833 2136 906 profluxisse

543 923 746 992 (Exod.
779 939 918 988 xvu,
949 922 1030 992 6),
1071 922 1193 976 vult
1231 922 1396 977 etiam
1429 922 1521 978 hic
1550 923 1816 979 esurienti
1847 923 2035 981 cibum
2068 922 2134 980 de

540 1011 720 1082 lapide
751 1009 1054 1065 ministrari
1082 1027 1095 1076 ;
1150 1011 1352 1066 retinet
1384 1010 1531 1066 enim
1562 1011 1640 1066 ibi
1671 1011 1930 1068 duritiam
1966 1019 2133 1084 petraa

544 1100 600 1154 in
643 1099 914 1172 liquorem
963 1099 1199 1154 fontium
1250 1101 1570 1168 resolutam,
1633 1101 1785 1173 cupit
1830 1102 1994 1157 etiam
2041 1102 2134 1158 hic

538 1188 882 1261 asperitatem
914 1189 1033 1244 saxi
1077 1188 1136 1244 in
1175 1190 1332 1262 panis
1369 1188 1718 1246 dulcedinem
1759 1192 2132 1248 transforma-

537 1281 605 1336 ri.
659 1279 1050 1352 Suspicabatur
1095 1280 1243 1336 enim
1292 1281 1472 1354 ipsum
1520 1297 1634 1338 esse
1681 1282 1982 1350 Christum,
2034 1282 2130 1356 qui

536 1371 654 1427 haec
691 1370 905 1443 operari
951 1369 1122 1426 soleat
1174 1370 1241 1426 de
1299 1379 1496 1427 natura
1548 1388 1834 1440 saxorum,
1866 1372 2011 1429 sicut
2051 1372 2129 1427 ait

538 1461 816 1535 apostolus
863 1460 1106 1515 Paulus:
1181 1483 1200 1508 ι
1229 1458 1500 1516 Bibebant
1553 1459 1618 1516 de
1662 1461 1898 1533 spiritali
1941 1476 2128 1518 conse-

538 1549 726 1624 quenti
761 1566 852 1606 eos
881 1557 1053 1622 petra,
1086 1556 1238 1620 petra
1267 1555 1448 1605 autem
1479 1557 1594 1604 erat
1623 1549 1876 1608 Christus
1913 1550 1969 1624 (I
1999 1549 2124 1608 Cor.

536 1663 594 1714 χ,
626 1645 706 1717 4).
735 1669 754 1693 ι
819 1648 965 1706 429
1018 1640 1427 1714 Suspicabatur,
1484 1641 1730 1717 inquam,
1787 1644 1964 1717 ipsum
2014 1660 2127 1700 esse

535 1741 840 1806 Christum,
884 1755 1008 1796 eum
1036 1737 1348 1812 postulabat
1377 1747 1438 1794 ut
1468 1739 1534 1796 de
1564 1740 1748 1814 lapide
1778 1758 1944 1814 panes
1974 1742 2125 1798 face-

533 1838 652 1888 ret:
713 1829 807 1887 sed
863 1829 1089 1902 putabat
1136 1829 1517 1887 tantummodo
1574 1832 1752 1888 solum
1819 1831 2124 1902 hominem,

532 1937 658 1978 cum
687 1919 1017 1976 esurientem
1048 1919 1279 1977 videret.

603 2017 658 2074 4.
697 2017 948 2074 Salvator
975 2024 1157 2073 autem
1194 2014 1493 2075 versutiam
1543 2015 1661 2089 ejus
1707 2018 1847 2076 mira
1889 2037 2126 2093 respon-

532 2108 685 2165 sione
714 2107 1039 2164 condemnat
1065 2124 1078 2165 :
1114 2123 1215 2164 nec
1244 2105 1377 2162 facit
1405 2105 1553 2179 quod
1587 2107 1724 2165 dicit
1751 2108 2024 2181 diabolus,
2055 2127 2124 2166 ne

533 2198 784 2256 videatur
804 2214 902 2272 pro
921 2197 1151 2255 arbitrio
1173 2196 1475 2254 adversarii
1499 2195 1725 2255 virtutis
1747 2217 1855 2256 suae
1884 2199 2117 2271 gloriam

531 2286 842 2345 declarare:
900 2303 1001 2344 nec
1041 2293 1226 2343 tamen
1273 2285 1564 2358 respondet
1619 2302 1732 2342 non
1777 2303 1934 2360 posse
1980 2288 2120 2358 ﬁeri,

531 2376 661 2450 quia
689 2392 882 2450 negare
928 2392 1041 2433 non
1066 2382 1299 2449 poterat,
1355 2374 1503 2448 quod
1551 2391 1692 2448 saepe
1731 2375 1846 2448 jam
1897 2374 2116 2433 fecerat.

532 2466 701 2538 lgitur
724 2482 824 2523 nec
845 2465 1144 2539 acquiescit
1165 2464 1392 2538 petenti,
1412 2481 1512 2522 nec
1532 2463 1764 2537 denegat
1787 2467 2119 2538 exploranti,

531 2571 594 2611 ac
623 2570 720 2626 per
748 2555 853 2612 hoc
893 2563 946 2610 et
974 2554 1277 2626 potentiam
1315 2553 1538 2610 virtutis
1581 2570 1692 2610 suae
1739 2571 1838 2610 suo
1881 2566 2122 2614 reservat

531 2644 782 2713 arbitrio,
841 2652 894 2700 et
934 2645 1234 2701 versutiam
1284 2643 1580 2700 adversarii
1629 2644 1822 2700 divino
1872 2645 2122 2702 confutat

530 2734 770 2807 eloquio.
830 2734 1132 2806 Respondit
1160 2749 1287 2806 ergo
1317 2733 1441 2790 illi:
1503 2755 1522 2782 ι
1553 2733 1673 2789 Νοη
1718 2733 1776 2789 in
1819 2736 1936 2791 solo
1985 2752 2122 2808 pane

531 2822 675 2877 vivit
712 2822 898 2892 homo,
921 2822 1016 2878 sed
1051 2823 1108 2878 in
1138 2823 1293 2880 omni
1316 2821 1487 2879 verbo
1515 2821 1614 2878 Dei
1647 2823 1858 2894 (Matth.
1893 2842 1970 2888 1v.
2002 2825 2108 2896 4);.

531 2917 636 2974 hoc
665 2926 765 2985 est,
783 2934 894 2974 non
923 2917 980 2974 in
1011 2934 1150 2990 pane
1175 2927 1412 2987 terreno,
1432 2935 1544 2973 non
1573 2918 1632 2973 in
1671 2917 1794 2974 cibo
1825 2919 2118 2988 materiali,

535 3023 643 3080 quo
664 3007 837 3063 Adam
863 3007 1104 3080 primum
1126 3007 1407 3064 hominem
1428 3007 1695 3080 decepisti
1721 3026 1731 3063 :
1757 3009 1851 3065 sed
1873 3009 1930 3064 in
1953 3009 2122 3066 verbo

532 3097 654 3166 Dei,
706 3096 763 3152 in
791 3114 899 3172 quo
926 3104 1056 3153 sunt
1098 3097 1228 3153 vitae
1269 3098 1530 3153 alimenta
1559 3098 1814 3154 caelestis.
1879 3097 2122 3155 Verbum

538 3195 717 3245 autem
743 3189 840 3244 Dei
877 3187 1128 3245 Christus
1157 3196 1239 3244 est
1267 3187 1558 3255 Dominus,
1608 3188 1751 3244 sicut
1789 3189 2123 3259 evangelista

2251 671 2377 712 esca
2408 656 2568 712 nobis
2597 656 2900 712 necessaria
2931 662 3031 723 est,
3059 671 3178 728 quae
3217 653 3389 711 vitam
3434 662 3676 726 praestat,
3730 671 3849 728 qua:

2249 748 2487 802 animam
2520 749 2690 819 pascit
2723 764 2736 813 ;
2769 753 2891 817 post
2930 746 3372 818 quamsequitur
3413 744 3689 812 Christus,
3726 744 3850 799 iui-

2246 836 2422 892 micus
2452 836 2789 893 excluditur.
2829 837 2984 892 Illam
3038 853 3213 892 escam
3263 835 3510 907 accipere
3561 833 3848 902 debemus,

2247 941 2410 998 quam
2463 925 2733 995 Salvator,
2786 943 2895 982 non
2963 926 3216 982 diabolus
3263 925 3672 998 subsequatur;
3727 940 3847 997 qua:

2253 1015 2608 1087 perceptione
2657 1016 2741 1072 sui
2790 1016 3156 1072 confessorem
3203 1016 3387 1084 faciat,
3445 1030 3556 1072 non
3603 1013 3848 1087 prodito-

2244 1120 2380 1161 rem.

2312 1195 2364 1252 6.
2399 1197 2571 1264 Quam
2601 1196 2738 1252 bene
2758 1205 2937 1252 autem
2955 1195 3302 1268 jejuniorum
3323 1203 3566 1268 tempore
3595 1193 3847 1252 Verbum

2238 1286 2338 1343 Dei
2367 1285 2514 1341 dixit
2541 1302 2677 1350 esse,
2711 1285 2859 1358 quod
2892 1285 3104 1341 reﬁcit!
3154 1294 3216 1342 ut
3269 1285 3580 1341 ostenderet
3628 1283 3850 1356 jejunia

2239 1381 2424 1430 nostra
2463 1390 2572 1428 non
2610 1373 2808 1430 debere
2836 1374 3027 1432 saeculi
3061 1373 3280 1431 actibus
3317 1373 3594 1446 occupari,
3622 1372 3721 1428 sed
3765 1387 3846 1427 sa-

2237 1463 2344 1521 cris
2409 1462 2607 1519 litteris
2637 1465 2900 1521 exerceri.
2952 1463 3190 1536 Negligit
3229 1463 3378 1520 enim
3424 1464 3606 1519 famen
3647 1477 3846 1534 corpo-

2238 1553 2333 1621 ris,
2370 1552 2464 1624 qui
2485 1551 2686 1624 pabulo
2707 1550 2963 1608 lectionis
2986 1552 3225 1608 intendit
3250 1571 3263 1609 :
3297 1569 3398 1610 nec
3419 1551 3631 1610 ventris
3651 1566 3845 1608 curam

2236 1641 2437 1698 habere
2468 1641 2688 1714 poterit,
2725 1642 2821 1715 qui
2877 1642 3204 1698 alimentum
3265 1641 3421 1699 verbi
3459 1642 3701 1699 ccelestis
3760 1657 3847 1698 ao-

2239 1732 2428 1806 quirit.
2459 1734 2581 1805 Ipsa
2617 1743 2699 1790 est
2719 1733 2869 1790 enim
2900 1733 3151 1802 refectio,
3177 1751 3297 1808 quae
3333 1733 3546 1807 saginat
3572 1734 3842 1803 animam,

2238 1837 2358 1894 quae
2387 1821 2693 1895 impinguat
2713 1822 2960 1891 viscera;
3013 1840 3139 1880 cum
3178 1823 3246 1880 de
3292 1822 3502 1880 divinis
3539 1821 3846 1895 Scripturis

2157 1927 2202 1988 Β
2238 1912 2422 1970 cibum
2454 1911 2662 1985 eloquii
2713 1913 2969 1984 perennis
3015 1913 3344 1985 accipimus.
3391 1913 3514 1985 Ipsa
3566 1919 3650 1968 est
3695 1927 3842 1980 esca,

2229 2018 2358 2075 quae
2401 2002 2576 2057 vitam
2610 2010 2873 2058 aeternam
2906 2001 3128 2069 tribuit,
3159 2010 3213 2059 et
3239 2001 3470 2058 insidias
3489 2018 3521 2058 a
3549 2000 3711 2058 nobis
3731 2000 3848 2058 dia-

2236 2093 2431 2150 bolicae
2464 2092 2787 2149 tentationis
2815 2092 3081 2150 excludit.
3130 2092 3292 2161 Quod
3335 2101 3516 2150 autem
3559 2109 3841 2150 sacrarum

2237 2183 2544 2240 litterarum
2569 2181 2732 2239 lectio
2754 2182 2868 2238 vita
2890 2184 2984 2251 sit,
3017 2181 3287 2239 Dominus
3352 2189 3587 2240 testatur
3609 2182 3802 2240 dicens
3825 2201 3837 2239 :

2250 2298 2268 2321 ε
2298 2271 2478 2330 Verba
2499 2287 2616 2344 quae
2644 2287 2742 2343 ego
2771 2271 2988 2329 locutus
3023 2288 3147 2329 sum
3178 2270 3358 2342 vobis,
3391 2272 3618 2346 spiritus
3638 2281 3694 2330 et
3718 2272 3841 2330 vita

2239 2367 2380 2417 sunt
2411 2362 2591 2432 (Joan.
2625 2378 2704 2429 vr,
2729 2359 2844 2431 64).
2876 2385 2895 2408 ι

2768 2463 3002 2520 SERMO
3046 2462 3306 2522 XXVIII.

2587 2555 2664 2609 De
2689 2562 2876 2610 sancta
2905 2553 3330 2627 Quadragesima
3363 2552 3485 2609 ΧΠ.

2234 2644 2324 2698 Ea:
2347 2641 2541 2712 primis
2568 2641 2738 2696 verbis
2785 2643 3044 2696 sermonis
3089 2641 3248 2711 hujus
3301 2640 3486 2713 colligi
3509 2646 3680 2712 potest
3721 2640 3842 2710 ejus

2303 2718 2570 2769 auctorem
2597 2730 2705 2768 non
2750 2716 2923 2769 solum
2973 2715 3288 2780 Dominicis,
3320 2713 3412 2768 sed
3455 2720 3503 2768 et
3527 2713 3654 2768 aliis
3709 2729 3841 2783 quo-

2304 2803 2401 2855 que
2442 2785 2621 2840 diebus
2674 2786 2731 2840 in
2786 2786 3209 2856 Quadragcsima
3259 2785 3565 2840 concionari
3614 2784 3841 2856 solitum

2303 2874 2426 2912 esse.
2465 2857 2639 2928 Quod
2688 2863 2863 2912 autem
2914 2858 2974 2912 de
3019 2855 3298 2928 qualitate
3335 2855 3671 2928 tempestatis,
3728 2871 3839 2928 qua

2295 2927 2561 2998 jejunium
2597 2929 2737 2983 illud
2775 2929 2983 2997 incidit,
3024 2927 3071 2983 et
3117 2930 3178 2983 de
3204 2929 3347 2983 unici
3391 2927 3496 2982 diei
3549 2927 3840 2982 violatione

2305 3001 2386 3054 hic
2415 3000 2725 3068 disseritur,
2772 3000 2982 3054 videtur
3041 3017 3157 3054 cum.
3209 3000 3496 3054 nonnullis
3533 2999 3839 3053 anteceden-

2307 3073 2437 3126 tium
2483 3089 2780 3126 sermonum
2816 3072 3003 3126 habere
3052 3072 3306 3142 quiddam
3351 3070 3674 3142 cognationis
3709 3087 3727 3124 :
3783 3077 3840 3124 at

2306 3144 2399 3198 hoc
2450 3160 2648 3214 parum
2687 3150 2778 3210 est,
2838 3149 2896 3197 ut
2942 3144 3098 3198 iidem
3160 3144 3244 3198 illi
3285 3143 3350 3198 ab
3398 3143 3570 3197 eodem
3615 3148 3842 3197 auctore

2306 3214 2491 3285 scripti
2524 3216 2792 3270 dicantur.
2831 3214 2988 3269 Forte
3037 3214 3090 3269 id
3136 3214 3313 3284 majus
3352 3215 3623 3281 habeatur,
3655 3219 3716 3285 ut
3755 3214 3843 3285 hic

533 3275 710 3366 dicit:
759 3300 776 3325 ι
798 3277 859 3332 In
897 3275 1168 3366 principio
1202 3284 1318 3366 erat
1351 3275 1619 3366 Verbum,
1652 3284 1707 3333 et
1736 3276 1978 3334 Verbum
2009 3286 2125 3334 erat
2151 3291 2193 3351 ο
2299 3275 2517 3366 υιιίὶῃας
2550 3286 2920 3366 -αάρῃἀίᾳτειιη
2961 3293 3140 3366 sancto
3187 3275 3462 3366 ﬂaminio,
3526 3275 3668 3366 quod
3699 3284 3842 3366 .ejus

528 3365 676 3439 apud
731 3367 904 3422 Deum
963 3364 1144 3436 (Joan.
1179 3382 1217 3433 ι,
1264 3364 1341 3435 l).
1372 3389 1391 3414 ι
1453 3365 1716 3440 Quisquis
1771 3381 1899 3438 ergo
1951 3367 2120 3423 verbo

529 3455 738 3513 Christi
789 3453 1051 3526 pascitur,
1094 3460 1373 3510 terrenum
1404 3455 1667 3526 pabulum
1698 3472 1810 3512 non
1837 3457 2069 3530 requirit
2097 3474 2111 3524 ;

528 3558 631 3598 nec
674 3542 819 3597 enim
866 3548 1043 3613 potest
1086 3541 1274 3599 saeculi
1324 3559 1519 3615 panem
1573 3561 1789 3618 cupere,
1843 3545 1938 3618 qui
1981 3561 2122 3618 pane

529 3629 775 3686 reﬁcitur
830 3629 1150 3688 Salvatoris.
1203 3629 1377 3688 Habet
1429 3632 1576 3688 enim
1632 3633 1906 3690 Dominus
1959 3649 2120 3690 suum

527 3733 758 3791 panem;
818 3718 930 3775 imo
961 3721 1119 3792 panis
1159 3719 1275 3792 ipse
1307 3722 1560 3779 Salvator
1584 3729 1684 3792 est,
1741 3723 1885 3780 sicut
1933 3723 2123 3782 docuit

527 3807 752 3863 dicens:
831 3830 850 3855 ι
880 3808 994 3880 Ego
1025 3826 1145 3865 sum
1177 3811 1353 3882 panis,
1409 3812 1505 3884 qui
1557 3811 1624 3868 de
1673 3813 1810 3868 coelo
1864 3813 2119 3870 descendi

530 3893 711 3966 (Joan.
741 3911 819 3965 vr,
851 3896 968 3969 51).
987 3922 1006 3947 ι
1064 3899 1142 3953 De
1172 3914 1278 3971 quo
1307 3916 1445 3972 pane
1475 3899 1613 3956 dicit
1643 3900 1953 3973 Propheta:
2002 3927 2021 3952 ι
2050 3903 2122 3959 Et

526 3982 684 4054 panis
709 4001 804 4041 cor
832 3985 1075 4042 hominis
1104 3987 1395 4045 conﬁrmat
1428 3989 1602 4061 (Psal.
1636 4007 1754 4058 cur,
1789 3991 1896 4061 15).
1927 4015 1946 4040 ι

519 4067 523 4072 ’
597 4072 650 4129 5.
693 4073 811 4140 Quo
839 4090 965 4147 ergo
993 4076 1134 4131 mihi
1163 4092 1382 4148 panem,
1430 4093 1594 4150 quem
1644 4079 1804 4134 olfert
1842 4078 2118 4148 diabolus,

525 4178 650 4218 cum
680 4161 910 4218 habeam
941 4180 1158 4236 panem,
1188 4182 1349 4238 quem
1381 4165 1636 4223 Christus
1665 4167 1912 4238 impartit
1931 4167 1959 4223 ‘2
1999 4167 2119 4234 Quo

526 4250 666 4307 mihi
694 4252 902 4322 cibum,
944 4264 1166 4326 propter
1198 4272 1362 4327 quem
1403 4257 1805 4327 protoplastum
1843 4254 2117 4327 dejectum

527 4340 773 4410 memini,
797 4343 941 4399 Esau
971 4344 1270 4415 primitivis
1294 4344 1611 4400 fraudatum
1645 4345 1781 4413 vidi,
1813 4345 2007 4401 Judam
2038 4347 2118 4403 Is-

525 4432 735 4490 carioth
762 4432 1094 4505 proditionis
1121 4435 1324 4499 scelere
1354 4435 1675 4490 denotatum
1703 4435 1730 4490 ‘l
1759 4435 1935 4492 Adam
1969 4436 2116 4492 enim

524 4538 621 4594 per
674 4538 850 4579 escam
908 4521 1220 4592 paradisum
1279 4521 1542 4592 perdidit,
1587 4523 1734 4578 Esau
1782 4539 1878 4594 per
1914 4525 2117 4582 lentem

523 4610 788 4666 honorem
847 4611 1114 4683 primatus
1170 4611 1375 4679 amisit,
1453 4611 1620 4668 ludas
1693 4628 1787 4683 per
1843 4613 2195 4713 bucellamD

524 4701 858 4773 apostolatus
884 4699 1120 4755 sublime
1149 4699 1403 4772 deposuit
1430 4718 1442 4768 ;
1495 4717 1564 4756 ex
1604 4717 1712 4773 quo
1743 4702 1888 4757 enim
1921 4703 2119 4761 bucel-

526 4793 632 4847 lam
683 4792 940 4863 sumpsit,
986 4808 1097 4847 non
1123 4790 1236 4863 jam
1291 4793 1574 4864 apostolus
1625 4793 1790 4864 coepit
1833 4811 1966 4864 esse,
2023 4797 2119 4853 sed

527 4879 795 4950 proditor.
816 4880 906 4935 Sic
935 4880 1081 4936 enim
1113 4881 1381 4953 scriptum
1404 4880 1593 4949 habes,
1616 4881 1831 4941 dicente
1857 4886 2113 4942 Domino:

543 4994 560 5015 ι
589 4969 693 5025 Cui
723 4969 1026 5026 intinctum
1061 4987 1256 5043 panem
1285 4971 1508 5040 dedero,
1543 4971 1657 5044 ipse
1688 4990 1773 5028 me
1803 4974 1999 5031 tradet.
2049 4978 2120 5033 Et

529 5061 796 5118 continuo
847 5072 968 5133 post
1015 5064 1286 5120 bucellam
1318 5065 1550 5121 intravit
1588 5065 1644 5120 in
1688 5065 1850 5122 illum
1894 5067 2119 5123 Satanas

532 5150 713 5220 (Joan.
741 5166 864 5216 xm,
899 5150 986 5219 26,
1019 5152 1139 5224 27).
1175 5178 1193 5202 ι
1237 5155 1356 5209 Non
1387 5155 1566 5211 bonus
1596 5154 1774 5224 cibus,
1807 5163 1929 5227 post
1955 5172 2117 5229 quem

528 5252 760 5319 negatur
789 5245 1079 5314 Dominus,
1129 5255 1253 5319 post
1297 5265 1455 5320 quem
1486 5249 1794 5322 ingreditur
1822 5251 2114 5308 inimicus:

529 5354 641 5394 non
669 5335 848 5393 bonus
871 5335 1048 5406 cibus,
1075 5346 1198 5410 post
1225 5355 1388 5411 quem
1421 5338 1673 5398 Christus
1703 5342 1996 5413 respuitur,
2030 5341 2118 5398 de-

527 5437 747 5486 coratur
775 5423 1156 5486 Antichristus
1182 5446 1193 5486 :
1245 5445 1358 5485 non
1388 5429 1565 5487 bonus
1593 5431 1770 5500 cibus,
1823 5432 1918 5504 qui
1944 5431 2120 5488 bene-

571 5591 718 5670 '_(9(_i)
759 5592 888 5670 Tres
917 5608 1072 5662 mss.,
1102 5591 1416 5663 cogitatione
1443 5592 1755 5658 initiatum;
1802 5610 1964 5662 unus,
2023 5611 2120 5650 co-

528 5663 780 5731 gitatione
809 5663 1017 5718 initum.

603 5732 722 5804 (97)
764 5733 888 5805 νει,
927 5734 1083 5802 edit.,
1135 5741 1194 5791 ut
1221 5735 1417 5790 dictum
1448 5751 1723 5791 numerum
1753 5737 1866 5791 sine
1905 5737 2112 5805 labore;

528 5801 713 5872 Rom.,
745 5809 807 5858 ut
824 5804 1017 5859 dictum
1052 5801 1330 5863 numerum
1357 5807 1429 5862 ad
1450 5807 1588 5862 diem
1611 5809 1720 5862 sine
1750 5810 1932 5865 labore
1960 5827 1980 5873 ;
2004 5801 2117 5864 om;

2301 3358 2510 3500 ifiomiitw
2539 3359 2595 3414 in
2621 3358 2736 3414 cod.
2769 3358 2971 3430 Remig.
3002 3364 3051 3414 et
3073 3359 3280 3415 duobus
3314 3358 3492 3414 Germ.
3541 3357 3842 3429 inscriptus

2323 3447 2444 3485 ueri
2479 3473 2491 3486 .

2323 3447 2491 3486 'uem.

2307 3529 2358 3584 l.
2404 3527 2549 3584 Ante
2591 3527 2708 3585 dies
2747 3527 3102 3587 devotionem
3139 3534 3340 3584 sanctae
3391 3524 3839 3599 Quadragesimaa

2231 3618 2613 3692 praedicantes,
2679 3635 2958 3675 sacrarum
3011 3619 3330 3675 litterarum
3363 3617 3616 3690 exempla
3645 3623 3841 3688 protu-

2232 3708 2417 3777 limus,
2451 3708 2650 3781 quibus
2680 3708 3107 3780 approbaremus
3150 3706 3299 3763 hunc
3335 3705 3840 3780 quadragenarium

2206 3813 2522 3854 -numerum
2552 3814 2666 3859 non
2695 3813 2810 3854 esse
2838 3797 2906 3852 ab
2935 3794 3262 3880 hominibus
3312 3795 3701 3863 constitutum,
3736 3793 3844 3850 sed

2231 3888 2503 3944 divinitus
2573 3894 3005 3945 consecratum:
3060 3903 3162 3944 nec
3227 3895 3444 3942 terrena
3497 3884 3844 3958 cogitatione

2231 3977 2537 4034 inventum-
2570 3977 2709 4048 (96),
2760 3975 2854 4032 sed
2896 3975 3104 4032 caelesti
3155 3973 3444 4045 majestate
3471 3983 3842 4047 praeceptum.

2229 4069 2407 4140 Atque
2438 4068 2561 4124 ideo
2590 4068 2684 4140 qui
2707 4065 3076 4123 constitutum
3104 4081 3398 4120 numerum
3423 4081 3534 4120 una
3564 4065 3656 4122 die
3683 4073 3844 4130 430

2229 4161 2616 4219 manducando
2660 4160 2922 4234 prasterit,
2974 4176 3091 4216 non
3139 4166 3200 4214 ut
3230 4157 3396 4214 unius
3437 4157 3545 4214 diei
3590 4159 3845 4219 violator

2228 4261 2535 4321 accusatur,
2567 4253 2661 4310 sed
2690 4259 2752 4309 ut
2783 4250 2953 4308 totius
2983 4248 3428 4321 Quadragesima
3460 4257 3845 4322 transgressor

2227 4341 2496 4414 arguitur.
2529 4342 2684 4398 Unde
2712 4341 2920 4398 bonum
2952 4347 3036 4396 est
3075 4339 3291 4395 homini
3327 4345 3390 4394 ut
3418 4337 3487 4394 ad
3531 4337 3679 4395 diem
3712 4340 3842 4398 sine

2227 4431 2412 4488 labore
2441 4431 2655 4504 jejunet
2689 4432 2830 4504 (97),
2861 4439 2914 4486 et
2962 4430 3132 4486 totius
3169 4428 3610 4501 Quadragesimaa
3643 4444 3841 4486 conse~

2228 4529 2429 4595 quatur
2485 4521 2688 4593 pariter
2744 4519 3118 4577 sanctitatem.
3161 4519 3290 4576 Haec
3319 4526 3502 4574 autem
3551 4533 3664 4573 non
3720 4525 3838 4574 tam

2229 4611 2579 4669 sacerdotum
2608 4619 2902 4685 praecepta,
2934 4626 3099 4684 quam
3132 4608 3237 4665 Dei
3268 4615 3415 4666 sunt.
3480 4606 3662 4680 Atque
3707 4608 3840 4665 ideo

2228 4701 2322 4774 qui
2353 4701 2469 4758 haec
2492 4702 2722 4773 spernit,
2763 4717 2874 4756 non
2898 4700 3247 4757 sacerdotem
3297 4697 3524 4771 spernit,
3556 4698 3651 4756 sed
3672 4698 3837 4756 Chri-

2229 4798 2394 4860 stum,
2417 4790 2512 4864 qui
2541 4791 2602 4846 in
2629 4807 2729 4847 suo
2752 4790 3000 4863 loquitur
3038 4787 3344 4846 sacerdote.

2297 4888 2351 4945 2.
2383 4887 2682 4945 Videamus
2710 4888 2880 4960 igitur
2907 4903 3016 4960 quo
3046 4893 3300 4958 tempore
3329 4884 3474 4944 hanc
3515 4883 3837 4942 observan-

2228 4977 2362 5035 tiam
2389 4977 2548 5035 nobis
2596 4978 2864 5034 indixerit
2913 4977 3205 5046 Dominus,
3259 4976 3307 5032 si
3343 4992 3456 5032 non
3503 4975 3676 5032 veluti
3735 4992 3837 5048 per

2227 5067 2389 5124 istam
2419 5067 2769 5124 devotionem
2804 5077 3008 5125 cuncta
3034 5070 3305 5125 elementa
3349 5065 3593 5122 voluerit
3627 5064 3834 5122 habere

2228 5159 2553 5230 profectum.
2588 5159 2729 5216 Ecce
2768 5158 2937 5227 enim,
2987 5166 3050 5214 ut
3092 5158 3150 5214 in
3179 5157 3328 5214 dicta
3371 5155 3488 5229 (98)
3521 5153 3834 5228 Quadrage-

2228 5249 2390 5317 sima,
2419 5250 2717 5307 constricta
2764 5248 2991 5306 hiemali
3022 5249 3144 5321 gelu
3203 5255 3350 5303 terra
3405 5246 3725 5313 resolvitur,
3779 5255 3832 5303 et

2228 5356 2491 5413 aquarum
2542 5341 2749 5398 ﬂuenta
2792 5347 3002 5395 meatus
3058 5353 3205 5405 suos,
3264 5335 3438 5409 glacie
3508 5334 3828 5408 liquefacta,

2229 5431 2539 5504 recipiunt;
2601 5432 2681 5490 sic
2729 5446 2946 5504 quoque
2989 5444 3288 5501 corporum
3348 5434 3666 5483 nostrorum
3724 5423 3832 5479 hoc

2229 5610 2324 5650 nes
2347 5611 2476 5650 vero
2499 5611 2652 5658 mss.,
2683 5592 2880 5647 dictum
2910 5605 3187 5644 numerum
3220 5586 3499 5659 rejiciunt.

2305 5667 2418 5740 (98)
2450 5655 2651 5721 Omnes
2680 5663 2812 5719 edit.
2844 5661 2938 5718 hic
2952 5669 3004 5717 et
3022 5661 3169 5740 infra
3197 5655 3541 5740 conjunctim
3570 5655 3828 5740 scribunt

2229 5733 2469 5802 indicta;
2519 5753 2664 5807 mss.
2707 5741 2890 5791 autem
2943 5733 3145 5807 partim
3196 5733 3564 5804 conjungunt,
3617 5733 3827 5801 partim

2226 5808 2488 5865 dividunt
2515 5806 2761 5864 eamdem
2787 5806 3000 5866 vocem.
