3972 6388
197 422 310 479 G85

1018 422 1387 480 SERMONES
1423 422 1480 480 S.
1515 421 1871 481 AMBROSIO
1911 423 2282 482 HACTENUS
2323 423 2670 482 ASCBIPTI.

3404 423 3510 485 686

198 550 397 608 eodem
426 560 669 625 tempore
699 557 978 608 contracta
1006 550 1306 608 sceleribus
1335 559 1554 623 peccata
1575 551 1797 607 solvun-
1827 552 1879 618 Α
1906 550 2279 623 concipiamus
2313 552 2395 623 (3)
2447 550 2717 605 virtutum
2767 549 3035 623 germina,
3065 558 3126 606 ut
3158 549 3216 608 in
3262 551 3352 610 die
3400 552 3512 610 Pa—

203 648 316 709 tur,
350 648 403 697 et
434 641 563 697 vitae
594 649 794 697 nostrae
829 641 1021 714 purior
1049 657 1264 709 cursus,
1298 640 1594 713 liquefacto
1623 640 1802 713 rigore

198 727 435 797 diaboli,
460 735 697 784 meatum
727 746 886 786 suum
905 729 1201 802 pristinum
1223 729 1583 803 recognoscit.
1618 729 1804 800 Terra,

199 819 456 892 inquam,
506 818 561 874 in
612 819 758 876 dicta
801 819 1226 892 Quadragesima
1254 819 1604 892 asperitatem
1635 818 1804 892 depo-

200 907 292 964 nit
321 907 540 975 hiemis,
587 924 684 980 ego
717 908 776 964 in
820 907 967 964 dicta
996 907 1421 980 Quadragesima
1459 907 1803 980 asperitatem

199 995 398 1068 rejicio
439 996 789 1054 delictorum.
836 998 936 1054 Illa
984 1007 1125 1054 terra
1174 997 1370 1056 aratris
1416 998 1712 1067 scinditur,
1745 1004 1806 1054 ut

200 1085 505 1142 mundanis
535 1085 606 1140 sit
637 1103 879 1159 congrua
908 1085 1158 1159 frugibus
1196 1105 1208 1143 :
1261 1103 1382 1143 mea
1410 1094 1554 1142 terra
1576 1084 1806 1158 jejuniis

197 1181 483 1242 exaratur,
501 1181 563 1230 ut
578 1174 892 1231 coelestibus
909 1174 980 1231 sit
995 1183 1118 1246 apta
1138 1175 1462 1232 seminibus.
1487 1174 1640 1232 Sicut
1655 1174 1803 1230 enim

201 1263 447 1320 reditum
499 1263 810 1320 uberiorem
859 1264 1024 1337 capit,
1058 1264 1152 1338 qui
1184 1264 1526 1337 frequentius
1555 1264 1806 1322 vexando

195 1362 423 1411 exercet
465 1370 747 1426 campum;
785 1353 860 1409 ita
895 1363 948 1410 et
982 1353 1243 1425 majorem
1286 1354 1517 1426 gratiam
1550 1354 1804 1428 percipit,

198 1445 302 1519 qui
331 1453 546 1502 exercet
574 1444 819 1518 corporis
848 1444 935 1500 sui
964 1462 1221 1518 campum
1248 1445 1448 1518 saepius
1469 1443 1804 1518 jejunando.

277 1543 329 1600 3.
362 1545 502 1600 Ecce
531 1543 676 1600 enim
714 1543 1061 1600 abstinentiae
1104 1553 1371 1616 tempore,
1405 1543 1574 1600 herba
1634 1559 1804 1617 sege-

199 1641 324 1690 tum
362 1633 649 1690 reviviscit
679 1633 736 1688 in
771 1649 1023 1700 messem,
1053 1632 1309 1689 surculus
1337 1631 1546 1690 arboris
1578 1642 1808 1690 conatur

197 1721 265 1776 in
299 1721 608 1789 fructicem,
628 1722 835 1793 palmes
866 1721 1040 1776 vineae
1069 1719 1317 1792 pubescit
1337 1719 1406 1777 in-
1430 1736 1722 1792 gemmam,
1752 1729 1808 1778 et

194 1811 393 1868 omnia
420 1811 488 1867 de
536 1809 896 1866 inferioribus
943 1809 1010 1865 ad
1039 1809 1238 1866 altiora
1269 1825 1325 1866 se
1356 1810 1651 1883 subrigunt
1682 1829 1694 1868 :
1728 1809 1806 1868 ita

1918 639 2060 699 schae
2089 639 2331 697 fructum
2352 639 2583 714 justitia
2619 637 2976 712 proferamus.

1989 730 2041 787 6.
2067 729 2183 788 Hoc
2211 737 2396 788 autem
2425 726 2858 805 quadragenario
2898 743 3132 786 numero
3162 745 3219 786 se
3249 728 3364 802 ipse
3392 732 3511 788 Do-

1919 818 2103 875 minus
2139 819 2391 878 Christus
2437 819 2708 889 exercuit,
2762 836 2874 876 non
2904 826 2994 875 ut
3039 818 3346 894 profectum
3397 821 3511 895 ipso

1918 915 2154 981 caperet,
2184 908 2277 966 sed
2324 917 2386 965 ut
2417 909 2723 982 profectum
2771 910 2966 967 salutis
2994 908 3153 966 nobis
3181 910 3510 969 ostenderet.

1916 996 2029 1055 Nec
2052 997 2198 1054 enim
2237 1005 2354 1056 erat
2384 999 2442 1054 in
2472 1000 2572 1055 illo
2615 999 2774 1071 spina
2800 997 3028 1072 peccati,
3061 1015 3181 1073 quae
3211 1007 3514 1057 verteretur

1919 1088 1976 1144 in
1999 1088 2185 1146 ﬂorem
2215 1109 2228 1158 ;
2261 1090 2376 1164 ipse
2407 1090 2554 1147 enim
2597 1096 2714 1147 erat
2751 1089 2852 1147 ﬂos
2885 1099 3046 1147 natus
3089 1105 3201 1146 non
3240 1088 3308 1147 de
3333 1090 3510 1163 spina,

1917 1178 2010 1234 sed
2035 1177 2101 1234 de
2132 1179 2304 1253 virga,
2333 1178 2476 1237 sicut
2523 1179 2601 1236 ait
2631 1177 2934 1252 propheta:
2995 1203 3014 1229 ι
3043 1177 3200 1235 Exiit
3246 1179 3401 1252 virga
3446 1178 3514 1236 de

1918 1267 2100 1334 radice
2131 1268 2300 1335 Iesse,
2353 1276 2408 1326 et
2463 1268 2564 1326 ﬂos
2617 1267 2684 1326 dc
2731 1267 2916 1326 radice
2945 1267 3063 1342 ejus
3090 1267 3344 1326 ascendet
3376 1269 3511 1339 (Isa.

1918 1371 1997 1423 χι,
2034 1356 2087 1428 1)
2115 1373 2128 1424 ;
2162 1380 2180 1404 ι
2247 1357 2400 1432 virga
2431 1357 2579 1416 enim
2611 1365 2726 1415 erat
2761 1357 2955 1427 Maria,
2985 1357 3182 1426 nitida,
3213 1355 3432 1414 subtilis
3460 1364 3516 1414 et

1918 1443 2094 1516 virgo,
2131 1461 2252 1519 quae
2307 1447 2588 1506 Christum
2623 1449 2783 1506 velut
2829 1446 3022 1505 ﬂorem
3071 1446 3384 1520 integritate
3426 1447 3514 1505 sui

1918 1535 2164 1607 corporis
2201 1537 2548 1610 germinavit.

1992 1627 2041 1684 7.
2076 1628 2425 1688 Continuatis
2440 1648 2568 1706 ergo
2589 1632 2952 1706 quadraginta
2971 1631 3166 1690 diebus
3185 1641 3240 1692 et
3258 1632 3515 1692 noctibus

1921 1716 2025 1790 (4),
2056 1717 2174 1776 haec
2201 1717 2415 1791 jejunia
2443 1736 2552 1776 non
2580 1722 2827 1778 esuriens
2856 1721 3130 1778 Dominus
3156 1720 3510 1795 procuravit;
3575 1733 3577 1735 ‘

1918 1803 2013 1862 sed
2043 1804 2181 1864 dicit
2209 1807 2366 1864 illum
2391 1810 2727 1883 evangelista
2745 1809 2978 1866 esurisse
2999 1817 3206 1882 postea.
3226 1807 3515 1878 Quomodo

196 1903 312 1962 hoc
332 1902 522 1959 eodem
553 1910 797 1971 tempore
824 1899 1114 1956 hominum
1145 1915 1267 1971 spes
1285 1899 1653 1956 intermortua
1686 1899 1802 1972 (99)
1839 1909 1886 1971 Β
1918 1911 2045 1968 ergo
2100 1903 2276 1970 potest
2319 1897 2458 1969 fieri,
2515 1906 2577 1955 ut
2602 1898 2697 1972 qui
2727 1907 3009 1956 tantorum
3038 1899 3252 1957 dierum
3283 1915 3514 1956 numero

191 1991 490 2050 reviviscit
538 1990 596 2045 in
632 1995 931 2061 posterum,
964 1987 1098 2045 ﬁdes
1146 1987 1361 2060 perdita
1411 1995 1696 2061 reparatur
1746 1987 1805 2044 in

192 2081 464 2156 gloriam,
529 2077 846 2151 temporalis
891 2077 1005 2133 vita
1056 2075 1275 2150 proiicit
1323 2076 1381 2132 in
1421 2085 1719 2147 azternam;
1753 2085 1808 2134 et

195 2186 370 2226 omne
419 2185 590 2241 genus
645 2167 948 2222 humanum
997 2165 1066 2222 ad
1113 2167 1356 2223 coelestia
1389 2183 1445 2223 se
1495 2166 1804 2240 subrigens,

193 2259 271 2316 ab
330 2258 539 2314 intimis
569 2257 651 2328 (1)
694 2255 763 2311 ad
810 2255 1008 2311 altiora
1057 2255 1363 2328 consurgit.
1397 2255 1561 2312 Modo
1592 2256 1804 2313 ferrum

197 2355 419 2421 gestans
455 2345 693 2418 agricola
739 2352 1014 2401 sarmenta
1067 2344 1296 2416 deputat
1346 2344 1681 2414 vinearum;
1729 2346 1808 2404 ita

199 2444 260 2492 et
291 2452 439 2493 nunc
466 2435 829 2506 Evangelium
859 2441 1097 2490 tractans
1127 2433 1439 2507 episcopus,
1467 2435 1656 2491 sordes
1692 2452 1803 2492 am-

207 2533 368 2601 putat
411 2527 761 2599 populorum,
805 2534 858 2581 et
896 2524 1002 2581 isto
1045 2524 1477 2598 quadragenario
1526 2525 1803 2583 curriculo

208 2617 484 2672 universae
529 2615 636 2672 hoc
665 2622 834 2688 agunt
890 2623 1174 2684 creaturae,
1226 2623 1498 2688 quatenus
1537 2615 1802 2688 depositis

205 2705 524 2781 superﬂuis,
556 2712 762 2762 ornata:
790 2704 876 2761 vel
899 2712 1130 2778 comptae
1161 2705 1219 2760 in
1251 2705 1452 2778 pascha
1480 2706 1796 2779 procedant.

280 2815 335 2872 4.
394 2813 558 2872 Modo
619 2813 806 2869 omnia
859 2821 990 2869 sunt
1041 2812 1100 2868 in
1156 2821 1335 2886 partu,
1402 2821 1464 2869 ut
1511 2821 1645 2871 tunc
1704 2832 1802 2872 re-

202 2903 490 2978 periantur
521 2901 580 2958 in
607 2901 789 2958 fructu
821 2919 836 2968 ;
869 2909 1002 2958 tunc
1029 2900 1179 2956 enim
1210 2910 1402 2960 contra
1426 2912 1636 2960 naturae
1668 2921 1800 2978 spe-

202 2994 350 3052 ciem
400 2992 558 3066 spina
597 2992 804 3066 profert
839 3008 1040 3057 rosam,
1070 2993 1312 3048 calamus
1343 2993 1546 3066 fragrat
1592 2995 1796 3068 lilium,

204 3081 539 3141 suavitatem
613 3081 766 3136 arida
839 3080 1082 3153 virgulta
1153 3080 1488 3154 depromunt
1543 3101 1556 3141 :
1615 3093 1669 3142 et
1723 3086 1800 3144 ita

203 3183 408 3235 cuncta
461 3172 691 3230 ﬂoribus
739 3171 1096 3241 adornantur,
1154 3179 1218 3228 ut
1273 3173 1630 3233 festivitatem
1684 3176 1795 3234 diei

211 3265 402 3338 magni
446 3271 693 3321 creatura
723 3261 840 3335 ipsa
884 3261 1063 3318 nitore
1093 3261 1179 3318 sui
1217 3262 1490 3322 celebrare
1529 3265 1805 3328 credatur.
1838 3271 1888 3336 C

210 3355 388 3428 Igitur
415 3361 471 3409 et
506 3370 607 3409 nos
635 3352 742 3408 hoc
784 3350 972 3408 eodem
1014 3350 1350 3423 jejuniorum
1404 3361 1645 3427 tempore
1674 3373 1806 3429 pro-

208 3447 480 3504 ducamus
524 3445 591 3502 de
640 3442 815 3515 spinis
862 3442 1068 3498 nostris
1112 3457 1280 3510 rosas,
1327 3442 1434 3501 hoc
1461 3452 1561 3513 est,
1589 3444 1657 3501 de
1685 3461 1807 3518 pec-

203 3538 347 3598 catis
391 3536 689 3610 justitiam,
726 3534 794 3591 de
842 3535 1134 3591 severitate
1200 3533 1660 3605 misericordiam,
1736 3537 1806 3595 de

208 3633 446 3692 avaritia
476 3634 804 3706 largitatem.
854 3631 975 3687 Istae
1005 3629 1151 3686 enim
1183 3629 1355 3703 spinas
1393 3636 1526 3686 sunt
1560 3629 1807 3704 corporis

205 3723 406 3793 nostri,
459 3739 579 3796 quae
611 3721 908 3796 praefocant
936 3721 1197 3789 animam,
1221 3720 1288 3777 de
1317 3719 1517 3793 quibus
1555 3721 1634 3778 ait
1663 3719 1805 3777 Scri-

204 3823 399 3889 ptura:
450 3835 470 3860 ι
497 3811 694 3884 Spinas
735 3819 791 3868 et
845 3809 1081 3868 tribulos
1135 3808 1239 3866 tibi
1289 3808 1620 3881 germinabit
1661 3816 1808 3865 terra

208 3905 369 3979 (Gen.
402 3919 486 3972 III,
534 3902 622 3974 18)
658 3919 671 3970 ;
716 3926 736 3950 ι
797 3900 1068 3974 germinat
1113 3900 1262 3957 enim
1306 3899 1448 3956 mihi
1485 3909 1632 3957 terra
1687 3915 1808 3957 mea

204 3991 414 4066 spinas,
443 3992 491 4048 si
520 4008 608 4049 me
639 3991 940 4065 corporalis
986 3989 1238 4047 libidinis
1291 3989 1614 4047 titillatione
1640 4005 1804 4046 com-

207 4087 444 4161 pungit:
480 4093 700 4159 generat
729 4083 868 4141 mihi
897 4082 1152 4154 tribulos,
1198 4099 1327 4140 cum
1358 4098 1445 4138 me
1481 4081 1805 4139 divitiarum

205 4175 552 4235 saecularium
596 4174 897 4249 cupiditate
922 4173 1242 4231 discruciat.
1275 4172 1444 4246 Spina
1471 4171 1619 4228 enim
1651 4171 1806 4230 Chri-

207 4266 392 4324 stiano
445 4264 698 4320 avaritias
753 4281 864 4321 suae
911 4262 1072 4320 radix
1113 4271 1242 4330 est;
1292 4262 1451 4335 spina
1482 4261 1604 4318 viro
1661 4260 1807 4318 bono

207 4354 442 4414 honoris
485 4353 716 4410 ambitio
758 4363 839 4410 est
872 4372 886 4421 ;
943 4353 1205 4412 videntur
1241 4353 1391 4411 enim
1446 4352 1627 4426 specie
1656 4351 1805 4428 apud

208 4459 343 4502 suos
371 4449 522 4516 grata
539 4457 675 4510 esse,
707 4441 802 4498 sed
833 4439 1058 4496 laedunt.

283 4553 340 4611 ὅ.
370 4552 469 4609 His
493 4567 621 4625 ergo
645 4550 752 4606 nisi
782 4549 1063 4622 vigilando
1092 4556 1146 4606 et
1167 4547 1472 4620 jejunando
1495 4561 1679 4606 carere
1694 4567 1806 4607 non

1915 1985 2115 2043 famem
2156 1985 2417 2062 sitimque
2463 2004 2576 2045 non
2605 1994 2747 2052 431
2791 1989 3042 2058 senserit,
3076 1995 3264 2063 postea
3296 1989 3515 2046 esurie-

1915 2083 2039 2140 rit?
2085 2084 2380 2143 Esuriebat
2421 2087 2603 2159 plane,
2657 2103 2762 2145 nec
2819 2103 3016 2162 negare
3045 2103 3336 2162 possumus
3365 2085 3516 2162 quod

1915 2175 2211 2245 esurierit;
2247 2177 2441 2234 esuriit
2492 2178 2639 2234 enim
2697 2194 2811 2235 non
2862 2178 3048 2236 cibum
3085 2175 3514 2247 hominum,sed

1917 2268 2187 2336 salutem;
2221 2286 2322 2327 nec
2367 2285 2616 2328 escarum
2646 2269 3212 2344 saeculariumepulas
3241 2269 3516 2344 concupi-

1917 2359 2021 2429 vit,
2052 2358 2145 2416 sed
2177 2359 2489 2418 animarum
2519 2359 2854 2418 desideravit
2901 2361 3210 2419 cmlestium
3242 2360 3548 2418 sanctita-.

1916 2457 2049 2505 tem.
2081 2448 2250 2508 Cibus
2277 2450 2426 2506 enim
2459 2447 2667 2506 Christi
2696 2458 2778 2507 est
2806 2448 3110 2523 redemptio
3139 2451 3470 2524 populorum
3495 2467 3510 2519 ;

1913 2539 2071 2596 cibus
2102 2539 2307 2600 Christi
2357 2548 2439 2596 est
2479 2546 2722 2613 paternae
2752 2538 3057 2597 voluntatis
3100 2539 3345 2610 effectus,
3372 2540 3516 2598 sicut

1911 2628 2028 2700 ipse
2059 2629 2174 2686 ait:
2211 2654 2256 2684 ,ι
2311 2629 2465 2706 Meus
2510 2629 2668 2687 cibus
2697 2637 2778 2687 est
2833 2637 2898 2686 ut
2945 2629 3142 2688 faciam
3175 2631 3514 2688 voluntatem

1909 2718 2091 2776 Patris
2129 2718 2262 2784 mei,
2294 2719 2389 2792 qui
2429 2734 2515 2775 me
2547 2720 2700 2776 misit
2747 2719 2928 2793 (Ioan.
2954 2737 3032 2790 Iv,
3073 2719 3188 2794 34).
3221 2745 3241 2771 ι
3283 2719 3438 2778 Unde
3461 2728 3516 2780 et

1911 2825 2012 2865 nos
2041 2808 2352 2865 esuriamus
2383 2809 2594 2878 cibum,
2621 2825 2733 2866 non
2753 2809 2847 2883 qui
2876 2811 3111 2867 terrenis
3135 2809 3315 2883 epulis
3341 2825 3518 2883 appa-

1909 2906 2082 2968 ratur,
2129 2897 2225 2954 sed
2291 2897 2386 2971 qui
2439 2897 2760 2954 divinarum
2815 2897 3226 2972 Scripturarum
3281 2898 3516 2956 lectione

1907 2987 2191 3061 colligitur
2221 3005 2236 3056 ;
2270 2986 2366 3043 ille
2412 2988 2561 3043 enim
2609 3004 2809 3060 corpus
2840 2987 2909 3045 ad
2945 2995 3166 3062 tempus
3194 2988 3391 3061 nutrit,
3423 2986 3517 3046 hic

1906 3084 2088 3134 autem
2117 3075 2355 3134 animam
2382 3075 2558 3134 reﬁcit
2586 3075 2645 3132 in
2669 3087 2956 3144 aeternum.

2465 3169 2702 3229 SERMO
2751 3171 2961 3230 XXIX.

2235 3259 2316 3316 De
2343 3269 2533 3317 sancta
2577 3259 3006 3334 Quadragesima
3036 3261 3187 3321 XIII.

1915 3347 2138 3424 Habitus
2176 3357 2250 3404 est
2289 3350 2374 3424 hic
2403 3367 2574 3408 sermo
2616 3351 2790 3424 media
2840 3353 3050 3408 circiter
3090 3353 3510 3424 Quadragesima

1984 3421 2432 3494 iniEvangelium
2477 3423 2607 3480 caeci
2655 3423 2792 3490 nati,
2827 3424 2968 3494 quod
3000 3440 3140 3479 nunc
3171 3421 3331 3494 feria’
3349 3424 3508 3478 tertia

1984 3492 2317 3566 hebdomadas
2359 3500 2566 3566 quarta:
2608 3492 2882 3566 recitatur.
2933 3495 3133 3550 Aberat
3161 3492 3244 3566 hic
3270 3495 3380 3566 ipse
3396 3511 3512 3566 ser-

1985 3581 2070 3636 mo
2105 3564 2514 3636 abantiq._edit.
2542 3582 2556 3631 ;
2597 3565 2687 3620 sed
2721 3582 2818 3620 cur
2853 3565 2912 3621 in
2933 3567 3085 3624 Rom.
3121 3565 3247 3622 edit.
3280 3564 3505 3621 Ambro-

1986 3635 2064 3690 sio
2091 3634 2332 3691 tributus
2347 3634 2532 3706 fuerit,
2563 3637 2703 3693 nihil
2720 3653 2950 3708 prorsus
2963 3637 3132 3694 habet.

1989 3723 2039 3779 1.
2073 3723 2234 3797 Agite
2262 3723 2482 3797 gratias,
2531 3724 2749 3794 fratres,
2780 3723 2986 3780 divina:
3017 3724 3230 3798 pietati,
3257 3739 3376 3798 quae
3406 3740 3504 3780 vos

1915 3809 1984 3867 ad
2015 3812 2259 3869 medium
2306 3813 2745 3886 Quadragesimae
2788 3812 3048 3888 perduxit
3075 3813 3398 3872 incolumes.
3423 3813 3514 3872 Illi

1917 3917 2048 3958 vero
2079 3910 2308 3975 possunt
2361 3918 2461 3976 pro
2498 3902 2605 3961 hoc
2649 3919 2875 3961 munere
2907 3901 3124 3960 dulcius
3162 3917 3226 3961 ac
3257 3901 3512 3959 devotius

1917 3996 2093 4052 Deum
2125 3994 2368 4063 laudare,
2427 3995 2522 4068 qui
2551 3994 2628 4052 ita
2656 3993 2800 4052 sicut
2842 3994 2902 4051 in
2949 3993 3384 4067 Quadragesimzn
3411 4009 3514 4050 ca-

1916 4083 2029 4157 pite
2049 4083 2388 4154 didicerunt,
2407 4085 2625 4143 noviter
2643 4084 2755 4142 huc
2774 4099 2948 4158 usque
2975 4084 3162 4142 vivere
3181 4083 3513 4141 studuerunt

1916 4180 1975 4239 id
2007 4189 2108 4249 est,
2139 4179 2239 4255 qui
2267 4188 2616 4254 peccatorum
2665 4197 2893 4238 suorum
2949 4179 3330 4238 remissionem
3362 4195 3512 4253 quo—

1915 4270 2051 4328 tidie
2073 4269 2398 4344 jejunando,
2429 4271 2804 4345 eleemosynas
2845 4269 3050 4342 dando,
3095 4280 3150 4329 et
3201 4269 3269 4328 ad
3307 4269 3510 4328 Eccle-

1915 4361 2053 4419 siam
2082 4361 2426 4435 properando
2454 4377 2582 4421 cum
2610 4360 2874 4436 lacrymis
2903 4368 2958 4419 et
2990 4359 3244 4434 suspiriis
3270 4375 3510 4419 curave-

1914 4461 2047 4510 runt
2071 4469 2226 4510 orare
2235 4497 2246 4510 .

1987 4543 2039 4599 2.
2070 4543 2158 4600 Illi
2205 4550 2388 4600 autem
2441 4543 2538 4618 qui
2583 4542 2688 4600 ista
2739 4543 3120 4614 neglexerunt,
3177 4539 3234 4596 id
3279 4545 3381 4607 est,
3413 4545 3509 4594 aut

207 4658 538 4718 possumus;
572 4639 707 4714 quin
732 4639 916 4712 potius
932 4654 1026 4711 per
1057 4637 1448 4695 abstinentiam
1479 4638 1609 4710 ipsae
1637 4639 1808 4711 spina:
1836 4640 1885 4700 D
1916 4631 2164 4704 quotidie
2209 4649 2319 4689 non
2363 4629 2778 4704 jejunaverunt,
2831 4637 2926 4686 aut
2978 4629 3353 4718 eleemosynas
3383 4641 3506 4718 non

210 4739 498 4790 vertentur
524 4729 581 4786 in
612 4745 811 4788 rosam.
837 4727 1096 4785 Producit
1124 4725 1274 4784 enim
1297 4724 1602 4800 jejunando
1631 4727 1806 4785 libido

207 4823 616 4890 castimoniam,
659 4819 914 4893 superbia
958 4817 1350 4885 humilitatem,
1394 4816 1629 4873 ebrietas
1669 4834 1806 4890 par-

212 4913 436 4970 citatem
467 4911 587 4984 (2);
621 4909 680 4966 hi
709 4909 855 4965 enim
887 4915 1016 4964 sunt
1068 4907 1228 4964 ﬂores
1276 4906 1406 4963 vita:
1455 4916 1676 4976 nostrae,
1709 4909 1804 4981 qui

213 5016 382 5059 suave
429 4999 651 5057 Christo
704 4997 974 5064 redolent,
1034 4995 1127 5069 qui
1190 4994 1413 5051 odorem
1454 4994 1660 5051 bonum
1690 4996 1804 5052 Deo

214 5091 449 5163 spirant.
510 5088 665 5145 Unde
704 5089 783 5143 ait
815 5086 1111 5159 Apostolus
1144 5103 1156 5141 :
1216 5107 1234 5132 ι
1266 5084 1536 5152 Quoniam
1597 5083 1804 5143 Christi

211 5179 392 5236 bonus
419 5177 556 5234 odor
585 5193 773 5234 sumus
803 5179 913 5232 Deo
937 5176 1027 5248 (II
1054 5165 1180 5232 Cor.
1204 5191 1264 5243 II,
1300 5174 1414 5246 15).
1434 5201 1451 5222 ι
1496 5173 1648 5230 Hanc
1677 5191 1803 5247 ergo

212 5267 692 5341 Quadragesimam
739 5266 965 5339 largitus
983 5272 1064 5322 est
1095 5263 1256 5321 nobis
1285 5265 1577 5333 Dominus,
1612 5274 1673 5322 ut
1701 5263 1801 5320 hu-

207 5359 302 5432 jus
329 5358 593 5431 temporis
624 5355 802 5430 spatio
839 5355 897 5412 in
927 5371 1135 5412 morem
1159 5354 1332 5411 totius
1360 5362 1621 5412 creaturae
1654 5371 1802 5413 nunc

289 5457 406 5531 (99)
445 5455 895 5531 Nonnulli_mss.,
927 5471 1042 5527 spes
1060 5453 1274 5510 interim
1301 5459 1548 5520 mortua;
1575 5452 1799 5528 quidam

213 5529 400 5602 etiam,
419 5545 545 5602 spes
570 5529 794 5602 interius
821 5534 1051 5584 mortua.

289 5595 605 5673 (i)‘0innes
645 5601 777 5658 edit.
815 5616 1138 5673 rcumumss.
1181 5595 1417 5673 duobus,
1455 5597 1522 5673 ab
1571 5595 1800 5669 inferis;

214 5669 358 5756 mss.
377 5672 607 5756 aliquot,
639 5673 704 5728 ab
735 5671 1122 5743 inferioribus;
1167 5671 1264 5727 alii
1293 5669 1491 5743 majori
1543 5685 1798 5737 numero,

211 5745 280 5803 ab
309 5745 530 5817 inﬁmis.

286 5815 372 5890 (2)
402 5817 486 5876 Ita
513 5831 646 5887 mss,
674 5815 860 5889 plures
911 5831 976 5874 ac
1027 5816 1266 5890 potiores
1298 5833 1312 5874 :
1367 5813 1625 5874 nonnulli
1667 5829 1798 5871 vero

1913 4721 2184 4792 fecerunt,
2240 4730 2335 4779 aut
2383 4722 2618 4780 studiosi
2674 4720 2762 4777 vel
2809 4715 3127 4790 compuncti
3161 4715 3218 4772 in
3256 4713 3508 4771 oratione

1912 4827 2024 4868 non
2054 4811 2316 4880 fuerunt;
2349 4827 2460 4867 non
2507 4818 2589 4866 est
2634 4808 2781 4864 unde
2824 4804 3118 4879 gaudeant,
3157 4800 3253 4858 sed
3301 4799 3507 4861 habent

1912 4901 2096 4976 potius
2129 4901 2317 4958 miseri
2345 4899 2494 4957 unde
2533 4897 2773 4970 lugeant.
2800 4894 3010 4953 Verum
3039 4907 3153 4948 non
3179 4891 3256 4947 ita
3285 4890 3507 4964 lugeant

1911 5001 1976 5050 ut
2021 4992 2342 5066 desperent;
2375 4991 2504 5065 quia
2535 4989 2631 5064 qui
2683 5002 2888 5052 caecum
2940 5002 2974 5043 a
3009 4983 3300 5042 nativitate
3324 4985 3506 5057 potuit

1911 5082 2228 5140 illuminare
2251 5081 2432 5153 (Joan.
2478 5095 2561 5149 rx,
2589 5078 2666 5151 7),
2699 5082 2878 5150 potest
2903 5082 2958 5134 et
2997 5075 3132 5131 istos
3173 5089 3323 5132 nunc
3351 5073 3504 5147 tepi-

1912 5171 2010 5228 dos
2038 5179 2092 5228 et
2132 5170 2490 5243 negligentes,
2541 5167 2588 5224 si
2639 5181 2709 5222 ex
2739 5171 2856 5224 toto
2900 5161 3065 5221 corde
3092 5161 3162 5220 ad
3205 5179 3328 5220 eum
3359 5179 3504 5220 con-

1910 5261 2055 5318 verti
2081 5258 2382 5324 voluerint,
2410 5255 2690 5313 studiosos
2741 5270 2806 5312 ac
2830 5252 3107 5311 ferventes
3160 5251 3221 5308 in
3249 5268 3350 5308 suo
3377 5268 3504 5308 ser-

1911 5352 2051 5409 vitio
2080 5351 2277 5407 facere.
2306 5347 2480 5422 Igitur
2523 5346 2679 5416 tales,
2711 5344 2819 5404 hoc
2845 5355 2946 5416 est,
2986 5341 3271 5401 immundo
3296 5341 3502 5399 viven-

1908 5457 1965 5508 et
2019 5464 2209 5507 omnes
2279 5447 2438 5519 edit.,
2525 5445 2778 5504 sobrietas
2844 5442 3176 5517 parcitatem,
3261 5437 3501 5497 absurdo

1907 5538 2230 5668 881231;.Vet.
2262 5591 2490 5668 edit.__ac
2525 5606 2657 5648 mss.
2685 5585 2962 5667 nonnulli,
2992 5601 3131 5642 nunc
3169 5583 3498 5656 concupisca-

1906 5657 2060 5733 mus;
2091 5667 2250 5725 Rom.
2291 5674 2346 5722 et
2373 5663 2490 5734 alii,
2521 5675 2660 5718 nunc
2682 5657 3060 5734 concipiamus.

1982 5726 2063 5868 (4)
2089 5739 2152 5796 In
2204 5736 2420 5796 cunctis
2463 5726 2598 5793 edit.
2647 5726 2855 5814 aberat“,
2903 5735 2951 5785 et
2977 5728 3213 5786 noctibus
3241 5745 3263 5796 ;
3312 5726 3406 5786 sed
3437 5728 3498 5784 in

1982 5861 1984 5868 .
2011 5811 2078 5868 Iis
2105 5808 2230 5868 cod.
2257 5823 2426 5866 manu
2453 5811 2691 5864 exaratis
2713 5799 3076 5860 desideratur.

1907 5799 2078 5869 nullis
2105 5808 2230 5872 cod.
2257 5823 2426 5866 manu
2453 5803 2691 5864 exaratis
2713 5799 3076 5860 desideratur.
