3972 6412
525 449 628 506 687

1541 447 1639 502 ΑΙ)
1683 446 1915 502 ΟΡΕΒΑ
1957 445 2012 500 S.
2057 443 2391 500 AMBROSlI
2429 445 2809 502 APPENDIX.

3721 443 3826 500 688

523 581 627 639 tes,
659 575 751 630 vel
782 571 970 630 odium
1003 573 1060 629 in
1091 571 1254 631 corde
1282 580 1472 630 contra
1493 572 1729 645 aliquem
1749 579 2106 641 reservantes,
2139 588 2189 646 Α
2225 570 2485 638 Domino,
2519 570 2663 626 sicut
2689 579 2815 626 ante
2845 569 3010 626 verba
3029 569 3318 642 Evangelii
3349 568 3495 644 quod
3534 585 3687 626 nunc
3715 586 3824 626 au-

513 667 610 729 .vel
643 665 824 723 aliena
847 665 1050 737 injuste
1077 667 1372 738 rapientes,
1415 673 1508 720 aut
1545 683 1642 721 sua
1671 665 1980 721 inordinate
2022 682 2102 722 re-

519 752 1095 823 tinentes,caacitate:r.
1126 772 1281 810 suam
1313 764 1697 826 agnoscant,et
1725 755 1793 810 ad
1825 754 2101 811 medicum

517 852 580 898 ut
609 843 1016 912 illuminentur,
1049 850 1350 899 recurrant.

583 933 636 988 3.
671 934 890 990 Utinam
942 933 1021 988 sic
1063 933 1396 1005 qumreretis,
1451 931 1670 1004 quando
1728 933 1964 1004 peccatis
1994 950 2102 989 me-

513 1021 755 1079 dicinam
799 1022 1122 1094 spiritalem,
1171 1022 1312 1079 sicut
1353 1022 1571 1094 quando
1600 1021 1877 1078 inﬁrmam
1899 1022 1956 1078 in
1986 1040 2100 1079 cor-

511 1131 663 1186 pore,
695 1114 976 1188 requiritis
1003 1115 1296 1171 carnalem.
1325 1113 1460 1180 Quis
1489 1113 1652 1169 modo
1675 1113 1730 1168 in
1765 1121 1916 1170 tanta
1947 1114 2102 1185 plebe

513 1213 612 1274 est,
645 1207 739 1278 qui
781 1205 826 1262 si
866 1204 1086 1261 deberet
1132 1223 1244 1261 non
1279 1204 1478 1273 occidi,
1529 1204 1623 1260 sed
1675 1205 1850 1259 solum
1905 1205 2096 1259 oculos

509 1295 752 1368 perdere,
805 1304 858 1352 et
913 1312 1024 1351 non
1056 1295 1230 1364 daret,
1262 1303 1322 1350 ut
1374 1295 1678 1367 periculum
1725 1295 1953 1350 evadere
1983 1311 2101 1366 pos-

509 1397 612 1455 set,
643 1388 830 1443 omnia
876 1404 995 1460 quae
1027 1386 1298 1442 haberet?
1337 1388 1406 1441 Et
1433 1386 1478 1441 si
1513 1387 1585 1441 ita
1626 1385 1833 1442 timetis
1863 1392 2097 1440 mortem

509 1479 710 1546 carnis,
743 1494 909 1550 quare
939 1494 1075 1538 .non
1106 1476 1344 1533 timeatis
1385 1477 1581 1532 animai
1609 1485 1837 1532 mortem
1862 1493 1876 1542 ;
1925 1475 2098 1530 maxi-

511 1585 599 1624 me
627 1585 752 1624 cum
801 1569 997 1624 mortis
1037 1567 1214 1636 dolor,
1245 1567 1301 1623 id
1329 1574 1430 1635 est,
1460 1567 1661 1634 carnis,
1692 1581 1800 1620 non
1829 1565 1902 1622 sit
1932 1567 2098 1623 unius

513 1666 694 1730 horai;
745 1671 799 1718 et
853 1677 1002 1717 mors
1047 1677 1264 1728 animae,
1307 1659 1361 1715 id
1417 1667 1516 1728 est,
1578 1661 1757 1716 luctus
1809 1667 1863 1715 et
1919 1675 2096 1730 paena,

511 1770 791 1826 nunquam
844 1752 1043 1808 habeat
1087 1752 1250 1807 ﬁnem
1275 1751 1302 1806 ‘I
1345 1752 1417 1806 Et
1458 1751 1504 1806 si
1553 1753 1630 1806 ita
1674 1751 1868 1806 amatis
1910 1753 2098 1808 oculos

505 1843 772 1917 corporis,
797 1858 934 1914 quos
979 1842 1092 1898 cito
1141 1841 1426 1898 moriendo
1473 1841 1724 1913 perditis,
1773 1859 1939 1916 quare
1985 1859 2095 1898 non

507 1937 751 2009 diligatis
795 1936 986 1992 oculos
1037 1934 1331 2006 spiritales,
1383 1934 1583 2006 quibus
1620 1937 1793 1992 Deum
1825 1952 1886 1993 ac
1912 1935 2096 1992 Domi-

505 2045 640 2086 num
662 2035 906 2085 vestrum
935 2025 1053 2083 sine
1077 2025 1185 2082 ﬁne
1216 2025 1401 2082 videre
1432 2026 1658 2083 valeatis
1684 2027 1710 2082 ἲ

575 2118 630 2174 li.
671 2116 986 2190 Operamini
1021 2126 1367 2191 quapropter,
1389 2115 1580 2174 dilecti
1610 2119 1666 2174 in
1697 2119 1935 2176 Domino
1956 2119 2092 2190 ﬁlii,

507 2209 814 2282 operamini
842 2206 974 2266 dum
1003 2209 1119 2264 dies
1147 2215 1262 2276 est;
1287 2208 1434 2281 quia,
1457 2219 1519 2265 ut
1538 2208 1675 2266 dicit
1707 2209 1962 2266 Christus
1981 2213 2092 2266 Do-

453 2356 476 2376 ο
507 2295 695 2354 minus
723 2307 943 2355 noster:
1008 2322 1026 2346 ‹
1055 2297 1220 2356 Venit
1268 2315 1402 2367 nox,
1447 2299 1506 2354 in
1547 2316 1655 2372 quo
1698 2317 1861 2356 nemo
1913 2308 2090 2373 potest

505 2389 718 2460 operari
743 2390 921 2459 (Joan.
945 2405 1024 2456 rx,
1047 2388 1128 2459 4).
1150 2413 1168 2436 ι
1217 2387 1345 2444 Dies
1365 2396 1446 2443 est
1467 2387 1581 2442 vita
1601 2405 1856 2460 praesens,
1880 2406 1992 2444 nox
2013 2397 2094 2445 est

501 2494 672 2546 mors,
722 2485 774 2533 et
803 2485 1017 2549 tempus
1046 2485 1167 2549 post
1195 2485 1450 2532 mortem.
1499 2476 1555 2532 Si
1586 2485 1707 2548 post
1737 2477 1878 2532 hanc
1916 2477 2090 2534 vitam

503 2585 613 2624 non
643 2575 724 2623 est
754 2568 1016 2640 operandi
1047 2567 1290 2632 licentia,
1311 2565 1455 2622 sicut
1480 2565 1696 2621 Veritas
1727 2566 1899 2635 dicit;
1924 2583 2091 2639 quare

500 2673 612 2713 non
644 2656 854 2712 laborat
883 2655 1279 2729 unusquisque,
1299 2654 1431 2710 dum
1450 2661 1666 2725 tempus
1695 2654 1878 2724 habet,
1904 2655 1960 2710 id
1982 2665 2088 2725 est,

500 2746 634 2802 dum
678 2745 822 2802 vivit
862 2746 922 2800 in
951 2745 1058 2802 hoc
1105 2744 1354 2802 saeculo?
1401 2743 1611 2826 Timete
1639 2743 1799 2798 istam
1831 2753 2088 2816 mortem,

501 2835 714 2903 fratres,
769 2835 836 2891 de
895 2851 1004 2906 qua
1053 2835 1189 2891 dicit
1239 2835 1526 2890 Salvator:
1592 2857 1611 2882 ι
1652 2833 1820 2890 Venit
1849 2852 1981 2905 nox,
2032 2837 2089 2892 in

502 2946 608 3002 qua
641 2946 801 2986 nemo
831 2937 1008 3002 potest
1035 2929 1270 3001 operari.
1312 2954 1330 2978 ι
1377 2929 1579 2984 Omnes
1609 2928 1704 3000 qui
1734 2929 1939 2984 malum
1968 2946 2091 3002 ope-

501 3026 713 3088 rantur,
746 3036 857 3074 non
887 3018 1087 3074 timent
1108 3019 1268 3074 istam
1296 3026 1548 3085 mortem,
1578 3025 1633 3073 et
1662 3017 1732 3073 ob
1759 3017 1863 3075 hoc
1891 3018 1960 3074 ab
1989 3017 2092 3078 hac

505 3108 618 3163 vita
640 3109 957 3181 migrantes,
983 3094 1215 3163 mortem
1238 3107 1531 3162 inveniunt
1552 3106 1960 3178 sempiternam.
1993 3108 2089 3163 La-

504 3199 717 3268 borate,
740 3200 873 3256 dum
890 3196 1102 3266 vivitis,
1125 3196 1218 3253 sed
1240 3197 1479 3252 maxime
1501 3195 1588 3252 his
1607 3197 1818 3265 diebus,
1836 3197 2086 3269 jejunan-

505 3289 577 3346 do
607 3305 638 3344 a
661 3277 912 3345 delicatis
940 3287 1100 3355 cibis,
1149 3296 1202 3343 et
1231 3287 1383 3343 omni
1413 3297 1656 3360 tempore
1682 3289 2008 3346 abstinendo
2056 3307 2088 3347 a

503 3378 678 3435 vitiis.
697 3377 979 3452 Siquidem
1009 3384 1064 3432 et
1093 3377 1176 3433 illi
1209 3378 1303 3451 qui
1328 3377 1584 3451 jejunant
1603 3396 1634 3435 a
1653 3379 1799 3447 cibo,
1824 3388 1878 3435 et
1897 3397 2010 3437 non
2031 3399 2088 3438 se

499 3471 776 3526 abstinent
820 3485 852 3524 a
899 3470 1064 3538 malo,
1125 3470 1334 3526 similes
1371 3478 1500 3527 sunt
1527 3471 1772 3540 diabolo,
1829 3473 1926 3546 qui
1975 3490 2088 3531 non

499 3560 812 3627 manducat,
875 3567 928 3614 et
966 3567 1149 3615 tamen
1193 3577 1224 3615 a
1271 3563 1414 3617 malo
1457 3579 1567 3617 non
1597 3570 1787 3619 cessat.
1840 3565 2089 3638 Denique

501 3649 771 3704 noveritis
801 3647 930 3720 quia
960 3650 1106 3722 quod
1134 3650 1293 3707 vobis
1321 3650 1648 3708 subtrahitis
1673 3650 1994 3724 jejunando,
2029 3655 2087 3710 in

501 3737 702 3792 omium
736 3736 948 3793 debetis
973 3740 1346 3796 transmittere
1379 3757 1473 3812 per
1502 3757 1782 3812 pauperes.

570 3827 624 3883 5.
667 3827 933 3884 Hodiemi
1017 3831 1286 3886 sermonis
1341 3831 1799 3900 admonitionem,
1873 3833 2086 3903 fratres,

503 3931 666 3988 opere
699 3917 965 3989 perﬁcite,
995 3936 1063 3975 ne
1089 3920 1404 3976 Iudaeorum
1434 3937 1596 3992 super
1624 3937 1723 3976 vos
1751 3921 1936 3977 veniat
1965 3939 2090 3978 ma-

505 4006 748 4063 ledictio;
773 4008 1050 4064 Dixerunt
1073 4009 1221 4064 enim
1253 4027 1395 4066 cazco
1420 4028 1430 4064 :
1477 4036 1494 4058 ‹
1525 4009 1605 4066 Tu
1635 4011 1942 4084 discipulus
1971 4013 2090 4084 ejus

501 4096 574 4152 sis
608 4095 771 4165 (Ibid.
805 4097 919 4169 28).
951 4121 970 4146 ι
1032 4098 1177 4165 Quid
1217 4106 1298 4156 est
1326 4099 1658 4172 discipulum
1699 4117 1814 4156 esse
1859 4101 2090 4171 Christi,

476 4176 478 4178 ’
503 4184 610 4240 nisi
643 4185 980 4257 discipulum
1013 4202 1127 4243 esse
1156 4187 1377 4259 pietatis
1396 4197 1449 4245 et
1468 4189 1717 4244 veritatis
1735 4197 1789 4245 et
1810 4189 2092 4246 humilita-

504 4273 575 4328 tis
599 4273 627 4328 ?
676 4273 764 4328 Illi
795 4274 1058 4330 dixerunt
1089 4275 1194 4332 hoc
1224 4277 1586 4334 maledicendi
1615 4286 1743 4334 voto
1769 4298 1781 4345 ;
1831 4280 1926 4335 sed
1966 4295 2093 4335 ma-

506 4377 609 4433 gna
627 4372 708 4418 est
727 4363 1234 4436 benedictio,qnam
1259 4367 1370 4438 ipse
1392 4367 1549 4422 vobis
1571 4367 1832 4424 concedat
1854 4368 2090 4439 assequi,

505 4454 599 4526 qui
631 4454 773 4509 vivit
819 4463 871 4510 et
913 4464 1100 4527 regnat
1126 4473 1221 4528 per
1257 4457 1474 4514 infinita
1522 4461 1719 4516 saecula
1745 4460 2090 4516 saeculorum.

973 4551 1119 4608 432
1149 4547 1382 4603 SERMO
1418 4548 1600 4604 XXX.

821 4625 898 4680 De
933 4634 1118 4700 sancta
1155 4627 1580 4700 Quadragesima
1617 4628 1766 4684 XIV.

507 4696 855 4767 Evangelium
915 4699 1051 4753 unde
1097 4691 1217 4752 huic
1258 4691 1486 4753 sermoni
1549 4701 1718 4753 thema
1780 4696 2092 4766 desumitur,
2122 4691 2172 4750 D

578 4785 716 4821 nunc
765 4768 821 4821 in
859 4769 1137 4824 Dominica
1179 4772 1446 4826 Passionis
1503 4771 1727 4840 legit-ur;
1774 4769 1830 4822 in
1884 4769 2095 4824 Missali

579 4846 752 4894 autem
781 4840 1156 4906 Ambrosiano,
1200 4849 1247 4896 et

1297 4842 1435 4912 forte
1475 4843 1631 4896 etiam
1681 4841 1737 4895 in
1792 4841 2089 4897 Gallicana.

580 4911 904 4964 recitabatur

980 4912 1258 4968 Dom-inica
1339 4913 1564 4967 secunda
1645 4912 2090 4981 Quadragesimte,

582 4997 743 5053 quam
766 4989 1046 5051 propterea
1074 4984 1401 5040 Dominicam
1431 4984 1498 5040 de
1527 4984 1801 5039 Abraham
1843 4985 2093 5053 appella-

582 5051 635 5104 ri
679 5052 736 5104 in
779 5068 922 5106 more
948 5060 1081 5110 erat.
1127 5057 1248 5111 Non
1281 5057 1566 5110 habebatur
1610 5056 1667 5110 in
1707 5051 1927 5109 vetustis
1965 5056 2088 5111 edit.

583 5121 666 5197 hie
703 5122 840 5197 idem
869 5140 1072 5189 sermo;
1113 5133 1160 5181 et
1199 5129 1439 5197 quamvis
1476 5128 1695 5182 editores
1735 5126 1937 5181 Decxeti
1977 5144 2093 5181 eum

582 5193 658 5270 in_
703 5194 968 5270 Vaticanis
1017 5193 1275 5253 codicibus
1325 5199 1553 5254 inveniri
1611 5199 1961 5270 testificentnr,
2014 5200 2095 5254 vel

577 5266 963 5343 _sola_dictio-nis
994 5270 1265 5343 humilitas
1293 5271 1497 5326 abunde
1529 5266 1732 5343 probat
1767 5271 1920 5343 illum
1953 5271 2094 5324 Am—

577 5337 742 5414 brosii
786 5355 1058 5410 nunquam
1098 5341 1282 5411 fuisse.
1332 5344 1451 5414 Non
1481 5337 1684 5398 tantum
1725 5359 1846 5397 vero
1871 5342 1964 5397 ille
1999 5359 2095 5396 re-

469 5441 476 5451 ι
581 5410 715 5483 cedit
753 5429 787 5466 a
829 5418 963 5483 styto
1007 5410 1248 5482 Cwsarii,
1307 5413 1456 5482 cujus
1506 5415 1661 5470 etiam
1718 5413 1774 5468 in
1828 5414 2095 5468 sermo-ni-

580 5479 674 5535 bus
717 5479 894 5537 unum
927 5485 1194 5553 habemus,
1234 5479 1330 5555 qui
1364 5479 1566 5556 'primis
1618 5487 1785 5540 verbis
1841 5503 1957 5540 cum
2002 5486 2095 5540 hoc

473 5578 480 5583 -
577 5561 852 5623 congruat.

581 5638 631 5694 1.
667 5640 894 5709 Scitote,
941 5643 1156 5714 fratres,
1200 5643 1459 5718 quoniam
1491 5644 1649 5716 cujus
1673 5661 1838 5717 opera
1865 5645 2094 5717 quisque

505 5724 658 5797 facit,
689 5731 807 5801 ejus
835 5740 888 5786 et
921 5733 1069 5788 ﬁlius
1100 5742 1346 5806 vocatur.
1385 5734 1538 5790 Unde
1567 5745 1621 5792 et
1646 5735 1820 5792 Iudaei
1854 5751 1980 5790 cum
2012 5732 2093 5790 di-

501 5817 712 5876 xissent
756 5829 966 5892 patrem
1008 5840 1167 5882 suum
1214 5841 1328 5882 esse
1371 5825 1669 5895 Abraham,
1719 5825 2013 5882 audierunt
2060 5841 2092 5881 a

2221 657 2399 725 distis,
2433 658 2632 730 legitur
2658 676 2669 714 :
2719 685 2736 706 ι
2763 658 2818 714 Si
2851 658 2954 714 ﬁlii
2986 658 3218 715 Abrahae
3255 659 3408 728 estis,
3439 675 3606 731 opera
3635 658 3826 714 Abra-

2212 748 2296 803 hae
2324 746 2485 803 facite
2518 748 2698 818 (Joan.
2733 765 2856 816 vm,
2889 749 3002 820 39).
3045 776 3062 797 ι
3106 748 3211 816 Qui
3240 766 3365 806 cum
3407 749 3607 805 iterum
3642 747 3824 803 dixis-

2212 844 2335 890 sent
2367 838 2540 891 Deum
2590 853 2645 892 se
2677 836 2874 893 habere
2904 838 3140 904 Patrem,
3172 839 3507 895 audierunt:
3549 862 3567 886 ι
3587 836 3645 892 Si
3675 838 3823 892 Deus

2210 926 2368 982 Pater
2403 936 2581 984 vester
2611 936 2771 996 esset,
2789 930 3095 1000 diligeretis
3124 930 3316 1001 utique
3340 945 3425 985 me
3459 929 3623 1002 (Ibid.
3649 928 3808 999 42).»

2281 1025 2335 1080 2.
2401 1025 2499 1080 llis
2557 1025 2742 1082 verbis
2786 1027 3129 1099 apertissime
3195 1027 3605 1082 demonstratur
3669 1024 3822 1098 quod

2211 1115 2339 1168 mali
2370 1123 2421 1169 et
2447 1115 2654 1187 cupidi,
2690 1133 2790 1173 nec
2821 1116 3074 1184 Abrahae,
3107 1132 3206 1172 nec
3240 1115 3337 1171 Dei
3360 1115 3464 1171 ﬁlii
3512 1115 3644 1171 sint.
3678 1113 3820 1170 Nam

2209 1202 2366 1273 cujus
2396 1202 2497 1258 ﬁlii
2530 1207 2663 1272 sint,
2709 1207 2996 1278 sequentia
3045 1207 3443 1272 manifestam;
3478 1207 3557 1261 ait
3612 1205 3770 1260 enim
3806 1222 3818 1260 :

2225 1290 2372 1346 «Vos
2399 1307 2468 1346 ex
2499 1299 2650 1363 patre
2666 1292 2886 1349 diabolo
2915 1294 3047 1348 estis
3069 1294 3234 1365 (Ibid.
3260 1292 3411 1364 44).»
3446 1295 3528 1350 Ac
3555 1294 3601 1348 si
3624 1293 3818 1351 dicat:

2210 1380 2320 1437 Cur
2341 1389 2552 1452 patrem
2597 1382 2844 1451 mutatis,
2894 1399 3042 1439 nunc
3072 1382 3384 1453 Abraham,
3415 1399 3563 1439 nunc
3590 1384 3774 1438 Deum
3793 1382 3822 1438 ‘I

2207 1469 2323 1540 Ego
2354 1469 2511 1526 vobis
2545 1472 2830 1527 ostendam
2862 1480 3070 1543 patrem
3118 1479 3363 1528 vestrum
3399 1491 3410 1528 :
3456 1479 3609 1544 pater
3634 1482 3822 1530 vester

2207 1557 2460 1615 diabolus
2489 1569 2589 1628 est,
2623 1577 2736 1616 non
2765 1562 3020 1630 creando,
3070 1561 3166 1616 sed
3195 1561 3546 1633 decipiendo.
3593 1563 3818 1634 Fugite,

2208 1647 2420 1717 fratres,
2459 1649 2624 1702 talem
2668 1657 2915 1720 patrem;
2970 1649 3160 1722 fugite,
3213 1651 3358 1707 sicut
3397 1651 3675 1722 Propheta
3706 1651 3819 1707 ad-

2207 1741 2424 1805 monet;
2450 1735 2526 1790 ait
2545 1735 2727 1792 enim:
2763 1761 2780 1784 σ
2799 1736 3139 1794 Obliviscere
3157 1737 3422 1809 populum
3445 1745 3626 1806 tuum,
3652 1736 3817 1794 etdo-

2205 1839 2356 1879 mum
2386 1825 2558 1897 patris
2587 1825 2669 1880 tui
2719 1825 2892 1899 (Psal.
2926 1843 3081 1895 XLIV,
3117 1827 3230 1898 Il).
3279 1851 3298 1875 ι
3347 1826 3620 1898 Populum
3649 1835 3820 1884 vocat

2205 1915 2338 1971 vitia
2366 1921 2528 1988 atque
2555 1922 2807 1987 peccata:
2842 1915 3070 1971 domum
3105 1933 3172 1973 ve
3185 1933 3247 1972 ro
3289 1917 3467 1973 Patris
3487 1915 3625 1973 dicit
3653 1934 3821 1974 mun-

2125 1974 2171 2036 B
2201 2004 2356 2074 dum,
2391 1974 2457 2060 iri
2498 1974 2607 2078 quo
2638 2012 2827 2078 regnat
2882 2005 3158 2062 diabolus.
3208 2006 3306 2062 Ille
3335 2005 3686 2063 obliviscitur
3719 2024 3816 2081 po-

2203 2095 2393 2167 pulum
2417 2109 2599 2163 suum,
2631 2094 2726 2168 qui
2766 2093 3036 2168 relinquit
3062 2096 3200 2152 vitia
3228 2112 3325 2152 sua
3355 2113 3366 2153 :
3400 2103 3453 2152 et
3481 2096 3576 2152 ille
3606 2095 3812 2153 oblivi-

2202 2184 2374 2240 scitur
2402 2184 2628 2240 domum
2661 2185 2836 2240 Patris
2856 2185 2962 2254 sui,
2987 2185 3082 2257 qui
3106 2185 3301 2241 mundi
3335 2183 3501 2257 hujus
3531 2185 3694 2242 falsas
3726 2187 3813 2243 di-

2203 2275 2365 2332 vitias
2387 2278 2710 2345 contemnit,
2748 2293 2843 2349 per
2859 2293 2992 2350 quas
3022 2294 3146 2334 eum
3169 2278 3422 2335 diabolus
3451 2288 3600 2336 tenet
3628 2281 3809 2352 capti-

2203 2383 2354 2422 vum.
2385 2368 2537 2423 Patet
2567 2368 2711 2439 quod
2742 2367 2994 2425 diabolus
3042 2386 3154 2426 non
3205 2369 3394 2442 diligit
3446 2371 3592 2427 ﬁlios
3647 2387 3809 2442 suos,

2202 2455 2297 2511 sed
2347 2456 2501 2523 odit;
2565 2457 2693 2529 quia
2746 2474 2857 2513 non
2896 2467 3062 2527 amat,
3125 2458 3235 2514 nisi
3279 2466 3342 2515 ut
3397 2460 3622 2534 perdat;
3655 2462 3808 2519 sicut

2205 2554 2350 2602 amat
2381 2548 2532 2618 gluto
2562 2548 2886 2618 porcellum,
2922 2555 2983 2603 ut
3013 2548 3286 2605 comedat.

2271 2644 2323 2701 3.
2356 2644 2556 2702 Cavete
2587 2646 2754 2716 (χχιι,
2786 2663 2839 2719 q.
2863 2647 2953 2714 55,
2981 2663 3032 2703 c.
3061 2646 3291 2717 Cavete),
3325 2648 3538 2718 fratres,
3575 2648 3804 2704 menda-

2199 2734 2370 2799 cium,
2409 2733 2538 2807 quia
2567 2750 2760 2790 omnes
2787 2735 2880 2807 qui
2912 2742 3098 2792 amant
3143 2734 3489 2794 mendacium
3536 2737 3639 2793 ﬁlii
3669 2750 3806 2797 sunt

2200 2823 2406 2880 diaboli
2436 2841 2449 2890 ;
2483 2825 2576 2897 qui
2608 2841 2719 2880 non
2750 2825 2927 2881 solum
2981 2825 3219 2882 mendax
3249 2834 3350 2896 est,
3392 2826 3486 2882 sed
3533 2828 3699 2884 etiam
3748 2838 3805 2884 et

2199 2924 2353 2986 pater
2373 2924 2425 2972 et
2447 2914 2708 2970 inventor
2736 2914 2908 2987 ipsius
2950 2915 3229 2972 mendacii
3261 2923 3374 2972 est:
3408 2917 3589 2973 omnis
3615 2917 3807 2973 simu-

2202 3004 2355 3072 latio,
2386 3011 2439 3060 et
2467 3005 2646 3061 omnis
2671 3005 2966 3077 duplicitas
2996 3005 3344 3062 mendacium
3375 3013 3484 3063 est:
3520 3023 3649 3079 ergo
3685 3023 3803 3065 non

2200 3094 2379 3148 solum
2409 3094 2466 3148 in
2499 3093 2879 3162 falsis‘verbis,
2911 3094 3006 3150 sed
3035 3097 3199 3151 etiam
3229 3095 3287 3150 in
3307 3095 3584 3152 simulatis
3613 3099 3804 3169 op'eri-

2199 3181 2302 3238 bus
2333 3183 2683 3238 mendacium
2723 3183 3130 3255 comprobatur.
3171 3183 3530 3240 Mendacium
3560 3200 3808 3259 namque

2200 3279 2282 3328 est
2308 3271 2672 3330 christianum
2721 3291 2774 3329 se
2826 3273 3028 3343 dicere,
3052 3283 3105 3330 et
3135 3291 3299 3347 opera
3328 3273 3549 3344 :Christi
3581 3291 3692 3331 non
3722 3275 3808 3332 fa-

2197 3377 2355 3418 cere:
2400 3361 2748 3418 mendacium
2779 3370 2860 3418 est
2908 3363 3257 3421 sacerdotem
3314 3364 3401 3420 vel
3451 3363 3710 3420 clericum
3745 3383 3808 3422 se

2195 3451 2462 3525 proﬁteri,
2486 3460 2539 3508 et
2564 3453 2840 3510 contraria
2871 3452 3005 3510 huic
3049 3453 3236 3510 ordini
3269 3454 3502 3526 operari.
3537 3454 3808 3511 Pertime-

2197 3542 2397 3598 scenda
2425 3551 2554 3599 sunt
2585 3543 2721 3612 haec,
2745 3543 2877 3616 quia
2891 3543 3060 3600 verba
3078 3544 3180 3601 Dei
3204 3551 3333 3600 sunt
3356 3561 3369 3611 ;
3394 3543 3472 3601 ait
3498 3543 3648 3600 enim
3670 3543 3809 3600 Pro-

2198 3632 2379 3706 pheta,
2404 3633 2622 3690 dicens:
2662 3659 2679 3680 ‹
2698 3635 2895 3690 Perdes
2925 3651 3128 3691 omnes
3148 3635 3244 3708 qui
3265 3633 3809 3708 loquunturmenda.

2197 3724 2345 3779 cium
2378 3725 2553 3795 (Psal.
2585 3742 2641 3792 v,
2677 3724 2753 3796 7).
2790 3748 2807 3772 ι
2853 3725 3198 3797 Quapropter
3244 3725 3494 3793 transite,
3524 3724 3742 3792 fratres,
3774 3742 3810 3781 a

2199 3813 2485 3869 mendacio
2501 3812 2569 3868 ad
2591 3813 2896 3881 veritatem,
2912 3814 2960 3869 si
2977 3829 3088 3868 non
3101 3812 3272 3869 vultis
3290 3812 3493 3869 habere
3510 3813 3808 3872 diabolum

2199 3909 2428 3973 patrem.
2454 3903 2589 3958 Nam
2621 3902 2767 3974 quod
2787 3901 3164 3974 alibilegitur:
3200 3928 3217 3950 ι
3240 3903 3434 3959 Omnis
3453 3903 3621 3959 homo
3647 3919 3811 3960 men-

2199 3991 2306 4047 dax
2339 3993 2515 4062 (Psal.
2549 4007 2679 4059 cxv,
2708 3991 2853 4060 II),-
2891 3990 3312 4060 intelligendum
3337 4000 3418 4048 est
3446 3993 3505 4046 in
3527 4001 3809 4064 quantum

2199 4077 2452 4147 homo,in
2470 4087 2734 4152 quantum
2751 4077 3125 4145 carnalis,non
3141 4079 3200 4133 in
3220 4085 3488 4150 quantum
3505 4079 3807 4150 spiritalis.

2272 4187 2324 4244 4.
2368 4187 2616 4259 Denique
2645 4193 2831 4242 monet
2858 4202 2958 4241 vos
2988 4186 3300 4259 evangelica
3351 4186 3537 4253 lectio,
3582 4195 3645 4245 ut
3694 4205 3812 4262 pa-

2199 4278 2398 4332 tientes
2453 4276 2592 4332 sitis.
2653 4277 2792 4333 Ecce
2837 4291 2963 4332 cum
2995 4276 3166 4331 multa
3197 4276 3448 4332 convicia
3477 4277 3753 4336 Dominus
3776 4300 3812 4339 a

2201 4365 2403 4422 Iudaeis
2440 4367 2702 4435 audisset,
2734 4367 3006 4438 patienter
3035 4381 3126 4422 eos
3159 4368 3419 4423 toleravit
3445 4387 3457 4435 ;
3488 4378 3543 4425 et
3573 4371 3806 4442 patien-

2202 4463 2286 4511 ter
2327 4455 2589 4527 portavit,
2631 4455 2904 4528 patienter
2925 4456 3172 4513 sustulit.
3205 4459 3276 4513 Et
3304 4457 3349 4513 si
3390 4458 3661 4515 Dominus
3691 4477 3808 4532 pa-

2201 4546 2453 4602 tientiam
2494 4547 2690 4604 habuit
2737 4547 2883 4602 inter
2912 4548 3080 4604 verba
3125 4548 3502 4620 blasphemiae,
3542 4550 3638 4622 qui
3667 4567 3805 4609 suos

2203 4636 2458 4693 inimicos
2480 4654 2591 4692 uno
2629 4637 2800 4694 verbo
2833 4646 3045 4710 poterat
3075 4640 3131 4694 in
3170 4639 3430 4712 abyssum
3460 4638 3800 4714 demergere,

2202 4742 2368 4798 quare
2428 4727 2613 4783 miseri
2662 4726 2935 4796 homines,
2976 4728 3126 4800 pleni
3157 4729 3415 4801 peccatis,
3448 4745 3558 4784 non
3591 4728 3802 4789 habent

2201 4814 2542 4886 patientiam,
2599 4817 2820 4890 quando
2877 4818 3016 4873 dura
3043 4817 3298 4886 audiunt,
3331 4818 3416 4875 vel
3447 4817 3668 4891 quando
3697 4837 3801 4893 pro

2200 4903 2314 4960 suis
2352 4904 2741 4979 iniquitatibus
2769 4905 3123 4978 corriguntur
3147 4906 3174 4962 Ῡ

2271 5014 2326 5070 5.
2377 5013 2595 5082 Videte,
2641 5013 2855 5082 fratres,
2905 5029 2974 5069 ne
3004 5029 3100 5086 per
3127 5030 3290 5086 opera
3319 5013 3407 5068 vel
3435 5013 3801 5085 cogitationes

2201 5104 2370 5159 malas
2425 5103 2680 5175 lapidetis
2725 5103 2931 5172 Iesum,
2996 5102 3252 5174 lapidetis
3298 5103 3638 5159 Salvatorem
3669 5121 3796 5161 cum

2201 5192 2405 5250 Iudicis
2444 5193 2765 5263 incredulis,
2796 5193 2864 5249 de
2891 5193 3093 5266 quibus
3123 5191 3287 5248 hodie
3317 5191 3527 5248 dicitur
3554 5211 3566 5248 :
3606 5193 3796 5250 «Tule-

2201 5291 2332 5339 runt
2360 5300 2486 5356 ergo
2516 5284 2723 5357 lapides
2751 5283 2946 5351 Judaei,
2986 5291 3048 5338 ut
3070 5281 3316 5352 jacerent
3366 5281 3424 5337 in
3454 5298 3579 5337 eum
3612 5283 3796 5354 (Joan.

2201 5389 2324 5443 vm,
2376 5373 2495 5444 59).
2548 5397 2566 5420 ›
2611 5373 2770 5428 Forte
2810 5370 3030 5427 dicitis:
3083 5370 3286 5426 Malum
3319 5369 3569 5427 fecerunt
3595 5370 3796 5442 Iudaei,

2203 5461 2297 5534 qui
2344 5478 2468 5519 eum
2501 5462 2742 5534 lapidare
2768 5461 3082 5528 voluerunt,
3129 5468 3183 5516 et
3211 5458 3304 5532 qui
3335 5476 3459 5516 eum
3491 5459 3800 5517 cruciﬁxe—

2203 5560 2352 5608 runt.
2395 5553 2599 5609 Scitote
2659 5560 2714 5606 et
2755 5551 2988 5606 ﬁrmiter
3042 5550 3249 5608 credite
3287 5552 3416 5625 quia
3442 5551 3546 5607 hoc
3587 5551 3800 5609 faciunt

2204 5641 2506 5700 Christiani
2528 5641 2692 5698 hodie
2721 5642 2861 5696 male
2888 5640 3155 5710 viventes,
3187 5657 3252 5696 eo
3289 5639 3437 5715 quod
3469 5649 3599 5698 tunc
3634 5640 3798 5698 Chri-

2204 5741 2349 5788 stum
2408 5732 2562 5786 vitiis
2620 5739 3040 5805 persequuntur.
3107 5731 3253 5800 Quid
3304 5731 3450 5788 enim
3508 5739 3590 5788 est
3617 5733 3796 5802 Iesus,

2204 5825 2312 5880 nisi
2341 5824 2566 5894 veritas,
2604 5833 2658 5882 et
2683 5840 2813 5898 pax,
2843 5832 2896 5880 et
2907 5823 3125 5897 justitia
3154 5823 3346 5898 7Ergo
3376 5823 3471 5898 qui
3509 5840 3608 5896 pro
3639 5823 3798 5880 falsi-
