3972 6362
188 407 307 471 089

1018 405 1387 465 SERMONES
1425 406 1482 464 S.
1522 403 1877 464 AMBROSIO
1917 404 2288 464 HACTENUS
2326 404 2663 464 ASCRIPTI.

3393 402 3500 466 690

188 540 313 591 tate
341 532 607 607 relinquit
648 532 957 602 veritatem,
986 539 1041 589 et
1065 544 1164 605 pro
1189 531 1491 604 cupiditate
1518 530 1791 603 dirumpit
1819 532 1872 592 Α
1898 530 2189 587 Sumamus
2214 537 2270 586 et
2294 545 2473 585 ramos
2505 529 2833 602 palmarum,
2881 537 2943 586 ut
2973 545 3071 601 pro
3106 528 3499 588 misericordia

187 621 549 691 charitatem,
590 628 645 680 et
692 620 810 678 odit
846 637 1057 695 pacem,
1100 627 1155 676 et
1195 637 1294 693 pro
1342 620 1527 694 aliquo
1570 617 1797 693 praemio

188 712 444 770 occultat
457 710 765 783 justitiam;
798 709 942 767 nihil
971 709 1124 766 aliud
1154 709 1330 766 facere
1358 708 1598 779 videtur,
1632 724 1795 783 quam

189 800 468 875 lapidare,
498 808 552 856 et
588 799 929 873 cruciﬁgere,
960 806 1015 855 et
1042 797 1291 856 occidere
1320 797 1601 856 Christum
1627 815 1642 867 ;
1669 797 1799 873 quia

190 889 376 965 ipsius
404 890 552 948 dona
577 890 885 963 exstinguit
910 889 968 945 in
993 888 1193 962 seipse.

269 982 324 1039 6.
354 982 400 1039 Ο
426 998 590 1056 quam
621 981 779 1055 pauci
812 988 943 1038 sunt
969 980 1027 1036 in
1058 989 1209 1037 tanta
1237 978 1598 1036 multitudine
1623 976 1797 1035 Chri-

189 1070 527 1139 stianorum,
556 1071 650 1144 qui
678 1071 861 1127 Jesum
891 1086 1003 1126 non
1028 1076 1445 1143 persequantur,
1462 1077 1515 1125 et
1531 1066 1792 1141 lapident,

189 1169 252 1217 et
279 1160 537 1218 occidant
561 1161 573 1216 l
618 1161 721 1217 Sed
752 1177 833 1216 VEB
868 1160 1009 1216 illisl
1052 1160 1181 1234 quia
1206 1160 1361 1215 Jesus
1388 1156 1675 1214 abscondit
1700 1173 1795 1212 no-

190 1249 381 1307 titiam
412 1267 565 1307 suam
595 1249 822 1319 talibus,
845 1258 900 1307 et
932 1250 1051 1306 exit
1078 1249 1144 1305 de
1170 1250 1380 1321 templo
1409 1246 1661 1303 cordium
1690 1262 1795 1303 eo-

190 1356 347 1409 rum,
378 1348 432 1397 et
460 1340 779 1397 manifestat
806 1356 861 1396 se
893 1338 1231 1396 amatoribus
1260 1337 1398 1406 suis,
1431 1345 1483 1393 et
1505 1336 1717 1392 habitat
1736 1337 1794 1393 in

193 1428 334 1501 illis,
374 1432 517 1489 sicut
553 1432 669 1506 ipse
697 1431 951 1490 dilectori
990 1448 1089 1488 suo
1134 1430 1367 1488 inferius
1394 1435 1540 1493 433
1570 1429 1792 1502 pollice-

193 1535 314 1598 tur,
343 1527 564 1587 dicens:
630 1554 649 1579 ι
676 1530 793 1603 Ego
839 1537 893 1587 et
936 1530 1096 1586 Pater
1130 1528 1201 1585 ad
1229 1545 1355 1586 eum
1395 1527 1701 1597 veniemus,
1740 1534 1795 1584 et

195 1619 543 1678 mansionem
572 1619 718 1693 apud
747 1636 873 1676 eum
896 1620 1161 1677 faciemus
1187 1620 1369 1691 (Joan.
1391 1635 1510 1687 xlv,
1540 1617 1657 1691 23).
1689 1641 1707 1666 ι

271 1708 323 1765 7.
357 1708 497 1778 Quia
525 1709 787 1765 nolumus
834 1726 954 1778 vos,
997 1708 1212 1777 fratres,
1255 1723 1477 1778 gravare
1515 1706 1690 1762 multa
1718 1706 1793 1762 lo-

193 1799 440 1873 quendo,
490 1816 710 1856 oramus
750 1816 819 1857 ne
864 1799 987 1857 sitis
1018 1799 1087 1856 de
1132 1800 1356 1855 illorum
1401 1814 1653 1867 numero,
1698 1796 1794 1871 qui

1904 619 2049 677 bono
2087 635 2198 675 non
2228 627 2444 676 terrena
2471 618 2887 689 delectamenta,
2918 619 3011 678 sed
3032 636 3278 692 superna:
3305 622 3497 694 patrias

1904 709 2377 785 pulchritudinem
2433 718 2834 782 exspectemus,
2891 727 3000 784 quo
3053 727 3156 766 nos
3217 712 3497 784 praacessit

1903 799 2157 858 Christus
2184 799 2453 857 Dominus
2480 807 2685 869 noster,
2702 799 2916 875 quiest,
2940 798 3103 872 juxta
3130 800 3494 873 Apostolum,

1903 891 2032 949 ﬁnis
2061 890 2195 963 legis
2222 890 2291 946 ad
2318 890 2592 964 justitiam
2620 891 2774 947 omni
2803 891 3048 949 credenti
3095 893 3275 965 (Rom.
3316 911 3375 963 x,
3407 894 3488 967 4).

1975 981 2028 1037 3.
2068 983 2179 1039 Nec
2230 981 2671 1054 praetereundum
2723 991 2805 1039 est
2860 998 2891 1037 a
2941 981 3136 1054 psalmi
3194 983 3495 1054 versiculo,

1902 1086 2067 1144 quem
2096 1088 2389 1129 occurrens
2440 1071 2600 1127 turba
2623 1070 2862 1127 Domino
2905 1070 3229 1127 decantabat
3262 1091 3273 1128 :
3322 1096 3340 1119 ι
3372 1075 3494 1130 Ho-

1902 1176 2073 1217 sanna
2098 1160 2218 1217 ﬁlio
2245 1159 2423 1216 David
2450 1178 2462 1226 ;
2492 1160 2815 1217 benedictus
2843 1160 2941 1233 qui
2975 1160 3127 1215 venit
3155 1160 3213 1215 in
3264 1162 3491 1219 nomine

1901 1249 2152 1305 Domini:
2177 1248 2422 1305 hosanna
2450 1248 2507 1304 in
2524 1248 2756 1305 excelsis
2788 1249 2943 1321 (Psal
2982 1266 3153 1317 cxvn,
3176 1249 3274 1317 26;
3299 1252 3487 1309 Matth.

1901 1354 2025 1405 xxi,
2059 1338 2117 1410 9)
2148 1364 2167 1387 ι
2207 1338 2494 1395 Adventus
2526 1338 2675 1394 enim
2712 1338 2960 1405 Domini,
2992 1337 3217 1410 ejusque
3241 1339 3491 1397 incarna-

1898 1427 1978 1484 tio
2005 1443 2114 1483 non
2138 1429 2315 1483 solum
2341 1428 2633 1485 hozninum
2656 1430 2803 1484 salus
2829 1428 2936 1485 fuit
2964 1428 3021 1484 in
3038 1428 3311 1497 terra,sed
3324 1429 3489 1487 etiam

1900 1518 2216 1589 angelorum
2247 1518 2305 1574 in
2326 1518 2464 1573 coelo
2489 1535 2502 1584 ;
2526 1519 2654 1591 quia
2683 1517 2813 1574 dum
2845 1517 3097 1575 homines
3125 1518 3183 1575 in
3212 1526 3355 1575 terra
3374 1521 3495 1577 sal-

1901 1614 2123 1674 vantur,
2143 1606 2463 1678 angelorum
2486 1621 2748 1661 numerus
2762 1604 2858 1678 qui
2878 1604 3100 1662 diabolo
3116 1606 3367 1677 cadente,
3389 1608 3490 1664 mi-’

1901 1702 2125 1754 noratus
2150 1695 2348 1762 fuerat,
2381 1694 2687 1767 integratur
2706 1694 2764 1749 in
2785 1695 2944 1751 cmlo.
2984 1694 3269 1750 «Hosanna
3288 1712 3415 1768 ergo
3432 1696 3490 1753 in

1902 1787 2132 1846 excelsis
2154 1812 2171 1834 ι
2205 1788 2549 1843 tantumdem
2580 1794 2679 1854 est,
2702 1793 2963 1859 tanquam
2984 1786 3030 1841 si
3047 1786 3295 1843 dicatur:
3328 1789 3492 1847 Salva

187 1888 381 1945 Jesum
406 1888 650 1962 lapidare
679 1889 1009 1947 voluerunt:
1048 1890 1143 1946 sed
1174 1906 1299 1946 cum
1331 1889 1443 1945 illis
1472 1888 1657 1961 potius
1681 1887 1791 1943 ha-
1820 1896 1868 1959 Β
1904 1895 2023 1947 nos,
2056 1878 2151 1952 qui
2178 1877 2344 1934 etiam
2374 1895 2433 1934 es
2464 1880 2611 1935 salus
2638 1876 2696 1933 in
2724 1877 2896 1933 culis.
2923 1878 2994 1932 Et
3015 1876 3109 1952 qui
3138 1894 3264 1935 cum
3296 1894 3491 1951 magna

185 1977 372 2036 beatis
398 1987 633 2052 partem,
669 1978 765 2052 qui
790 1995 955 2051 super
985 1978 1179 2036 omnia
1205 1979 1364 2034 illum
1390 1978 1644 2047 amando,
1676 1976 1796 2050 ejus

187 2068 428 2140 gratiam
465 2068 525 2123 in
573 2065 690 2124 suis
734 2067 996 2125 cordibus
1038 2075 1422 2141 susceperunt.
1470 2066 1627 2134 Quod
1680 2065 1795 2139 ipse

192 2156 361 2213 vobis
386 2157 671 2227 concedat,
703 2156 799 2231 qui
830 2156 973 2213 vivit
1005 2164 1060 2214 et
1086 2165 1277 2231 regnat
1301 2156 1361 2213 in
1388 2157 1588 2216 saecula
1613 2172 1795 2214 saccu-

192 2245 402 2314 lorum,
429 2260 611 2303 amen.

755 2370 991 2429 SERMO
1023 2370 1234 2428 XXXI.

542 2469 621 2525 De
650 2475 839 2525 sancta
865 2468 1290 2542 Quadragesima
1317 2468 1442 2526 XV.

192 2579 263 2634 In
292 2577 386 2632 hoc
412 2592 667 2644 sermone,
716 2576 810 2648 qui
834 2576 892 2631 in
932 2577 1056 2649 edit.
1088 2578 1241 2634 Rom.
1267 2576 1506 2649 primum
1552 2577 1794 2647 vulgatus

270 2655 363 2716 est,
392 2648 709 2719 supplicatio
734 2649 792 2703 in
822 2648 1106 2705 Dominica
1127 2650 1449 2705 Palmarum
1477 2649 1597 2719 ﬁeri
1634 2649 1794 2704 solita

268 2720 604 2777 describitur.
658 2721 912 2788 Quamvis
961 2727 1136 2776 autem
1184 2721 1650 2776 ecclesiasticarum
1701 2720 1795 2774 ri-

269 2796 417 2847 tuum
448 2792 842 2862 investigatores
887 2791 1046 2861 hujus
1074 2792 1385 2847 mentionem
1427 2792 1573 2862 apud
1618 2792 1791 2861 Cyril-

262 2863 373 2919 lum
418 2863 683 2919 Hierosol.
737 2862 891 2919 Cath.
960 2864 1026 2920 10
1064 2862 1263 2932 factam
1302 2863 1588 2931 observent,
1637 2863 1793 2917 illum

261 2939 433 2989 tamen
487 2935 545 2989 in
596 2935 831 2990 Ecclesia
890 2935 1090 2989 Latina
1148 2940 1253 2989 tam
1300 2935 1580 3004 antiquum
1626 2934 1793 3004 fuisse

256 3022 521 3077 nusquam
575 3006 868 3077 reperiunt.
928 3007 1119 3064 Verum
1157 3006 1419 3076 quidquid
1479 3005 1549 3060 sit
1601 3005 1663 3059 de
1695 3008 1792 3060 hac

257 3077 591 3143 ceremonia,
623 3077 973 3147 manifestum
1001 3083 1075 3133 est
1102 3077 1504 3132 conciunculam
1540 3077 1675 3131 hanc
1702 3094 1783 3133 m-

258 3148 337 3205 hil
364 3148 574 3217 habere,
602 3149 744 3221 quod
775 3166 892 3206 eam
916 3151 1104 3222 aliqua
1135 3166 1255 3205 cum
1278 3148 1488 3205 ratione
1507 3147 1791 3205 Ambrosio

260 3227 484 3278 asserat.

264 3344 314 3400 1.
344 3342 613 3402 Veniente
641 3343 882 3402 Domino
919 3351 1112 3401 nostro
1158 3343 1287 3400 Jesu
1328 3341 1550 3401 Christo
1593 3341 1663 3400 ad
1694 3358 1782 3398 ur-

181 3433 315 3491 bem
343 3433 643 3491 Jerusalem
674 3441 800 3490 ante
831 3449 928 3490 sex
970 3432 1088 3489 dies
1135 3431 1403 3504 passionis
1445 3448 1578 3500 suas,
1623 3430 1786 3488 turba

185 3524 368 3580 multa
394 3540 517 3597 quae
554 3530 885 3580 convenerat
916 3520 1335 3594 Hierosolymis,
1374 3528 1438 3577 ut
1480 3520 1782 3577 secundum

185 3621 522 3685 praeceptum
568 3612 743 3685 Moysi
792 3611 993 3683 pascha
1037 3610 1355 3681 celebraret,
1389 3609 1662 3682 accipiens
1702 3624 1785 3665 ra-

186 3718 311 3758 mos
339 3702 671 3774 palmarum,
715 3702 956 3757 occurrit
995 3699 1080 3756 illi
1109 3698 1352 3768 obviam,
1384 3708 1446 3756 ut
1474 3699 1532 3755 in
1561 3700 1784 3771 psalmis

187 3790 482 3847 victoriam
510 3789 717 3847 Christi
749 3788 1101 3847 ostenderent
1127 3790 1280 3846 velut
1307 3790 1511 3846 terreni
1539 3789 1683 3862 regis
1722 3789 1782 3845 in

186 3879 397 3953 populo
446 3880 650 3949 Israel;
683 3880 1022 3937 consuetudo
1064 3878 1212 3934 enim
1251 3886 1332 3934 est
1374 3886 1437 3937 ut
1475 3880 1783 3937 victoribus

188 3969 372 4043 palma
398 3968 675 4026 offeratur.
709 3968 822 4024 Alii
851 3976 1033 4024 autem
1063 3966 1130 4023 de
1150 3967 1338 4024 eadem
1364 3968 1525 4025 turba
1563 3994 1581 4016 ι
1603 3985 1783 4025 ramos

186 4056 473 4115 caedebant
515 4057 584 4113 de
611 4056 903 4114 arboribus
936 4058 1153 4129 (Matth.
1195 4073 1314 4126 xxx,
1364 4058 1447 4130 8),
1479 4082 1497 4107 ›
1543 4058 1784 4113 maxime

187 4146 485 4214 olivarum,
531 4145 663 4220 quia
693 4145 751 4201 in
798 4152 985 4202 monte
1023 4146 1227 4203 Oliveti
1268 4162 1355 4201 res
1384 4145 1678 4219 agebatur;
1729 4154 1784 4203 et

188 4252 286 4294 eos
311 4234 624 4306 portabant,
640 4243 703 4291 ut
725 4235 823 4292 ubi
852 4243 1223 4307 opportunum
1238 4242 1378 4291 esset
1406 4234 1651 4291 venienti
1679 4237 1783 4292 Do-

191 4326 350 4382 mino
381 4326 608 4395 planum
656 4332 963 4380 sternerent
1013 4326 1137 4381 iter.
1172 4326 1316 4383 Hinc
1348 4326 1632 4383 descendit
1658 4343 1785 4384 con-

192 4411 431 4469 suetudo
469 4409 749 4466 hodierna;
792 4411 1128 4482 festivitatis,
1174 4421 1238 4467 ut
1265 4414 1575 4485 psallentes,
1607 4432 1788 4473 ramos

192 4503 502 4578 palmarum
517 4501 636 4557 sive
648 4501 921 4558 olivarum
935 4510 1213 4574 portemus
1229 4503 1288 4560 in
1300 4505 1634 4562 manibuszet
1643 4523 1785 4563 eam-

1901 1968 2194 2025 devotione
2218 1970 2451 2025 salutem
2480 1968 2637 2025 istam
2659 1975 3035 2041 poposcerant,
3068 1967 3492 2041 duplicaverunt

1900 2075 2116 2127 vocem,
2146 2066 2208 2113 ut
2237 2058 2435 2114 iterum
2456 2057 2735 2115 dicerent:
2784 2080 2801 2103 ι
2828 2057 3084 2115 Hosanna
3114 2058 3171 2114 in
3201 2058 3476 2115 excelsis.-

1974 2149 2027 2205 4.
2067 2147 2155 2205 Ad
2185 2147 2328 2204 hanc
2358 2148 2527 2219 igitur
2557 2147 2789 2203 salutem
2820 2146 3111 2218 pervenire
3157 2146 3315 2203 vobis
3345 2164 3490 2204 con-

1901 2238 2060 2296 cedat
2120 2238 2445 2294 benedictus
2504 2237 2774 2295 Dominus
2822 2243 3009 2293 noster
3061 2234 3333 2305 Christus,
3394 2234 3490 2311 qui

1901 2331 2057 2387 venit
2085 2329 2144 2385 in
2173 2329 2397 2385 nomine
2425 2328 2525 2384 Dei
2553 2327 2744 2401 patris,
2771 2343 2897 2384 cum
2919 2343 3029 2400 quo
3050 2326 3193 2383 vivit
3222 2335 3276 2384 et
3304 2336 3493 2401 regnat

1899 2421 2046 2478 Deus
2074 2435 2171 2493 per
2198 2417 2385 2476 omnia
2416 2418 2619 2475 saecula
2645 2417 2998 2486 saeculorum,
3024 2431 3208 2476 amen.

2443 2565 2678 2623 SERMO
2716 2564 2951 2622 XXXII.

2230 2666 2310 2722 De
2342 2674 2530 2722 sancta
2558 2664 2982 2737 Quadragesima
3009 2664 3162 2721 XVI.

1900 2774 1999 2830 Hic
2025 2789 2192 2828 sermo
2221 2773 2378 2828 etiam
2427 2771 2645 2827 editioni
2684 2773 2837 2829 Rom.
2879 2772 3040 2839 debet,
3073 2771 3215 2842 quod
3242 2771 3300 2826 in
3331 2773 3495 2828 lucem

1969 2845 2186 2899 emissus
2210 2846 2337 2911 fuit.
2374 2843 2475 2899 Sed
2510 2845 2605 2898 vix
2658 2843 2801 2899 alius
2843 2842 3014 2912 pejor:
3052 2842 3180 2910 jure
3212 2844 3495 2899 Ambrosio

1968 2923 2147 2972 nostro
2172 2916 2345 2985 potuit
2372 2915 2589 2983 ascribi,
2620 2931 2737 2969 cum
2764 2914 2901 2969 nihil
2946 2914 3124 2985 sapiat
3182 2914 3491 2970 Ambrosia-

1969 3005 2118 3043 num.
2153 2986 2294 3054 Quin
2344 2988 2451 3042 imo
2479 3004 2570 3041 nec
2597 2986 2826 3056 ejusdem
2854 2986 3090 3040 auctoris
3118 2986 3329 3040 videtur
3366 3004 3494 3054 esse,

1969 3060 2122 3130 cujus
2150 3064 2224 3113 est
2269 3059 2535 3130 superior,
2565 3058 2823 3130 siquidem
2858 3057 2971 3112 illic
3000 3075 3039 3130 a4
3058 3056 3337 3113 Dominica
3368 3058 3493 3113 Pal-

1967 3128 2181 3188 marum
2210 3128 2371 3201 usque
2418 3130 2490 3185 ad
2517 3129 2819 3201 passionem
2846 3144 2938 3187 sea:
2982 3128 3091 3183 dies
3119 3134 3493 3195 numerantur,

1968 3203 2052 3258 hic
2076 3208 2279 3257 tantum
2306 3201 2556 3273 quinque.

1972 3340 2022 3395 1.
2050 3337 2222 3395 Video
2251 3355 2370 3406 vos,
2398 3336 2615 3404 fratres,
2645 3333 2812 3391 hodie
2840 3333 3102 3390 attentius
3151 3349 3315 3407 quam
3351 3334 3492 3391 sole-

1895 3428 1992 3497 tis,
2013 3427 2083 3485 ad
2107 3428 2393 3485 ecclesiam
2418 3424 2760 3492 convenisse,
2789 3431 2843 3479 et
2872 3439 3052 3479 ramos
3078 3423 3335 3480 arborum
3366 3439 3493 3504 cum

1897 3517 2093 3575 laetitia
2142 3524 2406 3589 portasse.
2464 3519 2617 3577 434
2643 3514 2749 3570 Sed
2804 3512 2938 3585 quid
2992 3510 3213 3583 prodest
3266 3511 3380 3568 illis
3436 3510 3494 3567 id

1894 3631 2071 3688 agere,
2104 3614 2199 3687 qui
2256 3612 2511 3671 nesciunt
2553 3628 2654 3670 cur
2682 3611 2741 3667 id
2794 3608 3019 3677 faciant,
3073 3609 3160 3664 vel
3207 3607 3343 3682 quid
3390 3607 3496 3663 ista

1893 3704 2252 3777 signiﬁcent?
2280 3703 2430 3761 Scire
2455 3701 2668 3757 debetis
2697 3699 2829 3773 quia
2861 3699 3006 3756 sicut
3039 3699 3241 3754 lectum
3282 3704 3365 3753 est
3395 3695 3492 3752 ho-

1893 3793 2005 3863 die,
2033 3811 2155 3868 quaa
2200 3803 2282 3850 est
2309 3791 2505 3866 quinta
2542 3790 2661 3848 dies
2711 3798 2838 3846 ante
2870 3788 3210 3861 passionem,
3242 3786 3496 3843 Salvator

1894 3893 2080 3941 noster
2111 3884 2169 3939 in
2198 3891 2385 3940 monte
2414 3882 2620 3939 Oliveti
2669 3880 2811 3938 sedit
2855 3895 3018 3951 super
3061 3877 3292 3945 asinam,
3325 3883 3389 3932 ut
3411 3876 3495 3931 in‘

1892 3982 2063 4032 traret
2089 3975 2527 4047 Hierosolymam
2559 3972 2771 4045 (Matth.
2826 3987 2947 4039 xxr,
2985 3969 3041 4041 7)
3071 3986 3083 4025 :
3138 3974 3193 4023 et
3242 3984 3369 4026 cum
3400 3960 3497 4036 au'

1895 4065 2063 4123 disset
2082 4064 2243 4120 turba
2271 4064 2417 4137 quod
2445 4064 2600 4120 Iesus
2630 4059 2848 4117 veniret
2876 4059 3336 4130 Hierosolymam,
3364 4073 3491 4130 pro-

1895 4163 2176 4214 cesserunt
2204 4153 2255 4211 ei
2281 4153 2501 4211 obviam
2534 4170 2660 4212 cum
2691 4150 2859 4208 ramis
2899 4150 3207 4224 palmarum
3236 4164 3248 4203 :
3281 4154 3336 4203 et
3364 4164 3490 4203 cum

1890 4243 2005 4317 jam
2037 4243 2500 4317 appropinquaret
2549 4241 2616 4297 ad
2647 4241 2969 4298 descensum
3028 4236 3233 4294 montis
3261 4235 3489 4304 Oliveti,

1896 4342 2179 4406 coeperunt
2206 4331 2381 4387 turbae
2410 4329 2861 4387 descendentium
2896 4327 3194 4402 gaudentes
3216 4342 3348 4384 voce
3379 4341 3488 4382 ma-

1900 4440 2005 4498 gna
2022 4423 2248 4480 laudare
2277 4424 2474 4478 Deum.

1978 4511 2030 4568 2.
2069 4512 2173 4567 Per
2202 4511 2306 4567 hos
2330 4510 2552 4583 quidem
2585 4507 2830 4582 quinque
2876 4506 3014 4574 dies,
3068 4503 3124 4559 id
3154 4509 3254 4570 est,
3285 4501 3353 4558 ab
3382 4501 3489 4557 isto

191 4594 321 4653 dem
348 4593 706 4651 festivitatem
726 4594 1034 4649 Palmarum
1049 4594 1165 4650 sive
1177 4595 1448 4653 olivarum
1460 4598 1785 4655 vocitemus.
1820 4617 1869 4676 D
1902 4618 2075 4676 usque
2121 4600 2191 4657 ad
2220 4616 2506 4674 vesperum
2536 4598 2743 4671 quinte
2772 4595 2944 4663 ferire,
2985 4593 3205 4667 quando
3234 4598 3355 4663 post
3383 4607 3487 4647 coe-

266 4686 320 4743 2.
369 4684 475 4742 Sed
505 4700 619 4741 non
647 4684 852 4758 absque
898 4700 1096 4757 magno
1118 4694 1460 4743 sacramento
1488 4688 1627 4744 rami
1667 4689 1790 4746 ista-

193 4790 319 4831 rum
350 4773 609 4830 arborum
640 4773 930 4842 feruntur;
964 4774 1113 4831 oliva
1157 4774 1327 4843 enim,
1354 4776 1483 4849 quia
1519 4778 1700 4834 oleum
1731 4787 1793 4837 ut

193 4865 440 4923 solamen
494 4863 748 4920 dolorum
790 4871 955 4936 atque
989 4863 1238 4920 laborum
1289 4874 1471 4937 portat
1499 4865 1557 4923 in
1605 4867 1792 4925 fructu

198 4954 345 5027 (oleo
375 4951 527 5009 enim
558 4951 690 5025 quia
734 4960 789 5008 et
835 4952 1067 5009 vulnera
1110 4961 1397 5023 curantur,
1428 4962 1483 5010 et
1510 4963 1673 5013 aestus
1718 4958 1789 5013 le-

195 5024 409 5114 vatur),
456 5057 622 5114 opera
650 5040 1009 5114 designantur
1056 5042 1485 5112 misericordia;
1518 5044 1789 5117 siquidem
1818 5024 1839 5047 ⁸

194 5140 251 5189 et
297 5131 416 5203 ipsa
457 5129 839 5188 misericordia
885 5130 1069 5188 Graece
1116 5132 1324 5187 dicitur
1366 5136 1545 5201 ἵλεοςε
1596 5136 1790 5207 palma:

196 5236 379 5286 autem
408 5226 568 5284 radix
597 5243 788 5302 aspera
816 5236 919 5297 est,
958 5230 1052 5286 sed
1080 5231 1317 5286 nitorem
1351 5230 1656 5288 maximum
1688 5233 1787 5289 ba-

194 5320 288 5377 bet
332 5320 393 5376 in
420 5319 551 5388 ﬁne,
600 5320 894 5377 ostendens
925 5336 1023 5392 per
1066 5320 1234 5393 hujus
1270 5322 1401 5379 vita:
1442 5325 1788 5397 asperitatem

201 5408 257 5465 in
303 5407 558 5465 decorem
613 5410 851 5466 caelestis
905 5409 1094 5481 patriae
1150 5426 1250 5466 nos
1296 5410 1497 5467 debere
1548 5412 1786 5469 sustolli.
1838 5436 1847 5449 κ

200 5496 354 5555 Unde
398 5505 461 5554 et
487 5497 669 5554 David
712 5496 983 5571 propheta
1041 5497 1494 5571 psalmographus
1538 5499 1607 5556 de
1641 5499 1792 5573 justo

198 5588 318 5644 viro
359 5587 540 5644 canit:
609 5610 627 5633 ι
654 5588 840 5645 Justus
869 5595 931 5644 ut
977 5587 1159 5660 palma
1197 5588 1416 5645 ﬂorebit
1449 5588 1623 5662 (Psal.
1676 5607 1788 5658 xm,

202 5677 315 5749 i3).
346 5701 366 5725 ι
430 5676 630 5733 Ramos
682 5691 809 5749 ergo
854 5677 1017 5733 olivaa
1066 5686 1351 5750 portemus
1405 5677 1464 5735 in
1512 5678 1789 5747 manibus,

199 5766 461 5825 virtutem
523 5765 914 5826 misericordias
968 5766 1293 5826 exhibentes
1342 5767 1399 5825 in
1453 5768 1789 5842 operatione.

1900 4710 2026 4750 nam
2074 4693 2310 4751 traditus
2361 4700 2462 4759 est,
2513 4688 2665 4745 omni
2693 4686 2784 4743 die
2834 4684 3023 4741 docuit
3078 4683 3136 4738 in
3176 4682 3403 4754 templo,
3434 4689 3487 4737 et

1898 4783 2048 4839 omni
2080 4789 2239 4839 nocte
2270 4780 2471 4836 mansit
2516 4778 2575 4833 in
2605 4782 2792 4831 monte
2822 4772 3048 4829 Oliveti.
3079 4772 3151 4826 Et
3179 4770 3308 4842 quia
3342 4768 3485 4825 deci-

1898 4889 1988 4929 ma
2013 4873 2144 4928 luna
2172 4868 2555 4927 recludehatur
2572 4881 2764 4938 agnus,
2806 4861 2901 4935 qui
2923 4858 3328 4934 quartadecima
3355 4860 3487 4914 luna

1899 4971 2016 5019 erat
2074 4958 2443 5017 immolandus
2483 4973 2513 5011 a
2545 4955 2678 5011 ﬁliis
2728 4952 2935 5020 Israel;
2978 4949 3115 5005 bene
3166 4948 3269 5004 istc
3322 4963 3486 5003 verus

1896 5068 2069 5125 agnus
2099 5050 2352 5107 Christus
2382 5045 2669 5112 Dominus,
2716 5042 2811 5115 qui
2838 5048 2953 5098 erat
3006 5045 3162 5096 sexta
3191 5038 3328 5094 feria
3364 5054 3487 5095 cru-

1899 5141 2226 5215 ciﬁgendns,
2284 5152 2349 5193 eo
2395 5136 2484 5191 die
2513 5132 2744 5190 intravit
2788 5130 2848 5186 in
2897 5129 3219 5197 Jerusalem,
3251 5142 3360 5200 quo
3390 5127 3486 5184 ille

1896 5232 2116 5306 typicus
2153 5229 2341 5300 Agnus
2369 5222 2771 5280 recludebatur.

1968 5321 2027 5378 3.
2067 5319 2244 5376 Hodie
2271 5316 2539 5391 siquidem
2577 5337 2594 5360 ε
2612 5312 2786 5369 turba;
2815 5315 3129 5367 straverunt
3157 5305 3481 5362 vestimenta

1899 5427 1995 5466 sua
2022 5409 2081 5465 in
2112 5407 2204 5465 via
2252 5406 2412 5479 (Ibid.
2445 5405 2542 5475 8);
2576 5427 2594 5451 ι
2659 5391 2719 5459 et
2774 5399 2869 5456 alii
2919 5397 3083 5453 hodie
3153 5419 3171 5443 ι
3216 5393 3486 5451 caedentes

1899 5515 2080 5555 ramos
2108 5496 2176 5554 de
2214 5494 2503 5553 arboribus
2523 5518 2541 5541 ι
2584 5490 2843 5549 similiter
2866 5487 3181 5545 sternebant
3209 5483 3267 5540 in
3290 5482 3488 5540 itinere

1898 5586 2199 5645 Salvatoris
2254 5601 2417 5659 super
2466 5582 2672 5639 asinam
2732 5576 2991 5635 sedentis.
3038 5574 3168 5642 Quae
3200 5572 3290 5646 pia
3320 5581 3492 5629 mater

1898 5678 2146 5736 Ecclesia
2178 5672 2539 5749 corporaliter
2577 5672 2702 5729 ideo
2739 5667 3002 5735 celebrat,
3048 5671 3111 5721 ut
3139 5663 3237 5720 ﬁat
3263 5662 3321 5719 id
3347 5662 3494 5737 quod

1900 5769 2078 5826 multo
2122 5766 2301 5841 majus
2342 5771 2448 5830 est,
2494 5758 2834 5837 spiritaliter.
2862 5755 3038 5813 Onnis
3066 5752 3270 5827 quippe
3304 5758 3496 5808 sancta
