3972 6358
501 421 602 483 691

1518 420 1616 478 ΑΙ)
1655 420 1890 480 OPERA
1925 421 1982 480 S.
2025 419 2359 480 AMBROSII
2397 419 2776 479 APPENDIX.

3710 415 3816 475 692

501 544 688 605 anima
709 545 810 605 Dei
843 545 998 604 asina
1044 552 1127 605 est
1158 561 1170 606 :
1201 560 1366 620 super
1392 545 1601 603 asinam
1633 544 1804 619 igitur
1833 545 2107 604 Dominus
2137 548 2188 609 Α
2217 551 2538 602 meruerunt
2569 545 2650 619 (5)
2687 564 2698 604 :
2749 544 2826 603 ita
2864 553 2918 603 et
2949 543 3050 602 hos
3088 560 3194 603 noc
3223 544 3403 618 ipsum
3444 551 3666 618 tempus
3693 559 3815 601 cus-

503 638 675 708 sedet,
737 643 793 695 et
838 637 1138 695 Jerusalem
1185 634 1403 705 tendit;
1461 651 1588 693 cum
1645 634 1858 692 animas
1887 643 2104 693 nostras

502 727 844 798 inhabitans,
874 727 1145 786 mundum
1177 725 1342 784 istum
1392 725 1692 800 despicere,
1743 732 1798 783 et
1824 726 2101 784 calestem

502 819 736 895 patriam
767 817 996 893 diligere
1018 815 1529 876 facit.Vestimenta
1560 817 1617 872 in
1647 815 1738 872 via
1770 823 1896 873 ante
1925 817 2102 874 Deum

497 910 740 985 iactatis,
767 910 814 967 si
841 909 986 966 viam
1031 907 1119 965 illi
1147 906 1218 964 ad
1261 923 1362 964 vos
1413 904 1677 963 veniendi
1723 905 2099 980 praparando,

502 1017 733 1076 corpora
758 1006 942 1057 vestra
993 1013 1088 1071 per
1126 995 1520 1054 abstinentiam
1571 994 1868 1070 castigatis.
1903 997 2103 1053 Remos

502 1109 634 1150 vero
665 1092 732 1150 de
757 1087 1045 1148 arboribus
1089 1085 1415 1160 praciditis,
1445 1085 1492 1142 si
1522 1091 1839 1141 sanctorum
1884 1090 2102 1158 patrum

501 1181 736 1241 virtutes
763 1179 1020 1248 amando,
1069 1175 1222 1233 viam
1273 1175 1344 1232 ad
1395 1191 1497 1232 vos
1553 1173 1814 1231 veniendi
1864 1173 2103 1232 Domino

500 1269 835 1349 praparatis.
862 1267 1008 1338 Quid
1037 1266 1146 1324 fuit
1175 1263 1455 1322 Abraham
1484 1265 1513 1322 τ
1534 1263 1670 1338 quid
1702 1263 1810 1321 fuit
1845 1261 2046 1336 Ioseph
2075 1262 2104 1319 Υ

503 1347 638 1436 quid
667 1358 846 1418 David
867 1356 1048 1432 ηυίά
1078 1354 1280 1430 reliqui
1296 1353 1455 1428 justi,
1481 1353 1588 1410 nisi
1618 1353 1919 1411 fructiferae
1949 1351 2102 1409 arbo-

501 1468 590 1510 res
622 1448 882 1507 Ecclesia
897 1447 998 1506 Dei
1019 1447 1047 1506 ?
1066 1445 1276 1506 Discite
1303 1444 1373 1502 ab
1403 1444 1683 1504 Abraham
1700 1443 2100 1514 obedientiam,

502 1559 536 1600 a
563 1540 764 1615 Ioseph
793 1539 1124 1609 castitatem,
1175 1553 1208 1592 a
1234 1534 1413 1594 David
1453 1535 1852 1605 humilitatem,
1885 1534 1950 1592 si‘
1970 1551 2103 1610 per—

501 1639 723 1710 petuam
742 1626 1066 1688 desideratis
1094 1624 1330 1699 adipisci
1360 1624 1616 1681 salutem.

575 1719 631 1777 4.
659 1719 733 1777 Et
763 1717 897 1793 quia
919 1717 1102 1791 palma
1145 1714 1438 1772 victoriam
1469 1712 1762 1787 signiﬁcat,
1793 1713 2002 1786 palmas
2044 1712 2103 1770 in

501 1825 669 1870 manu
714 1814 863 1866 recte
917 1813 1223 1880 portamus,
1273 1802 1319 1861 si
1370 1802 1448 1859 ita
1501 1802 1552 1859 ei
1608 1801 1799 1860 laudes
1855 1801 2103 1860 victoria

2211 634 2473 692 todiendo
2504 651 2830 704 mereamur,
2865 634 3046 708 sitque
3093 633 3292 690 similis
3339 632 3716 689 remuneratio
3755 631 3815 687 in

2210 724 2560 798 perceptione
2607 723 2842 798 pramii,
2893 739 3127 797 quorum
3162 721 3360 778 similis
3410 721 3562 777 labor
3614 727 3700 777 est
3756 719 3812 774 in

2211 812 2596 870 observatione
2623 812 2846 886 jejunii.

2291 909 2438 965 435
2467 901 2520 959 2.
2553 902 2705 958 Elias
2733 902 2904 970 enim,
2934 917 3059 957 cum
3091 907 3229 957 esset
3259 900 3503 956 clausum
3544 896 3816 954 humanis

2211 999 2598 1074 iniquitatibus
2626 1001 2848 1069 calum,
2900 1006 2954 1056 et
2995 999 3147 1054 nulla
3177 996 3473 1054 mundanis
3518 998 3684 1054 rebus
3723 998 3815 1053 de-

2209 1106 2376 1162 super
2431 1090 2745 1164 pluviarum
2805 1089 3038 1145 stillaret
3093 1087 3334 1155 ubertas,
3394 1095 3555 1160 atque
3616 1084 3814 1142 omnia

2212 1180 2386 1254 longa
2415 1180 2680 1238 siccitatis
2707 1182 2960 1254 squalore
2992 1180 3334 1251 languerent,
3376 1187 3429 1234 et
3463 1185 3604 1234 esset
3636 1178 3819 1234 fames

2211 1287 2408 1345 magna
2454 1271 2715 1328 universo
2772 1270 2954 1343 generi
3004 1269 3284 1336 humano;
3345 1267 3606 1341 quoniam
3655 1269 3815 1324 enim

2210 1363 2410 1421 calum
2465 1362 2710 1436 pluviam
2769 1379 2880 1418 non
2935 1361 3119 1430 dabat,
3179 1377 3280 1419 nec
3345 1369 3488 1417 terra
3543 1361 3815 1434 pabulum

2211 1450 2583 1526 germinabat;
2625 1458 2758 1507 tunc
2802 1450 2953 1507 Elias
3000 1456 3222 1506 sanctus
3268 1449 3534 1506 reseravit
3575 1446 3818 1521 jejuniis

2209 1539 2324 1595 suis
2353 1541 2575 1608 calum,
2610 1547 2809 1596 terram
2836 1539 3179 1596 orationibus
3203 1538 3522 1596 fecundavit
3545 1539 3666 1609 (ΙΙΙ
3682 1539 3814 1609 Reg.

2211 1643 2373 1696 xvm,
2422 1625 2648 1700 42-45).
2694 1629 2852 1685 Illius
2895 1627 3043 1686 enim
3086 1628 3387 1686 siccitatem
3427 1625 3709 1685 convertit
3755 1626 3818 1682 in

2211 1717 2481 1790 pluviam,
2537 1716 2704 1789 hujus
2759 1717 3106 1775 sterilitatem
3154 1717 3383 1775 resolvit
3433 1716 3492 1773 in
3546 1724 3814 1790 partum;

2209 1814 2366 1864 tanta
2394 1809 2542 1865 enim
2574 1808 2692 1882 ejus
2729 1810 2985 1883 precibus
3013 1810 3201 1866 orbem
3241 1819 3510 1866 terrarum
3541 1807 3817 1865 imbrium

502 1899 878 1967 decantamus,
937 1902 1000 1954 ut
1049 1895 1216 1953 etiam
1281 1892 1420 1952 bene
1497 1891 1762 1963 vivendo,
1814 1891 2098 1950 diabolum
2132 1916 2179 1978 Β
2214 1897 2438 1971 largitas
2484 1898 2759 1970 irrigavit,
2809 1906 2870 1956 ut
2922 1898 3076 1957 arida
3127 1898 3542 1966 revirescerent,
3592 1907 3819 1955 mortua

502 1989 725 2048 vincere
777 1984 1112 2045 studeamus.
1155 1983 1417 2057 Ideoque,
1449 1983 1664 2052 fratres,
1687 1982 1830 2040 scire
1859 1981 2094 2052 debetis,

502 2078 634 2154 quia
652 2075 770 2134 sine
799 2091 962 2134 causa
987 2091 1202 2132 ramum
1231 2071 1394 2130 oliva
1415 2079 1613 2147 portat,
1645 2088 1806 2146 quem
1835 2069 2098 2129 diabolus

501 2167 827 2244 decipiendo
875 2173 1113 2240 superat.
1173 2164 1368 2224 Redite
1426 2179 1554 2237 ergo
1607 2161 1678 2219 ad
1734 2161 2101 2221 conscientias

509 2268 742 2328 vestras,
801 2254 1139 2326 charissimi,
1171 2262 1226 2311 et
1257 2254 1442 2312 videte
1470 2253 1517 2310 si
1545 2251 1870 2326 spiritaliter
1896 2251 2100 2322 facitis,

511 2348 660 2424 quod
688 2346 1046 2421 corporaliter
1065 2344 1248 2419 agitis.

574 2439 628 2496 5.
659 2434 907 2510 Denique
927 2434 1246 2492 ﬁrmissime
1284 2431 1590 2501 credentes,
1640 2430 1942 2504 intelligite
1971 2429 2102 2504 quia

506 2535 755 2586 nostrum
787 2525 1095 2600 periculum
1124 2533 1229 2592 est,
1249 2523 1298 2581 si
1327 2521 1593 2598 mysteria
1634 2520 1812 2578 nostri
1841 2521 2103 2578 Salvato-

504 2619 582 2675 ris
609 2617 768 2676 vobis
809 2633 921 2674 non
969 2615 1395 2673 annuntiamus:
1426 2621 1480 2671 et
1513 2619 1759 2671 vestrum
1781 2618 1864 2670 est
1891 2612 2101 2686 pericu-

505 2709 644 2779 lum,
676 2709 722 2766 si
743 2724 806 2766 ea
826 2706 981 2783 parvi
1001 2705 1273 2782 pendatis.
1296 2705 1585 2762 Monemus
1609 2703 1797 2778 itaque
1817 2710 1878 2759 ut
1898 2709 2102 2776 quanto

507 2799 681 2872 magis
735 2798 1056 2857 solemuitas
1111 2796 1383 2872 paschalis
1458 2795 1886 2870 appropinquat,
1948 2797 2102 2848 tanto

507 2889 682 2963 magis
743 2905 843 2946 vos
897 2903 1200 2962 praparare
1245 2887 1472 2953 curetis,
1530 2884 1862 2942 inundantes
1911 2899 2010 2939 vos
2034 2881 2102 2938 ab

506 2979 660 3036 omni
691 2977 925 3048 invidia,
968 2977 1120 3046 odio,
1177 2975 1451 3044 convicio,
1508 2973 1822 3040 maledicto,
1879 2988 1943 3029 ac
1997 2969 2103 3026 de-

505 3069 772 3127 tractione
804 3088 818 3138 ;
844 3075 907 3126 ut
935 3067 1099 3140 digne
1127 3065 1280 3122 illam
1305 3063 1450 3121 diem
1482 3061 1756 3121 celebrare
1785 3058 2029 3134 possitis.

577 3159 630 3216 6.
682 3158 961 3216 Dimittite
1015 3154 1130 3216 illis
1175 3155 1271 3230 qui
1327 3153 1387 3210 in
1445 3168 1544 3210 vos
1590 3157 1979 3225 peccaverunt,
2041 3155 2104 3205 ut

506 3257 688 3306 vestra
741 3247 899 3338 vobis
943 3245 1215 3304 Dominus
1252 3241 1498 3300 dimittat
1542 3247 1796 3341 peccata;
1842 3237 2100 3338 quoniam
2131 3280 2174 3341 Ο

504 3336 600 3410 qui
633 3337 721 3393 vel
773 3331 965 3394 contra
1017 3349 1189 3391 unum
1237 3332 1522 3390 hominem
1579 3329 1770 3387 odium
1821 3327 1916 3385 aut
1960 3327 2098 3384 iram

505 3427 770 3496 tenuerit,
817 3426 963 3483 malo
1010 3441 1109 3480 suo
1154 3421 1356 3496 pascha
1399 3419 1743 3478 celebrabit:
1810 3418 1940 3492 quia
1985 3433 2098 3475 non

504 3513 861 3572 manducabit
903 3529 1031 3572 cum
1079 3512 1240 3569 Petro
1283 3509 1478 3578 vitam,
1509 3509 1606 3566 sed
1630 3525 1756 3566 cum
1787 3507 1928 3565 Juda
1955 3523 2097 3564 mor-

503 3612 615 3661 tem
662 3605 720 3660 in
764 3609 954 3660 sancta
1007 3601 1396 3660 communione
1443 3598 1721 3672 accipiet;
1765 3598 1913 3671 quod
1942 3597 2036 3654 ille
2067 3613 2099 3653 a

505 3691 665 3748 vobis
713 3698 944 3760 avertat,
1003 3691 1098 3765 qui
1154 3707 1254 3746 vos
1283 3696 1550 3763 potestate
1605 3687 1837 3756 creavit,
1895 3686 2098 3759 pietate

503 3779 758 3850 redemit,
789 3781 946 3838 Iesus
990 3779 1245 3839 Christus
1272 3779 1544 3837 Dominus
1577 3783 1780 3845 noster,
1825 3776 1920 3849 qui
1969 3793 2096 3834 cum

484 3867 652 3946 “Patri
705 3875 760 3926 et
816 3868 1028 3943 Spiritu
1079 3876 1272 3927 sancto
1327 3866 1472 3924 vivit
1502 3883 1599 3941 per
1647 3873 1850 3924 cuncta
1875 3866 2093 3935 sacula,

505 3973 688 4016 amen.

1022 4065 1258 4124 SERMO
1312 4063 1572 4120 XXXIII.

785 4155 866 4212 De
892 4152 1120 4228 jejuniis
1165 4152 1600 4226 Quadragesima
1629 4150 1806 4208 XVII.

504 4262 604 4343 Hic
649 4279 912 4343 sermoeo
1053 4261 1161 4343 fuit
1189 4262 1419 4343 habitus,
1449 4277 1552 4343 quo
1580 4258 2094 4343 swbolum“compe-

578 4334 798 4410 tantibus
827 4333 982 4410 tra_di_
1014 4329 1413 4410 sblebat,_qu_od
1452 4329 1508 4388 in
1553 4329 1818 4410 plerisque
1846 4329 2094 4410 Ecclesi'is

575 4405 853 4478 Dominica
879 4407 1195 4462 Palmarum
1215 4400 1342 4478 ﬁeri
1394 4400 1715 4478 consubvisse
1743 4419 1777 4456 a
1804 4400 1953 4455 nobis
1981 4400 2092 4454 alio

576 4477 685 4551 loco
731 4477 1061 4551 observatum
1117 4474 1381 4551 est.’Cum
1425 4493 1593 4551 porro
1641 4474 1790 4551 inter
1826 4487 2092 4551 sermgnes

573 4548 655 4620 llic
697 4548 1080 4620 pratermissos
1135 4553 1312 4620 sextus
1361 4541 1674 4620 incipiatab
1705 4543 1816 4620 illis
1872 4541 2086 4620 uerbis:

2211 1995 2578 2062 resurgerem,
2628 1989 2945 2062 languentia
2988 1996 3330 2046 sanarentur.
3389 1989 3461 2044 Et
3520 1987 3598 2045 ita
3645 1986 3817 2044 rebus

2210 2079 2426 2136 cunctis
2455 2079 2694 2136 fontium
2718 2079 2943 2153 quidam
2970 2087 3181 2136 meatus
3211 2079 3426 2134 infusus
3445 2065 3545 2148 est,
3571 2085 3632 2134 ut
3659 2077 3814 2150 puri-

2210 2168 2465 2227 ﬁcatione
2495 2171 2635 2228 facta
2665 2186 2761 2243 per
2772 2171 3038 2243 pluviam,
3053 2169 3303 2226 omnium
3325 2177 3698 2226 creaturarum
3730 2165 3817 2223 vi-

2211 2258 2290 2315 tia
2329 2259 2410 2332 (6)
2462 2259 2798 2329 lavarentur,
2840 2265 3002 2330 atque
3036 2258 3416 2315 inundationis
3448 2257 3600 2314 illius
3629 2256 3815 2315 bene—

2211 2347 2340 2406 ﬁcio
2370 2348 2543 2405 totius
2571 2348 2766 2406 mundi
2795 2349 3002 2421 species
3029 2347 3293 2404 innovata
3327 2355 3698 2422 consurgeret.

2282 2438 2334 2494 3.
2364 2437 2538 2510 Igitur
2579 2445 2634 2494 et
2663 2455 2763 2495 nos
2789 2436 2978 2494 eadem
3009 2454 3129 2512 qua
3158 2439 3309 2495 Elias
3337 2438 3690 2496 observantes
3711 2434 3818 2509 je-

2205 2524 2387 2599 junia,
2441 2527 2708 2585 adhibitis
2763 2528 3017 2602 precibus
3062 2529 3311 2585 clausum
3357 2529 3558 2586 coelum
3603 2527 3818 2584 nostris

2212 2615 2651 2687 competentibus
2671 2632 3010 2685 reseremus;
3045 2627 3314 2691 quatenus
3341 2617 3469 2674 illos
3488 2617 3695 2674 lavacri
3725 2633 3813 2672 sa-

2214 2706 2406 2764 lutaris
2432 2706 2610 2764 imber
2651 2708 2932 2766 illuminet
2959 2709 3065 2782 (7).
3099 2709 3357 2768 Clausum
3388 2709 3536 2766 enim
3583 2709 3698 2765 illis
3726 2716 3816 2765 est

2212 2799 2434 2869 coelum,
2467 2799 2714 2874 quandiu
2745 2800 2992 2858 nondum
3040 2801 3108 2857 de
3151 2802 3290 2858 coelo
3319 2801 3554 2873 Spiritus
3585 2809 3818 2856 sanctus

2211 2888 2534 2959 adveniens,
2583 2906 2773 2948 eorum
2804 2889 2970 2947 corda
2999 2889 3281 2948 viviticat:
3327 2889 3628 2947 siccitatem
3661 2905 3818 2962 quo-

2213 2977 2508 3034 dammodo
2531 2979 2840 3051 patiuntur,
2873 2979 3002 3052 quia
3032 2979 3277 3036 nondum
3307 2981 3482 3053 gratia
3511 2980 3815 3053 baptisma-

2212 3066 2285 3124 tis
2315 3067 2633 3141 irrigantur.
2685 3069 2958 3126 Laborant
3008 3070 3171 3126 etiam
3217 3070 3359 3126 fame
3400 3086 3614 3143 magna,
3659 3086 3815 3142 quo-

2211 3155 2360 3212 niam
2390 3157 2544 3213 velut
2581 3158 2903 3229 esurientes,
2948 3159 3191 3217 coelestia
3228 3165 3565 3217 sacramenta
3593 3159 3812 3216 deside-

2211 3255 2352 3303 rant.
2399 3247 2724 3304 Reseremus
2771 3265 2900 3321 ergo
2952 3249 3065 3305 illis
3102 3250 3325 3319 calum,
3369 3258 3432 3306 ut
3476 3249 3815 3306 adveniente

2209 3335 2440 3410 desuper
2485 3337 2722 3410 spiritali
2772 3339 2984 3413 pluvia,
3039 3357 3227 3397 eorum
3277 3349 3423 3397 terra
3474 3339 3680 3397 lavacri
3733 3339 3811 3395 ir-

2209 3425 2369 3500 riguo
2415 3427 2666 3498 satietur,
2722 3437 2775 3486 et
2821 3431 3149 3488 delictorum
3201 3431 3487 3489 sterilitate
3532 3430 3806 3504 deposita,

2209 3516 2478 3591 incipiant
2508 3518 2722 3577 fructus
2759 3521 3067 3592 germinare
3104 3521 3396 3578 virtutum.
3429 3521 3649 3578 Etenim
3679 3538 3812 3578 cm-

2210 3607 2361 3664 lestis
2389 3607 2567 3665 imber
2605 3608 2743 3665 vitia
2771 3619 3117 3682 peccatorum
3156 3610 3342 3679 diluit,
3367 3609 3599 3683 justitia
3626 3609 3812 3668 incre-

2207 3704 2391 3753 menta
2455 3697 2729 3770 producit,
2797 3699 3008 3757 decutit
3069 3699 3285 3756 aridum
3343 3698 3811 3774 concupiscentia

2205 3787 2513 3858 pulverem,
2559 3788 2800 3846 latificat
2846 3790 3038 3845 utilem
3084 3789 3424 3846 castimonia
3479 3789 3810 3862 puritatem,

2206 3877 2392 3936 obruit
2448 3881 2694 3937 avaritia
2740 3880 3016 3937 sordidam
3061 3880 3271 3949 facem,
3318 3882 3497 3938 nutrit
3539 3888 3810 3939 aternam

2207 3971 2598 4029 misericordia
2647 3971 2973 4044 largitatem.
3020 3970 3173 4027 Sicut
3201 3971 3347 4027 enim
3377 3973 3810 4043 superveniente

2206 4059 2342 4117 Elia
2376 4059 2587 4133 pluvia,
2617 4076 2778 4116 omne
2823 4059 3086 4132 pabulum
3135 4066 3280 4114 terra
3305 4057 3604 4130 produxit;
3637 4061 3719 4117 ita
3748 4069 3812 4120 et

2205 4149 2622 4221 superveniente
2678 4147 2886 4205 Christi
2944 4148 3180 4217 lavacro,
3241 4163 3461 4203 omnem
3513 4147 3804 4219 justitiam

2204 4242 2388 4297 anima
2424 4239 2772 4312 germinavit.
2823 4242 2896 4296 Et
2924 4240 3071 4296 sicut
3115 4239 3231 4297 illic
3259 4240 3572 4312 pluviarum
3613 4242 3804 4300 fontes

2204 4329 2570 4402 irrigaverunt
2616 4329 2827 4399 orbem,
2893 4338 2954 4386 ut
3023 4330 3440 4388 viviﬁcarentur
3495 4331 3797 4391 herbarum

2202 4417 2531 4475 mortificata
2552 4416 2668 4490 jam
2696 4418 2938 4476 semina:
2973 4418 3052 4475 ita
3094 4428 3147 4476 et
3185 4420 3308 4476 fons
3335 4420 3680 4493 baptismatis
3722 4422 3797 4478 ir-

2200 4507 2341 4580 rigat
2394 4525 2568 4580 genus
2627 4508 2943 4578 hominum,
2994 4517 3056 4565 ut
3105 4509 3414 4566 animarum
3461 4510 3796 4568 mortiﬁcata

572 4597 1848 4705 1“
1861 4613 2090 4705 Arus;

2211 4597 2366 4654 :orda
2392 4597 2661 4656 viviﬁcet.
2703 4599 2820 4656 Hoc
2851 4614 2979 4672 ergo
3009 4599 3420 4656 observantium
3453 4599 3556 4656 ista
3579 4599 3794 4672 jejunia

576 4690 812 4748 ϐαθέαν-ἑο
839 4690 1180 4762 adjudicetur
1202 4708 1216 4757 ;
1249 4691 1367 4746 hinc

570 4763 802 4836 eumdem
855 4759 1061 4836 quoque
1110 4762 1303 4836 hujus“
1330 4759 1585 4818 sermonis
1629 4762 1896 4836 auctorem
1946 4770 2089 4836 esse;

569 4834 660 4908 sed
684 4850 778 4908 nec
835 4827 1014 4908 minus
1059 4827 1333 4908 prohabile
1381 4839 1481 4908 est_
1510 4847 1652 4908 eam_
1675 4827 1857 4908 delitui.
1908 4831 2085 4908 sancto

568 4905 830 4972 Maximo,
860 4904 1012 4974 cujus
1039 4900 1088 4960 et
1129 4907 1342 4976 stylum,
1387 4910 1434 4961 et
1461 4903 1519 4959 in
1559 4900 1674 4957 cod.
1708 4900 1908 4970 Remig.
1931 4900 2089 4953 etiam

571 4990 758 5030 nomen
785 4976 1097 5031 miscendum
1118 4977 1333 5048 prabet.

571 5089 900 5163 LPropritia
927 5091 1244 5160 divinitate,
1273 5108 1396 5151 ecce
1418 5089 1532 5164 jam
1555 5104 1694 5162 pene
1721 5085 2086 5160 transegimus

494 5177 935 5251 Quadragesima
962 5181 1173 5238 indicta
1213 5181 1446 5254 jejunis,
1499 5186 1553 5237 et
1581 5184 1847 5253 pracepta
1877 5175 2084 5234 Christi

494 5267 721 5325 Domini
749 5267 1102 5336 abstinentia
1133 5270 1430 5328 devotione
1459 5265 2082 5340 complevimus.Super-

493 5363 751 5416 estnunc
789 5365 870 5429 ut,
931 5360 1394 5434 quemadmodum
1455 5357 1648 5413 famuli
1696 5353 1815 5426 ejus
1867 5355 2082 5427 Moyses

493 5447 698 5519 (Exod.
727 5463 927 5519 xxxrv,
959 5448 1051 5519 28)
1110 5455 1165 5504 et
1209 5447 1358 5504 Elias
1389 5445 1509 5519 (III
1536 5446 1814 5519 Reg._xrx,
1846 5445 1900 5515 8)
1932 5443 2082 5519 hunc

491 5514 920 5577 sacratissimum
1019 5514 1309 5576 numerum
1387 5514 1766 5583 Observando,
1851 5516 2079 5586 gratiam

564 5659 826 5740 (5)“Rom.
861 5659 994 5716 edit.
1033 5662 1169 5728 sola,
1191 5659 1429 5732 famulus
1456 5659 1568 5729 ejus
1597 5659 1820 5716 Elius...
1849 5662 2082 5730 gratiam

489 5745 540 5784 m
604 5737 700 5784 ait.

541 5746 650 5874 ⁸ἷῖ)
683 5802 890 5859 Omnes
945 5802 1105 5869 cdit.,
1134 5803 1313 5860 omnia
1353 5809 1726 5860 creaturarum
1754 5803 1884 5860 vitia
1912 5804 2076 5870 ;ood.

1413 4689 1554 4760 forte
1599 4684 1848 4755 conjiciat
1892 4684 2090 4753 aliquis
2121 4684 2168 4705 υ
2197 4695 2279 4743 est
2306 4686 2589 4757 meritum,
2639 4696 2703 4745 ut
2746 4689 3091 4746 orationibus
3133 4705 3322 4745 eorum
3353 4695 3447 4745 aut
3493 4688 3792 4745 innovatur

2195 4777 2457 4846 mundus,
2488 4787 2583 4836 aut
2611 4779 2807 4837 fratres
2830 4779 3012 4836 denuo
3041 4787 3417 4836 renascantur.

2264 4866 2715 4926 LBeserandum
2762 4869 2933 4942 igitur
2968 4868 3410 4943 competentibus
3457 4868 3661 4925 nostris
3706 4878 3791 4926 est

2129 5011 2148 5028 ,
2195 4957 2418 5028 coelum,
2475 4959 2737 5032 quoniam
2767 4960 2949 5018 adhuc
2997 4961 3243 5017 clausum
3291 4966 3373 5015 est
3427 4959 3571 5031 apud
3625 4959 3784 5028 illos;

2193 5046 2443 5104 clausum
2474 5055 2556 5104 est
2591 5049 2738 5104 enim
2768 5051 2966 5106 coelum
2997 5050 3131 5118 illis,
3164 5049 3424 5124 quoniam
3457 5050 3786 5123 mysterium

2193 5136 2443 5195 nondum
2498 5138 2790 5210 pervident
2851 5139 3160 5197 Trinitatis.
3217 5140 3416 5197 Clauso
3475 5139 3624 5196 enim
3677 5139 3785 5197 sibi

2191 5229 2353 5298 calo,
2427 5245 2591 5303 super
2643 5231 2842 5287 coelum
2900 5231 3034 5304 quid
3089 5240 3278 5302 agatur
3329 5232 3619 5304 ignorant:
3683 5247 3785 5290 nec

2191 5321 2330 5378 scire
2372 5329 2602 5395 possunt
2647 5339 2770 5396 qua
2814 5323 2886 5378 sit
2935 5321 3066 5378 Filii
3110 5321 3390 5395 Patrisque
3437 5322 3779 5391 substantia;

2192 5412 2298 5468 nisi
2352 5413 2503 5485 prius
2563 5413 2754 5470 mundi
2807 5413 3074 5468 elementa
3123 5414 3580 5470 transcenderint.
3626 5414 3783 5468 Tunc

2190 5505 2336 5560 enim
2377 5505 2577 5578 poterit
2601 5506 2724 5580 quis
2757 5503 3041 5561 Trinitatis
3079 5503 3316 5576 aspicere
3346 5505 3540 5563 divina
3581 5513 3783 5579 myste-

2189 5661 2361 5733 Lugd.
2386 5668 2441 5716 et
2453 5661 2728 5733 Valliscl.,
2749 5661 2893 5718 omni
2901 5679 3004 5729 um,
3030 5669 3134 5719 etc.

2261 5731 2344 5805 (⁷7)
2376 5731 2561 5792 Codex
2582 5732 3033 5803 Valliscl.,i—mber
3059 5735 3292 5792 mandet.
