3972 6378
173 394 292 455 693

999 386 1367 448 SERMONES
1405 387 1459 443 S.
1503 383 1858 442 AMBROSIO
1896 381 2269 441 HACTENUS
2309 379 2649 436 ASCRIPTI.

3377 373 3486 432 694

176 519 290 587 ria,
339 533 466 574 cum
497 518 664 575 caalos
691 530 790 572 sua
841 513 1047 569 virtute
1075 510 1331 567 habuerit
1376 517 1610 582 apertos,
1641 509 1786 566 sicut
1815 512 1865 573 Α
1891 502 2247 570 aromatibus,
2301 501 2356 557 id
2388 510 2490 571 est,
2529 517 2655 558 cum
2704 499 2871 556 odore
2931 498 3203 554 bonorum
3240 514 3490 572 operum,

176 607 381 665 beatus
434 606 745 679 Stephanus
801 611 1014 677 martyr
1041 601 1306 658 reseravit
1361 599 1466 656 sibi
1523 599 1791 672 martyrio

176 713 288 754 suo
318 697 507 765 caelos,
570 704 625 753 et
677 702 912 752 stantem
970 691 1113 748 vidit
1161 691 1229 748 ad
1275 689 1453 746 Patris
1507 689 1791 745 dexteram

178 785 554 854 Salvatorem,
585 783 886 841 secundum
926 781 1073 854 quod
1102 781 1217 852 ipse
1245 779 1323 836 ait
1349 798 1360 836 :
1409 802 1427 827 ι
1465 781 1606 836 Ecce
1630 778 1792 835 video

179 877 359 935 cmlos
387 882 624 948 apertos,
683 882 738 930 et
769 880 1005 930 stantem
1036 873 1222 928 Jesum
1277 872 1347 928 ad
1376 870 1664 927 dexteram
1692 869 1792 927 Dei

185 965 339 1036 (Act.
374 981 477 1032 vn,
533 964 649 1035 55).
684 985 702 1010 ι
746 963 888 1034 Ergo
918 961 1009 1019 cui
1049 961 1222 1017 clausi
1259 968 1390 1016 sunt
1441 960 1585 1028 coeli,
1619 976 1793 1032 agen-

183 1051 326 1108 dum
357 1059 438 1107 est
465 1057 528 1106 ut
585 1049 902 1121 aperiantur
942 1049 1047 1117 illi,
1113 1057 1381 1122 quatenus
1409 1064 1573 1120 super
1626 1047 1794 1104 cmlos

183 1139 475 1199 Christum
507 1139 677 1213 possit
706 1139 976 1212 aspicere;
1031 1156 1156 1196 nam
1191 1139 1436 1212 quandiu
1464 1138 1634 1195 clausi
1665 1143 1794 1193 sunt

186 1228 433 1296 homini,
465 1229 746 1289 Christum
779 1247 889 1286 non
921 1236 1098 1302 potest
1126 1229 1312 1284 videre
1342 1237 1678 1300 regnantem.

263 1321 320 1377 5.
364 1318 836 1388 Quemadmodum
879 1326 1065 1376 autem
1113 1319 1288 1375 clausi
1330 1318 1457 1374 coeli
1510 1314 1791 1388 aperiendi

187 1409 329 1478 sint,
359 1408 639 1482 inquirere
667 1425 766 1465 nos
801 1416 1036 1482 oportet.
1094 1408 1233 1464 Puto
1279 1415 1460 1463 autem
1510 1406 1668 1462 aliter
1702 1420 1794 1460 eos

192 1499 404 1573 aperiri
433 1515 544 1555 non
565 1513 742 1571 posse,
776 1499 883 1555 nisi
900 1500 1084 1556 claves
1111 1498 1260 1553 Petri
1290 1496 1523 1568 apostoli
1552 1511 1794 1568 sumpse-

190 1591 392 1659 rimus,
457 1605 592 1664 quas
620 1589 860 1647 Domino
919 1588 1183 1661 largiente
1213 1587 1472 1658 suscepit,
1512 1585 1654 1642 sicut
1681 1586 1794 1656 ipse

191 1679 379 1736 dixit:
453 1703 472 1730 ι
503 1679 627 1736 Tibi
655 1679 796 1736 dabo
845 1679 1026 1735 claves
1053 1677 1206 1748 regni
1245 1677 1507 1732 caelorum
1565 1676 1783 1745 (Matth.

190 1785 316 1838 xvr,
351 1769 464 1841 18).
495 1791 515 1818 ι
587 1769 704 1824 Iino
761 1783 1016 1840 rogemus
1073 1767 1317 1833 Petrum,
1351 1774 1413 1820 ut
1462 1764 1576 1836 ipse
1635 1762 1794 1819 nobis

191 1866 460 1932 tanquam
486 1859 666 1915 bonus
705 1857 914 1928 janitor
942 1855 1104 1928 regias
1143 1854 1374 1911 caelestis
1400 1853 1624 1926 aperiat.
1664 1853 1794 1920 Qua:

189 1957 382 2004 autem
425 1947 529 2003 ista
580 1945 752 2003 clavis
779 1945 871 2013 sit,
931 1943 1252 2016 diligentius
1282 1941 1647 2016 requiramus.
1680 1941 1798 1998 Cla-

193 2051 326 2091 vem
381 2035 549 2103 Petri,
612 2034 778 2091 ﬁdem
837 2049 952 2089 esse
1010 2031 1250 2088 dixerim
1289 2032 1457 2100 Petri,
1510 2047 1796 2103 perquam

192 2126 367 2183 ccelos
401 2123 634 2198 aperuit,
695 2121 1002 2195 penetravit
1054 2121 1270 2177 inferna
1324 2137 1569 2188 securus,
1627 2119 1801 2176 maria

195 2213 439 2272 calcavit
491 2212 824 2284 intrepidus.
884 2211 1059 2267 Tanta
1111 2211 1260 2266 enim
1321 2209 1635 2282 apostolicae
1670 2209 1799 2264 fidei

198 2303 380 2360 virtus
408 2312 510 2371 est,
537 2310 600 2358 ut
637 2309 835 2359 cuncta
863 2299 948 2356 illi
980 2301 1250 2356 elementa
1283 2306 1524 2371 pateant,
1561 2297 1667 2356 hoc
1697 2307 1796 2364 est,

200 2411 314 2451 non
372 2393 456 2448 illi
503 2390 763 2464 angelicas
819 2387 1149 2445 claudantur
1196 2387 1398 2460 januaa,
1464 2404 1574 2443 non
1630 2397 1800 2460 porta).

202 2481 536 2556 praevaleant
579 2477 791 2546 tartari,
820 2493 930 2533 non
960 2493 1225 2550 aquarum
1257 2477 1462 2534 ﬂuenta
1491 2476 1796 2534 subsidant.

277 2572 328 2628 6.
363 2572 471 2628 Ista
517 2577 700 2626 autem
759 2568 876 2641 ipsa
905 2569 1096 2637 clavis,
1147 2584 1308 2641 quam
1344 2567 1508 2624 ﬁdem
1539 2568 1800 2634 dicimus,

205 2661 492 2718 videamus
547 2657 1012 2732 quemadmodum
1070 2667 1304 2726 constet,
1356 2667 1411 2714 et
1450 2657 1799 2730 quemadmo-

203 2750 338 2807 dum
392 2748 624 2806 solidata
677 2747 770 2806 sit.
820 2746 1076 2803 Arbitror
1140 2747 1292 2802 illam
1325 2746 1615 2803 duodecim
1672 2745 1799 2802 arti-

209 2839 377 2896 ﬁcum
412 2837 730 2912 operatione
788 2837 1120 2903 conﬂatam;
1171 2834 1461 2892 duodecim
1496 2835 1643 2891 enim
1675 2851 1798 2907 apo-

205 2930 478 2987 stolorum
522 2928 777 3001 symbolo
829 2927 965 2983 ﬁdes
1012 2933 1200 2984 sancta
1260 2933 1522 2998 concepta
1558 2934 1658 2994 est,
1704 2924 1800 2996 qui

206 3020 361 3076 velut
389 3017 552 3092 periti
581 3017 820 3074 artiﬁces
850 3017 907 3072 in
938 3033 1109 3073 unum
1143 3016 1554 3085 convenientes,
1588 3016 1798 3073 clavem

204 3126 308 3167 suo
354 3107 589 3168 consilio
638 3106 1040 3165 conﬂaverant.
1065 3106 1290 3165 Clavem
1322 3106 1470 3162 enim
1500 3103 1797 3180 quamdam

207 3203 393 3275 ipsum
458 3197 775 3272 symbolum
826 3197 1086 3266 dixerim,
1117 3213 1212 3270 per
1285 3196 1432 3270 quod
1488 3201 1798 3252 reserantur

201 3290 411 3349 diaboli
445 3289 708 3357 tenebrae,
738 3295 800 3344 ut
834 3288 933 3343 lux
964 3286 1170 3344 Christi
1200 3286 1494 3343 adveniat:
1541 3285 1793 3358 aperiun-

195 3389 292 3438 tur
320 3378 674 3437 couscientiae
703 3377 886 3434 clausa
929 3384 1169 3448 peccata,
1204 3383 1265 3431 ut
1286 3375 1520 3448 justitias
1549 3375 1795 3446 fulgeant

194 3485 365 3542 opera
414 3467 724 3524 manifesta.
775 3466 950 3538 Igitur
996 3465 1112 3522 haec
1141 3465 1312 3522 clavis
1351 3462 1689 3520 ostendenda
1714 3469 1795 3517 est

196 3559 469 3616 fratribus
517 3557 755 3622 nostris;
816 3563 878 3610 ut
919 3561 972 3610 et
1031 3554 1136 3626 ipsi
1201 3563 1463 3626 tanquam
1534 3549 1792 3624 discipuli

196 3646 348 3703 Petri
411 3645 628 3701 inferna
695 3641 803 3698 sibi
849 3655 1108 3708 reserare,
1175 3639 1344 3696 ceelos
1409 3637 1620 3710 aperire
1667 3652 1794 3693 con-

198 3741 476 3791 suescant.

629 3849 777 3908 436
826 3841 1059 3899 SERMO
1108 3839 1370 3898 XXXIV.

603 3942 893 4000 Dominica
947 3941 1404 3999 Hesurrectionis.

202 4055 360 4113 Hunc
389 4068 696 4120 sermonem,
719 4069 835 4107 cum
863 4051 1052 4106 deesset
1095 4051 1153 4104 in
1190 4047 1427 4118 antiquis
1457 4047 1794 4116 editionibus,

272 4127 513 4183 Romana
558 4124 652 4178 sub
683 4119 781 4178 hoc
805 4124 956 4178 titulo
977 4122 1262 4192 evulgavit.
1286 4123 1361 4177 Et
1383 4137 1442 4174 re
1460 4119 1655 4192 prima,
1673 4137 1798 4192 vera

278 4197 334 4276 ill
376 4196 492 4276 ilio.
516 4196 759 4276 quwdam
801 4191 1138 4276 (imponantur
1163 4195 1234 4276 ad
1263 4191 1612 4276 Evangeliu‘m
1640 4191 1798 4276 tmjus

277 4263 566 4324 Dominica:
597 4263 948 4336 pertinentia:
973 4267 1061 4320 sed
1087 4267 1227 4334 quod
1257 4263 1490 4318 eumdem
1529 4263 1800 4336 Ambrosii

279 4337 486 4392 nomine
541 4335 852 4406 inscript-um
898 4337 1150 4403 exhibuit,
1209 4336 1267 4390 id
1313 4352 1438 4389 sane
1483 4335 1801 4390 reclamante

281 4407 449 4461 sancti
468 4407 653 4463 Patris
677 4409 811 4477 style
839 4413 886 4461 et
906 4407 1108 4476 ingenio
1127 4407 1267 4476 fecit.

286 4480 333 4534 1.
376 4477 644 4546 Audistis,
695 4475 910 4546 fratres,
945 4475 1091 4550 quod
1129 4475 1343 4534 sanctae
1378 4475 1657 4542 mulieres,
1679 4494 1800 4551 quae

1900 601 1954 650 et
1979 591 2283 648 virtutibus
2309 590 2493 646 referti
2534 589 2832 646 Dominum
2863 603 3193 662 quaeramus.

1972 701 2026 759 2.
2059 701 2198 758 Sunt
2226 710 2432 769 autem,
2455 699 2788 768 charissimi,
2820 697 3077 754 nonnulli
3111 697 3204 770 qui
3236 695 3495 754 videntur

1901 791 2201 849 Dominum
2225 807 2464 864 quaerere
2491 808 2504 859 ;
2559 789 2650 846 sed
2683 789 2813 862 quia
2841 787 3004 845 otiosi
3061 794 3210 855 sunt,
3242 796 3295 843 et
3325 804 3355 842 a
3382 785 3490 842 vir-

1901 879 2115 936 tutibus
2163 879 2352 947 alieni,
2402 879 2563 934 illum
2609 894 2720 934 non
2757 885 3038 934 merentur
3087 876 3357 943 invenire,
3394 891 3496 931 nec

1903 968 2194 1025 inventum
2251 968 2457 1023 videre.
2533 967 2780 1040 Denique
2837 966 2971 1039 quid
3021 965 3336 1038 quaerebant
3386 964 3496 1019 illas

1901 1065 2103 1114 sancta:
2135 1057 2392 1114 mulieres
2424 1056 2479 1111 in
2512 1063 2890 1123 monumento,
2921 1055 3027 1110 nisi
3049 1071 3244 1126 corpus
3275 1053 3496 1110 Domini

1901 1147 2028 1202 Jesu
2051 1147 2078 1203 ?
2107 1148 2177 1202 Et
2207 1163 2305 1202 vos
2337 1145 2470 1218 quid
2504 1145 2750 1217 quaeritis
2783 1143 2840 1199 in
2878 1144 3124 1199 Ecclesia
3154 1143 3258 1198 nisi
3289 1143 3494 1210 Jesum,

1902 1234 1960 1291 id
2003 1243 2104 1303 est,
2137 1236 2474 1292 Salvatorem
2493 1236 2521 1291 ?
2566 1234 2671 1291 Sed
2701 1235 2748 1290 si
2800 1233 3004 1305 cupitis
3033 1234 3192 1288 illum
3222 1231 3494 1298 invenire,

1904 1331 2026 1379 orto
2057 1325 2191 1392 sole,
2223 1332 2285 1379 ut
2313 1323 2428 1379 ista:
2488 1323 2770 1390 mulieres,
2800 1320 3068 1389 venite,id
3115 1328 3215 1388 est,
3250 1335 3358 1375 non
3387 1320 3499 1374 sint

1903 1411 1961 1467 in
2012 1412 2271 1467 cordibus
2331 1411 2527 1467 vestris
2583 1411 2820 1467 tenebrae
2887 1411 3150 1467 vitiorum
3193 1427 3206 1476 ;
3261 1407 3499 1465 carnalia

1903 1501 2053 1556 enim
2108 1500 2400 1568 desideria,
2456 1508 2510 1555 et
2564 1501 2707 1555 mala
2752 1516 2917 1571 opera
2961 1498 3200 1555 tenebrae
3238 1505 3385 1554 sunt.
3435 1497 3500 1552 In

1905 1603 2137 1660 quorum
2195 1604 2325 1644 vero
2398 1587 2656 1644 cordibus
2719 1589 2856 1644 tales
2905 1587 3141 1644 tenebrae
3189 1595 3336 1655 sunt,
3389 1601 3499 1642 non

1905 1677 2098 1734 vident
2163 1679 2361 1747 lucem,
2431 1693 2542 1732 non
2614 1677 2936 1749 intelligunt
2988 1676 3318 1742 Christum;
3370 1676 3501 1749 quia

1905 1766 2158 1826 Christus
2195 1768 2292 1822 lux
2340 1773 2442 1823 est.
2479 1766 2745 1838 Repellite
2791 1766 2962 1836 igitur
2996 1782 3027 1820 a
3074 1765 3253 1834 vobis,
3283 1765 3497 1833 fratres,

1829 1857 2182 1938 Bteuebras,
2236 1855 2293 1911 id
2351 1863 2450 1923 est,
2486 1869 2678 1910 omnes
2727 1853 3140 1922 delectationes,
3199 1861 3253 1910 et
3315 1852 3501 1909 omnia

1908 1963 2074 2020 opera
2131 1945 2292 2012 mala,
2324 1952 2378 2000 et
2423 1951 2610 2000 curate
2669 1942 2867 1998 habere
2922 1949 3188 2012 aromata,
3243 1942 3348 1999 hoc
3396 1950 3497 2010 est,

1908 2034 2217 2092 orationem
2248 2031 2534 2100 mundam,
2557 2030 2938 2088 dicentescum
2970 2031 3291 2088 Psalmista:
3321 2054 3338 2079 ι
3357 2030 3499 2088 Diri-

1910 2132 2088 2197 gatur,
2150 2122 2404 2190 Domine,
2465 2121 2641 2176 oratio
2696 2136 2835 2190 mea,
2892 2121 3036 2178 sicut
3097 2121 3384 2179 incensum
3442 2120 3499 2178 in

1909 2220 2206 2285 conspectu
2237 2221 2332 2268 tuo
2364 2211 2540 2284 (Psat.
2581 2225 2706 2278 ch,
2730 2209 2809 2282 2).
2842 2232 2860 2256 ι

1982 2318 2034 2376 3.
2066 2317 2352 2374 Attendite
2398 2317 2621 2389 insuper
2665 2315 2811 2390 quod
2853 2315 3121 2385 audistis;
3150 2333 3347 2391 nempe
3375 2317 3499 2374 Ma-

1910 2407 1992 2464 ria
2018 2407 2355 2479 Magdalena,
2407 2407 2535 2480 quia
2589 2405 2984 2479 perseverando
3041 2405 3109 2462 ad
3165 2423 3502 2464 monumen-

1908 2502 2048 2566 tum,
2078 2513 2241 2570 quem
2272 2495 2569 2569 quasrebat,
2600 2495 2852 2562 invenit;
2903 2495 3162 2567 quoniam
3206 2517 3224 2542 ι
3245 2495 3339 2568 qui
3369 2512 3502 2570 per—

1909 2585 2243 2642 severaverit
2294 2601 2467 2658 usque
2499 2585 2554 2640 in
2585 2585 2772 2652 ﬁnem,
2821 2583 2912 2640 hic
2935 2587 3121 2640 salvus
3150 2585 3254 2642 erit
3286 2587 3497 2658 (Matth.

1909 2693 1968 2742 x,
1999 2677 2114 2747 22).
2150 2699 2167 2722 ι
2213 2674 2366 2730 Unde
2396 2674 2539 2730 sicut
2570 2689 2786 2731 necesse
2816 2681 2897 2729 est
2925 2681 2987 2730 ut
3016 2675 3224 2731 malum
3281 2691 3312 2729 a
3342 2674 3502 2730 vobis

1909 2765 2186 2837 repellatis
2225 2782 2238 2831 ;
2276 2763 2352 2819 ita
2389 2763 2610 2836 expedit
2655 2763 2883 2819 omnino
2923 2771 2984 2819 ut
3013 2763 3071 2819 in
3121 2764 3290 2833 bono,
3353 2762 3503 2838 quod

1903 2855 2017 2929 jam
2067 2853 2389 2922 inchoastis,
2435 2853 2748 2908 ﬁrmissime
2796 2854 3172 2924 perseveretis,
3213 2853 3259 2910 si
3302 2853 3504 2910 Domi-

1909 2959 2043 3000 num
2074 2943 2260 2998 videre
2291 2950 2344 2998 et
2390 2940 2459 2997 ad
2510 2941 3049 3014 coelestem'patriam
3077 2943 3364 3014 pervenire
3396 2941 3503 2999 de-

1910 3032 2182 3088 sideratis.

1980 3131 2034 3187 li.
2098 3130 2345 3203 Denique
2424 3127 2554 3202 quia
2623 3135 2872 3184 sanctum
2930 3127 3138 3184 Pascha
3195 3127 3500 3198 celebratis,

1831 3245 1876 3307 α
1909 3221 2113 3280 debitis
2160 3219 2321 3288 scire,
2353 3217 2570 3307 fratres,
2602 3216 2738 3289 quid
2769 3216 2842 3272 sit
2870 3216 3094 3273 Pascha.
3127 3216 3335 3274 Pascha
3367 3233 3498 3274 vero

1905 3310 2171 3368 transitus
2213 3307 2453 3374 dicitur;
2513 3305 2635 3362 ideo
2683 3313 2867 3361 autem
2896 3306 2996 3360 tali
3035 3306 3261 3361 nomine
3305 3316 3500 3363 vocata

1906 3409 1987 3456 est
2035 3399 2140 3454 ista
2188 3396 2482 3463 festivitas,
2531 3394 2660 3466 quia
2718 3394 2776 3449 in
2833 3393 2951 3466 ipsa
2996 3395 3336 3450 transierunt
3391 3394 3497 3451 ﬁlii

1907 3488 2072 3547 Israel
2101 3503 2171 3543 ex
2218 3487 2480 3558 Egypto,
2523 3491 2578 3539 et
2607 3484 2722 3556 ipse
2765 3481 2940 3538 Filius
2987 3483 3087 3539 Dei
3134 3484 3397 3540 transivit
3427 3501 3497 3541 ex

1906 3578 2012 3634 hoc
2053 3574 2262 3632 mundo
2303 3574 2373 3630 ad
2423 3574 2659 3630 Patrem.
2684 3571 2891 3629 Verum
2921 3572 3056 3645 quid
3086 3573 3243 3628 vobis
3273 3573 3498 3646 prodest

1907 3668 2054 3742 quod
2107 3665 2316 3724 Pascha
2364 3663 2671 3732 celebretis,
2729 3663 2776 3719 si
2829 3679 2940 3719 non
2996 3663 3292 3720 imitamini
3350 3665 3498 3737 quod

1908 3758 2139 3816 colitis?
2193 3757 2298 3813 hoc
2353 3762 2453 3823 est,
2488 3755 2533 3811 si
2579 3769 2694 3810 non
2722 3753 2972 3809 transitis
3002 3752 3070 3809 ab
3122 3755 3383 3826 ASgypto,
3440 3753 3498 3810 id

1909 3857 2013 3916 est,
2043 3865 2075 3905 a
2129 3845 2372 3903 tenebris
2427 3843 2696 3900 vitiorum
2753 3841 2822 3898 ad
2853 3843 3030 3899 lucem
3064 3842 3355 3912 virtutum,
3389 3851 3443 3899 et
3469 3859 3502 3898 a

1909 3939 2104 3996 mundi
2130 3937 2298 4010 hujus
2327 3950 2511 3992 amore
2551 3933 2619 3990 ad
2648 3932 2981 3989 desiderium
3002 3933 3239 3990 caelestis
3267 3934 3500 4006 patriae?

1907 4031 2044 4087 Nam
2074 4037 2202 4084 sunt
2232 4026 2394 4083 multi
2449 4024 2546 4098 qui
2577 4023 2813 4097 gaudent
2864 4025 2922 4079 in
2952 4023 3057 4081 ista
3099 4024 3415 4094 festivitate,
3447 4032 3502 4081 et

1909 4121 2104 4178 colunt
2136 4119 2280 4175 hanc
2308 4115 2741 4183 solemnitatem;
2775 4122 2830 4170 et
2872 4122 3055 4170 tamen
3086 4115 3248 4181 male,
3279 4122 3332 4171 et
3356 4116 3501 4171 malo

1910 4226 2033 4277 suo,
2067 4208 2198 4283 quia
2224 4223 2335 4263 non
2363 4204 2704 4261 transierunt
2723 4219 2792 4259 ex
2809 4203 2914 4260 hoc
2943 4203 3151 4261 mundo
3169 4204 3235 4260 ad
3265 4205 3500 4272 Patrem,

1911 4297 1969 4355 id
2025 4305 2126 4366 est,
2185 4312 2296 4352 non
2345 4300 2633 4350 transeunt
2691 4309 2722 4348 a
2769 4292 2965 4348 mundi
3015 4294 3337 4366 cupiditate,
3371 4301 3424 4349 et
3474 4311 3506 4349 a

1911 4387 2118 4444 carnali
2178 4384 2544 4442 delectatione
2569 4383 2637 4440 ad
2666 4381 2904 4439 caelestis
2937 4382 3126 4454 patria:
3157 4398 3424 4438 amorem.
3458 4383 3502 4438 Ο

1913 4478 2100 4534 miseri
2132 4474 2454 4543 Christiani,
2485 4472 2580 4546 qui
2630 4473 2688 4528 in
2721 4473 2963 4544 Egypto
2990 4479 3138 4539 sunt,
3189 4472 3246 4529 id
3275 4479 3376 4540 est,
3402 4471 3504 4528 sub

205 4613 335 4654 cum
381 4591 718 4651 aromatibus
746 4592 814 4649 ad
843 4601 1264 4649 monumentum
1286 4609 1504 4662 venere,
1545 4594 1800 4666 angelum
1833 4607 1882 4666 1)
1912 4575 2178 4642 Ροῖθδῖδίθ
2220 4565 2460 4666 (“abem
2483 4572 2537 4620 et
2565 4561 2804 4666 83“?th
2831 4562 2891 4666 ίξλ
2923 4563 3108 4666 magis”
3130 4562 3504 4666 M‘Of‘eoflu‘f“

207 4684 502 4750 viderunt;
559 4682 743 4756 inquit
778 4683 966 4738 enim:
1001 4703 1020 4730 ι
1049 4683 1120 4739 Et
1157 4681 1462 4740 intreuntes
1511 4682 1570 4739 in
1610 4699 1803 4738 monu-

211 4782 458 4832 mentum
514 4772 773 4830 viderunt
822 4773 1084 4846 juvenem
1151 4773 1430 4829 sedentem
1479 4772 1534 4828 in
1595 4771 1808 4828 dextris

213 4866 409 4936 (Marc.
435 4879 556 4931 xvr,
589 4863 669 4934 2).
694 4886 713 4909 ι
783 4861 918 4929 Quis
944 4878 1075 4917 vero
1116 4859 1340 4933 juvenis
1370 4861 1472 4918 iste
1504 4861 1693 4931 fuerit,
1742 4879 1807 4918 ne

210 4952 542 5026 ambiguitas
571 4958 625 5009 te
653 4951 974 5020 offenderet,
1008 4952 1150 5008 alius
1180 4951 1516 5025 evangelista
1545 4952 1766 5025 scripsit
1792 4973 1802 5009 :

226 5068 244 5091 ι
277 5045 518 5118 Angelus
568 5041 717 5097 enim
755 5041 980 5098 Domini
1019 5040 1304 5098 descendit
1350 5041 1417 5098 de
1447 5042 1609 5110 coelo,
1632 5050 1686 5097 et
1724 5059 1808 5101 ac-

213 5135 411 5193 cedens
483 5132 723 5190 revolvit
782 5131 1040 5205 lapidem,
1089 5139 1144 5187 et
1199 5131 1419 5188 sedebat
1467 5148 1629 5205 super
1684 5149 1808 5188 eum

217 5225 432 5295 (Matth.
490 5238 695 5291 xxvm,
733 5221 815 5293 2).
841 5246 859 5268 ι
936 5220 1106 5276 Maria
1135 5236 1266 5276 vero
1321 5220 1658 5293 Magdalena,
1691 5239 1809 5295 qua

213 5313 420 5372 arctius
479 5311 741 5384 diligebat
795 5310 1000 5377 Iesum,
1067 5309 1196 5382 quia
1242 5308 1405 5380 juxta
1499 5312 1808 5382 sepulcrum

216 5401 608 5478 perseveravit,
656 5401 955 5459 Dominum
1005 5399 1186 5472 prima
1241 5401 1490 5458 omnium
1539 5402 1704 5470 vidit,
1759 5411 1813 5458 et

215 5493 478 5567 apostolis
508 5491 881 5550 annuntiavit.
917 5491 1103 5564 Inquit
1131 5490 1278 5547 enim
1309 5492 1547 5549 Joannes
1579 5507 1811 5562 evange-

219 5584 382 5651 lista;
431 5609 449 5632 ι
497 5584 665 5641 Venit
703 5582 874 5640 Maria
912 5581 1230 5656 Magdalena
1271 5582 1608 5639 annuntians
1635 5580 1814 5638 disci-

218 5675 396 5749 pulis:
448 5675 581 5732 Vidi
636 5675 956 5741 Dominum,
1015 5684 1071 5731 et
1118 5673 1236 5731 haec
1291 5673 1430 5730 mihi
1485 5672 1655 5741 dixit,
1705 5679 1810 5730 etc.

218 5758 400 5827 (Joan.
432 5785 533 5838 xx,
574 5767 687 5841 18).
723 5793 740 5816 ι
790 5767 892 5823 Per
922 5783 1042 5840 qua:
1092 5783 1194 5822 nos
1235 5781 1547 5832 monemur,
1600 5771 1660 5820 ut
1688 5780 1813 5822 cum

1914 4667 2135 4731 propter
2180 4673 2300 4723 vos,
2360 4655 2574 4721 fratres,
2623 4659 2685 4707 ut
2713 4650 2920 4707 Pascha
2963 4651 3068 4706 rite
3105 4649 3413 4718 celebretis,
3445 4648 3506 4706 id

1915 4757 2016 4816 est,
2040 4747 2338 4804 transitum
2370 4741 2602 4800 faciatis.
2652 4740 2979 4811 Quicunque
3017 4739 3148 4794 mali
3179 4739 3325 4796 hanc
3353 4737 3506 4794 festi-

1914 4839 2138 4896 vitatem
2169 4834 2475 4902 celebratis,
2534 4831 2763 4888 transite
2801 4830 2868 4886 de
2924 4828 3080 4884 vitiis
3111 4828 3180 4884 ad
3214 4827 3448 4893 virtutes
3481 4843 3496 4882 :

1919 4929 2235 5002 quicunque
2284 4940 2415 4980 vero
2473 4922 2629 4987 boni,
2694 4919 2924 4976 transite
2969 4918 3037 4974 de
3079 4917 3382 4976 virtutibus
3438 4916 3508 4974 ad

1920 5018 2193 5082 virtutes;
2235 5021 2288 5070 et
2340 5013 2417 5068 ita
2461 5019 2523 5067 ut
2573 5009 2760 5066 nullus
2801 5015 3078 5064 remaneat
3107 5007 3164 5063 in
3193 5006 3371 5076 vobis,
3413 5005 3509 5078 qui

1920 5108 2213 5165 transitum
2241 5119 2350 5158 non
2377 5099 2559 5158 faciat.

1989 5217 2043 5272 5.
2089 5216 2161 5270 Et
2207 5212 2351 5268 sicut
2394 5207 2566 5265 Judaei
2631 5205 2850 5280 quando
2892 5206 3099 5264 Pascha
3142 5204 3508 5272 celebrabant,

1921 5314 2129 5379 septem
2175 5302 2294 5358 dies
2326 5316 2518 5373 azyma
2554 5298 2956 5357 comedebant:
3009 5297 3083 5352 ita
3110 5297 3290 5351 omnis
3341 5295 3512 5351 Chri-

1921 5397 2154 5460 stianus,
2200 5392 2294 5466 qui
2364 5391 2483 5447 veri
2531 5389 2696 5462 Agni,
2765 5388 2823 5445 id
2863 5396 2964 5454 est,
3011 5385 3238 5453 Christi,
3286 5401 3510 5441 carnem

1921 5487 2181 5554 comedit,
2241 5501 2337 5558 per
2396 5499 2557 5539 omne
2595 5490 2814 5554 tempus
2851 5479 2979 5533 vitai
3046 5493 3177 5543 suae,
3230 5475 3376 5548 quod
3419 5492 3516 5548 per

1922 5588 2128 5653 septem
2189 5576 2436 5633 volvitur
2509 5573 2646 5639 dies,
2702 5567 3028 5640 simpliciter
3085 5573 3139 5621 et
3194 5564 3517 5622 innocenter

1922 5670 2085 5728 debet
2126 5666 2461 5727 conversari.
2532 5662 2749 5727 Videte,
2809 5659 3028 5724 fratres,
3077 5654 3259 5714 videte
3297 5673 3364 5724 ne
3397 5656 3516 5713 fer-

1925 5770 2171 5819 mentum
2204 5766 2362 5816 vetus
2391 5757 2463 5815 sit
2491 5755 2636 5830 apud
2666 5772 2786 5824 vos,
2817 5754 2960 5812 sicut
2984 5758 3172 5808 monet
3199 5751 3516 5826 Apostolus,
