3972 6366
489 400 599 461 695

1507 398 1602 456 AD
1642 398 1876 456 OPERA
1913 398 1969 456 S.
2010 397 2344 458 AMBROSII
2381 399 2764 459 APPENDIX.

3687 395 3796 457 696

486 521 713 581 dicens:
773 547 792 570 ι
821 523 1136 597 Expurgate
1182 530 1341 582 vetus
1389 523 1721 582 fermentum
1773 525 1831 597 (Ι
1860 523 1990 580 Cor.
2023 541 2082 592 v,
2112 533 2163 594 Α
2193 525 2391 582 futurae
2421 541 2490 580 ex
2517 541 2572 581 se
2601 523 2790 597 stirpis
2818 523 3086 597 originem
3119 522 3469 597 propagavit;
3504 530 3567 580 ut
3593 521 3797 580 divina

487 614 569 688 7),
600 639 619 663 ι
663 613 722 672 id
747 623 850 684 est,
892 616 1095 673 veteris
1123 615 1368 674 hominis
1408 617 1903 675 conversationem.
1930 616 2084 674 Tunc

485 704 634 762 enim
656 704 810 762 eritis
838 706 956 763 veri
986 706 1308 776 Christiani,
1344 707 1389 764 si
1419 723 1581 763 omne
1611 706 1816 761 malum
1844 704 2082 762 declina-

486 799 700 870 veritis,
751 799 897 874 quod
945 800 1262 874 designatur
1299 817 1396 874 per
1437 809 1595 857 vetus
1644 801 1998 868 fermentum,
2030 806 2084 856 et

485 890 633 964 quod
661 889 717 947 in
746 889 1020 964 baptismo
1032 889 1382 963 promisistis,
1417 890 1656 947 ﬁdeliter
1675 889 2080 958 custodieritis,

487 980 636 1056 quod
695 979 809 1054 ipse
862 979 1021 1036 vobis
1049 979 1334 1049 concedat,
1384 980 1479 1053 qui
1509 979 1650 1035 vivit
1680 987 1734 1036 et
1760 988 1950 1055 regnat
1985 995 2082 1052 per

487 1068 708 1128 inﬁnita
735 1069 933 1128 saecula
958 1071 1313 1139 saeculorum,
1343 1070 1524 1126 amen.

944 1218 1090 1275 437
1121 1212 1355 1270 SERMO
1377 1212 1615 1268 XXXV.

907 1313 987 1369 De
1018 1310 1283 1385 mysterio
1329 1311 1548 1368 Paschaa
1579 1311 1647 1367 II.

480 1419 580 1476 Hic
631 1434 801 1474 sermo
848 1417 908 1474 in
958 1419 1197 1474 omnibus
1253 1417 1522 1476 Ambrosii
1573 1416 1701 1473 edit.
1757 1414 1850 1470 sub
1909 1413 2074 1470 libelli

555 1489 708 1546 titulo
759 1490 817 1545 in
862 1492 1024 1546 lucem
1058 1490 1278 1562 prodiit,
1347 1507 1482 1562 cum
1513 1497 1685 1544 tamen
1707 1486 2071 1562 *mauifestum

551 1562 624 1617 sit
674 1557 1073 1618 conciunculani
1097 1579 1220 1628 esse,
1277 1561 1406 1632 quia
1453 1560 1644 1631 festum
1695 1559 1972 1632 Paschatis
2010 1557 2072 1613 ob

551 1639 856 1704 reparatam
908 1633 1136 1688 hominis
1200 1631 1554 1688 innocentiam
1620 1638 1775 1702 atque
1847 1631 2073 1704 salutem

549 1701 654 1760 coli
709 1704 891 1759 debere
934 1705 1160 1760 ostendit
1184 1710 1390 1760 auctor.
1443 1704 1594 1772 Quod
1619 1701 1794 1759 autem
1842 1701 1924 1756 hic
1960 1717 2071 1772 au-

548 1781 661 1856 ctor
694 1775 1088 1901 :‘btgtmbrosio
1143 1776 1287 1832 alius
1313 1771 1498 1849 fuerit,
1533 1777 1871 1850 exploratum
1898 1771 2074 1827 reddit

549 1863 666 1901 msa
733 1865 777 1901 ιο
803 1864 872 1901 ιο.

549 1847 666 1918 ipsa
694 1847 872 1902 dictio.

548 1990 776 2050 CAPUT
797 1992 1088 2050 PRIMUM.
1117 1990 1486 2050 —I.Paschae
1517 1991 1841 2064 mysterium
1869 1987 1936 2046 de
1965 1988 2074 2045 ﬁde

477 2081 738 2138 omnibus
775 2082 1124 2140 credentibus
1167 2082 1228 2139 in
1265 2081 1486 2141 Christo
1533 2082 1758 2151 renatis,
1790 2080 2073 2138 recidiva-

477 2177 596 2227 tum
629 2171 710 2243 (8)
743 2171 871 2227 ﬁdei
919 2188 1116 2230 annua:
1146 2170 1426 2229 felicitatis
1460 2170 1720 2244 gaudium
1752 2178 1806 2226 et
1835 2169 2070 2242 gloriam

477 2260 774 2318 ministrat.
821 2261 976 2330 Quod
1022 2263 1243 2336 quidem
1284 2277 1499 2320 sacrum
1547 2277 1750 2318 nomen
1797 2260 1866 2316 ab
1896 2258 2072 2331 ipsius

475 2349 703 2407 Domini
733 2349 981 2423 passione
1008 2349 1322 2420 descendit;
1369 2349 1578 2406 Pascha
1605 2350 1753 2404 enim
1785 2347 1964 2421 passio
1989 2356 2072 2403 est

476 2439 795 2508 Salvatoris,
855 2441 998 2498 sicut
1025 2441 1218 2499 beatus
1263 2440 1562 2514 Apostolus
1591 2438 1767 2496 dicit:
1816 2461 1834 2485 ι
1865 2437 2071 2520 Pascha

476 2527 624 2585 enim
655 2537 904 2586 nostrum
935 2529 1252 2588 immolatus
1267 2540 1348 2588 est
1366 2529 1618 2589 Christus
1649 2530 1706 2600 (Ι
1719 2529 1845 2586 Cor.
1869 2545 1925 2596 v,
1951 2528 2054 2600 7).-

475 2625 563 2682 Ad
592 2625 696 2682 hoc
723 2625 870 2682 enim
895 2625 1198 2683 humanum
1213 2644 1412 2701 corpus
1441 2627 1692 2686 Christus
1713 2626 2069 2698 accipiens,se

477 2717 538 2774 in
589 2717 895 2790 passionem
958 2718 1178 2776 Pascha
1237 2717 1502 2792 mysterio
1569 2719 1949 2784 consecravit;
2007 2730 2070 2775 ut

475 2806 724 2879 quisquis
761 2805 928 2879 hujus
974 2808 1219 2865 muneris
1256 2825 1352 2881 per
1384 2807 1549 2864 ﬁdem
1593 2806 2068 2880 participationem

473 2905 615 2952 esset
645 2895 917 2970 indeptus,
936 2897 1214 2956 consortio
1245 2897 1548 2955 Dominicae
1564 2897 1844 2955 felicitatis
1869 2897 2068 2970 dignus

474 2988 672 3045 merito
704 2998 1034 3046 censeretur.

545 3094 773 3152 CAPUT
802 3095 872 3152 II.
895 3125 966 3135 —
997 3094 1049 3150 2.
1082 3094 1180 3150 Est
1199 3093 1347 3150 enim
1376 3091 1585 3150 Pascha
1613 3109 1741 3149 vere
1761 3093 1893 3148 anni
1918 3093 2067 3166 prin-

471 3184 701 3260 cipium,
743 3185 907 3259 primi
936 3184 1139 3240 mensis
1172 3183 1488 3252 exordium,
1514 3184 1734 3240 novella
1753 3185 2063 3256 germinum

2102 1911 2151 1974 B

2191 612 2297 669 hoc
2345 613 2465 670 loco
2521 621 2667 669 recte
2719 612 2989 669 sententia
3043 613 3450 683 compleretur:
3522 609 3796 667 «Invidia

2190 703 2397 758 diaboli
2452 719 2600 758 mors
2631 701 2886 758 introivit
2936 701 2992 756 in
3025 701 3211 760 orbem
3242 709 3507 756 terrarum
3535 701 3695 770 (Sap.
3727 716 3793 766 ιι,

2190 790 2347 864 24).»
2408 793 2488 848 Ita
2543 808 2638 864 per
2697 791 3041 848 occasionem
3121 790 3333 857 delicti,
3394 789 3452 844 in
3512 787 3797 845 universis

2189 881 2569 954 peccatoribus
2599 881 2855 938 diabolus
2875 880 3068 936 mortis
3099 889 3180 936 est
3211 880 3437 936 sortitus
3464 879 3794 952 imperium,

2187 983 2351 1049 atque
2381 993 2572 1032 omnes
2588 993 2618 1031 a
2639 977 2753 1031 Deo
2777 974 3079 1041 deviantes,
3105 973 3312 1046 peccati
3333 973 3558 1028 vinculo
3588 971 3794 1028 obstri-

2187 1074 2326 1134 ctos,
2357 1065 2660 1138 squalentis
2690 1064 2881 1120 tartari
2912 1065 3127 1120 clausos
3146 1062 3419 1133 ergastulo
3449 1061 3792 1133 possidebat.

2259 1155 2487 1214 CAPUT
2543 1156 2640 1212 IV.
2699 1186 2768 1196 —
2823 1155 2876 1210 4.
2948 1154 3193 1222 Quorum
3256 1153 3542 1208 interitum
3590 1153 3795 1208 dolens

2185 1244 2378 1302 divina
2431 1263 2682 1314 censura,
2715 1262 2826 1302 non
2883 1260 2978 1318 per
3031 1261 3249 1300 servum
3308 1252 3507 1311 vatem,
3557 1259 3659 1299 nec
3692 1257 3795 1314 per

2183 1337 2436 1408 angelum
2483 1334 2862 1390 invisibilem:
2917 1332 3009 1389 sed
3055 1333 3124 1389 ad
3157 1333 3262 1389 hoc
3289 1349 3386 1405 per
3417 1330 3791 1388 substantiam

2184 1421 2437 1478 humanae
2465 1423 2646 1478 carnis
2677 1421 2794 1494 (IO)
2837 1423 2894 1478 in
2927 1421 3159 1478 homine
3190 1424 3336 1478 Deus
3365 1421 3591 1478 veniens
3629 1418 3792 1476 habi-

2182 1511 2356 1578 tavit;
2424 1517 2487 1566 ut
2539 1511 2826 1567 honestam
2884 1510 3110 1566 vivendi
3165 1511 3397 1566 formam
3451 1508 3793 1564 mortalibus

2180 1597 2353 1667 daret,
2396 1609 2450 1656 et
2503 1599 2853 1672 temporariis
2910 1608 3170 1656 aeternam
3219 1599 3275 1656 in
3324 1616 3380 1656 se
3427 1597 3792 1654 credentibus

2179 1687 2352 1744 vitam
2414 1690 2667 1762 exemplo
2696 1706 2807 1745 suae
2856 1689 3051 1745 mortis
3089 1706 3152 1746 ac
3195 1688 3614 1745 resurrectionis
3645 1702 3792 1758 ape-

2178 1775 2333 1832 riret.
2365 1777 2436 1834 Ut
2464 1777 2612 1833 enim
2662 1777 3023 1834 incredulitas
3061 1785 3115 1834 et
3142 1777 3566 1833 simulacrorum
3597 1775 3788 1831 cultus

2178 1865 2301 1922 coeli
2332 1865 2542 1922 aditum
2571 1866 2878 1931 clauserat;
2933 1866 3010 1921 ita
3047 1865 3252 1921 inferni
3275 1865 3597 1921 barathrum
3631 1880 3788 1936 prae-

2180 1955 2504 2013 varicatoris
2541 1956 2769 2028 perﬁdia
2793 1964 3128 2029 procuraret.

2252 2045 2306 2101 5.
2362 2046 2424 2100 In
2483 2061 2715 2118 quorum
2793 2045 3083 2118 suppliciis
3130 2058 3302 2116 usque
3363 2043 3429 2099 ad
3477 2041 3786 2098 adventum

2181 2135 2481 2191 Salvatoris
2526 2135 2750 2190 Domini
2782 2136 2911 2191 Jesu
2943 2133 3153 2193 Christi
3205 2133 3458 2190 diabolus
3485 2149 3582 2205 per
3619 2149 3788 2188 mor-

2179 2232 2289 2282 tem
2346 2224 2614 2297 regnavit,
2672 2223 2848 2280 donec
2921 2223 3177 2279 humanae
3249 2222 3430 2280 carnis
3486 2220 3554 2276 ad
3599 2222 3784 2278 Deum

2179 2319 2538 2386 attemperata
2571 2311 2896 2381 substantia,
2959 2312 3374 2368 immaculatum
3406 2325 3604 2383 corpus
3633 2325 3787 2366 con—

2179 2405 2377 2464 ditioni
2435 2404 2628 2460 mortis
2659 2402 2893 2459 addixit.
2955 2403 3171 2474 Expers
3241 2401 3446 2474 peccati
3501 2399 3783 2468 Christus,

2178 2511 2302 2552 cum
2335 2493 2401 2550 ad
2453 2493 2647 2550 tartari
2710 2492 2822 2547 ima
2846 2490 3218 2558 descenderet,
3260 2507 3405 2546 seras
3439 2489 3643 2545 inferni
3677 2488 3785 2561 ja-

2177 2601 2420 2656 nuasque
2437 2583 2813 2655 confringens,
2830 2581 3046 2638 vinctas
3068 2587 3292 2653 peccato
3323 2580 3555 2648 animas,
3578 2579 3785 2634 mortis

2177 2675 2557 2732 dominatione
2585 2673 2882 2744 destructa,
2915 2690 2944 2730 e
2973 2673 3183 2730 diaboli
3211 2673 3463 2729 faucibus
3492 2673 3784 2729 revocavit

2181 2763 2249 2820 ad
2283 2763 2455 2818 vitam
2479 2780 2492 2830 ;
2517 2771 2679 2836 atque
2701 2763 2777 2818 ita
2806 2762 3033 2819 divinus
3056 2762 3371 2834 triumphus
3399 2761 3618 2818 azternis
3648 2761 3780 2817 cha-

2177 2852 2484 2909 racteribus
2542 2861 2623 2908 est
2655 2853 3020 2924 conscriptus,
3055 2853 3188 2909 dum
3246 2851 3418 2907 dicit:
3485 2874 3502 2897 ι
3534 2851 3638 2906 Ubi
3671 2857 3777 2916 est,

2177 2958 2345 3010 mors,
2405 2942 2627 2998 aculeus
2678 2943 2852 2998 tuus?
2908 2941 3004 2997 ubi
3043 2949 3142 3008 est,
3178 2957 3345 3008 mors,
3401 2939 3637 2995 victoria
3679 2946 3783 2994 tua

2179 3031 2236 3102 (Ι
2265 3032 2392 3088 Cor.
2424 3046 2524 3097 xv,
2557 3030 2650 3102 55)
2675 3030 2736 3086 ἳι

2246 3118 2298 3173 6.
2331 3118 2506 3185 Quam
2541 3117 2858 3174 felicitatem
2893 3125 3154 3188 reparatae
3176 3116 3372 3172 salutis
3401 3117 3603 3172 Paulus
3623 3133 3779 3174 reco-

2179 3209 2297 3263 lens
2353 3208 2585 3263 clamat:
2633 3205 2845 3263 «Sicuti
2878 3221 2972 3277 per
3031 3205 3205 3261 Adam
3259 3221 3404 3260 mors
3453 3203 3684 3260 intravit
3715 3204 3777 3259 in

471 3275 768 3368 reparatip,
799 3291 862 3331 3°
892 3281 1046 3368 iam
1072 3272 1272 3368 hiemis
1302 3282 1461 3368 [190m
1485 3274 1750 3368 discussa:
1783 3274 1948 3348 Primi
1978 3291 2066 3330 νθ·
2099 3273 2142 3334 C
2181 3296 2329 3353 hunc
2357 3295 2650 3363 mundum,
2683 3295 2759 3351 ita
2811 3303 2864 3350 et
2879 3272 2986 3368 per
3026 3294 3308 3352 Christum
3341 3295 3488 3350 salus
3517 3294 3779 3352 restituta

471 3364 554 3420 ris
603 3365 857 3422 restituta
904 3361 1250 3435 jucunditas.
1311 3363 1447 3429 Hoc,
1507 3365 1754 3437 inquam,
1824 3372 2070 3438 tempore

474 3454 784 3511 visibilium
833 3461 887 3510 et
933 3452 1302 3510 invisibilium
1372 3455 1627 3511 conditor
1673 3457 1846 3533 Deus,
1886 3454 2070 3511 deﬁxo

476 3542 642 3600 hamo
687 3543 768 3615 (9)
821 3541 946 3598 coeli
989 3543 1302 3601 machinam
1330 3544 1689 3617 suspendens,
1742 3545 1888 3601 idem
1937 3545 2070 3601 solis

473 3632 667 3688 ardore
713 3630 972 3700 radiavit,
1037 3633 1380 3705 splendorem
1438 3635 1581 3690 lunae
1627 3634 1824 3690 solatio
1891 3634 2070 3690 noctis

474 3720 748 3789 attribuit,
807 3721 1132 3794 pendentem
1161 3725 1286 3781 caeli
1332 3741 1600 3781 cameram
1661 3724 2066 3796 splendentium

475 3808 718 3865 siderum
781 3809 1062 3866 decoravit
1117 3819 1334 3881 ornatu,
1393 3829 1542 3869 mare
1602 3813 1768 3868 certis
1815 3815 2065 3870 littorum

476 3896 682 3954 ﬁnibus
747 3914 1024 3968 coercens,
1099 3916 1355 3958 concavae
1432 3917 1497 3958 ac
1551 3901 1837 3958 stridentis
1902 3903 2066 3958 undae

476 3994 669 4043 aestum
719 3995 890 4045 metas
926 3991 1117 4047 statuti
1154 3990 1350 4047 limitis
1393 3990 1559 4063 jussit
1601 3991 1749 4048 haud
1779 3993 2062 4049 excedere.

473 4077 546 4133 Et
574 4085 635 4132 ut
665 4078 826 4149 plana
856 4079 1050 4136 mundi
1082 4079 1249 4137 facies
1305 4083 1590 4137 oculorum
1616 4081 1832 4138 eminus
1852 4082 2064 4139 subtra-

475 4163 700 4222 heretur
749 4177 992 4240 aspectu,
1050 4170 1119 4225 ad
1178 4169 1282 4226 hoc
1335 4171 1394 4226 in
1449 4179 1706 4227 ornatum
1765 4171 2066 4228 mundialis

475 4254 697 4313 fabricae
747 4259 1023 4316 nemorosi
1064 4260 1234 4316 colles
1288 4269 1450 4334 atque
1513 4261 1716 4318 excelsi
1774 4261 2062 4318 constituti

473 4349 604 4398 sunt
661 4353 874 4402 montes
914 4363 928 4412 ;
1001 4354 1064 4401 ut
1120 4347 1316 4403 iterum
1373 4349 1698 4406 mortalibus
1746 4349 2064 4420 campestris

473 4442 698 4491 ornatus
720 4434 1022 4508 jucundior
1048 4437 1352 4496 adveniret.

542 4542 771 4600 CAPUT
801 4546 896 4602 III.
943 4575 1014 4587 —
1041 4546 1354 4620 3.1pseque
1409 4546 1576 4604 homo
1620 4547 1798 4604 divini
1853 4545 2062 4618 opiﬁcii

2179 3393 2260 3441 est
2289 3385 2497 3442 mundo
2531 3385 2694 3458 (Ibid.
2727 3384 2820 3456 22)
2849 3402 2861 3452 ;
2895 3406 2914 3432 ›
2958 3392 3011 3440 et
3041 3383 3275 3439 iterum:
3320 3405 3338 3429 ι
3359 3383 3576 3439 Primus
3601 3383 3778 3440 homo

2179 3475 2245 3531 de
2294 3485 2440 3532 terra
2486 3483 2757 3542 terrenus,
2814 3474 3087 3530 secundus
3139 3473 3304 3528 homo
3352 3473 3420 3530 de
3465 3474 3605 3530 coelo
3648 3489 3778 3530 cce-

2179 3565 2330 3621 lestis
2358 3565 2523 3636 (Ibid.
2562 3565 2679 3634 47).
2704 3589 2722 3612 ›
2775 3566 2847 3620 Et
2876 3563 3146 3635 adjiciens
3175 3563 3251 3619 ait
3281 3580 3291 3618 :
3342 3588 3360 3609 ι
3391 3564 3543 3620 Sicut
3573 3573 3776 3636 porta-

2177 3652 2362 3710 vimus
2407 3651 2703 3725 imaginem
2747 3652 2974 3721 terreni,
3010 3676 3028 3700 ι
3074 3651 3130 3708 id
3159 3659 3258 3720 est,
3290 3655 3494 3708 vetusti
3523 3652 3776 3708 hominis

2178 3741 2236 3797 in
2290 3741 2544 3810 crimine,
2620 3765 2638 3788 ε
2668 3741 2746 3797 sic
2814 3749 3097 3814 portemus
3160 3741 3453 3813 imaginem
3529 3741 3776 3798 caelestis

2179 3832 2342 3902 (Ibid.
2375 3831 2492 3903 49),
2521 3831 2617 3887 »ἰὰ
2669 3838 2770 3898 est,
2800 3831 3062 3902 suscepti,
3094 3830 3384 3902 redempti,
3419 3830 3674 3903 reparati;
3706 3847 3777 3888 ac

2177 3919 2452 3991 puriﬁcati
2531 3919 2775 3975 hominis
2831 3919 3059 3973 salutem
3100 3925 3383 3973 teneamus
3407 3919 3464 3972 in
3521 3918 3773 3988 Christo,

2176 4009 2306 4081 quia
2333 4008 2480 4064 idem
2511 4007 2628 4079 ipse
2659 4006 2957 4078 Apostolus
2981 4005 3087 4061 ait:
3136 4005 3400 4060 «Initium
3433 4005 3714 4075 Christus,
3739 4033 3760 4056 ι

2174 4095 2232 4152 id
2281 4103 2382 4162 est,
2429 4103 2621 4152 auctor
2650 4092 3068 4148 resurrectionis
3123 4099 3177 4147 et
3206 4091 3365 4157 vitas;
3427 4115 3446 4138 ι
3475 4091 3675 4149 deinde
3710 4095 3776 4152 hi

2173 4183 2380 4242 Christi
2435 4183 2598 4252 (Ibid.
2649 4181 2764 4251 23),
2800 4205 2820 4229 ι
2873 4181 2929 4236 id
2976 4189 3079 4250 est,
3129 4180 3223 4254 qui
3270 4181 3328 4236 in
3375 4181 3553 4237 forma
3598 4185 3775 4254 puri-

2171 4273 2299 4330 tatis
2351 4273 2470 4344 ejus
2527 4278 2672 4336 438
2729 4272 2998 4342 viventes,
3059 4272 3126 4329 de
3189 4288 3282 4345 spe
3347 4274 3773 4330 resurrectionis

2173 4369 2292 4441 ejus
2321 4369 2497 4427 securi
2531 4377 2714 4437 erunt,
2742 4387 2867 4427 cum
2921 4370 3040 4442 ipso
3069 4369 3307 4427 caelestis
3366 4369 3622 4441 promissi
3653 4372 3770 4444 glo-

2172 4457 2309 4514 riam
2369 4460 2692 4531 posscssuri,
2735 4459 2878 4516 sicut
2928 4460 3042 4533 ipse
3073 4461 3344 4517 Dominus
3373 4460 3430 4516 in
3461 4461 3770 4532 Evangelio

2172 4547 2286 4602 ait:
2350 4570 2369 4594 ι
2399 4547 2525 4616 Qui,
2557 4547 2759 4622 inquit,
2794 4564 2880 4603 me
2927 4558 3149 4606 secutus
3177 4549 3364 4618 fuerit,
3394 4565 3505 4604 non
3536 4550 3764 4622 peribit,

468 4634 788 4708 dignatione
844 4640 1114 4698 formatus
1151 4642 1239 4698 -ad
1297 4642 1403 4699 hoc
1459 4641 1734 4698 terrestris
1798 4648 2058 4698 creaturae
2097 4626 2145 4685 D
2170 4635 2264 4691 sed
2291 4636 2521 4693 transiet
2549 4637 2616 4694 de
2646 4646 2820 4694 morte
2857 4637 2927 4693 ad
2948 4637 3118 4693 vitam
3154 4639 3337 4710 (Joan.
3370 4656 3428 4708 ν,
3457 4639 3571 4710 24).
3597 4665 3615 4687 ι

467 4725 693 4784 effectus
745 4737 830 4786 est
887 4729 1167 4800 dominus,
1225 4739 1289 4787 ut
1343 4730 1550 4787 divinis
1615 4729 2058 4816 institutionibus

467 4827 684 4884 parens,
717 4814 835 4888 ejus
867 4824 1080 4874 tantum
1100 4825 1156 4874 et
1190 4819 1530 4874 voluntatem
1561 4814 1821 4886 servaret,
1879 4817 1974 4889 qui
2001 4834 2058 4874 se

468 4895 528 4951 in
557 4900 728 4957 tantis
783 4902 945 4960 rebus
981 4904 1270 4961 dominum
1335 4905 1668 4978 praefecisset
1723 4921 1793 4961 ex
1853 4904 2053 4962 nihilo.

465 4985 571 5053 Qui
602 4989 662 5044 in
691 4989 812 5062 ipso
842 4994 1071 5052 exordio
1103 5011 1215 5051 non
1250 4995 1488 5065 nescius,
1539 4995 1867 5068 depravatus
1897 4995 2058 5052 invi-

372 5139 376 5148 ,
465 5070 576 5141 dia,
608 5075 741 5133 dum
773 5082 1234 5151 superindultum
1267 5083 1364 5140 Dei
1395 5083 1678 5157 opiﬁcium
1727 5083 1882 5157 cupit
1911 5083 2050 5152 ﬁeri,

463 5162 612 5232 quod
664 5172 859 5222 natura
915 5185 1024 5226 non
1078 5171 1322 5240 dederat,
1375 5173 1559 5229 amisit
1606 5173 1855 5247 gratiam,
1890 5189 2052 5246 quam

461 5252 738 5312 Creatoris
767 5257 942 5329 pietas
996 5260 1321 5318 attribuerat
1355 5264 1508 5333 (Gen.
1542 5280 1625 5331 ιιι,
1657 5263 1714 5335 6)
1742 5281 1753 5319 :
1789 5264 2053 5320 continuo

460 5341 532 5396 ob
561 5347 1064 5418 concupiscentiam
1121 5350 1408 5407 diabolicae
1438 5352 1774 5423 deceptionis
1825 5362 2053 5410 senten-

458 5429 590 5488 tiam
615 5436 814 5493 mortis
903 5439 1290 5511 praevaricator
1378 5439 1708 5506 incurrens;
1742 5442 1908 5498 etiam
1982 5442 2049 5498 ad

529 5532 611 5602 (8)
643 5535 724 5608 Ita
750 5543 861 5592 vet.
896 5535 1029 5592 edit.
1061 5553 1129 5608 ac
1156 5536 1439 5608 mss.,nisi
1471 5537 1616 5608 quod
1648 5554 1746 5608 pro
1779 5539 2045 5594 recidiva-

456 5601 792 5679 tt_1m_,c_o_dex
822 5609 978 5679 Rom.
1031 5607 1179 5679 legit.
1216 5601 1563 5679 residuam-1n.
1604 5601 1674 5663 At
1718 5610 1874 5666 Rom.
1909 5611 2044 5666 edit.

454 5673 514 5728 ιδ
537 5673 600 5750 de
618 5675 719 5750 ﬁde
747 5677 960 5750 recidit,
992 5688 1046 5734 et
1079 5673 1279 5750 posuit,
1311 5679 1615 5750 recidivmn.

527 5745 610 5816 (9)
672 5746 794 5803 Vct.
831 5748 988 5817 edit.,
1022 5745 1199 5822 deﬁxa
1239 5745 1433 5816 humo;
1486 5749 1597 5806 duo
1653 5766 1807 5819 mss.,
1870 5750 2045 5823 deﬁxo

2239 4725 2288 4780 7.
2323 4725 2403 4780 Ita
2431 4724 2733 4782 Salvatoris
2764 4726 2963 4798 passio,
3014 4727 3143 4782 vitae
3172 4727 3426 4784 humanas
3465 4729 3611 4784 salus
3658 4737 3762 4784 est.

2164 4813 2252 4870 Ad
2279 4813 2383 4870 hoc
2413 4816 2560 4870 enim
2607 4833 2706 4888 pro
2745 4815 2904 4872 nobis
2938 4817 3078 4872 mori
3112 4817 3308 4885 voluit,
3339 4825 3400 4874 ut
3430 4834 3530 4873 nos
3552 4817 3608 4872 in
3635 4833 3762 4873 eum

2165 4903 2446 4961 credentes
2470 4916 2733 4979 perpetuo
2792 4907 3130 4963 viveremus.
3161 4907 3356 4964 Voluit
3386 4924 3484 4979 pro
3514 4915 3765 4980 tempore

2165 4991 2283 5048 ﬁeri
2314 4993 2463 5066 quod
2510 5011 2609 5051 nos
2632 5011 2840 5064 sumus,
2875 5003 2937 5050 ut
2980 5013 3079 5052 nos
3108 4997 3429 5053 aeternitatis
3477 4995 3595 5068 ejus
3621 5014 3762 5070 pro-

2165 5083 2481 5140 missionem
2517 5084 2749 5157 indepti,
2773 5102 2898 5142 cum
2919 5085 3114 5142 eodem
3145 5095 3405 5159 perpetuo
3422 5086 3757 5145 viveremus.

2233 5173 2461 5232 CAPUT
2490 5175 2559 5230 V.
2589 5205 2659 5216 —
2686 5176 2740 5232 8.
2766 5176 2911 5244 Haec,
2941 5175 3185 5249 inquam,
3233 5176 3326 5232 illa
3358 5185 3439 5233 est
3452 5177 3759 5235 cmlestium

2162 5263 2552 5336 mysteriorum
2583 5264 2776 5338 gratia,
2811 5264 2916 5320 hoc
2944 5264 3163 5322 Paschae
3195 5265 3423 5334 donum,
3457 5266 3573 5323 haec
3608 5276 3758 5339 opta-

2160 5353 2291 5409 bilis
2318 5353 2451 5409 anni
2482 5353 2776 5420 festivitas,
2802 5352 2919 5408 haec
2934 5351 3163 5408 exordia
3184 5353 3528 5426 gignentium
3549 5372 3755 5412 rerum.

2161 5442 2304 5498 Ilinc
2357 5434 2545 5497 vitalis
2577 5443 2780 5498 lavacri
2808 5459 2973 5496 sacrae
3007 5442 3263 5498 Ecclesiae
3287 5443 3421 5498 editi
3468 5444 3756 5516 puerperio

2159 5539 2351 5604 humo;
2389 5539 2586 5594 melius
2614 5540 2769 5596 Rom.
2808 5538 2940 5594 edit.
2974 5545 3035 5592 ut
3080 5538 3136 5592 in
3166 5545 3342 5595 textu.

2230 5610 2346 5690 (19)
2384 5611 2540 5667 Rom.
2573 5609 2710 5666 edit.
2741 5611 2876 5677 sola,
2909 5609 2997 5664 sed
3027 5610 3102 5664 ad
3130 5611 3479 5668 substantiam
3507 5613 3755 5667 humana:

2155 5698 2356 5737 carnis.
