  <div class='ocr_page' id='page_1' title='image "/cluster/home/n/w/nwhite01/storage/ocr_20150623/17/umn.31951002477311b/356.png"; bbox 0 0 3972 6358; ppageno 0'>
   <div class='ocr_carea' id='block_1_1' title="bbox 211 404 326 462">
    <p class='ocr_par' dir='ltr' id='par_1_1' title="bbox 211 404 326 462">
     <span class='ocr_line' id='line_1_1' title="bbox 211 404 326 462; baseline 0.035 -4"><span class='ocrx_word' id='word_1_1' title='bbox 211 404 326 462; x_wconf 87' lang='lat'>697</span> 
     </span>
    </p>
   </div>
   <div class='ocr_carea' id='block_1_2' title="bbox 1037 401 2682 463">
    <p class='ocr_par' dir='ltr' id='par_1_2' title="bbox 1037 401 2682 463">
     <span class='ocr_line' id='line_1_2' title="bbox 1037 401 2682 463; baseline 0.003 -6"><span class='ocrx_word' id='word_1_2' title='bbox 1037 401 1408 460; x_wconf 83' lang='lat' dir='ltr'>SERMONES</span> <span class='ocrx_word' id='word_1_3' title='bbox 1447 401 1502 458; x_wconf 93' lang='lat' dir='ltr'>S.</span> <span class='ocrx_word' id='word_1_4' title='bbox 1545 401 1900 461; x_wconf 81' lang='lat' dir='ltr'>AMBROSIO</span> <span class='ocrx_word' id='word_1_5' title='bbox 1940 405 2310 463; x_wconf 84' lang='lat' dir='ltr'>HACTENUS</span> <span class='ocrx_word' id='word_1_6' title='bbox 2350 405 2682 463; x_wconf 82' lang='lat' dir='ltr'>ASCRIPTI.</span> 
     </span>
    </p>
   </div>
   <div class='ocr_carea' id='block_1_3' title="bbox 3426 407 3539 466">
    <p class='ocr_par' dir='ltr' id='par_1_3' title="bbox 3426 407 3539 466">
     <span class='ocr_line' id='line_1_3' title="bbox 3426 407 3539 466; baseline -0.018 0"><span class='ocrx_word' id='word_1_7' title='bbox 3426 407 3539 466; x_wconf 90' lang='lat'>698</span> 
     </span>
    </p>
   </div>
   <div class='ocr_carea' id='block_1_4' title="bbox 217 527 3536 606">
    <p class='ocr_par' dir='ltr' id='par_1_4' title="bbox 217 527 3536 606">
     <span class='ocr_line' id='line_1_4' title="bbox 217 527 3536 606; baseline 0.001 -19"><span class='ocrx_word' id='word_1_8' title='bbox 217 531 486 599; x_wconf 77' lang='lat' dir='ltr'>infantes,</span> <span class='ocrx_word' id='word_1_9' title='bbox 549 530 906 604; x_wconf 83' lang='lat' dir='ltr'>parvulorum</span> <span class='ocrx_word' id='word_1_10' title='bbox 973 527 1326 601; x_wconf 78' lang='lat' dir='ltr'>simplicitate</span> <span class='ocrx_word' id='word_1_11' title='bbox 1387 528 1588 594; x_wconf 89' lang='lat' dir='ltr'>renati,</span> <span class='ocrx_word' id='word_1_12' title='bbox 1638 529 1828 587; x_wconf 82' lang='lat' dir='ltr'>balatu</span> <span class='ocrx_word' id='word_1_13' title='bbox 1852 535 1904 594; x_wconf 79' lang='grc' dir='ltr'>Α</span> <span class='ocrx_word' id='word_1_14' title='bbox 1934 532 2091 588; x_wconf 89' lang='lat' dir='ltr'>Patre</span> <span class='ocrx_word' id='word_1_15' title='bbox 2139 531 2390 604; x_wconf 85' lang='lat' dir='ltr'>Filioque</span> <span class='ocrx_word' id='word_1_16' title='bbox 2441 530 2884 603; x_wconf 81' lang='lat' dir='ltr'>inseparabiliter</span> <span class='ocrx_word' id='word_1_17' title='bbox 2917 532 3203 604; x_wconf 81' lang='lat' dir='ltr'>procedit:</span> <span class='ocrx_word' id='word_1_18' title='bbox 3237 533 3332 606; x_wconf 87' lang='lat' dir='ltr'>qui</span> <span class='ocrx_word' id='word_1_19' title='bbox 3372 534 3536 592; x_wconf 88' lang='lat' dir='ltr'>etiam</span> 
     </span>
    </p>
   </div>
   <div class='ocr_carea' id='block_1_5' title="bbox 217 617 1826 693">
    <p class='ocr_par' dir='ltr' id='par_1_5' title="bbox 217 617 1826 693">
     <span class='ocr_line' id='line_1_5' title="bbox 217 617 1826 693; baseline -0.001 -16"><span class='ocrx_word' id='word_1_20' title='bbox 217 621 541 678; x_wconf 83' lang='lat' dir='ltr'>innocentis</span> <span class='ocrx_word' id='word_1_21' title='bbox 573 622 690 693; x_wconf 92' lang='grc'><strong>(11)</strong></span> <span class='ocrx_word' id='word_1_22' title='bbox 739 625 1087 693; x_wconf 89' lang='lat' dir='ltr'>perstrepunt</span> <span class='ocrx_word' id='word_1_23' title='bbox 1113 617 1484 675; x_wconf 90' lang='lat' dir='ltr'>conscientia.</span> <span class='ocrx_word' id='word_1_24' title='bbox 1517 619 1663 676; x_wconf 89' lang='lat' dir='ltr'>Hinc</span> <span class='ocrx_word' id='word_1_25' title='bbox 1691 621 1826 676; x_wconf 89' lang='lat' dir='ltr'>casti</span> 
     </span>
    </p>
   </div>
   <div class='ocr_carea' id='block_1_6' title="bbox 221 707 1826 782">
    <p class='ocr_par' dir='ltr' id='par_1_6' title="bbox 221 707 1826 782">
     <span class='ocr_line' id='line_1_6' title="bbox 221 707 1826 782; baseline -0.001 -16"><span class='ocrx_word' id='word_1_26' title='bbox 221 719 427 782; x_wconf 84' lang='lat' dir='ltr'>patres,</span> <span class='ocrx_word' id='word_1_27' title='bbox 478 709 692 782; x_wconf 83' lang='lat' dir='ltr'>pudica</span> <span class='ocrx_word' id='word_1_28' title='bbox 739 709 903 764; x_wconf 90' lang='lat' dir='ltr'>etiam</span> <span class='ocrx_word' id='word_1_29' title='bbox 947 715 1148 763; x_wconf 87' lang='lat' dir='ltr'>matres</span> <span class='ocrx_word' id='word_1_30' title='bbox 1201 709 1476 764; x_wconf 82' lang='lat' dir='ltr'>novellam</span> <span class='ocrx_word' id='word_1_31' title='bbox 1523 725 1618 780; x_wconf 89' lang='lat' dir='ltr'>per</span> <span class='ocrx_word' id='word_1_32' title='bbox 1663 707 1826 764; x_wconf 86' lang='lat' dir='ltr'>fidem</span> 
     </span>
    </p>
   </div>
   <div class='ocr_carea' id='block_1_7' title="bbox 218 797 1825 876">
    <p class='ocr_par' dir='ltr' id='par_1_7' title="bbox 218 797 1825 876">
     <span class='ocr_line' id='line_1_7' title="bbox 218 797 1825 876; baseline -0.002 -17"><span class='ocrx_word' id='word_1_33' title='bbox 218 804 453 876; x_wconf 83' lang='lat' dir='ltr'>stirpem</span> <span class='ocrx_word' id='word_1_34' title='bbox 502 806 910 875; x_wconf 90' lang='lat' dir='ltr'>prosequuntur</span> <span class='ocrx_word' id='word_1_35' title='bbox 949 798 1319 854; x_wconf 87' lang='lat' dir='ltr'>innumeram.</span> <span class='ocrx_word' id='word_1_36' title='bbox 1382 798 1524 854; x_wconf 89' lang='lat' dir='ltr'>Hinc</span> <span class='ocrx_word' id='word_1_37' title='bbox 1553 797 1656 854; x_wconf 90' lang='lat' dir='ltr'>sub</span> <span class='ocrx_word' id='word_1_38' title='bbox 1695 799 1825 856; x_wconf 84' lang='lat' dir='ltr'>fidei</span> 
     </span>
    </p>
   </div>
   <div class='ocr_carea' id='block_1_8' title="bbox 218 887 1829 959">
    <p class='ocr_par' dir='ltr' id='par_1_8' title="bbox 218 887 1829 959">
     <span class='ocr_line' id='line_1_8' title="bbox 218 887 1829 959; baseline -0.001 -12"><span class='ocrx_word' id='word_1_39' title='bbox 218 892 419 948; x_wconf 89' lang='lat' dir='ltr'>arbore</span> <span class='ocrx_word' id='word_1_40' title='bbox 463 890 532 946; x_wconf 91' lang='lat' dir='ltr'>ab</span> <span class='ocrx_word' id='word_1_41' title='bbox 571 900 726 946; x_wconf 88' lang='lat' dir='ltr'>utero</span> <span class='ocrx_word' id='word_1_42' title='bbox 773 887 945 944; x_wconf 88' lang='lat' dir='ltr'>fontis</span> <span class='ocrx_word' id='word_1_43' title='bbox 992 888 1221 944; x_wconf 87' lang='lat' dir='ltr'>innocui</span> <span class='ocrx_word' id='word_1_44' title='bbox 1263 904 1543 944; x_wconf 90' lang='lat' dir='ltr'>cereorum</span> <span class='ocrx_word' id='word_1_45' title='bbox 1577 889 1829 959; x_wconf 89' lang='lat' dir='ltr'>splendet</span> 
     </span>
    </p>
   </div>
   <div class='ocr_carea' id='block_1_9' title="bbox 218 977 1826 1046">
    <p class='ocr_par' dir='ltr' id='par_1_9' title="bbox 218 977 1826 1046">
     <span class='ocr_line' id='line_1_9' title="bbox 218 977 1826 1046; baseline -0.002 -9"><span class='ocrx_word' id='word_1_46' title='bbox 218 987 471 1037; x_wconf 89' lang='lat' dir='ltr'>ornatus.</span> <span class='ocrx_word' id='word_1_47' title='bbox 505 980 647 1036; x_wconf 87' lang='lat' dir='ltr'>Hinc</span> <span class='ocrx_word' id='word_1_48' title='bbox 674 978 910 1036; x_wconf 81' lang='lat' dir='ltr'>calestis</span> <span class='ocrx_word' id='word_1_49' title='bbox 936 977 1116 1033; x_wconf 91' lang='lat' dir='ltr'>meriti</span> <span class='ocrx_word' id='word_1_50' title='bbox 1137 977 1551 1033; x_wconf 83' lang='lat' dir='ltr'>sanctificantur</span> <span class='ocrx_word' id='word_1_51' title='bbox 1579 994 1826 1046; x_wconf 87' lang='lat' dir='ltr'>munere,</span> 
     </span>
    </p>
   </div>
   <div class='ocr_carea' id='block_1_10' title="bbox 219 1065 1823 1140">
    <p class='ocr_par' dir='ltr' id='par_1_10' title="bbox 219 1065 1823 1140">
     <span class='ocr_line' id='line_1_10' title="bbox 219 1065 1823 1140; baseline -0.001 -16"><span class='ocrx_word' id='word_1_52' title='bbox 219 1077 280 1125; x_wconf 91' lang='lat' dir='ltr'>et</span> <span class='ocrx_word' id='word_1_53' title='bbox 311 1068 636 1124; x_wconf 87' lang='lat' dir='ltr'>sacramenti</span> <span class='ocrx_word' id='word_1_54' title='bbox 665 1067 930 1140; x_wconf 83' lang='lat' dir='ltr'>spiritalis</span> <span class='ocrx_word' id='word_1_55' title='bbox 957 1065 1163 1122; x_wconf 88' lang='lat' dir='ltr'>celebri</span> <span class='ocrx_word' id='word_1_56' title='bbox 1185 1066 1450 1139; x_wconf 89' lang='lat' dir='ltr'>mysterio</span> <span class='ocrx_word' id='word_1_57' title='bbox 1483 1067 1823 1138; x_wconf 84' lang='lat' dir='ltr'>saginantur.</span> 
     </span>
    </p>
   </div>
   <div class='ocr_carea' id='block_1_11' title="bbox 222 1155 1829 1230">
    <p class='ocr_par' dir='ltr' id='par_1_11' title="bbox 222 1155 1829 1230">
     <span class='ocr_line' id='line_1_11' title="bbox 222 1155 1829 1230; baseline -0.001 -17"><span class='ocrx_word' id='word_1_58' title='bbox 222 1157 371 1214; x_wconf 86' lang='lat' dir='ltr'>Hinc</span> <span class='ocrx_word' id='word_1_59' title='bbox 403 1157 570 1214; x_wconf 87' lang='lat' dir='ltr'>unius</span> <span class='ocrx_word' id='word_1_60' title='bbox 616 1156 791 1229; x_wconf 86' lang='lat' dir='ltr'>plebis</span> <span class='ocrx_word' id='word_1_61' title='bbox 833 1156 1042 1230; x_wconf 78' lang='lat' dir='ltr'>gremio</span> <span class='ocrx_word' id='word_1_62' title='bbox 1097 1155 1267 1212; x_wconf 89' lang='lat' dir='ltr'>beata</span> <span class='ocrx_word' id='word_1_63' title='bbox 1311 1156 1570 1212; x_wconf 86' lang='lat' dir='ltr'>Ecclesia</span> <span class='ocrx_word' id='word_1_64' title='bbox 1617 1156 1829 1212; x_wconf 89' lang='lat' dir='ltr'>nutrita</span> 
     </span>
    </p>
   </div>
   <div class='ocr_carea' id='block_1_12' title="bbox 221 1245 1828 1314">
    <p class='ocr_par' dir='ltr' id='par_1_12' title="bbox 221 1245 1828 1314">
     <span class='ocr_line' id='line_1_12' title="bbox 221 1245 1828 1314; baseline -0.001 -11"><span class='ocrx_word' id='word_1_65' title='bbox 221 1247 560 1312; x_wconf 84' lang='lat' dir='ltr'>fraternitas,</span> <span class='ocrx_word' id='word_1_66' title='bbox 609 1247 786 1302; x_wconf 88' lang='lat' dir='ltr'>unica</span> <span class='ocrx_word' id='word_1_67' title='bbox 840 1245 1152 1301; x_wconf 86' lang='lat' dir='ltr'>divinitatis</span> <span class='ocrx_word' id='word_1_68' title='bbox 1195 1245 1580 1314; x_wconf 84' lang='lat' dir='ltr'>substantiam,</span> <span class='ocrx_word' id='word_1_69' title='bbox 1626 1262 1690 1302; x_wconf 91' lang='lat' dir='ltr'>ac</span> <span class='ocrx_word' id='word_1_70' title='bbox 1719 1245 1828 1301; x_wconf 86' lang='lat' dir='ltr'>vir-</span> 
     </span>
    </p>
   </div>
   <div class='ocr_carea' id='block_1_13' title="bbox 218 1333 1827 1407">
    <p class='ocr_par' dir='ltr' id='par_1_13' title="bbox 218 1333 1827 1407">
     <span class='ocr_line' id='line_1_13' title="bbox 218 1333 1827 1407; baseline 0 -16"><span class='ocrx_word' id='word_1_71' title='bbox 218 1337 359 1392; x_wconf 89' lang='lat' dir='ltr'>tutis</span> <span class='ocrx_word' id='word_1_72' title='bbox 386 1335 553 1391; x_wconf 90' lang='lat' dir='ltr'>trium</span> <span class='ocrx_word' id='word_1_73' title='bbox 585 1351 786 1390; x_wconf 91' lang='lat' dir='ltr'>nomen</span> <span class='ocrx_word' id='word_1_74' title='bbox 815 1333 1104 1390; x_wconf 86' lang='lat' dir='ltr'>adorantes</span> <span class='ocrx_word' id='word_1_75' title='bbox 1137 1335 1282 1405; x_wconf 78' lang='lat'>(12),</span> <span class='ocrx_word' id='word_1_76' title='bbox 1313 1336 1590 1407; x_wconf 90' lang='lat' dir='ltr'>psalmum</span> <span class='ocrx_word' id='word_1_77' title='bbox 1620 1351 1827 1391; x_wconf 88' lang='lat' dir='ltr'>annua</span> 
     </span>
    </p>
   </div>
   <div class='ocr_carea' id='block_1_14' title="bbox 221 1422 1831 1495">
    <p class='ocr_par' dir='ltr' id='par_1_14' title="bbox 221 1422 1831 1495">
     <span class='ocr_line' id='line_1_14' title="bbox 221 1422 1831 1495; baseline 0.001 -16"><span class='ocrx_word' id='word_1_78' title='bbox 221 1424 545 1480; x_wconf 81' lang='lat' dir='ltr'>festivitatis</span> <span class='ocrx_word' id='word_1_79' title='bbox 591 1440 717 1480; x_wconf 90' lang='lat' dir='ltr'>cum</span> <span class='ocrx_word' id='word_1_80' title='bbox 764 1422 1034 1495; x_wconf 85' lang='lat' dir='ltr'>Propheta</span> <span class='ocrx_word' id='word_1_81' title='bbox 1083 1424 1519 1479; x_wconf 89' lang='lat' dir='ltr'>concelebrant:</span> <span class='ocrx_word' id='word_1_82' title='bbox 1567 1447 1584 1470; x_wconf 86' lang='grc'>‹</span> <span class='ocrx_word' id='word_1_83' title='bbox 1617 1423 1718 1480; x_wconf 86' lang='lat' dir='ltr'>Hic</span> <span class='ocrx_word' id='word_1_84' title='bbox 1748 1440 1831 1494; x_wconf 48' lang='lat' dir='ltr'>esi</span> 
     </span>
    </p>
   </div>
   <div class='ocr_carea' id='block_1_15' title="bbox 223 1511 1828 1586">
    <p class='ocr_par' dir='ltr' id='par_1_15' title="bbox 223 1511 1828 1586">
     <span class='ocr_line' id='line_1_15' title="bbox 223 1511 1828 1586; baseline 0 -18"><span class='ocrx_word' id='word_1_85' title='bbox 223 1512 344 1569; x_wconf 90' lang='lat' dir='ltr'>dies</span> <span class='ocrx_word' id='word_1_86' title='bbox 372 1528 534 1586; x_wconf 85' lang='lat' dir='ltr'>quem</span> <span class='ocrx_word' id='word_1_87' title='bbox 566 1512 698 1569; x_wconf 91' lang='lat' dir='ltr'>fecit</span> <span class='ocrx_word' id='word_1_88' title='bbox 727 1511 1027 1568; x_wconf 90' lang='lat' dir='ltr'>Dominus:</span> <span class='ocrx_word' id='word_1_89' title='bbox 1053 1513 1393 1568; x_wconf 88' lang='lat' dir='ltr'>exsultemus</span> <span class='ocrx_word' id='word_1_90' title='bbox 1413 1519 1468 1568; x_wconf 91' lang='lat' dir='ltr'>et</span> <span class='ocrx_word' id='word_1_91' title='bbox 1487 1513 1742 1569; x_wconf 89' lang='lat' dir='ltr'>latemur</span> <span class='ocrx_word' id='word_1_92' title='bbox 1771 1511 1828 1568; x_wconf 90' lang='lat' dir='ltr'>in</span> 
     </span>
    </p>
   </div>
   <div class='ocr_carea' id='block_1_16' title="bbox 223 1601 898 1674">
    <p class='ocr_par' dir='ltr' id='par_1_16' title="bbox 223 1601 898 1674">
     <span class='ocr_line' id='line_1_16' title="bbox 223 1601 898 1674; baseline 0 -16"><span class='ocrx_word' id='word_1_93' title='bbox 223 1618 292 1658; x_wconf 90' lang='lat' dir='ltr'>eo</span> <span class='ocrx_word' id='word_1_94' title='bbox 323 1603 494 1674; x_wconf 85' lang='lat' dir='ltr'>(Psal.</span> <span class='ocrx_word' id='word_1_95' title='bbox 532 1619 710 1670; x_wconf 83' lang='lat' dir='ltr'>cxvn,</span> <span class='ocrx_word' id='word_1_96' title='bbox 740 1601 858 1672; x_wconf 82' lang='lat'>24).</span> <span class='ocrx_word' id='word_1_97' title='bbox 880 1625 898 1648; x_wconf 72' lang='grc' dir='ltr'>ι</span> 
     </span>
    </p>
   </div>
   <div class='ocr_carea' id='block_1_17' title="bbox 298 1689 1832 1763">
    <p class='ocr_par' dir='ltr' id='par_1_17' title="bbox 298 1689 1832 1763">
     <span class='ocr_line' id='line_1_17' title="bbox 298 1689 1832 1763; baseline 0.001 -16"><span class='ocrx_word' id='word_1_98' title='bbox 298 1691 352 1747; x_wconf 90' lang='grc'>9.</span> <span class='ocrx_word' id='word_1_99' title='bbox 385 1690 541 1758; x_wconf 89' lang='lat' dir='ltr'>Quis,</span> <span class='ocrx_word' id='word_1_100' title='bbox 575 1689 820 1763; x_wconf 89' lang='lat' dir='ltr'>inquam,</span> <span class='ocrx_word' id='word_1_101' title='bbox 850 1689 1011 1744; x_wconf 82' lang='lat' dir='ltr'>dies?</span> <span class='ocrx_word' id='word_1_102' title='bbox 1043 1689 1286 1761; x_wconf 87' lang='lat' dir='ltr'>Nemque</span> <span class='ocrx_word' id='word_1_103' title='bbox 1326 1689 1421 1745; x_wconf 90' lang='lat' dir='ltr'>ille</span> <span class='ocrx_word' id='word_1_104' title='bbox 1450 1691 1546 1763; x_wconf 88' lang='lat' dir='ltr'>qui</span> <span class='ocrx_word' id='word_1_105' title='bbox 1573 1691 1832 1748; x_wconf 87' lang='lat' dir='ltr'>attribuit</span> 
     </span>
    </p>
   </div>
   <div class='ocr_carea' id='block_1_18' title="bbox 224 1777 1830 1852">
    <p class='ocr_par' dir='ltr' id='par_1_18' title="bbox 224 1777 1830 1852">
     <span class='ocr_line' id='line_1_18' title="bbox 224 1777 1830 1852; baseline 0.001 -16"><span class='ocrx_word' id='word_1_106' title='bbox 224 1779 454 1836; x_wconf 81' lang='lat' dir='ltr'>vivendi</span> <span class='ocrx_word' id='word_1_107' title='bbox 481 1779 838 1852; x_wconf 89' lang='lat' dir='ltr'>principium,</span> <span class='ocrx_word' id='word_1_108' title='bbox 863 1777 1002 1834; x_wconf 90' lang='lat' dir='ltr'>lucis</span> <span class='ocrx_word' id='word_1_109' title='bbox 1023 1778 1341 1847; x_wconf 83' lang='lat' dir='ltr'>exordium,</span> <span class='ocrx_word' id='word_1_110' title='bbox 1358 1787 1552 1836; x_wconf 89' lang='lat' dir='ltr'>auctor</span> <span class='ocrx_word' id='word_1_111' title='bbox 1579 1781 1830 1851; x_wconf 89' lang='lat' dir='ltr'>luminis,</span> 
     </span>
    </p>
   </div>
   <div class='ocr_carea' id='block_1_19' title="bbox 1931 620 3538 694">
    <p class='ocr_par' dir='ltr' id='par_1_19' title="bbox 1931 620 3538 694">
     <span class='ocr_line' id='line_1_19' title="bbox 1931 620 3538 694; baseline 0.001 -16"><span class='ocrx_word' id='word_1_112' title='bbox 1931 621 2032 678; x_wconf 90' lang='lat' dir='ltr'>Dei</span> <span class='ocrx_word' id='word_1_113' title='bbox 2059 621 2267 676; x_wconf 90' lang='lat' dir='ltr'>donum</span> <span class='ocrx_word' id='word_1_114' title='bbox 2296 621 2538 687; x_wconf 90' lang='lat' dir='ltr'>dicitur;</span> <span class='ocrx_word' id='word_1_115' title='bbox 2573 620 2704 694; x_wconf 88' lang='lat' dir='ltr'>quia</span> <span class='ocrx_word' id='word_1_116' title='bbox 2735 627 2789 676; x_wconf 90' lang='lat' dir='ltr'>et</span> <span class='ocrx_word' id='word_1_117' title='bbox 2807 627 3100 694; x_wconf 89' lang='lat' dir='ltr'>antequam</span> <span class='ocrx_word' id='word_1_118' title='bbox 3139 627 3281 677; x_wconf 88' lang='lat' dir='ltr'>esset</span> <span class='ocrx_word' id='word_1_119' title='bbox 3307 621 3538 694; x_wconf 75' lang='lat' dir='ltr'>angelus</span> 
     </span>
    </p>
   </div>
   <div class='ocr_carea' id='block_1_20' title="bbox 1935 709 3538 782">
    <p class='ocr_par' dir='ltr' id='par_1_20' title="bbox 1935 709 3538 782">
     <span class='ocr_line' id='line_1_20' title="bbox 1935 709 3538 782; baseline 0.001 -16"><span class='ocrx_word' id='word_1_120' title='bbox 1935 711 2024 766; x_wconf 86' lang='lat' dir='ltr'>vel</span> <span class='ocrx_word' id='word_1_121' title='bbox 2070 710 2255 778; x_wconf 90' lang='lat' dir='ltr'>homo,</span> <span class='ocrx_word' id='word_1_122' title='bbox 2305 710 2396 766; x_wconf 91' lang='lat' dir='ltr'>cui</span> <span class='ocrx_word' id='word_1_123' title='bbox 2439 709 2680 778; x_wconf 89' lang='lat' dir='ltr'>daretur,</span> <span class='ocrx_word' id='word_1_124' title='bbox 2737 709 2853 782; x_wconf 89' lang='lat' dir='ltr'>jam</span> <span class='ocrx_word' id='word_1_125' title='bbox 2901 710 2986 766; x_wconf 90' lang='lat' dir='ltr'>sui</span> <span class='ocrx_word' id='word_1_126' title='bbox 3033 717 3230 766; x_wconf 91' lang='lat' dir='ltr'>natura</span> <span class='ocrx_word' id='word_1_127' title='bbox 3276 712 3538 769; x_wconf 87' lang='lat' dir='ltr'>donabile</span> 
     </span>
    </p>
   </div>
   <div class='ocr_carea' id='block_1_21' title="bbox 1935 799 3537 872">
    <p class='ocr_par' dir='ltr' id='par_1_21' title="bbox 1935 799 3537 872">
     <span class='ocr_line' id='line_1_21' title="bbox 1935 799 3537 872; baseline 0.001 -15"><span class='ocrx_word' id='word_1_128' title='bbox 1935 801 2143 858; x_wconf 90' lang='lat' dir='ltr'>donum</span> <span class='ocrx_word' id='word_1_129' title='bbox 2193 807 2308 855; x_wconf 90' lang='lat' dir='ltr'>erat</span> <span class='ocrx_word' id='word_1_130' title='bbox 2336 819 2350 866; x_wconf 91' lang='lat'>;</span> <span class='ocrx_word' id='word_1_131' title='bbox 2383 799 2513 872; x_wconf 89' lang='lat' dir='ltr'>quia</span> <span class='ocrx_word' id='word_1_132' title='bbox 2539 799 2778 856; x_wconf 88' lang='lat' dir='ltr'>charitas</span> <span class='ocrx_word' id='word_1_133' title='bbox 2824 809 2878 856; x_wconf 91' lang='lat' dir='ltr'>et</span> <span class='ocrx_word' id='word_1_134' title='bbox 2916 816 3071 856; x_wconf 90' lang='lat' dir='ltr'>amor</span> <span class='ocrx_word' id='word_1_135' title='bbox 3101 807 3201 857; x_wconf 90' lang='lat' dir='ltr'>est.</span> <span class='ocrx_word' id='word_1_136' title='bbox 3241 802 3394 857; x_wconf 91' lang='lat' dir='ltr'>Unde</span> <span class='ocrx_word' id='word_1_137' title='bbox 3425 817 3537 858; x_wconf 90' lang='lat' dir='ltr'>non</span> 
     </span>
    </p>
   </div>
   <div class='ocr_carea' id='block_1_22' title="bbox 1935 888 3540 962">
    <p class='ocr_par' dir='ltr' id='par_1_22' title="bbox 1935 888 3540 962">
     <span class='ocr_line' id='line_1_22' title="bbox 1935 888 3540 962; baseline 0 -16"><span class='ocrx_word' id='word_1_138' title='bbox 1935 891 2113 946; x_wconf 91' lang='lat' dir='ltr'>solum</span> <span class='ocrx_word' id='word_1_139' title='bbox 2161 888 2488 962; x_wconf 90' lang='lat' dir='ltr'>patriarchis</span> <span class='ocrx_word' id='word_1_140' title='bbox 2548 896 2711 962; x_wconf 89' lang='lat' dir='ltr'>atque</span> <span class='ocrx_word' id='word_1_141' title='bbox 2753 888 3054 961; x_wconf 88' lang='lat' dir='ltr'>prophetis,</span> <span class='ocrx_word' id='word_1_142' title='bbox 3105 889 3201 945; x_wconf 90' lang='lat' dir='ltr'>sed</span> <span class='ocrx_word' id='word_1_143' title='bbox 3256 890 3422 946; x_wconf 89' lang='lat' dir='ltr'>etiam</span> <span class='ocrx_word' id='word_1_144' title='bbox 3485 897 3540 946; x_wconf 92' lang='lat' dir='ltr'>et</span> 
     </span>
    </p>
   </div>
   <div class='ocr_carea' id='block_1_23' title="bbox 1934 977 3540 1052">
    <p class='ocr_par' dir='ltr' id='par_1_23' title="bbox 1934 977 3540 1052">
     <span class='ocr_line' id='line_1_23' title="bbox 1934 977 3540 1052; baseline 0 -18"><span class='ocrx_word' id='word_1_145' title='bbox 1934 978 2163 1052; x_wconf 89' lang='lat' dir='ltr'>reliquis</span> <span class='ocrx_word' id='word_1_146' title='bbox 2198 978 2367 1050; x_wconf 92' lang='lat' dir='ltr'>justis</span> <span class='ocrx_word' id='word_1_147' title='bbox 2413 979 2646 1034; x_wconf 89' lang='lat' dir='ltr'>latenter</span> <span class='ocrx_word' id='word_1_148' title='bbox 2675 978 2732 1033; x_wconf 91' lang='lat' dir='ltr'>in</span> <span class='ocrx_word' id='word_1_149' title='bbox 2762 977 2947 1033; x_wconf 89' lang='lat' dir='ltr'>anima</span> <span class='ocrx_word' id='word_1_150' title='bbox 2975 977 3135 1034; x_wconf 92' lang='lat' dir='ltr'>datus</span> <span class='ocrx_word' id='word_1_151' title='bbox 3180 986 3294 1046; x_wconf 88' lang='lat' dir='ltr'>est;</span> <span class='ocrx_word' id='word_1_152' title='bbox 3327 987 3381 1035; x_wconf 92' lang='lat' dir='ltr'>et</span> <span class='ocrx_word' id='word_1_153' title='bbox 3409 978 3540 1034; x_wconf 93' lang='lat' dir='ltr'>licet</span> 
     </span>
    </p>
   </div>
   <div class='ocr_carea' id='block_1_24' title="bbox 1935 1067 3540 1140">
    <p class='ocr_par' dir='ltr' id='par_1_24' title="bbox 1935 1067 3540 1140">
     <span class='ocr_line' id='line_1_24' title="bbox 1935 1067 3540 1140; baseline 0.001 -18"><span class='ocrx_word' id='word_1_154' title='bbox 1935 1067 2232 1140; x_wconf 89' lang='lat' dir='ltr'>aliquando</span> <span class='ocrx_word' id='word_1_155' title='bbox 2279 1067 2587 1136; x_wconf 78' lang='lat' dir='ltr'>manifeste,</span> <span class='ocrx_word' id='word_1_156' title='bbox 2638 1083 2918 1140; x_wconf 86' lang='lat' dir='ltr'>nunquam</span> <span class='ocrx_word' id='word_1_157' title='bbox 2965 1075 3152 1124; x_wconf 89' lang='lat' dir='ltr'>tamen</span> <span class='ocrx_word' id='word_1_158' title='bbox 3205 1076 3318 1124; x_wconf 90' lang='lat' dir='ltr'>tam</span> <span class='ocrx_word' id='word_1_159' title='bbox 3354 1075 3540 1140; x_wconf 86' lang='lat' dir='ltr'>aperte</span> 
     </span>
    </p>
   </div>
   <div class='ocr_carea' id='block_1_25' title="bbox 1936 1155 3541 1228">
    <p class='ocr_par' dir='ltr' id='par_1_25' title="bbox 1936 1155 3541 1228">
     <span class='ocr_line' id='line_1_25' title="bbox 1936 1155 3541 1228; baseline 0 -16"><span class='ocrx_word' id='word_1_160' title='bbox 1936 1157 2095 1212; x_wconf 90' lang='lat' dir='ltr'>datus</span> <span class='ocrx_word' id='word_1_161' title='bbox 2123 1156 2288 1212; x_wconf 91' lang='lat' dir='ltr'>fuisse</span> <span class='ocrx_word' id='word_1_162' title='bbox 2319 1156 2538 1228; x_wconf 80' lang='lat' dir='ltr'>legitur,</span> <span class='ocrx_word' id='word_1_163' title='bbox 2565 1155 2708 1212; x_wconf 89' lang='lat' dir='ltr'>sicut</span> <span class='ocrx_word' id='word_1_164' title='bbox 2747 1155 2936 1224; x_wconf 90' lang='lat' dir='ltr'>hodie,</span> <span class='ocrx_word' id='word_1_165' title='bbox 2971 1155 3027 1212; x_wconf 89' lang='lat' dir='ltr'>id</span> <span class='ocrx_word' id='word_1_166' title='bbox 3057 1162 3158 1224; x_wconf 91' lang='lat' dir='ltr'>est,</span> <span class='ocrx_word' id='word_1_167' title='bbox 3199 1155 3414 1212; x_wconf 91' lang='lat' dir='ltr'>decima</span> <span class='ocrx_word' id='word_1_168' title='bbox 3447 1155 3541 1212; x_wconf 87' lang='lat' dir='ltr'>die</span> 
     </span>
    </p>
   </div>
   <div class='ocr_carea' id='block_1_26' title="bbox 1936 1243 3538 1318">
    <p class='ocr_par' dir='ltr' id='par_1_26' title="bbox 1936 1243 3538 1318">
     <span class='ocr_line' id='line_1_26' title="bbox 1936 1243 3538 1318; baseline -0.002 -16"><span class='ocrx_word' id='word_1_169' title='bbox 1936 1253 2059 1318; x_wconf 89' lang='lat' dir='ltr'>post</span> <span class='ocrx_word' id='word_1_170' title='bbox 2106 1245 2314 1302; x_wconf 88' lang='lat' dir='ltr'>Christi</span> <span class='ocrx_word' id='word_1_171' title='bbox 2355 1245 2776 1312; x_wconf 90' lang='lat' dir='ltr'>ascensionem;</span> <span class='ocrx_word' id='word_1_172' title='bbox 2838 1243 3058 1317; x_wconf 87' lang='lat' dir='ltr'>quando</span> <span class='ocrx_word' id='word_1_173' title='bbox 3113 1261 3277 1317; x_wconf 88' lang='lat' dir='ltr'>supra</span> <span class='ocrx_word' id='word_1_174' title='bbox 3315 1251 3538 1301; x_wconf 83' lang='lat' dir='ltr'>centum</span> 
     </span>
    </p>
   </div>
   <div class='ocr_carea' id='block_1_27' title="bbox 1939 1333 3538 1408">
    <p class='ocr_par' dir='ltr' id='par_1_27' title="bbox 1939 1333 3538 1408">
     <span class='ocr_line' id='line_1_27' title="bbox 1939 1333 3538 1408; baseline -0.001 -17"><span class='ocrx_word' id='word_1_175' title='bbox 1939 1335 2137 1407; x_wconf 81' lang='lat' dir='ltr'>viginti</span> <span class='ocrx_word' id='word_1_176' title='bbox 2169 1336 2452 1392; x_wconf 89' lang='lat' dir='ltr'>credentes</span> <span class='ocrx_word' id='word_1_177' title='bbox 2482 1336 2540 1392; x_wconf 92' lang='lat' dir='ltr'>in</span> <span class='ocrx_word' id='word_1_178' title='bbox 2583 1335 2760 1408; x_wconf 91' lang='lat' dir='ltr'>specie</span> <span class='ocrx_word' id='word_1_179' title='bbox 2789 1334 2934 1408; x_wconf 81' lang='lat' dir='ltr'>ignis</span> <span class='ocrx_word' id='word_1_180' title='bbox 2963 1333 3236 1408; x_wconf 91' lang='lat' dir='ltr'>apparuit.</span> <span class='ocrx_word' id='word_1_181' title='bbox 3269 1333 3360 1390; x_wconf 90' lang='lat' dir='ltr'>Sic</span> <span class='ocrx_word' id='word_1_182' title='bbox 3389 1333 3538 1389; x_wconf 91' lang='lat' dir='ltr'>enim</span> 
     </span>
    </p>
   </div>
   <div class='ocr_carea' id='block_1_28' title="bbox 1936 1427 3534 1504">
    <p class='ocr_par' dir='ltr' id='par_1_28' title="bbox 1936 1427 3534 1504">
     <span class='ocr_line' id='line_1_28' title="bbox 1936 1427 3534 1504; baseline -0.005 -12"><span class='ocrx_word' id='word_1_183' title='bbox 1936 1437 2138 1492; x_wconf 88' lang='lat' dir='ltr'>lectum</span> <span class='ocrx_word' id='word_1_184' title='bbox 2187 1441 2288 1501; x_wconf 92' lang='lat' dir='ltr'>est,</span> <span class='ocrx_word' id='word_1_185' title='bbox 2347 1441 2411 1489; x_wconf 92' lang='lat' dir='ltr'>ut</span> <span class='ocrx_word' id='word_1_186' title='bbox 2451 1432 2736 1488; x_wconf 85' lang='lat' dir='ltr'>retinetis:</span> <span class='ocrx_word' id='word_1_187' title='bbox 2813 1455 2832 1479; x_wconf 75' lang='grc' dir='ltr'>ι</span> <span class='ocrx_word' id='word_1_188' title='bbox 2875 1433 2946 1488; x_wconf 90' lang='lat' dir='ltr'>Et</span> <span class='ocrx_word' id='word_1_189' title='bbox 2991 1436 3362 1504; x_wconf 88' lang='lat' dir='ltr'>apparuerunt</span> <span class='ocrx_word' id='word_1_190' title='bbox 3418 1427 3534 1484; x_wconf 90' lang='lat' dir='ltr'>illis</span> 
     </span>
    </p>
   </div>
   <div class='ocr_carea' id='block_1_29' title="bbox 1939 1518 3542 1596">
    <p class='ocr_par' dir='ltr' id='par_1_29' title="bbox 1939 1518 3542 1596">
     <span class='ocr_line' id='line_1_29' title="bbox 1939 1518 3542 1596; baseline -0.002 -15"><span class='ocrx_word' id='word_1_191' title='bbox 1939 1523 2240 1596; x_wconf 88' lang='lat' dir='ltr'>dispertita</span> <span class='ocrx_word' id='word_1_192' title='bbox 2302 1522 2523 1594; x_wconf 90' lang='lat' dir='ltr'>lingua,</span> <span class='ocrx_word' id='word_1_193' title='bbox 2571 1529 2834 1593; x_wconf 89' lang='lat' dir='ltr'>tanquam</span> <span class='ocrx_word' id='word_1_194' title='bbox 2881 1520 3044 1593; x_wconf 89' lang='lat' dir='ltr'>ignis,</span> <span class='ocrx_word' id='word_1_195' title='bbox 3075 1518 3325 1595; x_wconf 63' lang='lat' dir='ltr'>salitque</span> <span class='ocrx_word' id='word_1_196' title='bbox 3375 1537 3542 1594; x_wconf 86' lang='lat' dir='ltr'>supra</span> 
     </span>
    </p>
   </div>
   <div class='ocr_carea' id='block_1_30' title="bbox 1939 1609 2828 1686">
    <p class='ocr_par' dir='ltr' id='par_1_30' title="bbox 1939 1609 2828 1686">
     <span class='ocr_line' id='line_1_30' title="bbox 1939 1609 2828 1686; baseline -0.016 -15"><span class='ocrx_word' id='word_1_197' title='bbox 1939 1613 2186 1686; x_wconf 90' lang='lat' dir='ltr'>singulos</span> <span class='ocrx_word' id='word_1_198' title='bbox 2213 1627 2403 1667; x_wconf 90' lang='lat' dir='ltr'>eorum</span> <span class='ocrx_word' id='word_1_199' title='bbox 2436 1610 2578 1681; x_wconf 84' lang='lat' dir='ltr'>(Act.</span> <span class='ocrx_word' id='word_1_200' title='bbox 2614 1626 2677 1675; x_wconf 89' lang='lat' dir='ltr'>n,</span> <span class='ocrx_word' id='word_1_201' title='bbox 2705 1609 2786 1681; x_wconf 89' lang='lat'>3).</span> <span class='ocrx_word' id='word_1_202' title='bbox 2809 1632 2828 1657; x_wconf 80' lang='grc'>›</span> 
     </span>
    </p>
   </div>
   <div class='ocr_carea' id='block_1_31' title="bbox 2010 1705 3541 1779">
    <p class='ocr_par' dir='ltr' id='par_1_31' title="bbox 2010 1705 3541 1779">
     <span class='ocr_line' id='line_1_31' title="bbox 2010 1705 3541 1779; baseline -0.005 -11"><span class='ocrx_word' id='word_1_203' title='bbox 2010 1713 2064 1768; x_wconf 81' lang='lat'>2.</span> <span class='ocrx_word' id='word_1_204' title='bbox 2124 1710 2342 1776; x_wconf 82' lang='lat' dir='ltr'>Videte,</span> <span class='ocrx_word' id='word_1_205' title='bbox 2405 1707 2620 1774; x_wconf 83' lang='lat' dir='ltr'>fratres,</span> <span class='ocrx_word' id='word_1_206' title='bbox 2689 1706 2873 1762; x_wconf 90' lang='lat' dir='ltr'>videte</span> <span class='ocrx_word' id='word_1_207' title='bbox 2930 1705 3064 1779; x_wconf 89' lang='lat' dir='ltr'>quid</span> <span class='ocrx_word' id='word_1_208' title='bbox 3141 1706 3273 1763; x_wconf 90' lang='lat' dir='ltr'>fecit</span> <span class='ocrx_word' id='word_1_209' title='bbox 3337 1721 3541 1778; x_wconf 86' lang='lat' dir='ltr'>super-</span> 
     </span>
    </p>
   </div>
   <div class='ocr_carea' id='block_1_32' title="bbox 1939 1795 3543 1872">
    <p class='ocr_par' dir='ltr' id='par_1_32' title="bbox 1939 1795 3543 1872">
     <span class='ocr_line' id='line_1_32' title="bbox 1939 1795 3543 1872; baseline -0.004 -14"><span class='ocrx_word' id='word_1_210' title='bbox 1939 1801 2052 1870; x_wconf 92' lang='lat' dir='ltr'>bia,</span> <span class='ocrx_word' id='word_1_211' title='bbox 2099 1806 2152 1856; x_wconf 89' lang='lat' dir='ltr'>et</span> <span class='ocrx_word' id='word_1_212' title='bbox 2185 1797 2317 1872; x_wconf 91' lang='lat' dir='ltr'>quid</span> <span class='ocrx_word' id='word_1_213' title='bbox 2347 1795 2652 1868; x_wconf 90' lang='lat' dir='ltr'>promeruit</span> <span class='ocrx_word' id='word_1_214' title='bbox 2689 1795 2996 1851; x_wconf 90' lang='lat' dir='ltr'>humilitas.</span> <span class='ocrx_word' id='word_1_215' title='bbox 3030 1795 3298 1866; x_wconf 87' lang='lat' dir='ltr'>Superbia</span> <span class='ocrx_word' id='word_1_216' title='bbox 3347 1795 3543 1852; x_wconf 89' lang='lat' dir='ltr'>divisit</span> 
     </span>
    </p>
   </div>
   <div class='ocr_carea' id='block_1_33' title="bbox 226 1867 3544 1964">
    <p class='ocr_par' dir='ltr' id='par_1_33' title="bbox 226 1867 3544 1964">
     <span class='ocr_line' id='line_1_33' title="bbox 226 1867 3544 1964; baseline 0.001 -24"><span class='ocrx_word' id='word_1_217' title='bbox 226 1868 288 1964; x_wconf 42' lang='lat' dir='ltr'>id</span> <span class='ocrx_word' id='word_1_218' title='bbox 336 1878 443 1964; x_wconf 50' lang='grc' dir='ltr'>θεῖε</span> <span class='ocrx_word' id='word_1_219' title='bbox 468 1867 587 1940; x_wconf 65' lang='lat' dir='ltr'>ipse</span> <span class='ocrx_word' id='word_1_220' title='bbox 610 1867 881 1964; x_wconf 51' lang='lat' dir='ltr'>110mm“</span> <span class='ocrx_word' id='word_1_221' title='bbox 908 1867 1062 1964; x_wconf 58' lang='grc' dir='ltr'>Ῑθξυε</span> <span class='ocrx_word' id='word_1_222' title='bbox 1103 1867 1378 1964; x_wconf 58' lang='grc' dir='ltr'>(ξδτξξδίαε›</span> <span class='ocrx_word' id='word_1_223' title='bbox 1404 1867 1510 1964; x_wconf 37' lang='grc' dir='ltr'>(ἰαί.</span> <span class='ocrx_word' id='word_1_224' title='bbox 1540 1869 1609 1926; x_wconf 71' lang='lat' dir='ltr'>de</span> <span class='ocrx_word' id='word_1_225' title='bbox 1637 1878 1830 1964; x_wconf 59' lang='grc' dir='ltr'>δθξξλθί·</span> <span class='ocrx_word' id='word_1_226' title='bbox 1861 1896 1906 1957; x_wconf 87' lang='grc' dir='ltr'><strong>Β</strong></span> <span class='ocrx_word' id='word_1_227' title='bbox 1940 1867 2174 1964; x_wconf 81' lang='lat' dir='ltr'>linguas,</span> <span class='ocrx_word' id='word_1_228' title='bbox 2201 1867 2427 1962; x_wconf 78' lang='lat' dir='ltr'>quando</span> <span class='ocrx_word' id='word_1_229' title='bbox 2455 1887 2653 1943; x_wconf 88' lang='lat' dir='ltr'>turrim</span> <span class='ocrx_word' id='word_1_230' title='bbox 2675 1885 2928 1941; x_wconf 90' lang='lat' dir='ltr'>homines</span> <span class='ocrx_word' id='word_1_231' title='bbox 2951 1885 3221 1941; x_wconf 88' lang='lat' dir='ltr'>adiﬁcare</span> <span class='ocrx_word' id='word_1_232' title='bbox 3243 1885 3544 1942; x_wconf 89' lang='lat' dir='ltr'>voluerunt</span> 
     </span>
    </p>
   </div>
   <div class='ocr_carea' id='block_1_34' title="bbox 220 1955 1829 2031">
    <p class='ocr_par' dir='ltr' id='par_1_34' title="bbox 220 1955 1829 2031">
     <span class='ocr_line' id='line_1_34' title="bbox 220 1955 1829 2031; baseline 0.002 -19"><span class='ocrx_word' id='word_1_233' title='bbox 220 1955 346 2029; x_wconf 89' lang='lat' dir='ltr'>ipso</span> <span class='ocrx_word' id='word_1_234' title='bbox 396 1956 508 2012; x_wconf 89' lang='lat' dir='ltr'>ait:</span> <span class='ocrx_word' id='word_1_235' title='bbox 568 1977 587 2002; x_wconf 73' lang='grc' dir='ltr'>ι</span> <span class='ocrx_word' id='word_1_236' title='bbox 625 1956 742 2027; x_wconf 92' lang='lat' dir='ltr'>Ego</span> <span class='ocrx_word' id='word_1_237' title='bbox 795 1972 939 2024; x_wconf 90' lang='lat' dir='ltr'>sum,</span> <span class='ocrx_word' id='word_1_238' title='bbox 978 1956 1162 2029; x_wconf 91' lang='lat' dir='ltr'>inquit</span> <span class='ocrx_word' id='word_1_239' title='bbox 1197 1956 1350 2014; x_wconf 90' lang='lat' dir='ltr'>dies:</span> <span class='ocrx_word' id='word_1_240' title='bbox 1415 1958 1512 2031; x_wconf 90' lang='lat' dir='ltr'>qui</span> <span class='ocrx_word' id='word_1_241' title='bbox 1550 1974 1647 2030; x_wconf 92' lang='lat' dir='ltr'>per</span> <span class='ocrx_word' id='word_1_242' title='bbox 1682 1959 1829 2016; x_wconf 90' lang='lat' dir='ltr'>diem</span> 
     </span>
    </p>
   </div>
   <div class='ocr_carea' id='block_1_35' title="bbox 220 2045 1831 2122">
    <p class='ocr_par' dir='ltr' id='par_1_35' title="bbox 220 2045 1831 2122">
     <span class='ocr_line' id='line_1_35' title="bbox 220 2045 1831 2122; baseline 0.002 -21"><span class='ocrx_word' id='word_1_243' title='bbox 220 2045 494 2111; x_wconf 90' lang='lat' dir='ltr'>ambulat,</span> <span class='ocrx_word' id='word_1_244' title='bbox 535 2061 646 2100; x_wconf 92' lang='lat' dir='ltr'>non</span> <span class='ocrx_word' id='word_1_245' title='bbox 691 2045 923 2101; x_wconf 78' lang='lat' dir='ltr'>offendit</span> <span class='ocrx_word' id='word_1_246' title='bbox 963 2047 1146 2118; x_wconf 86' lang='lat' dir='ltr'>(Joan.</span> <span class='ocrx_word' id='word_1_247' title='bbox 1199 2063 1282 2115; x_wconf 79' lang='lat' dir='ltr'>x1,</span> <span class='ocrx_word' id='word_1_248' title='bbox 1311 2048 1394 2118; x_wconf 89' lang='grc'>9),</span> <span class='ocrx_word' id='word_1_249' title='bbox 1428 2072 1446 2097; x_wconf 75' lang='grc' dir='ltr'><strong><em>ι</em></strong></span> <span class='ocrx_word' id='word_1_250' title='bbox 1498 2049 1556 2104; x_wconf 91' lang='lat' dir='ltr'>id</span> <span class='ocrx_word' id='word_1_251' title='bbox 1593 2057 1696 2118; x_wconf 91' lang='lat' dir='ltr'>est,</span> <span class='ocrx_word' id='word_1_252' title='bbox 1735 2048 1831 2122; x_wconf 90' lang='lat' dir='ltr'>qui</span> 
     </span>
    </p>
   </div>
   <div class='ocr_carea' id='block_1_36' title="bbox 189 2131 1833 2210">
    <p class='ocr_par' dir='ltr' id='par_1_36' title="bbox 189 2131 1833 2210">
     <span class='ocr_line' id='line_1_36' title="bbox 189 2131 1833 2210; baseline 0.001 -18"><span class='ocrx_word' id='word_1_253' title='bbox 189 2132 507 2192; x_wconf 85' lang='lat' dir='ltr'>Christum</span> <span class='ocrx_word' id='word_1_254' title='bbox 567 2131 625 2187; x_wconf 92' lang='lat' dir='ltr'>in</span> <span class='ocrx_word' id='word_1_255' title='bbox 666 2133 923 2190; x_wconf 89' lang='lat' dir='ltr'>omnibus</span> <span class='ocrx_word' id='word_1_256' title='bbox 974 2135 1243 2208; x_wconf 90' lang='lat' dir='ltr'>sequitur,</span> <span class='ocrx_word' id='word_1_257' title='bbox 1301 2152 1399 2208; x_wconf 88' lang='lat' dir='ltr'>per</span> <span class='ocrx_word' id='word_1_258' title='bbox 1436 2137 1556 2209; x_wconf 90' lang='lat' dir='ltr'>ejus</span> <span class='ocrx_word' id='word_1_259' title='bbox 1593 2137 1833 2210; x_wconf 88' lang='lat' dir='ltr'>vestigia</span> 
     </span>
    </p>
   </div>
   <div class='ocr_carea' id='block_1_37' title="bbox 226 2220 1834 2295">
    <p class='ocr_par' dir='ltr' id='par_1_37' title="bbox 226 2220 1834 2295">
     <span class='ocr_line' id='line_1_37' title="bbox 226 2220 1834 2295; baseline 0.001 -15"><span class='ocrx_word' id='word_1_260' title='bbox 226 2237 404 2294; x_wconf 84' lang='lat' dir='ltr'>usque</span> <span class='ocrx_word' id='word_1_261' title='bbox 458 2220 525 2276; x_wconf 93' lang='lat' dir='ltr'>ad</span> <span class='ocrx_word' id='word_1_262' title='bbox 560 2228 776 2277; x_wconf 89' lang='lat' dir='ltr'>aterna</span> <span class='ocrx_word' id='word_1_263' title='bbox 816 2222 956 2278; x_wconf 88' lang='lat' dir='ltr'>lucis</span> <span class='ocrx_word' id='word_1_264' title='bbox 993 2223 1194 2280; x_wconf 89' lang='lat' dir='ltr'>solium</span> <span class='ocrx_word' id='word_1_265' title='bbox 1234 2226 1640 2295; x_wconf 88' lang='lat' dir='ltr'>transmeabit;</span> <span class='ocrx_word' id='word_1_266' title='bbox 1690 2227 1834 2282; x_wconf 91' lang='lat' dir='ltr'>sicut</span> 
     </span>
    </p>
   </div>
   <div class='ocr_carea' id='block_1_38' title="bbox 226 2311 1834 2387">
    <p class='ocr_par' dir='ltr' id='par_1_38' title="bbox 226 2311 1834 2387">
     <span class='ocr_line' id='line_1_38' title="bbox 226 2311 1834 2387; baseline 0.003 -19"><span class='ocrx_word' id='word_1_267' title='bbox 226 2312 349 2384; x_wconf 88' lang='lat' dir='ltr'>ipse</span> <span class='ocrx_word' id='word_1_268' title='bbox 382 2312 598 2366; x_wconf 89' lang='lat' dir='ltr'>Patrem</span> <span class='ocrx_word' id='word_1_269' title='bbox 630 2326 729 2382; x_wconf 92' lang='lat' dir='ltr'>pro</span> <span class='ocrx_word' id='word_1_270' title='bbox 761 2311 921 2368; x_wconf 89' lang='lat' dir='ltr'>nobis</span> <span class='ocrx_word' id='word_1_271' title='bbox 950 2311 1131 2370; x_wconf 90' lang='lat' dir='ltr'>adhuc</span> <span class='ocrx_word' id='word_1_272' title='bbox 1158 2314 1216 2369; x_wconf 91' lang='lat' dir='ltr'>in</span> <span class='ocrx_word' id='word_1_273' title='bbox 1237 2330 1464 2387; x_wconf 90' lang='lat' dir='ltr'>corpore</span> <span class='ocrx_word' id='word_1_274' title='bbox 1495 2315 1834 2372; x_wconf 90' lang='lat' dir='ltr'>constitutus</span> 
     </span>
    </p>
   </div>
   <div class='ocr_carea' id='block_1_39' title="bbox 225 2399 1834 2476">
    <p class='ocr_par' dir='ltr' id='par_1_39' title="bbox 225 2399 1834 2476">
     <span class='ocr_line' id='line_1_39' title="bbox 225 2399 1834 2476; baseline 0.002 -19"><span class='ocrx_word' id='word_1_275' title='bbox 225 2407 351 2457; x_wconf 90' lang='lat' dir='ltr'>orat</span> <span class='ocrx_word' id='word_1_276' title='bbox 377 2399 596 2455; x_wconf 87' lang='lat' dir='ltr'>dicens:</span> <span class='ocrx_word' id='word_1_277' title='bbox 640 2422 658 2445; x_wconf 81' lang='grc' dir='ltr'>ι</span> <span class='ocrx_word' id='word_1_278' title='bbox 679 2399 856 2468; x_wconf 91' lang='lat' dir='ltr'>Pater,</span> <span class='ocrx_word' id='word_1_279' title='bbox 876 2401 1004 2457; x_wconf 91' lang='lat' dir='ltr'>volo</span> <span class='ocrx_word' id='word_1_280' title='bbox 1032 2410 1095 2458; x_wconf 92' lang='lat' dir='ltr'>ut</span> <span class='ocrx_word' id='word_1_281' title='bbox 1113 2403 1209 2459; x_wconf 90' lang='lat' dir='ltr'>ubi</span> <span class='ocrx_word' id='word_1_282' title='bbox 1238 2418 1336 2476; x_wconf 88' lang='lat' dir='ltr'>ego</span> <span class='ocrx_word' id='word_1_283' title='bbox 1349 2421 1495 2472; x_wconf 90' lang='lat' dir='ltr'>sum,</span> <span class='ocrx_word' id='word_1_284' title='bbox 1525 2405 1603 2460; x_wconf 91' lang='lat' dir='ltr'>ibi</span> <span class='ocrx_word' id='word_1_285' title='bbox 1635 2405 1748 2461; x_wconf 90' lang='lat' dir='ltr'>sint</span> <span class='ocrx_word' id='word_1_286' title='bbox 1779 2413 1834 2462; x_wconf 90' lang='lat' dir='ltr'>et</span> 
     </span>
    </p>
   </div>
   <div class='ocr_carea' id='block_1_40' title="bbox 227 2487 1834 2566">
    <p class='ocr_par' dir='ltr' id='par_1_40' title="bbox 227 2487 1834 2566">
     <span class='ocr_line' id='line_1_40' title="bbox 227 2487 1834 2566; baseline 0.002 -19"><span class='ocrx_word' id='word_1_287' title='bbox 227 2491 288 2547; x_wconf 93' lang='lat' dir='ltr'>hi</span> <span class='ocrx_word' id='word_1_288' title='bbox 317 2489 412 2564; x_wconf 92' lang='lat' dir='ltr'>qui</span> <span class='ocrx_word' id='word_1_289' title='bbox 442 2489 500 2544; x_wconf 89' lang='lat' dir='ltr'>in</span> <span class='ocrx_word' id='word_1_290' title='bbox 531 2506 618 2545; x_wconf 89' lang='lat' dir='ltr'>me</span> <span class='ocrx_word' id='word_1_291' title='bbox 647 2487 999 2546; x_wconf 88' lang='lat' dir='ltr'>crediderunt</span> <span class='ocrx_word' id='word_1_292' title='bbox 1022 2509 1036 2559; x_wconf 91' lang='lat'>;</span> <span class='ocrx_word' id='word_1_293' title='bbox 1065 2498 1126 2546; x_wconf 91' lang='lat' dir='ltr'>ut</span> <span class='ocrx_word' id='word_1_294' title='bbox 1164 2491 1308 2549; x_wconf 91' lang='lat' dir='ltr'>sicut</span> <span class='ocrx_word' id='word_1_295' title='bbox 1345 2501 1406 2548; x_wconf 92' lang='lat' dir='ltr'>tu</span> <span class='ocrx_word' id='word_1_296' title='bbox 1435 2493 1492 2549; x_wconf 91' lang='lat' dir='ltr'>in</span> <span class='ocrx_word' id='word_1_297' title='bbox 1525 2510 1631 2563; x_wconf 90' lang='lat' dir='ltr'>me,</span> <span class='ocrx_word' id='word_1_298' title='bbox 1653 2502 1707 2550; x_wconf 89' lang='lat' dir='ltr'>et</span> <span class='ocrx_word' id='word_1_299' title='bbox 1735 2511 1834 2566; x_wconf 88' lang='lat' dir='ltr'>ego</span> 
     </span>
    </p>
   </div>
   <div class='ocr_carea' id='block_1_41' title="bbox 230 2577 1821 2656">
    <p class='ocr_par' dir='ltr' id='par_1_41' title="bbox 230 2577 1821 2656">
     <span class='ocr_line' id='line_1_41' title="bbox 230 2577 1821 2656; baseline -0.003 -19"><span class='ocrx_word' id='word_1_300' title='bbox 230 2580 291 2637; x_wconf 93' lang='lat' dir='ltr'>in</span> <span class='ocrx_word' id='word_1_301' title='bbox 320 2589 395 2650; x_wconf 91' lang='lat' dir='ltr'>te,</span> <span class='ocrx_word' id='word_1_302' title='bbox 426 2578 504 2635; x_wconf 91' lang='lat' dir='ltr'>ita</span> <span class='ocrx_word' id='word_1_303' title='bbox 532 2585 586 2634; x_wconf 90' lang='lat' dir='ltr'>et</span> <span class='ocrx_word' id='word_1_304' title='bbox 615 2577 700 2633; x_wconf 95' lang='lat' dir='ltr'>illi</span> <span class='ocrx_word' id='word_1_305' title='bbox 721 2589 976 2637; x_wconf 89' lang='lat' dir='ltr'>maneant</span> <span class='ocrx_word' id='word_1_306' title='bbox 997 2580 1055 2635; x_wconf 92' lang='lat' dir='ltr'>in</span> <span class='ocrx_word' id='word_1_307' title='bbox 1086 2581 1246 2637; x_wconf 92' lang='lat' dir='ltr'>nobis</span> <span class='ocrx_word' id='word_1_308' title='bbox 1276 2582 1452 2653; x_wconf 84' lang='lat' dir='ltr'>(Joan.</span> <span class='ocrx_word' id='word_1_309' title='bbox 1485 2599 1628 2650; x_wconf 82' lang='lat' dir='ltr'>xvu,</span> <span class='ocrx_word' id='word_1_310' title='bbox 1661 2583 1777 2656; x_wconf 83' lang='lat'>24).</span> <span class='ocrx_word' id='word_1_311' title='bbox 1803 2609 1821 2633; x_wconf 75' lang='grc' dir='ltr'><strong><em>ι</em></strong></span> 
     </span>
    </p>
   </div>
   <div class='ocr_carea' id='block_1_42' title="bbox 313 2667 1832 2741">
    <p class='ocr_par' dir='ltr' id='par_1_42' title="bbox 313 2667 1832 2741">
     <span class='ocr_line' id='line_1_42' title="bbox 313 2667 1832 2741; baseline 0.003 -16"><span class='ocrx_word' id='word_1_312' title='bbox 313 2670 398 2725; x_wconf 89' lang='grc'><strong>10.</strong></span> <span class='ocrx_word' id='word_1_313' title='bbox 440 2667 562 2736; x_wconf 87' lang='lat' dir='ltr'>Hic,</span> <span class='ocrx_word' id='word_1_314' title='bbox 586 2667 834 2740; x_wconf 90' lang='lat' dir='ltr'>inquam,</span> <span class='ocrx_word' id='word_1_315' title='bbox 857 2670 1244 2726; x_wconf 85' lang='lat' dir='ltr'>exsultationis</span> <span class='ocrx_word' id='word_1_316' title='bbox 1271 2679 1324 2727; x_wconf 90' lang='lat' dir='ltr'>et</span> <span class='ocrx_word' id='word_1_317' title='bbox 1354 2672 1559 2728; x_wconf 89' lang='lat' dir='ltr'>latitia</span> <span class='ocrx_word' id='word_1_318' title='bbox 1585 2673 1704 2729; x_wconf 89' lang='lat' dir='ltr'>dies</span> <span class='ocrx_word' id='word_1_319' title='bbox 1730 2681 1832 2741; x_wconf 88' lang='lat' dir='ltr'>est,</span> 
     </span>
    </p>
   </div>
   <div class='ocr_carea' id='block_1_43' title="bbox 239 2756 1835 2832">
    <p class='ocr_par' dir='ltr' id='par_1_43' title="bbox 239 2756 1835 2832">
     <span class='ocr_line' id='line_1_43' title="bbox 239 2756 1835 2832; baseline 0.001 -15"><span class='ocrx_word' id='word_1_320' title='bbox 239 2761 300 2818; x_wconf 91' lang='lat' dir='ltr'>in</span> <span class='ocrx_word' id='word_1_321' title='bbox 329 2774 436 2832; x_wconf 93' lang='lat' dir='ltr'>quo</span> <span class='ocrx_word' id='word_1_322' title='bbox 483 2756 812 2829; x_wconf 88' lang='lat' dir='ltr'>promissum</span> <span class='ocrx_word' id='word_1_323' title='bbox 841 2759 1094 2830; x_wconf 84' lang='lat' dir='ltr'>perfecta</span> <span class='ocrx_word' id='word_1_324' title='bbox 1125 2760 1310 2832; x_wconf 88' lang='lat' dir='ltr'>gloria</span> <span class='ocrx_word' id='word_1_325' title='bbox 1353 2762 1657 2830; x_wconf 90' lang='lat' dir='ltr'>consecuti,</span> <span class='ocrx_word' id='word_1_326' title='bbox 1690 2771 1835 2819; x_wconf 89' lang='lat' dir='ltr'>recte</span> 
     </span>
    </p>
   </div>
   <div class='ocr_carea' id='block_1_44' title="bbox 231 2846 1836 2923">
    <p class='ocr_par' dir='ltr' id='par_1_44' title="bbox 231 2846 1836 2923">
     <span class='ocr_line' id='line_1_44' title="bbox 231 2846 1836 2923; baseline 0 -17"><span class='ocrx_word' id='word_1_327' title='bbox 231 2849 386 2923; x_wconf 89' lang='lat' dir='ltr'>plebs</span> <span class='ocrx_word' id='word_1_328' title='bbox 431 2853 620 2902; x_wconf 87' lang='lat' dir='ltr'>sancta</span> <span class='ocrx_word' id='word_1_329' title='bbox 679 2846 747 2902; x_wconf 89' lang='lat' dir='ltr'>ad</span> <span class='ocrx_word' id='word_1_330' title='bbox 803 2848 978 2903; x_wconf 90' lang='lat' dir='ltr'>instar</span> <span class='ocrx_word' id='word_1_331' title='bbox 1028 2851 1345 2920; x_wconf 87' lang='lat' dir='ltr'>angelorum</span> <span class='ocrx_word' id='word_1_332' title='bbox 1403 2850 1604 2906; x_wconf 86' lang='lat' dir='ltr'>futura</span> <span class='ocrx_word' id='word_1_333' title='bbox 1658 2850 1836 2906; x_wconf 90' lang='lat' dir='ltr'>laudis</span> 
     </span>
    </p>
   </div>
   <div class='ocr_carea' id='block_1_45' title="bbox 234 2933 1836 3010">
    <p class='ocr_par' dir='ltr' id='par_1_45' title="bbox 234 2933 1836 3010">
     <span class='ocr_line' id='line_1_45' title="bbox 234 2933 1836 3010; baseline 0.002 -18"><span class='ocrx_word' id='word_1_334' title='bbox 234 2935 583 3010; x_wconf 87' lang='lat' dir='ltr'>mysterium,</span> <span class='ocrx_word' id='word_1_335' title='bbox 608 2933 788 2992; x_wconf 88' lang='lat' dir='ltr'>adhuc</span> <span class='ocrx_word' id='word_1_336' title='bbox 815 2936 874 2990; x_wconf 93' lang='lat' dir='ltr'>in</span> <span class='ocrx_word' id='word_1_337' title='bbox 905 2936 1008 2993; x_wconf 87' lang='lat' dir='ltr'>hoc</span> <span class='ocrx_word' id='word_1_338' title='bbox 1036 2939 1238 2994; x_wconf 87' lang='lat' dir='ltr'>saculo</span> <span class='ocrx_word' id='word_1_339' title='bbox 1266 2939 1576 3009; x_wconf 91' lang='lat' dir='ltr'>constituti,</span> <span class='ocrx_word' id='word_1_340' title='bbox 1598 2941 1836 2996; x_wconf 90' lang='lat' dir='ltr'>Domino</span> 
     </span>
    </p>
   </div>
   <div class='ocr_carea' id='block_1_46' title="bbox 237 3022 1836 3102">
    <p class='ocr_par' dir='ltr' id='par_1_46' title="bbox 237 3022 1836 3102">
     <span class='ocr_line' id='line_1_46' title="bbox 237 3022 1836 3102; baseline 0.001 -19"><span class='ocrx_word' id='word_1_341' title='bbox 237 3042 369 3083; x_wconf 89' lang='lat' dir='ltr'>cum</span> <span class='ocrx_word' id='word_1_342' title='bbox 419 3022 692 3094; x_wconf 90' lang='lat' dir='ltr'>Propheta</span> <span class='ocrx_word' id='word_1_343' title='bbox 741 3031 1069 3081; x_wconf 88' lang='lat' dir='ltr'>cantamus:</span> <span class='ocrx_word' id='word_1_344' title='bbox 1126 3050 1143 3073; x_wconf 80' lang='grc' dir='ltr'>ι</span> <span class='ocrx_word' id='word_1_345' title='bbox 1203 3027 1306 3084; x_wconf 87' lang='lat' dir='ltr'>Hic</span> <span class='ocrx_word' id='word_1_346' title='bbox 1358 3035 1440 3084; x_wconf 90' lang='lat' dir='ltr'>est</span> <span class='ocrx_word' id='word_1_347' title='bbox 1485 3028 1604 3084; x_wconf 91' lang='lat' dir='ltr'>dies</span> <span class='ocrx_word' id='word_1_348' title='bbox 1671 3045 1836 3102; x_wconf 91' lang='lat' dir='ltr'>quem</span> 
     </span>
    </p>
   </div>
   <div class='ocr_carea' id='block_1_47' title="bbox 235 3114 1828 3196">
    <p class='ocr_par' dir='ltr' id='par_1_47' title="bbox 235 3114 1828 3196">
     <span class='ocr_line' id='line_1_47' title="bbox 235 3114 1828 3196; baseline 0.002 -22"><span class='ocrx_word' id='word_1_349' title='bbox 235 3117 375 3175; x_wconf 89' lang='lat' dir='ltr'>fecit</span> <span class='ocrx_word' id='word_1_350' title='bbox 405 3114 695 3184; x_wconf 90' lang='lat' dir='ltr'>Dominus,</span> <span class='ocrx_word' id='word_1_351' title='bbox 720 3117 1059 3174; x_wconf 91' lang='lat' dir='ltr'>exsultemus</span> <span class='ocrx_word' id='word_1_352' title='bbox 1095 3127 1151 3175; x_wconf 92' lang='lat' dir='ltr'>et</span> <span class='ocrx_word' id='word_1_353' title='bbox 1179 3119 1428 3176; x_wconf 86' lang='lat' dir='ltr'>latemur</span> <span class='ocrx_word' id='word_1_354' title='bbox 1456 3119 1515 3175; x_wconf 91' lang='lat' dir='ltr'>in</span> <span class='ocrx_word' id='word_1_355' title='bbox 1538 3137 1602 3176; x_wconf 92' lang='lat' dir='ltr'>eo</span> <span class='ocrx_word' id='word_1_356' title='bbox 1653 3121 1828 3196; x_wconf 86' lang='lat' dir='ltr'>(Psal.</span> 
     </span>
    </p>
   </div>
   <div class='ocr_carea' id='block_1_48' title="bbox 233 3207 1837 3282">
    <p class='ocr_par' dir='ltr' id='par_1_48' title="bbox 233 3207 1837 3282">
     <span class='ocr_line' id='line_1_48' title="bbox 233 3207 1837 3282; baseline 0.002 -19"><span class='ocrx_word' id='word_1_357' title='bbox 233 3223 412 3278; x_wconf 85' lang='lat' dir='ltr'>cxvu,</span> <span class='ocrx_word' id='word_1_358' title='bbox 464 3209 556 3282; x_wconf 83' lang='lat'>24)</span> <span class='ocrx_word' id='word_1_359' title='bbox 598 3235 617 3260; x_wconf 71' lang='grc' dir='ltr'><strong>ι</strong></span> <span class='ocrx_word' id='word_1_360' title='bbox 661 3207 719 3264; x_wconf 91' lang='lat' dir='ltr'>id</span> <span class='ocrx_word' id='word_1_361' title='bbox 767 3215 867 3274; x_wconf 90' lang='lat' dir='ltr'>est,</span> <span class='ocrx_word' id='word_1_362' title='bbox 937 3217 1130 3265; x_wconf 89' lang='lat' dir='ltr'>auctor</span> <span class='ocrx_word' id='word_1_363' title='bbox 1183 3209 1571 3278; x_wconf 89' lang='lat' dir='ltr'>institutionis,</span> <span class='ocrx_word' id='word_1_364' title='bbox 1629 3210 1837 3266; x_wconf 88' lang='lat' dir='ltr'>redem-</span> 
     </span>
    </p>
   </div>
   <div class='ocr_carea' id='block_1_49' title="bbox 235 3298 1837 3372">
    <p class='ocr_par' dir='ltr' id='par_1_49' title="bbox 235 3298 1837 3372">
     <span class='ocr_line' id='line_1_49' title="bbox 235 3298 1837 3372; baseline 0.001 -16"><span class='ocrx_word' id='word_1_365' title='bbox 235 3298 444 3372; x_wconf 91' lang='lat' dir='ltr'>ptionis</span> <span class='ocrx_word' id='word_1_366' title='bbox 474 3309 529 3357; x_wconf 90' lang='lat' dir='ltr'>et</span> <span class='ocrx_word' id='word_1_367' title='bbox 556 3300 684 3356; x_wconf 85' lang='lat' dir='ltr'>vita</span> <span class='ocrx_word' id='word_1_368' title='bbox 732 3306 1005 3372; x_wconf 85' lang='lat' dir='ltr'>perpetua</span> <span class='ocrx_word' id='word_1_369' title='bbox 1049 3300 1316 3356; x_wconf 89' lang='lat' dir='ltr'>Dominus</span> <span class='ocrx_word' id='word_1_370' title='bbox 1360 3301 1514 3357; x_wconf 88' lang='lat' dir='ltr'>Jesus</span> <span class='ocrx_word' id='word_1_371' title='bbox 1563 3300 1837 3369; x_wconf 86' lang='lat' dir='ltr'>Christus,</span> 
     </span>
    </p>
   </div>
   <div class='ocr_carea' id='block_1_50' title="bbox 233 3390 1838 3463">
    <p class='ocr_par' dir='ltr' id='par_1_50' title="bbox 233 3390 1838 3463">
     <span class='ocr_line' id='line_1_50' title="bbox 233 3390 1838 3463; baseline 0.001 -19"><span class='ocrx_word' id='word_1_372' title='bbox 233 3390 332 3463; x_wconf 89' lang='lat' dir='ltr'>qui</span> <span class='ocrx_word' id='word_1_373' title='bbox 360 3398 441 3447; x_wconf 91' lang='lat' dir='ltr'>est</span> <span class='ocrx_word' id='word_1_374' title='bbox 465 3393 581 3450; x_wconf 82' lang='lat' dir='ltr'>Rex</span> <span class='ocrx_word' id='word_1_375' title='bbox 597 3405 847 3463; x_wconf 88' lang='lat' dir='ltr'>regnum,</span> <span class='ocrx_word' id='word_1_376' title='bbox 878 3397 932 3445; x_wconf 90' lang='lat' dir='ltr'>et</span> <span class='ocrx_word' id='word_1_377' title='bbox 961 3391 1232 3446; x_wconf 89' lang='lat' dir='ltr'>Dominus</span> <span class='ocrx_word' id='word_1_378' title='bbox 1260 3390 1618 3448; x_wconf 91' lang='lat' dir='ltr'>dominorum</span> <span class='ocrx_word' id='word_1_379' title='bbox 1645 3393 1838 3463; x_wconf 82' lang='lat' dir='ltr'>(Apoc.</span> 
     </span>
    </p>
   </div>
   <div class='ocr_carea' id='block_1_51' title="bbox 232 3477 1832 3552">
    <p class='ocr_par' dir='ltr' id='par_1_51' title="bbox 232 3477 1832 3552">
     <span class='ocr_line' id='line_1_51' title="bbox 232 3477 1832 3552; baseline 0.001 -19"><span class='ocrx_word' id='word_1_380' title='bbox 232 3495 374 3548; x_wconf 83' lang='lat' dir='ltr'>xvn,</span> <span class='ocrx_word' id='word_1_381' title='bbox 409 3479 523 3552; x_wconf 86' lang='grc'>14),</span> <span class='ocrx_word' id='word_1_382' title='bbox 556 3480 760 3551; x_wconf 91' lang='lat' dir='ltr'>absque</span> <span class='ocrx_word' id='word_1_383' title='bbox 795 3477 979 3547; x_wconf 91' lang='lat' dir='ltr'>initio,</span> <span class='ocrx_word' id='word_1_384' title='bbox 1013 3479 1134 3534; x_wconf 91' lang='lat' dir='ltr'>sine</span> <span class='ocrx_word' id='word_1_385' title='bbox 1163 3479 1272 3535; x_wconf 88' lang='lat' dir='ltr'>ﬁne</span> <span class='ocrx_word' id='word_1_386' title='bbox 1303 3480 1361 3534; x_wconf 91' lang='lat' dir='ltr'>in</span> <span class='ocrx_word' id='word_1_387' title='bbox 1392 3481 1552 3536; x_wconf 91' lang='lat' dir='ltr'>Patre</span> <span class='ocrx_word' id='word_1_388' title='bbox 1598 3495 1832 3551; x_wconf 82' lang='lat' dir='ltr'>regnans</span> 
     </span>
    </p>
   </div>
   <div class='ocr_carea' id='block_1_52' title="bbox 233 3571 1844 3646">
    <p class='ocr_par' dir='ltr' id='par_1_52' title="bbox 233 3571 1844 3646">
     <span class='ocr_line' id='line_1_52' title="bbox 233 3571 1844 3646; baseline -0.001 -17"><span class='ocrx_word' id='word_1_389' title='bbox 233 3589 364 3630; x_wconf 88' lang='lat' dir='ltr'>cum</span> <span class='ocrx_word' id='word_1_390' title='bbox 416 3573 625 3646; x_wconf 86' lang='lat' dir='ltr'>Spiritu</span> <span class='ocrx_word' id='word_1_391' title='bbox 665 3579 854 3628; x_wconf 89' lang='lat' dir='ltr'>sancto</span> <span class='ocrx_word' id='word_1_392' title='bbox 897 3585 1066 3638; x_wconf 90' lang='lat' dir='ltr'>nunc,</span> <span class='ocrx_word' id='word_1_393' title='bbox 1107 3579 1160 3626; x_wconf 90' lang='lat' dir='ltr'>et</span> <span class='ocrx_word' id='word_1_394' title='bbox 1203 3587 1436 3644; x_wconf 88' lang='lat' dir='ltr'>semper,</span> <span class='ocrx_word' id='word_1_395' title='bbox 1467 3581 1521 3628; x_wconf 89' lang='lat' dir='ltr'>et</span> <span class='ocrx_word' id='word_1_396' title='bbox 1552 3571 1609 3628; x_wconf 90' lang='lat' dir='ltr'>in</span> <span class='ocrx_word' id='word_1_397' title='bbox 1644 3573 1844 3630; x_wconf 88' lang='lat' dir='ltr'>sacula</span> 
     </span>
    </p>
   </div>
   <div class='ocr_carea' id='block_1_53' title="bbox 237 3664 821 3722">
    <p class='ocr_par' dir='ltr' id='par_1_53' title="bbox 237 3664 821 3722">
     <span class='ocr_line' id='line_1_53' title="bbox 237 3664 821 3722; baseline -0.007 -1"><span class='ocrx_word' id='word_1_398' title='bbox 237 3665 590 3722; x_wconf 80' lang='lat' dir='ltr'>saculorum,</span> <span class='ocrx_word' id='word_1_399' title='bbox 623 3664 821 3719; x_wconf 88' lang='lat' dir='ltr'>Amen.</span> 
     </span>
    </p>
   </div>
   <div class='ocr_carea' id='block_1_54' title="bbox 767 3776 1300 3834">
    <p class='ocr_par' dir='ltr' id='par_1_54' title="bbox 767 3776 1300 3834">
     <span class='ocr_line' id='line_1_54' title="bbox 767 3776 1300 3834; baseline -0.002 -2"><span class='ocrx_word' id='word_1_400' title='bbox 767 3776 1002 3834; x_wconf 81' lang='lat' dir='ltr'>SERMO</span> <span class='ocrx_word' id='word_1_401' title='bbox 1038 3776 1300 3833; x_wconf 83' lang='lat' dir='ltr'>XXXVI.</span> 
     </span>
    </p>
   </div>
   <div class='ocr_carea' id='block_1_55' title="bbox 655 3865 1444 3922">
    <p class='ocr_par' dir='ltr' id='par_1_55' title="bbox 655 3865 1444 3922">
     <span class='ocr_line' id='line_1_55' title="bbox 655 3865 1444 3922; baseline -0.001 -1"><span class='ocrx_word' id='word_1_402' title='bbox 655 3865 716 3922; x_wconf 92' lang='lat' dir='ltr'>In</span> <span class='ocrx_word' id='word_1_403' title='bbox 743 3865 833 3921; x_wconf 93' lang='lat' dir='ltr'>die</span> <span class='ocrx_word' id='word_1_404' title='bbox 859 3875 1049 3922; x_wconf 89' lang='lat' dir='ltr'>sancto</span> <span class='ocrx_word' id='word_1_405' title='bbox 1079 3867 1444 3922; x_wconf 90' lang='lat' dir='ltr'>Pentecostes.</span> 
     </span>
    </p>
   </div>
   <div class='ocr_carea' id='block_1_56' title="bbox 236 3953 1843 4026">
    <p class='ocr_par' dir='ltr' id='par_1_56' title="bbox 236 3953 1843 4026">
     <span class='ocr_line' id='line_1_56' title="bbox 236 3953 1843 4026; baseline -0.004 -11"><span class='ocrx_word' id='word_1_406' title='bbox 236 3953 596 4023; x_wconf 78' lang='lat' dir='ltr'>Sermonibus,</span> <span class='ocrx_word' id='word_1_407' title='bbox 643 3954 735 4026; x_wconf 86' lang='lat' dir='ltr'>qui</span> <span class='ocrx_word' id='word_1_408' title='bbox 771 3955 943 4010; x_wconf 86' lang='lat' dir='ltr'>additi</span> <span class='ocrx_word' id='word_1_409' title='bbox 988 3961 1109 4010; x_wconf 81' lang='lat' dir='ltr'>sunt</span> <span class='ocrx_word' id='word_1_410' title='bbox 1152 3954 1210 4008; x_wconf 83' lang='lat' dir='ltr'>in</span> <span class='ocrx_word' id='word_1_411' title='bbox 1256 3957 1406 4012; x_wconf 88' lang='lat' dir='ltr'>Rom.</span> <span class='ocrx_word' id='word_1_412' title='bbox 1438 4025 1442 4026; x_wconf 14' lang='grc' dir='ltr'>ί</span> <span class='ocrx_word' id='word_1_413' title='bbox 1471 3953 1712 4022; x_wconf 81' lang='lat' dir='ltr'>editione,</span> <span class='ocrx_word' id='word_1_414' title='bbox 1761 3953 1843 4026; x_wconf 85' lang='lat' dir='ltr'>hic</span> 
     </span>
    </p>
   </div>
   <div class='ocr_carea' id='block_1_57' title="bbox 302 4025 1845 4099">
    <p class='ocr_par' dir='ltr' id='par_1_57' title="bbox 302 4025 1845 4099">
     <span class='ocr_line' id='line_1_57' title="bbox 302 4025 1845 4099; baseline -0.001 -18"><span class='ocrx_word' id='word_1_415' title='bbox 302 4027 465 4099; x_wconf 81' lang='lat' dir='ltr'>jungi</span> <span class='ocrx_word' id='word_1_416' title='bbox 533 4025 692 4082; x_wconf 79' lang='lat' dir='ltr'>debet.</span> <span class='ocrx_word' id='word_1_417' title='bbox 753 4026 951 4099; x_wconf 81' lang='lat' dir='ltr'>Quibus</span> <span class='ocrx_word' id='word_1_418' title='bbox 1000 4032 1173 4081; x_wconf 89' lang='lat' dir='ltr'>autem</span> <span class='ocrx_word' id='word_1_419' title='bbox 1225 4025 1534 4099; x_wconf 74' lang='lat' dir='ltr'>rationibus</span> <span class='ocrx_word' id='word_1_420' title='bbox 1576 4025 1845 4099; x_wconf 76' lang='lat' dir='ltr'>Ambrosii</span> 
     </span>
    </p>
   </div>
   <div class='ocr_carea' id='block_1_58' title="bbox 309 4097 1842 4169">
    <p class='ocr_par' dir='ltr' id='par_1_58' title="bbox 309 4097 1842 4169">
     <span class='ocr_line' id='line_1_58' title="bbox 309 4097 1842 4169; baseline -0.001 -16"><span class='ocrx_word' id='word_1_421' title='bbox 309 4097 497 4153; x_wconf 85' lang='lat' dir='ltr'>nomen</span> <span class='ocrx_word' id='word_1_422' title='bbox 546 4098 852 4165; x_wconf 75' lang='lat' dir='ltr'>obtinuerit,</span> <span class='ocrx_word' id='word_1_423' title='bbox 899 4115 995 4152; x_wconf 91' lang='lat' dir='ltr'>nos</span> <span class='ocrx_word' id='word_1_424' title='bbox 1034 4100 1194 4169; x_wconf 80' lang='lat' dir='ltr'>plane</span> <span class='ocrx_word' id='word_1_425' title='bbox 1237 4097 1419 4168; x_wconf 85' lang='lat' dir='ltr'>fugit:</span> <span class='ocrx_word' id='word_1_426' title='bbox 1466 4098 1594 4152; x_wconf 83' lang='lat' dir='ltr'>adeo</span> <span class='ocrx_word' id='word_1_427' title='bbox 1645 4097 1699 4169; x_wconf 83' lang='lat' dir='ltr'>in</span> <span class='ocrx_word' id='word_1_428' title='bbox 1749 4097 1842 4152; x_wconf 83' lang='lat' dir='ltr'>illo</span> 
     </span>
    </p>
   </div>
   <div class='ocr_carea' id='block_1_59' title="bbox 310 4168 1846 4239">
    <p class='ocr_par' dir='ltr' id='par_1_59' title="bbox 310 4168 1846 4239">
     <span class='ocr_line' id='line_1_59' title="bbox 310 4168 1846 4239; baseline 0 -15"><span class='ocrx_word' id='word_1_429' title='bbox 310 4171 447 4225; x_wconf 82' lang='lat' dir='ltr'>nihil</span> <span class='ocrx_word' id='word_1_430' title='bbox 477 4170 710 4225; x_wconf 80' lang='lat' dir='ltr'>videmus</span> <span class='ocrx_word' id='word_1_431' title='bbox 755 4168 1194 4225; x_wconf 78' lang='lat' dir='ltr'>Ambrosianum.</span> <span class='ocrx_word' id='word_1_432' title='bbox 1236 4169 1388 4237; x_wconf 84' lang='lat' dir='ltr'>Quod</span> <span class='ocrx_word' id='word_1_433' title='bbox 1417 4176 1592 4224; x_wconf 85' lang='lat' dir='ltr'>autem</span> <span class='ocrx_word' id='word_1_434' title='bbox 1625 4168 1846 4239; x_wconf 85' lang='lat' dir='ltr'>lingua-</span> 
     </span>
    </p>
   </div>
   <div class='ocr_carea' id='block_1_60' title="bbox 312 4239 1846 4312">
    <p class='ocr_par' dir='ltr' id='par_1_60' title="bbox 312 4239 1846 4312">
     <span class='ocr_line' id='line_1_60' title="bbox 312 4239 1846 4312; baseline 0.001 -17"><span class='ocrx_word' id='word_1_435' title='bbox 312 4258 435 4295; x_wconf 92' lang='lat' dir='ltr'>rum</span> <span class='ocrx_word' id='word_1_436' title='bbox 481 4241 793 4296; x_wconf 89' lang='lat' dir='ltr'>divisionem</span> <span class='ocrx_word' id='word_1_437' title='bbox 836 4242 1094 4311; x_wconf 79' lang='lat' dir='ltr'>superbia</span> <span class='ocrx_word' id='word_1_438' title='bbox 1121 4248 1380 4312; x_wconf 82' lang='lat' dir='ltr'>acceptam</span> <span class='ocrx_word' id='word_1_439' title='bbox 1408 4239 1592 4310; x_wconf 81' lang='lat' dir='ltr'>refert,</span> <span class='ocrx_word' id='word_1_440' title='bbox 1625 4257 1691 4295; x_wconf 74' lang='lat' dir='ltr'>ex</span> <span class='ocrx_word' id='word_1_441' title='bbox 1719 4241 1846 4296; x_wconf 84' lang='lat' dir='ltr'>Au-</span> 
     </span>
    </p>
   </div>
   <div class='ocr_carea' id='block_1_61' title="bbox 311 4312 1488 4383">
    <p class='ocr_par' dir='ltr' id='par_1_61' title="bbox 311 4312 1488 4383">
     <span class='ocr_line' id='line_1_61' title="bbox 311 4312 1488 4383; baseline 0.001 -17"><span class='ocrx_word' id='word_1_442' title='bbox 311 4312 510 4383; x_wconf 88' lang='lat' dir='ltr'>gustini</span> <span class='ocrx_word' id='word_1_443' title='bbox 538 4329 772 4366; x_wconf 80' lang='lat' dir='ltr'>sermone</span> <span class='ocrx_word' id='word_1_444' title='bbox 799 4312 899 4366; x_wconf 77' lang='grc'>271</span> <span class='ocrx_word' id='word_1_445' title='bbox 932 4320 1197 4383; x_wconf 87' lang='lat' dir='ltr'>sumptum</span> <span class='ocrx_word' id='word_1_446' title='bbox 1219 4319 1488 4383; x_wconf 85' lang='lat' dir='ltr'>putamus.</span> 
     </span>
    </p>
   </div>
   <div class='ocr_carea' id='block_1_62' title="bbox 319 4415 1846 4488">
    <p class='ocr_par' dir='ltr' id='par_1_62' title="bbox 319 4415 1846 4488">
     <span class='ocr_line' id='line_1_62' title="bbox 319 4415 1846 4488; baseline 0.001 -16"><span class='ocrx_word' id='word_1_447' title='bbox 319 4416 370 4472; x_wconf 91' lang='grc'><strong>1.</strong></span> <span class='ocrx_word' id='word_1_448' title='bbox 401 4417 594 4488; x_wconf 85' lang='lat' dir='ltr'>Magna</span> <span class='ocrx_word' id='word_1_449' title='bbox 625 4425 728 4481; x_wconf 88' lang='lat' dir='ltr'>est,</span> <span class='ocrx_word' id='word_1_450' title='bbox 773 4415 969 4472; x_wconf 87' lang='lat' dir='ltr'>fratres</span> <span class='ocrx_word' id='word_1_451' title='bbox 1009 4415 1343 4484; x_wconf 89' lang='lat' dir='ltr'>charissimi,</span> <span class='ocrx_word' id='word_1_452' title='bbox 1377 4417 1647 4474; x_wconf 90' lang='lat' dir='ltr'>hodierna</span> <span class='ocrx_word' id='word_1_453' title='bbox 1682 4417 1846 4474; x_wconf 90' lang='lat' dir='ltr'>festi-</span> 
     </span>
    </p>
   </div>
   <div class='ocr_carea' id='block_1_63' title="bbox 245 4503 1844 4578">
    <p class='ocr_par' dir='ltr' id='par_1_63' title="bbox 245 4503 1844 4578">
     <span class='ocr_line' id='line_1_63' title="bbox 245 4503 1844 4578; baseline 0.001 -18"><span class='ocrx_word' id='word_1_454' title='bbox 245 4504 408 4573; x_wconf 88' lang='lat' dir='ltr'>vitas,</span> <span class='ocrx_word' id='word_1_455' title='bbox 454 4504 510 4560; x_wconf 91' lang='lat' dir='ltr'>in</span> <span class='ocrx_word' id='word_1_456' title='bbox 551 4520 660 4577; x_wconf 91' lang='lat' dir='ltr'>qua</span> <span class='ocrx_word' id='word_1_457' title='bbox 696 4504 840 4559; x_wconf 92' lang='lat' dir='ltr'>sicut</span> <span class='ocrx_word' id='word_1_458' title='bbox 893 4503 1146 4573; x_wconf 90' lang='lat' dir='ltr'>audistis,</span> <span class='ocrx_word' id='word_1_459' title='bbox 1208 4514 1537 4578; x_wconf 90' lang='lat' dir='ltr'>acceperunt</span> <span class='ocrx_word' id='word_1_460' title='bbox 1603 4507 1844 4578; x_wconf 90' lang='lat' dir='ltr'>apostoli</span> 
     </span>
    </p>
   </div>
   <div class='ocr_carea' id='block_1_64' title="bbox 243 4596 1919 4692">
    <p class='ocr_par' dir='ltr' id='par_1_64' title="bbox 243 4596 1919 4692">
     <span class='ocr_line' id='line_1_64' title="bbox 243 4596 1919 4692; baseline 0.001 -38"><span class='ocrx_word' id='word_1_461' title='bbox 243 4597 508 4670; x_wconf 89' lang='lat' dir='ltr'>Spiritum</span> <span class='ocrx_word' id='word_1_462' title='bbox 552 4606 824 4666; x_wconf 91' lang='lat' dir='ltr'>sanctum,</span> <span class='ocrx_word' id='word_1_463' title='bbox 869 4597 964 4670; x_wconf 93' lang='lat' dir='ltr'>qui</span> <span class='ocrx_word' id='word_1_464' title='bbox 992 4614 1118 4653; x_wconf 91' lang='lat' dir='ltr'>cum</span> <span class='ocrx_word' id='word_1_465' title='bbox 1147 4596 1305 4653; x_wconf 89' lang='lat' dir='ltr'>Patre</span> <span class='ocrx_word' id='word_1_466' title='bbox 1351 4607 1404 4654; x_wconf 91' lang='lat' dir='ltr'>et</span> <span class='ocrx_word' id='word_1_467' title='bbox 1447 4597 1590 4653; x_wconf 85' lang='lat' dir='ltr'>Filio</span> <span class='ocrx_word' id='word_1_468' title='bbox 1616 4616 1757 4656; x_wconf 90' lang='lat' dir='ltr'>unus</span> <span class='ocrx_word' id='word_1_469' title='bbox 1791 4608 1844 4656; x_wconf 91' lang='lat' dir='ltr'>et</span> <span class='ocrx_word' id='word_1_470' title='bbox 1871 4635 1919 4692; x_wconf 84' lang='lat' dir='ltr'><strong>D</strong></span> 
     </span>
    </p>
   </div>
   <div class='ocr_carea' id='block_1_65' title="bbox 248 4686 1840 4763">
    <p class='ocr_par' dir='ltr' id='par_1_65' title="bbox 248 4686 1840 4763">
     <span class='ocr_line' id='line_1_65' title="bbox 248 4686 1840 4763; baseline 0 -18"><span class='ocrx_word' id='word_1_471' title='bbox 248 4689 519 4762; x_wconf 85' lang='lat' dir='ltr'>perfectus</span> <span class='ocrx_word' id='word_1_472' title='bbox 549 4696 630 4744; x_wconf 86' lang='lat' dir='ltr'>est</span> <span class='ocrx_word' id='word_1_473' title='bbox 664 4691 828 4757; x_wconf 91' lang='lat' dir='ltr'>Deus,</span> <span class='ocrx_word' id='word_1_474' title='bbox 853 4686 1097 4760; x_wconf 91' lang='lat' dir='ltr'>ejusdem</span> <span class='ocrx_word' id='word_1_475' title='bbox 1147 4688 1486 4758; x_wconf 89' lang='lat' dir='ltr'>substantia,</span> <span class='ocrx_word' id='word_1_476' title='bbox 1523 4690 1840 4763; x_wconf 87' lang='lat' dir='ltr'>majestatis,</span> 
     </span>
    </p>
   </div>
   <div class='ocr_carea' id='block_1_66' title="bbox 246 4779 1844 4854">
    <p class='ocr_par' dir='ltr' id='par_1_66' title="bbox 246 4779 1844 4854">
     <span class='ocr_line' id='line_1_66' title="bbox 246 4779 1844 4854; baseline 0.001 -18"><span class='ocrx_word' id='word_1_477' title='bbox 246 4789 301 4836; x_wconf 90' lang='lat' dir='ltr'>et</span> <span class='ocrx_word' id='word_1_478' title='bbox 331 4780 587 4852; x_wconf 90' lang='lat' dir='ltr'>potentia</span> <span class='ocrx_word' id='word_1_479' title='bbox 611 4799 622 4836; x_wconf 92' lang='lat'>:</span> <span class='ocrx_word' id='word_1_480' title='bbox 671 4780 765 4854; x_wconf 92' lang='lat' dir='ltr'>qui</span> <span class='ocrx_word' id='word_1_481' title='bbox 795 4795 907 4836; x_wconf 92' lang='lat' dir='ltr'>non</span> <span class='ocrx_word' id='word_1_482' title='bbox 965 4795 1035 4835; x_wconf 89' lang='lat' dir='ltr'>ex</span> <span class='ocrx_word' id='word_1_483' title='bbox 1063 4787 1327 4852; x_wconf 88' lang='lat' dir='ltr'>tempore,</span> <span class='ocrx_word' id='word_1_484' title='bbox 1361 4779 1454 4836; x_wconf 92' lang='lat' dir='ltr'>sed</span> <span class='ocrx_word' id='word_1_485' title='bbox 1483 4780 1550 4836; x_wconf 88' lang='lat' dir='ltr'>ab</span> <span class='ocrx_word' id='word_1_486' title='bbox 1581 4791 1784 4838; x_wconf 87' lang='lat' dir='ltr'>aterno</span> <span class='ocrx_word' id='word_1_487' title='bbox 1814 4798 1844 4837; x_wconf 89' lang='lat' dir='ltr'>a</span> 
     </span>
    </p>
   </div>
   <div class='ocr_carea' id='block_1_67' title="bbox 319 4886 1845 4960">
    <p class='ocr_par' dir='ltr' id='par_1_67' title="bbox 319 4886 1845 4960">
     <span class='ocr_line' id='line_1_67' title="bbox 319 4886 1845 4960; baseline 0.002 -18"><span class='ocrx_word' id='word_1_488' title='bbox 319 4887 436 4960; x_wconf 85' lang='grc'><strong>(11)</strong></span> <span class='ocrx_word' id='word_1_489' title='bbox 460 4887 646 4945; x_wconf 83' lang='lat' dir='ltr'>Codex</span> <span class='ocrx_word' id='word_1_490' title='bbox 676 4888 858 4955; x_wconf 83' lang='lat' dir='ltr'>Rom.,</span> <span class='ocrx_word' id='word_1_491' title='bbox 889 4886 1118 4943; x_wconf 78' lang='lat' dir='ltr'>insontes</span> <span class='ocrx_word' id='word_1_492' title='bbox 1128 4891 1488 4959; x_wconf 78' lang='lat' dir='ltr'>parvulorum</span> <span class='ocrx_word' id='word_1_493' title='bbox 1508 4887 1845 4960; x_wconf 83' lang='lat' dir='ltr'>simplicitate</span> 
     </span>
    </p>
   </div>
   <div class='ocr_carea' id='block_1_68' title="bbox 250 4959 1231 5026">
    <p class='ocr_par' dir='ltr' id='par_1_68' title="bbox 250 4959 1231 5026">
     <span class='ocr_line' id='line_1_68' title="bbox 250 4959 1231 5026; baseline 0.003 -12"><span class='ocrx_word' id='word_1_494' title='bbox 250 4959 423 5014; x_wconf 85' lang='lat' dir='ltr'>renati</span> <span class='ocrx_word' id='word_1_495' title='bbox 447 4961 760 5015; x_wconf 85' lang='lat' dir='ltr'>barathrum</span> <span class='ocrx_word' id='word_1_496' title='bbox 790 4959 1100 5026; x_wconf 83' lang='lat' dir='ltr'>innocentes,</span> <span class='ocrx_word' id='word_1_497' title='bbox 1129 4969 1231 5017; x_wconf 90' lang='lat' dir='ltr'>etc.</span> 
     </span>
    </p>
   </div>
   <div class='ocr_carea' id='block_1_69' title="bbox 1939 1973 3542 2056">
    <p class='ocr_par' dir='ltr' id='par_1_69' title="bbox 1939 1973 3542 2056">
     <span class='ocr_line' id='line_1_69' title="bbox 1939 1973 3542 2056; baseline -0.003 -19"><span class='ocrx_word' id='word_1_498' title='bbox 1939 1981 2337 2056; x_wconf 87' lang='lat' dir='ltr'>pertingentem</span> <span class='ocrx_word' id='word_1_499' title='bbox 2369 1993 2540 2051; x_wconf 90' lang='lat' dir='ltr'>usque</span> <span class='ocrx_word' id='word_1_500' title='bbox 2565 1976 2635 2032; x_wconf 91' lang='lat' dir='ltr'>ad</span> <span class='ocrx_word' id='word_1_501' title='bbox 2664 1975 2862 2032; x_wconf 82' lang='lat' dir='ltr'>coelum</span> <span class='ocrx_word' id='word_1_502' title='bbox 2897 1974 3052 2044; x_wconf 86' lang='lat' dir='ltr'>(Gen.</span> <span class='ocrx_word' id='word_1_503' title='bbox 3081 1991 3162 2043; x_wconf 70' lang='grc' dir='ltr'>χι,</span> <span class='ocrx_word' id='word_1_504' title='bbox 3195 1973 3312 2045; x_wconf 89' lang='grc'>4-8)</span> <span class='ocrx_word' id='word_1_505' title='bbox 3341 1993 3354 2041; x_wconf 92' lang='grc'><strong>;</strong></span> <span class='ocrx_word' id='word_1_506' title='bbox 3388 1974 3542 2047; x_wconf 89' lang='lat' dir='ltr'>prius</span> 
     </span>
    </p>
   </div>
   <div class='ocr_carea' id='block_1_70' title="bbox 1939 2063 3544 2138">
    <p class='ocr_par' dir='ltr' id='par_1_70' title="bbox 1939 2063 3544 2138">
     <span class='ocr_line' id='line_1_70' title="bbox 1939 2063 3544 2138; baseline -0.005 -10"><span class='ocrx_word' id='word_1_507' title='bbox 1939 2073 2086 2128; x_wconf 89' lang='lat' dir='ltr'>enim</span> <span class='ocrx_word' id='word_1_508' title='bbox 2117 2078 2232 2126; x_wconf 92' lang='lat' dir='ltr'>erat</span> <span class='ocrx_word' id='word_1_509' title='bbox 2257 2085 2368 2124; x_wconf 89' lang='lat' dir='ltr'>una</span> <span class='ocrx_word' id='word_1_510' title='bbox 2398 2067 2608 2138; x_wconf 89' lang='lat' dir='ltr'>lingua,</span> <span class='ocrx_word' id='word_1_511' title='bbox 2639 2081 2746 2138; x_wconf 92' lang='lat' dir='ltr'>qua</span> <span class='ocrx_word' id='word_1_512' title='bbox 2774 2063 3028 2119; x_wconf 90' lang='lat' dir='ltr'>homines</span> <span class='ocrx_word' id='word_1_513' title='bbox 3057 2080 3113 2119; x_wconf 88' lang='lat' dir='ltr'>se</span> <span class='ocrx_word' id='word_1_514' title='bbox 3142 2071 3337 2118; x_wconf 91' lang='lat' dir='ltr'>mutuo</span> <span class='ocrx_word' id='word_1_515' title='bbox 3367 2063 3544 2120; x_wconf 91' lang='lat' dir='ltr'>intel-</span> 
     </span>
    </p>
   </div>
   <div class='ocr_carea' id='block_1_71' title="bbox 1939 2155 3542 2236">
    <p class='ocr_par' dir='ltr' id='par_1_71' title="bbox 1939 2155 3542 2236">
     <span class='ocr_line' id='line_1_71' title="bbox 1939 2155 3542 2236; baseline -0.006 -17"><span class='ocrx_word' id='word_1_516' title='bbox 1939 2164 2200 2236; x_wconf 90' lang='lat' dir='ltr'>ligebant,</span> <span class='ocrx_word' id='word_1_517' title='bbox 2232 2170 2286 2217; x_wconf 90' lang='lat' dir='ltr'>et</span> <span class='ocrx_word' id='word_1_518' title='bbox 2316 2161 2536 2232; x_wconf 91' lang='lat' dir='ltr'>propria</span> <span class='ocrx_word' id='word_1_519' title='bbox 2566 2158 2767 2214; x_wconf 90' lang='lat' dir='ltr'>mentis</span> <span class='ocrx_word' id='word_1_520' title='bbox 2786 2173 2987 2213; x_wconf 89' lang='lat' dir='ltr'>arcana</span> <span class='ocrx_word' id='word_1_521' title='bbox 3013 2155 3259 2211; x_wconf 91' lang='lat' dir='ltr'>invicem</span> <span class='ocrx_word' id='word_1_522' title='bbox 3293 2171 3542 2210; x_wconf 90' lang='lat' dir='ltr'>commu-</span> 
     </span>
    </p>
   </div>
   <div class='ocr_carea' id='block_1_72' title="bbox 1941 2244 3540 2322">
    <p class='ocr_par' dir='ltr' id='par_1_72' title="bbox 1941 2244 3540 2322">
     <span class='ocr_line' id='line_1_72' title="bbox 1941 2244 3540 2322; baseline -0.006 -12"><span class='ocrx_word' id='word_1_523' title='bbox 1941 2253 2236 2310; x_wconf 88' lang='lat' dir='ltr'>nicabant:</span> <span class='ocrx_word' id='word_1_524' title='bbox 2297 2267 2490 2306; x_wconf 87' lang='lat' dir='ltr'>verum</span> <span class='ocrx_word' id='word_1_525' title='bbox 2547 2264 2616 2304; x_wconf 90' lang='lat' dir='ltr'>ne</span> <span class='ocrx_word' id='word_1_526' title='bbox 2690 2249 3015 2322; x_wconf 83' lang='lat' dir='ltr'>perficerent</span> <span class='ocrx_word' id='word_1_527' title='bbox 3090 2244 3333 2316; x_wconf 90' lang='lat' dir='ltr'>superbi,</span> <span class='ocrx_word' id='word_1_528' title='bbox 3393 2245 3540 2317; x_wconf 92' lang='lat' dir='ltr'>quod</span> 
     </span>
    </p>
   </div>
   <div class='ocr_carea' id='block_1_73' title="bbox 1941 2334 3542 2416">
    <p class='ocr_par' dir='ltr' id='par_1_73' title="bbox 1941 2334 3542 2416">
     <span class='ocr_line' id='line_1_73' title="bbox 1941 2334 3542 2416; baseline -0.006 -16"><span class='ocrx_word' id='word_1_529' title='bbox 1941 2350 2235 2416; x_wconf 81' lang='lat' dir='ltr'>caperant,</span> <span class='ocrx_word' id='word_1_530' title='bbox 2268 2341 2508 2398; x_wconf 83' lang='lat' dir='ltr'>confusa</span> <span class='ocrx_word' id='word_1_531' title='bbox 2538 2347 2667 2395; x_wconf 90' lang='lat' dir='ltr'>sunt</span> <span class='ocrx_word' id='word_1_532' title='bbox 2708 2339 2929 2410; x_wconf 87' lang='lat' dir='ltr'>lingua,</span> <span class='ocrx_word' id='word_1_533' title='bbox 2964 2352 3027 2392; x_wconf 90' lang='lat' dir='ltr'>ac</span> <span class='ocrx_word' id='word_1_534' title='bbox 3063 2335 3315 2391; x_wconf 90' lang='lat' dir='ltr'>nationes</span> <span class='ocrx_word' id='word_1_535' title='bbox 3345 2334 3542 2391; x_wconf 86' lang='lat' dir='ltr'>divisa</span> 
     </span>
    </p>
   </div>
   <div class='ocr_carea' id='block_1_74' title="bbox 1942 2421 3545 2495">
    <p class='ocr_par' dir='ltr' id='par_1_74' title="bbox 1942 2421 3545 2495">
     <span class='ocr_line' id='line_1_74' title="bbox 1942 2421 3545 2495; baseline -0.008 -7"><span class='ocrx_word' id='word_1_536' title='bbox 1942 2439 2090 2488; x_wconf 91' lang='lat' dir='ltr'>sunt.</span> <span class='ocrx_word' id='word_1_537' title='bbox 2141 2429 2417 2485; x_wconf 88' lang='lat' dir='ltr'>Hodierna</span> <span class='ocrx_word' id='word_1_538' title='bbox 2462 2443 2595 2482; x_wconf 86' lang='lat' dir='ltr'>vero</span> <span class='ocrx_word' id='word_1_539' title='bbox 2670 2425 2759 2481; x_wconf 91' lang='lat' dir='ltr'>die</span> <span class='ocrx_word' id='word_1_540' title='bbox 2814 2441 2938 2481; x_wconf 89' lang='lat' dir='ltr'>cum</span> <span class='ocrx_word' id='word_1_541' title='bbox 3009 2430 3231 2495; x_wconf 89' lang='lat' dir='ltr'>propter</span> <span class='ocrx_word' id='word_1_542' title='bbox 3300 2421 3545 2478; x_wconf 88' lang='lat' dir='ltr'>humili-</span> 
     </span>
    </p>
   </div>
   <div class='ocr_carea' id='block_1_75' title="bbox 1943 2510 3539 2590">
    <p class='ocr_par' dir='ltr' id='par_1_75' title="bbox 1943 2510 3539 2590">
     <span class='ocr_line' id='line_1_75' title="bbox 1943 2510 3539 2590; baseline -0.007 -14"><span class='ocrx_word' id='word_1_543' title='bbox 1943 2529 2110 2576; x_wconf 88' lang='lat' dir='ltr'>tatem</span> <span class='ocrx_word' id='word_1_544' title='bbox 2193 2518 2459 2590; x_wconf 89' lang='lat' dir='ltr'>Spiritum</span> <span class='ocrx_word' id='word_1_545' title='bbox 2517 2523 2768 2572; x_wconf 90' lang='lat' dir='ltr'>sanctum</span> <span class='ocrx_word' id='word_1_546' title='bbox 2829 2513 3164 2584; x_wconf 89' lang='lat' dir='ltr'>accepissent</span> <span class='ocrx_word' id='word_1_547' title='bbox 3229 2510 3539 2577; x_wconf 89' lang='lat' dir='ltr'>credentes,</span> 
     </span>
    </p>
   </div>
   <div class='ocr_carea' id='block_1_76' title="bbox 1943 2599 3546 2682">
    <p class='ocr_par' dir='ltr' id='par_1_76' title="bbox 1943 2599 3546 2682">
     <span class='ocr_line' id='line_1_76' title="bbox 1943 2599 3546 2682; baseline -0.008 -15"><span class='ocrx_word' id='word_1_548' title='bbox 1943 2617 2227 2682; x_wconf 67' lang='lat' dir='ltr'>coeperunt</span> <span class='ocrx_word' id='word_1_549' title='bbox 2282 2607 2540 2662; x_wconf 90' lang='lat' dir='ltr'>omnibus</span> <span class='ocrx_word' id='word_1_550' title='bbox 2596 2603 2800 2676; x_wconf 88' lang='lat' dir='ltr'>linguis</span> <span class='ocrx_word' id='word_1_551' title='bbox 2863 2601 3034 2675; x_wconf 92' lang='lat' dir='ltr'>loqui.</span> <span class='ocrx_word' id='word_1_552' title='bbox 3108 2599 3346 2671; x_wconf 86' lang='lat' dir='ltr'>Abjicite</span> <span class='ocrx_word' id='word_1_553' title='bbox 3399 2614 3546 2670; x_wconf 89' lang='lat' dir='ltr'>qua-</span> 
     </span>
    </p>
   </div>
   <div class='ocr_carea' id='block_1_77' title="bbox 1943 2689 3544 2774">
    <p class='ocr_par' dir='ltr' id='par_1_77' title="bbox 1943 2689 3544 2774">
     <span class='ocr_line' id='line_1_77' title="bbox 1943 2689 3544 2774; baseline -0.008 -17"><span class='ocrx_word' id='word_1_554' title='bbox 1943 2707 2165 2774; x_wconf 89' lang='lat' dir='ltr'>propter</span> <span class='ocrx_word' id='word_1_555' title='bbox 2236 2715 2268 2754; x_wconf 94' lang='lat' dir='ltr'>a</span> <span class='ocrx_word' id='word_1_556' title='bbox 2341 2695 2520 2762; x_wconf 82' lang='lat' dir='ltr'>vobis,</span> <span class='ocrx_word' id='word_1_557' title='bbox 2598 2695 2811 2761; x_wconf 88' lang='lat' dir='ltr'>fratres,</span> <span class='ocrx_word' id='word_1_558' title='bbox 2889 2689 3221 2764; x_wconf 89' lang='lat' dir='ltr'>superbiam,</span> <span class='ocrx_word' id='word_1_559' title='bbox 3281 2689 3544 2762; x_wconf 86' lang='lat' dir='ltr'>quoniam</span> 
     </span>
    </p>
   </div>
   <div class='ocr_carea' id='block_1_78' title="bbox 1945 2778 3539 2859">
    <p class='ocr_par' dir='ltr' id='par_1_78' title="bbox 1945 2778 3539 2859">
     <span class='ocr_line' id='line_1_78' title="bbox 1945 2778 3539 2859; baseline -0.008 -13"><span class='ocrx_word' id='word_1_560' title='bbox 1945 2806 2135 2846; x_wconf 90' lang='lat' dir='ltr'>omnes</span> <span class='ocrx_word' id='word_1_561' title='bbox 2163 2786 2383 2859; x_wconf 89' lang='lat' dir='ltr'>superbi</span> <span class='ocrx_word' id='word_1_562' title='bbox 2413 2785 2513 2840; x_wconf 83' lang='lat' dir='ltr'>filii</span> <span class='ocrx_word' id='word_1_563' title='bbox 2547 2791 2676 2840; x_wconf 89' lang='lat' dir='ltr'>sunt</span> <span class='ocrx_word' id='word_1_564' title='bbox 2717 2781 2924 2838; x_wconf 91' lang='lat' dir='ltr'>diaboli</span> <span class='ocrx_word' id='word_1_565' title='bbox 2953 2800 2966 2848; x_wconf 92' lang='lat'>;</span> <span class='ocrx_word' id='word_1_566' title='bbox 3007 2789 3061 2836; x_wconf 91' lang='lat' dir='ltr'>et</span> <span class='ocrx_word' id='word_1_567' title='bbox 3080 2786 3251 2836; x_wconf 87' lang='lat' dir='ltr'>estote</span> <span class='ocrx_word' id='word_1_568' title='bbox 3280 2778 3539 2844; x_wconf 90' lang='lat' dir='ltr'>humiles,</span> 
     </span>
    </p>
   </div>
   <div class='ocr_carea' id='block_1_79' title="bbox 1944 2865 3540 2950">
    <p class='ocr_par' dir='ltr' id='par_1_79' title="bbox 1944 2865 3540 2950">
     <span class='ocr_line' id='line_1_79' title="bbox 1944 2865 3540 2950; baseline -0.009 -15"><span class='ocrx_word' id='word_1_569' title='bbox 1944 2887 2007 2935; x_wconf 94' lang='lat' dir='ltr'>ut</span> <span class='ocrx_word' id='word_1_570' title='bbox 2063 2877 2300 2950; x_wconf 89' lang='lat' dir='ltr'>Spiritus</span> <span class='ocrx_word' id='word_1_571' title='bbox 2359 2873 2534 2930; x_wconf 88' lang='lat' dir='ltr'>sancti</span> <span class='ocrx_word' id='word_1_572' title='bbox 2588 2872 2818 2945; x_wconf 88' lang='lat' dir='ltr'>gratiam</span> <span class='ocrx_word' id='word_1_573' title='bbox 2877 2870 3141 2941; x_wconf 89' lang='lat' dir='ltr'>accipere,</span> <span class='ocrx_word' id='word_1_574' title='bbox 3201 2875 3256 2923; x_wconf 91' lang='lat' dir='ltr'>et</span> <span class='ocrx_word' id='word_1_575' title='bbox 3307 2865 3411 2923; x_wconf 87' lang='lat' dir='ltr'>ﬁlii</span> <span class='ocrx_word' id='word_1_576' title='bbox 3442 2865 3540 2922; x_wconf 90' lang='lat' dir='ltr'>Dei</span> 
     </span>
    </p>
   </div>
   <div class='ocr_carea' id='block_1_80' title="bbox 1943 2958 3544 3028">
    <p class='ocr_par' dir='ltr' id='par_1_80' title="bbox 1943 2958 3544 3028">
     <span class='ocr_line' id='line_1_80' title="bbox 1943 2958 3544 3028; baseline -0.009 -4"><span class='ocrx_word' id='word_1_577' title='bbox 1943 2968 2130 3026; x_wconf 89' lang='lat' dir='ltr'>vocari</span> <span class='ocrx_word' id='word_1_578' title='bbox 2185 2964 2524 3022; x_wconf 91' lang='lat' dir='ltr'>mereamini.</span> <span class='ocrx_word' id='word_1_579' title='bbox 2589 2963 2711 3018; x_wconf 90' lang='lat' dir='ltr'>Sint</span> <span class='ocrx_word' id='word_1_580' title='bbox 2769 2959 2974 3017; x_wconf 89' lang='lat' dir='ltr'>munda</span> <span class='ocrx_word' id='word_1_581' title='bbox 3027 2958 3192 3015; x_wconf 91' lang='lat' dir='ltr'>corda</span> <span class='ocrx_word' id='word_1_582' title='bbox 3231 2965 3285 3013; x_wconf 88' lang='lat' dir='ltr'>et</span> <span class='ocrx_word' id='word_1_583' title='bbox 3313 2971 3544 3028; x_wconf 89' lang='lat' dir='ltr'>corpora</span> 
     </span>
    </p>
   </div>
   <div class='ocr_carea' id='block_1_81' title="bbox 1945 3047 3544 3123">
    <p class='ocr_par' dir='ltr' id='par_1_81' title="bbox 1945 3047 3544 3123">
     <span class='ocr_line' id='line_1_81' title="bbox 1945 3047 3544 3123; baseline -0.009 -8"><span class='ocrx_word' id='word_1_584' title='bbox 1945 3067 2128 3115; x_wconf 90' lang='lat' dir='ltr'>vestra</span> <span class='ocrx_word' id='word_1_585' title='bbox 2191 3057 2260 3113; x_wconf 89' lang='lat' dir='ltr'>ab</span> <span class='ocrx_word' id='word_1_586' title='bbox 2331 3053 2580 3110; x_wconf 89' lang='lat' dir='ltr'>omnium</span> <span class='ocrx_word' id='word_1_587' title='bbox 2647 3057 2994 3123; x_wconf 88' lang='lat' dir='ltr'>peccatorum</span> <span class='ocrx_word' id='word_1_588' title='bbox 3068 3047 3359 3114; x_wconf 88' lang='lat' dir='ltr'>sordibus;</span> <span class='ocrx_word' id='word_1_589' title='bbox 3411 3047 3544 3118; x_wconf 91' lang='lat' dir='ltr'>quia</span> 
     </span>
    </p>
   </div>
   <div class='ocr_carea' id='block_1_82' title="bbox 1946 3132 3543 3219">
    <p class='ocr_par' dir='ltr' id='par_1_82' title="bbox 1946 3132 3543 3219">
     <span class='ocr_line' id='line_1_82' title="bbox 1946 3132 3543 3219; baseline -0.009 -16"><span class='ocrx_word' id='word_1_590' title='bbox 1946 3147 2182 3219; x_wconf 88' lang='lat' dir='ltr'>Spiritus</span> <span class='ocrx_word' id='word_1_591' title='bbox 2206 3145 2450 3215; x_wconf 69' lang='lat' dir='ltr'>:sanctus</span> <span class='ocrx_word' id='word_1_592' title='bbox 2495 3157 2608 3197; x_wconf 88' lang='lat' dir='ltr'>non</span> <span class='ocrx_word' id='word_1_593' title='bbox 2666 3139 2878 3195; x_wconf 91' lang='lat' dir='ltr'>habitat</span> <span class='ocrx_word' id='word_1_594' title='bbox 2928 3138 2987 3193; x_wconf 89' lang='lat' dir='ltr'>in</span> <span class='ocrx_word' id='word_1_595' title='bbox 3041 3151 3268 3208; x_wconf 88' lang='lat' dir='ltr'>corpore</span> <span class='ocrx_word' id='word_1_596' title='bbox 3319 3132 3543 3190; x_wconf 88' lang='lat' dir='ltr'>subdito</span> 
     </span>
    </p>
   </div>
   <div class='ocr_carea' id='block_1_83' title="bbox 1874 3232 2556 3320">
    <p class='ocr_par' dir='ltr' id='par_1_83' title="bbox 1874 3232 2556 3320">
     <span class='ocr_line' id='line_1_83' title="bbox 1874 3232 2556 3320; baseline -0.01 -26"><span class='ocrx_word' id='word_1_597' title='bbox 1874 3259 1918 3320; x_wconf 72' lang='grc' dir='ltr'>ο</span> <span class='ocrx_word' id='word_1_598' title='bbox 1953 3237 2189 3311; x_wconf 89' lang='lat' dir='ltr'>peccatis</span> <span class='ocrx_word' id='word_1_599' title='bbox 2221 3236 2374 3306; x_wconf 87' lang='lat' dir='ltr'>(Sap.</span> <span class='ocrx_word' id='word_1_600' title='bbox 2409 3251 2451 3300; x_wconf 78' lang='grc' dir='ltr'>ι,</span> <span class='ocrx_word' id='word_1_601' title='bbox 2478 3232 2556 3302; x_wconf 92' lang='grc'>4).</span> 
     </span>
    </p>
   </div>
   <div class='ocr_carea' id='block_1_84' title="bbox 2023 3327 3544 3411">
    <p class='ocr_par' dir='ltr' id='par_1_84' title="bbox 2023 3327 3544 3411">
     <span class='ocr_line' id='line_1_84' title="bbox 2023 3327 3544 3411; baseline -0.011 -12"><span class='ocrx_word' id='word_1_602' title='bbox 2023 3344 2075 3399; x_wconf 89' lang='lat'>3.</span> <span class='ocrx_word' id='word_1_603' title='bbox 2116 3342 2169 3398; x_wconf 93' lang='lat' dir='ltr'>Si</span> <span class='ocrx_word' id='word_1_604' title='bbox 2202 3341 2422 3397; x_wconf 90' lang='lat' dir='ltr'>vascula</span> <span class='ocrx_word' id='word_1_605' title='bbox 2469 3338 2623 3411; x_wconf 90' lang='lat' dir='ltr'>prius</span> <span class='ocrx_word' id='word_1_606' title='bbox 2650 3334 2950 3402; x_wconf 88' lang='lat' dir='ltr'>mundatis,</span> <span class='ocrx_word' id='word_1_607' title='bbox 2982 3333 3040 3388; x_wconf 92' lang='lat' dir='ltr'>in</span> <span class='ocrx_word' id='word_1_608' title='bbox 3092 3331 3295 3405; x_wconf 91' lang='lat' dir='ltr'>quibus</span> <span class='ocrx_word' id='word_1_609' title='bbox 3332 3327 3544 3401; x_wconf 89' lang='lat' dir='ltr'>aliquid</span> 
     </span>
    </p>
   </div>
   <div class='ocr_carea' id='block_1_85' title="bbox 1950 3424 3544 3505">
    <p class='ocr_par' dir='ltr' id='par_1_85' title="bbox 1950 3424 3544 3505">
     <span class='ocr_line' id='line_1_85' title="bbox 1950 3424 3544 3505; baseline -0.009 -17"><span class='ocrx_word' id='word_1_610' title='bbox 1950 3432 2251 3505; x_wconf 88' lang='lat' dir='ltr'>pretiosum</span> <span class='ocrx_word' id='word_1_611' title='bbox 2281 3445 2497 3486; x_wconf 88' lang='lat' dir='ltr'>servare</span> <span class='ocrx_word' id='word_1_612' title='bbox 2547 3426 2738 3491; x_wconf 89' lang='lat' dir='ltr'>vultis,</span> <span class='ocrx_word' id='word_1_613' title='bbox 2771 3433 2826 3481; x_wconf 90' lang='lat' dir='ltr'>et</span> <span class='ocrx_word' id='word_1_614' title='bbox 2853 3424 3045 3480; x_wconf 89' lang='lat' dir='ltr'>domos</span> <span class='ocrx_word' id='word_1_615' title='bbox 3087 3429 3294 3477; x_wconf 89' lang='lat' dir='ltr'>vestras</span> <span class='ocrx_word' id='word_1_616' title='bbox 3322 3435 3544 3493; x_wconf 89' lang='lat' dir='ltr'>prapa-</span> 
     </span>
    </p>
   </div>
   <div class='ocr_carea' id='block_1_86' title="bbox 1952 3516 3544 3590">
    <p class='ocr_par' dir='ltr' id='par_1_86' title="bbox 1952 3516 3544 3590">
     <span class='ocr_line' id='line_1_86' title="bbox 1952 3516 3544 3590; baseline -0.008 -13"><span class='ocrx_word' id='word_1_617' title='bbox 1952 3522 2085 3577; x_wconf 88' lang='lat' dir='ltr'>ratis</span> <span class='ocrx_word' id='word_1_618' title='bbox 2108 3529 2162 3577; x_wconf 90' lang='lat' dir='ltr'>et</span> <span class='ocrx_word' id='word_1_619' title='bbox 2191 3519 2419 3586; x_wconf 90' lang='lat' dir='ltr'>ornatis,</span> <span class='ocrx_word' id='word_1_620' title='bbox 2449 3516 2668 3590; x_wconf 90' lang='lat' dir='ltr'>quando</span> <span class='ocrx_word' id='word_1_621' title='bbox 2700 3521 2974 3588; x_wconf 88' lang='lat' dir='ltr'>potentem</span> <span class='ocrx_word' id='word_1_622' title='bbox 3020 3528 3308 3586; x_wconf 88' lang='lat' dir='ltr'>personam</span> <span class='ocrx_word' id='word_1_623' title='bbox 3342 3526 3544 3582; x_wconf 84' lang='lat' dir='ltr'>exspe-</span> 
     </span>
    </p>
   </div>
   <div class='ocr_carea' id='block_1_87' title="bbox 1952 3599 3547 3679">
    <p class='ocr_par' dir='ltr' id='par_1_87' title="bbox 1952 3599 3547 3679">
     <span class='ocr_line' id='line_1_87' title="bbox 1952 3599 3547 3679; baseline -0.009 -11"><span class='ocrx_word' id='word_1_624' title='bbox 1952 3612 2144 3678; x_wconf 91' lang='lat' dir='ltr'>ctatis;</span> <span class='ocrx_word' id='word_1_625' title='bbox 2177 3609 2353 3664; x_wconf 89' lang='lat' dir='ltr'>multo</span> <span class='ocrx_word' id='word_1_626' title='bbox 2383 3607 2555 3679; x_wconf 90' lang='lat' dir='ltr'>magis</span> <span class='ocrx_word' id='word_1_627' title='bbox 2579 3604 2896 3661; x_wconf 90' lang='lat' dir='ltr'>mundanda</span> <span class='ocrx_word' id='word_1_628' title='bbox 2914 3610 3044 3659; x_wconf 89' lang='lat' dir='ltr'>sunt</span> <span class='ocrx_word' id='word_1_629' title='bbox 3063 3600 3226 3658; x_wconf 90' lang='lat' dir='ltr'>corda</span> <span class='ocrx_word' id='word_1_630' title='bbox 3243 3600 3311 3656; x_wconf 89' lang='lat' dir='ltr'>ab</span> <span class='ocrx_word' id='word_1_631' title='bbox 3339 3599 3468 3654; x_wconf 91' lang='lat' dir='ltr'>odio</span> <span class='ocrx_word' id='word_1_632' title='bbox 3492 3606 3547 3654; x_wconf 90' lang='lat' dir='ltr'>et</span> 
     </span>
    </p>
   </div>
   <div class='ocr_carea' id='block_1_88' title="bbox 1953 3687 3545 3775">
    <p class='ocr_par' dir='ltr' id='par_1_88' title="bbox 1953 3687 3545 3775">
     <span class='ocr_line' id='line_1_88' title="bbox 1953 3687 3545 3775; baseline -0.011 -15"><span class='ocrx_word' id='word_1_633' title='bbox 1953 3703 2054 3770; x_wconf 92' lang='lat' dir='ltr'>ira,</span> <span class='ocrx_word' id='word_1_634' title='bbox 2105 3707 2267 3775; x_wconf 89' lang='lat' dir='ltr'>atque</span> <span class='ocrx_word' id='word_1_635' title='bbox 2298 3697 2531 3765; x_wconf 89' lang='lat' dir='ltr'>invidia,</span> <span class='ocrx_word' id='word_1_636' title='bbox 2580 3704 2634 3752; x_wconf 89' lang='lat' dir='ltr'>et</span> <span class='ocrx_word' id='word_1_637' title='bbox 2663 3695 2814 3750; x_wconf 89' lang='lat' dir='ltr'>omni</span> <span class='ocrx_word' id='word_1_638' title='bbox 2845 3691 3079 3760; x_wconf 91' lang='lat' dir='ltr'>malitia,</span> <span class='ocrx_word' id='word_1_639' title='bbox 3122 3700 3175 3747; x_wconf 89' lang='lat' dir='ltr'>et</span> <span class='ocrx_word' id='word_1_640' title='bbox 3208 3689 3448 3746; x_wconf 82' lang='lat' dir='ltr'>maxime</span> <span class='ocrx_word' id='word_1_641' title='bbox 3478 3687 3545 3743; x_wconf 88' lang='lat' dir='ltr'>ab</span> 
     </span>
    </p>
   </div>
   <div class='ocr_carea' id='block_1_89' title="bbox 1952 3785 3547 3866">
    <p class='ocr_par' dir='ltr' id='par_1_89' title="bbox 1952 3785 3547 3866">
     <span class='ocr_line' id='line_1_89' title="bbox 1952 3785 3547 3866; baseline -0.009 -12"><span class='ocrx_word' id='word_1_642' title='bbox 1952 3795 2309 3855; x_wconf 88' lang='lat' dir='ltr'>immunditia</span> <span class='ocrx_word' id='word_1_643' title='bbox 2362 3803 2525 3866; x_wconf 90' lang='lat' dir='ltr'>atque</span> <span class='ocrx_word' id='word_1_644' title='bbox 2582 3791 2858 3856; x_wconf 88' lang='lat' dir='ltr'>avaritia;</span> <span class='ocrx_word' id='word_1_645' title='bbox 2913 3795 2977 3843; x_wconf 90' lang='lat' dir='ltr'>ut</span> <span class='ocrx_word' id='word_1_646' title='bbox 3031 3785 3270 3858; x_wconf 89' lang='lat' dir='ltr'>Spiritus</span> <span class='ocrx_word' id='word_1_647' title='bbox 3326 3792 3547 3841; x_wconf 91' lang='lat' dir='ltr'>sanctus</span> 
     </span>
    </p>
   </div>
   <div class='ocr_carea' id='block_1_90' title="bbox 1953 3875 3545 3954">
    <p class='ocr_par' dir='ltr' id='par_1_90' title="bbox 1953 3875 3545 3954">
     <span class='ocr_line' id='line_1_90' title="bbox 1953 3875 3545 3954; baseline -0.009 -11"><span class='ocrx_word' id='word_1_648' title='bbox 1953 3887 2020 3943; x_wconf 92' lang='lat' dir='ltr'>ad</span> <span class='ocrx_word' id='word_1_649' title='bbox 2052 3903 2151 3942; x_wconf 90' lang='lat' dir='ltr'>vos</span> <span class='ocrx_word' id='word_1_650' title='bbox 2207 3884 2417 3952; x_wconf 89' lang='lat' dir='ltr'>venire,</span> <span class='ocrx_word' id='word_1_651' title='bbox 2444 3890 2498 3938; x_wconf 92' lang='lat' dir='ltr'>et</span> <span class='ocrx_word' id='word_1_652' title='bbox 2526 3879 2670 3954; x_wconf 91' lang='lat' dir='ltr'>apud</span> <span class='ocrx_word' id='word_1_653' title='bbox 2701 3896 2800 3935; x_wconf 89' lang='lat' dir='ltr'>vos</span> <span class='ocrx_word' id='word_1_654' title='bbox 2827 3876 3169 3933; x_wconf 90' lang='lat' dir='ltr'>mansionem</span> <span class='ocrx_word' id='word_1_655' title='bbox 3224 3875 3402 3931; x_wconf 89' lang='lat' dir='ltr'>facere</span> <span class='ocrx_word' id='word_1_656' title='bbox 3433 3889 3545 3929; x_wconf 88' lang='lat' dir='ltr'>non</span> 
     </span>
    </p>
   </div>
   <div class='ocr_carea' id='block_1_91' title="bbox 1954 3963 3550 4046">
    <p class='ocr_par' dir='ltr' id='par_1_91' title="bbox 1954 3963 3550 4046">
     <span class='ocr_line' id='line_1_91' title="bbox 1954 3963 3550 4046; baseline -0.008 -15"><span class='ocrx_word' id='word_1_657' title='bbox 1954 3975 2297 4046; x_wconf 89' lang='lat' dir='ltr'>dedignetur.</span> <span class='ocrx_word' id='word_1_658' title='bbox 2348 3973 2420 4027; x_wconf 90' lang='lat' dir='ltr'>Et</span> <span class='ocrx_word' id='word_1_659' title='bbox 2449 3971 2593 4026; x_wconf 88' lang='lat' dir='ltr'>sicut</span> <span class='ocrx_word' id='word_1_660' title='bbox 2619 3967 2824 4024; x_wconf 89' lang='lat' dir='ltr'>nobilis</span> <span class='ocrx_word' id='word_1_661' title='bbox 2853 3967 3020 4022; x_wconf 90' lang='lat' dir='ltr'>homo</span> <span class='ocrx_word' id='word_1_662' title='bbox 3059 3965 3117 4020; x_wconf 91' lang='lat' dir='ltr'>in</span> <span class='ocrx_word' id='word_1_663' title='bbox 3148 3963 3318 4021; x_wconf 89' lang='lat' dir='ltr'>fetido</span> <span class='ocrx_word' id='word_1_664' title='bbox 3347 3964 3468 4020; x_wconf 94' lang='lat' dir='ltr'>loco</span> <span class='ocrx_word' id='word_1_665' title='bbox 3495 3972 3550 4019; x_wconf 90' lang='lat' dir='ltr'>et</span> 
     </span>
    </p>
   </div>
   <div class='ocr_carea' id='block_1_92' title="bbox 1953 4051 3548 4134">
    <p class='ocr_par' dir='ltr' id='par_1_92' title="bbox 1953 4051 3548 4134">
     <span class='ocr_line' id='line_1_92' title="bbox 1953 4051 3548 4134; baseline -0.01 -13"><span class='ocrx_word' id='word_1_666' title='bbox 1953 4062 2288 4121; x_wconf 91' lang='lat' dir='ltr'>stercoribus</span> <span class='ocrx_word' id='word_1_667' title='bbox 2317 4062 2479 4134; x_wconf 91' lang='lat' dir='ltr'>pleno</span> <span class='ocrx_word' id='word_1_668' title='bbox 2508 4075 2606 4115; x_wconf 91' lang='lat' dir='ltr'>sua</span> <span class='ocrx_word' id='word_1_669' title='bbox 2633 4066 2828 4130; x_wconf 91' lang='lat' dir='ltr'>sponte</span> <span class='ocrx_word' id='word_1_670' title='bbox 2859 4072 2971 4112; x_wconf 90' lang='lat' dir='ltr'>non</span> <span class='ocrx_word' id='word_1_671' title='bbox 3001 4054 3246 4121; x_wconf 88' lang='lat' dir='ltr'>habitat;</span> <span class='ocrx_word' id='word_1_672' title='bbox 3281 4053 3356 4110; x_wconf 90' lang='lat' dir='ltr'>ita</span> <span class='ocrx_word' id='word_1_673' title='bbox 3381 4051 3548 4124; x_wconf 88' lang='lat' dir='ltr'>Spiri-</span> 
     </span>
    </p>
   </div>
   <div class='ocr_carea' id='block_1_93' title="bbox 1954 4142 3548 4222">
    <p class='ocr_par' dir='ltr' id='par_1_93' title="bbox 1954 4142 3548 4222">
     <span class='ocr_line' id='line_1_93' title="bbox 1954 4142 3548 4222; baseline -0.009 -12"><span class='ocrx_word' id='word_1_674' title='bbox 1954 4162 2045 4210; x_wconf 91' lang='lat' dir='ltr'>tus</span> <span class='ocrx_word' id='word_1_675' title='bbox 2073 4151 2245 4208; x_wconf 86' lang='lat' dir='ltr'>sancti</span> <span class='ocrx_word' id='word_1_676' title='bbox 2274 4149 2446 4222; x_wconf 87' lang='lat' dir='ltr'>gratia</span> <span class='ocrx_word' id='word_1_677' title='bbox 2479 4163 2589 4204; x_wconf 92' lang='lat' dir='ltr'>non</span> <span class='ocrx_word' id='word_1_678' title='bbox 2622 4146 2813 4202; x_wconf 90' lang='lat' dir='ltr'>visitat</span> <span class='ocrx_word' id='word_1_679' title='bbox 2835 4146 3098 4210; x_wconf 90' lang='lat' dir='ltr'>animam,</span> <span class='ocrx_word' id='word_1_680' title='bbox 3139 4160 3261 4216; x_wconf 91' lang='lat' dir='ltr'>qua</span> <span class='ocrx_word' id='word_1_681' title='bbox 3291 4143 3347 4198; x_wconf 93' lang='lat' dir='ltr'>in</span> <span class='ocrx_word' id='word_1_682' title='bbox 3375 4142 3548 4199; x_wconf 86' lang='lat' dir='ltr'>fetore</span> 
     </span>
    </p>
   </div>
   <div class='ocr_carea' id='block_1_94' title="bbox 1954 4233 3546 4323">
    <p class='ocr_par' dir='ltr' id='par_1_94' title="bbox 1954 4233 3546 4323">
     <span class='ocr_line' id='line_1_94' title="bbox 1954 4233 3546 4323; baseline -0.008 -24"><span class='ocrx_word' id='word_1_683' title='bbox 1954 4249 2300 4323; x_wconf 64' lang='lat' dir='ltr'>peccatorum</span> <span class='ocrx_word' id='word_1_684' title='bbox 2327 4244 2656 4312; x_wconf 84' lang='lat' dir='ltr'>perseverat.</span> <span class='ocrx_word' id='word_1_685' title='bbox 2695 4235 2931 4308; x_wconf 92' lang='lat' dir='ltr'>Ideoque</span> <span class='ocrx_word' id='word_1_686' title='bbox 2952 4250 3171 4290; x_wconf 87' lang='lat' dir='ltr'>necesse</span> <span class='ocrx_word' id='word_1_687' title='bbox 3195 4241 3299 4302; x_wconf 90' lang='lat' dir='ltr'>est,</span> <span class='ocrx_word' id='word_1_688' title='bbox 3330 4233 3546 4299; x_wconf 86' lang='lat' dir='ltr'>fratres,</span> 
     </span>
    </p>
   </div>
   <div class='ocr_carea' id='block_1_95' title="bbox 1955 4323 3550 4399">
    <p class='ocr_par' dir='ltr' id='par_1_95' title="bbox 1955 4323 3550 4399">
     <span class='ocr_line' id='line_1_95' title="bbox 1955 4323 3550 4399; baseline -0.007 -12"><span class='ocrx_word' id='word_1_689' title='bbox 1955 4339 2018 4388; x_wconf 91' lang='lat' dir='ltr'>ut</span> <span class='ocrx_word' id='word_1_690' title='bbox 2045 4332 2103 4386; x_wconf 91' lang='lat' dir='ltr'>in</span> <span class='ocrx_word' id='word_1_691' title='bbox 2133 4331 2373 4386; x_wconf 92' lang='lat' dir='ltr'>adventu</span> <span class='ocrx_word' id='word_1_692' title='bbox 2405 4326 2643 4399; x_wconf 91' lang='lat' dir='ltr'>Spiritus</span> <span class='ocrx_word' id='word_1_693' title='bbox 2669 4325 2843 4382; x_wconf 91' lang='lat' dir='ltr'>sancti</span> <span class='ocrx_word' id='word_1_694' title='bbox 2881 4323 3074 4380; x_wconf 89' lang='lat' dir='ltr'>domos</span> <span class='ocrx_word' id='word_1_695' title='bbox 3104 4323 3414 4379; x_wconf 90' lang='lat' dir='ltr'>animarum</span> <span class='ocrx_word' id='word_1_696' title='bbox 3444 4339 3550 4376; x_wconf 90' lang='lat' dir='ltr'>ve-</span> 
     </span>
    </p>
   </div>
   <div class='ocr_carea' id='block_1_96' title="bbox 1955 4412 3550 4487">
    <p class='ocr_par' dir='ltr' id='par_1_96' title="bbox 1955 4412 3550 4487">
     <span class='ocr_line' id='line_1_96' title="bbox 1955 4412 3550 4487; baseline -0.008 -9"><span class='ocrx_word' id='word_1_697' title='bbox 1955 4431 2190 4478; x_wconf 87' lang='lat' dir='ltr'>strarum</span> <span class='ocrx_word' id='word_1_698' title='bbox 2221 4419 2500 4476; x_wconf 89' lang='lat' dir='ltr'>adornetis</span> <span class='ocrx_word' id='word_1_699' title='bbox 2518 4417 2790 4474; x_wconf 91' lang='lat' dir='ltr'>bonorum</span> <span class='ocrx_word' id='word_1_700' title='bbox 2823 4430 3049 4487; x_wconf 90' lang='lat' dir='ltr'>operum</span> <span class='ocrx_word' id='word_1_701' title='bbox 3073 4412 3324 4480; x_wconf 84' lang='lat' dir='ltr'>ﬂoribus,</span> <span class='ocrx_word' id='word_1_702' title='bbox 3352 4427 3550 4483; x_wconf 88' lang='lat' dir='ltr'>easque</span> 
     </span>
    </p>
   </div>
   <div class='ocr_carea' id='block_1_97' title="bbox 1956 4499 3547 4584">
    <p class='ocr_par' dir='ltr' id='par_1_97' title="bbox 1956 4499 3547 4584">
     <span class='ocr_line' id='line_1_97' title="bbox 1956 4499 3547 4584; baseline -0.009 -17"><span class='ocrx_word' id='word_1_703' title='bbox 1956 4511 2209 4584; x_wconf 88' lang='lat' dir='ltr'>repleatis</span> <span class='ocrx_word' id='word_1_704' title='bbox 2256 4508 2493 4582; x_wconf 89' lang='lat' dir='ltr'>pretioso</span> <span class='ocrx_word' id='word_1_705' title='bbox 2535 4505 2804 4563; x_wconf 88' lang='lat' dir='ltr'>castitatis</span> <span class='ocrx_word' id='word_1_706' title='bbox 2831 4503 3018 4570; x_wconf 91' lang='lat' dir='ltr'>odore,</span> <span class='ocrx_word' id='word_1_707' title='bbox 3063 4510 3118 4558; x_wconf 90' lang='lat' dir='ltr'>et</span> <span class='ocrx_word' id='word_1_708' title='bbox 3147 4499 3547 4556; x_wconf 86' lang='lat' dir='ltr'>benevolentia</span> 
     </span>
    </p>
   </div>
   <div class='ocr_carea' id='block_1_98' title="bbox 1952 4586 3550 4669">
    <p class='ocr_par' dir='ltr' id='par_1_98' title="bbox 1952 4586 3550 4669">
     <span class='ocr_line' id='line_1_98' title="bbox 1952 4586 3550 4669; baseline -0.009 -14"><span class='ocrx_word' id='word_1_709' title='bbox 1952 4600 2232 4665; x_wconf 90' lang='lat' dir='ltr'>balsamo;</span> <span class='ocrx_word' id='word_1_710' title='bbox 2280 4605 2344 4653; x_wconf 88' lang='lat' dir='ltr'>ut</span> <span class='ocrx_word' id='word_1_711' title='bbox 2379 4596 2645 4669; x_wconf 89' lang='lat' dir='ltr'>Spiritum</span> <span class='ocrx_word' id='word_1_712' title='bbox 2701 4598 2949 4648; x_wconf 87' lang='lat' dir='ltr'>sanctum</span> <span class='ocrx_word' id='word_1_713' title='bbox 2993 4589 3051 4644; x_wconf 91' lang='lat' dir='ltr'>in</span> <span class='ocrx_word' id='word_1_714' title='bbox 3110 4588 3268 4643; x_wconf 86' lang='lat' dir='ltr'>vobis</span> <span class='ocrx_word' id='word_1_715' title='bbox 3301 4586 3550 4642; x_wconf 90' lang='lat' dir='ltr'>habitare</span> 
     </span>
    </p>
   </div>
   <div class='ocr_carea' id='block_1_99' title="bbox 1954 4677 3550 4760">
    <p class='ocr_par' dir='ltr' id='par_1_99' title="bbox 1954 4677 3550 4760">
     <span class='ocr_line' id='line_1_99' title="bbox 1954 4677 3550 4760; baseline -0.009 -13"><span class='ocrx_word' id='word_1_716' title='bbox 1954 4691 2204 4760; x_wconf 90' lang='lat' dir='ltr'>delectet,</span> <span class='ocrx_word' id='word_1_717' title='bbox 2261 4706 2386 4746; x_wconf 91' lang='lat' dir='ltr'>cum</span> <span class='ocrx_word' id='word_1_718' title='bbox 2445 4689 2602 4743; x_wconf 93' lang='lat' dir='ltr'>Patre</span> <span class='ocrx_word' id='word_1_719' title='bbox 2657 4691 2710 4740; x_wconf 89' lang='lat' dir='ltr'>et</span> <span class='ocrx_word' id='word_1_720' title='bbox 2763 4681 2906 4738; x_wconf 87' lang='lat' dir='ltr'>Filio</span> <span class='ocrx_word' id='word_1_721' title='bbox 2961 4695 3056 4753; x_wconf 89' lang='lat' dir='ltr'>per</span> <span class='ocrx_word' id='word_1_722' title='bbox 3107 4679 3293 4734; x_wconf 89' lang='lat' dir='ltr'>omnia</span> <span class='ocrx_word' id='word_1_723' title='bbox 3349 4677 3550 4734; x_wconf 86' lang='lat' dir='ltr'>sacula</span> 
     </span>
    </p>
   </div>
   <div class='ocr_carea' id='block_1_100' title="bbox 1952 4782 2519 4848">
    <p class='ocr_par' dir='ltr' id='par_1_100' title="bbox 1952 4782 2519 4848">
     <span class='ocr_line' id='line_1_100' title="bbox 1952 4782 2519 4848; baseline -0.005 -11"><span class='ocrx_word' id='word_1_724' title='bbox 1952 4782 2300 4848; x_wconf 90' lang='lat' dir='ltr'>saculorum,</span> <span class='ocrx_word' id='word_1_725' title='bbox 2333 4795 2519 4836; x_wconf 90' lang='lat' dir='ltr'>amen.</span> 
     </span>
    </p>
   </div>
   <div class='ocr_carea' id='block_1_101' title="bbox 2025 4865 3550 4960">
    <p class='ocr_par' dir='ltr' id='par_1_101' title="bbox 2025 4865 3550 4960">
     <span class='ocr_line' id='line_1_101' title="bbox 2025 4865 3550 4960; baseline -0.01 -15"><span class='ocrx_word' id='word_1_726' title='bbox 2025 4889 2141 4960; x_wconf 80' lang='grc'>(12)</span> <span class='ocrx_word' id='word_1_727' title='bbox 2172 4888 2321 4943; x_wconf 87' lang='lat' dir='ltr'>Idem</span> <span class='ocrx_word' id='word_1_728' title='bbox 2349 4885 2544 4953; x_wconf 85' lang='lat' dir='ltr'>codex,</span> <span class='ocrx_word' id='word_1_729' title='bbox 2598 4899 2660 4939; x_wconf 87' lang='lat' dir='ltr'>ac</span> <span class='ocrx_word' id='word_1_730' title='bbox 2698 4878 2911 4936; x_wconf 84' lang='lat' dir='ltr'>virtutis</span> <span class='ocrx_word' id='word_1_731' title='bbox 2955 4877 3155 4933; x_wconf 87' lang='lat' dir='ltr'>tri-num</span> <span class='ocrx_word' id='word_1_732' title='bbox 3195 4891 3380 4932; x_wconf 86' lang='lat' dir='ltr'>nomen</span> <span class='ocrx_word' id='word_1_733' title='bbox 3408 4865 3550 4931; x_wconf 83' lang='lat' dir='ltr'>ado-</span> 
     </span>
    </p>
   </div>
   <div class='ocr_carea' id='block_1_102' title="bbox 1953 4968 2150 5017">
    <p class='ocr_par' dir='ltr' id='par_1_102' title="bbox 1953 4968 2150 5017">
     <span class='ocr_line' id='line_1_102' title="bbox 1953 4968 2150 5017; baseline -0.005 0"><span class='ocrx_word' id='word_1_734' title='bbox 1953 4968 2150 5017; x_wconf 85' lang='lat' dir='ltr'>rantes.</span> 
     </span>
    </p>
   </div>
   <div class='ocr_carea' id='block_1_103' title="bbox 1023 5201 2777 5298">
    <p class='ocr_par' dir='ltr' id='par_1_103' title="bbox 1023 5201 2777 5298">
     <span class='ocr_line' id='line_1_103' title="bbox 1023 5201 2777 5298; baseline -0.005 -2"><span class='ocrx_word' id='word_1_735' title='bbox 1023 5209 1749 5298; x_wconf 83' lang='lat' dir='ltr'>SERMONES</span> <span class='ocrx_word' id='word_1_736' title='bbox 1839 5209 2000 5296; x_wconf 93' lang='lat' dir='ltr'>DE</span> <span class='ocrx_word' id='word_1_737' title='bbox 2088 5201 2777 5292; x_wconf 84' lang='lat' dir='ltr'>DIVERSIS.</span> 
     </span>
    </p>
   </div>
   <div class='ocr_carea' id='block_1_104' title="bbox 685 5436 1412 5500">
    <p class='ocr_par' dir='ltr' id='par_1_104' title="bbox 685 5436 1412 5500">
     <span class='ocr_line' id='line_1_104' title="bbox 685 5436 1412 5500; baseline -0.006 -2"><span class='ocrx_word' id='word_1_738' title='bbox 685 5441 832 5500; x_wconf 81' lang='lat'>439</span> <span class='ocrx_word' id='word_1_739' title='bbox 861 5436 1094 5494; x_wconf 84' lang='lat' dir='ltr'>SERMO</span> <span class='ocrx_word' id='word_1_740' title='bbox 1124 5437 1412 5496; x_wconf 85' lang='lat' dir='ltr'><strong>XXXVII.</strong></span> 
     </span>
    </p>
   </div>
   <div class='ocr_carea' id='block_1_105' title="bbox 809 5535 1288 5593">
    <p class='ocr_par' dir='ltr' id='par_1_105' title="bbox 809 5535 1288 5593">
     <span class='ocr_line' id='line_1_105' title="bbox 809 5535 1288 5593; baseline 0 -1"><span class='ocrx_word' id='word_1_741' title='bbox 809 5537 887 5592; x_wconf 87' lang='lat' dir='ltr'>De</span> <span class='ocrx_word' id='word_1_742' title='bbox 923 5535 1288 5593; x_wconf 88' lang='lat' dir='ltr'>Mirabilibus.</span> 
     </span>
    </p>
   </div>
   <div class='ocr_carea' id='block_1_106' title="bbox 252 5649 1845 5724">
    <p class='ocr_par' dir='ltr' id='par_1_106' title="bbox 252 5649 1845 5724">
     <span class='ocr_line' id='line_1_106' title="bbox 252 5649 1845 5724; baseline 0.001 -19"><span class='ocrx_word' id='word_1_743' title='bbox 252 5649 529 5724; x_wconf 71' lang='lat' dir='ltr'>Auctorem</span> <span class='ocrx_word' id='word_1_744' title='bbox 579 5649 736 5724; x_wconf 77' lang='lat' dir='ltr'>hujus</span> <span class='ocrx_word' id='word_1_745' title='bbox 783 5653 1036 5724; x_wconf 78' lang='lat' dir='ltr'>sermonis</span> <span class='ocrx_word' id='word_1_746' title='bbox 1092 5670 1194 5706; x_wconf 85' lang='lat' dir='ltr'>non</span> <span class='ocrx_word' id='word_1_747' title='bbox 1233 5669 1407 5724; x_wconf 86' lang='lat' dir='ltr'>pauca</span> <span class='ocrx_word' id='word_1_748' title='bbox 1458 5670 1522 5706; x_wconf 65' lang='lat' dir='ltr'>ea:</span> <span class='ocrx_word' id='word_1_749' title='bbox 1576 5652 1845 5707; x_wconf 80' lang='lat' dir='ltr'>Ambrosii</span> 
     </span>
    </p>
   </div>
   <div class='ocr_carea' id='block_1_107' title="bbox 324 5721 1840 5794">
    <p class='ocr_par' dir='ltr' id='par_1_107' title="bbox 324 5721 1840 5794">
     <span class='ocr_line' id='line_1_107' title="bbox 324 5721 1840 5794; baseline 0.001 -16"><span class='ocrx_word' id='word_1_750' title='bbox 324 5722 633 5778; x_wconf 90' lang='lat' dir='ltr'>Comment.</span> <span class='ocrx_word' id='word_1_751' title='bbox 688 5721 743 5776; x_wconf 91' lang='lat' dir='ltr'>in</span> <span class='ocrx_word' id='word_1_752' title='bbox 794 5723 922 5780; x_wconf 88' lang='lat' dir='ltr'>Luc.</span> <span class='ocrx_word' id='word_1_753' title='bbox 959 5725 1047 5779; x_wconf 87' lang='lat' dir='ltr'>lib.</span> <span class='ocrx_word' id='word_1_754' title='bbox 1095 5741 1172 5788; x_wconf 84' lang='lat' dir='ltr'>IV,</span> <span class='ocrx_word' id='word_1_755' title='bbox 1203 5721 1348 5779; x_wconf 68' lang='lat' dir='ltr'>nam.</span> <span class='ocrx_word' id='word_1_756' title='bbox 1397 5725 1467 5780; x_wconf 77' lang='grc'>58</span> <span class='ocrx_word' id='word_1_757' title='bbox 1505 5731 1552 5777; x_wconf 90' lang='lat' dir='ltr'>et</span> <span class='ocrx_word' id='word_1_758' title='bbox 1588 5731 1840 5794; x_wconf 85' lang='lat' dir='ltr'>sequent.,</span> 
     </span>
    </p>
   </div>
   <div class='ocr_carea' id='block_1_108' title="bbox 326 5795 1844 5866">
    <p class='ocr_par' dir='ltr' id='par_1_108' title="bbox 326 5795 1844 5866">
     <span class='ocr_line' id='line_1_108' title="bbox 326 5795 1844 5866; baseline 0.002 -18"><span class='ocrx_word' id='word_1_759' title='bbox 326 5799 620 5849; x_wconf 86' lang='lat' dir='ltr'>mutuatum</span> <span class='ocrx_word' id='word_1_760' title='bbox 661 5799 880 5851; x_wconf 83' lang='lat' dir='ltr'>constat.</span> <span class='ocrx_word' id='word_1_761' title='bbox 930 5797 1042 5852; x_wconf 88' lang='lat' dir='ltr'>Imo</span> <span class='ocrx_word' id='word_1_762' title='bbox 1089 5796 1228 5866; x_wconf 84' lang='lat' dir='ltr'>quod</span> <span class='ocrx_word' id='word_1_763' title='bbox 1277 5815 1313 5854; x_wconf 88' lang='lat' dir='ltr'>a</span> <span class='ocrx_word' id='word_1_764' title='bbox 1355 5795 1616 5855; x_wconf 81' lang='lat' dir='ltr'>Gratiano</span> <span class='ocrx_word' id='word_1_765' title='bbox 1649 5797 1844 5852; x_wconf 86' lang='lat' dir='ltr'>citatur</span> 
     </span>
    </p>
   </div>
   <div class='ocr_carea' id='block_1_109' title="bbox 2026 5427 3552 5507">
    <p class='ocr_par' dir='ltr' id='par_1_109' title="bbox 2026 5427 3552 5507">
     <span class='ocr_line' id='line_1_109' title="bbox 2026 5427 3552 5507; baseline -0.007 -15"><span class='ocrx_word' id='word_1_766' title='bbox 2026 5443 2278 5507; x_wconf 85' lang='lat' dir='ltr'>tanquam</span> <span class='ocrx_word' id='word_1_767' title='bbox 2326 5435 2542 5505; x_wconf 88' lang='lat' dir='ltr'>petitum</span> <span class='ocrx_word' id='word_1_768' title='bbox 2597 5451 2662 5490; x_wconf 69' lang='lat' dir='ltr'>ex</span> <span class='ocrx_word' id='word_1_769' title='bbox 2709 5435 2804 5507; x_wconf 83' lang='lat' dir='ltr'>hoc</span> <span class='ocrx_word' id='word_1_770' title='bbox 2853 5447 3104 5507; x_wconf 81' lang='lat' dir='ltr'>sermone,</span> <span class='ocrx_word' id='word_1_771' title='bbox 3142 5427 3328 5507; x_wconf 59' lang='lat' dir='ltr'>minus</span> <span class='ocrx_word' id='word_1_772' title='bbox 3355 5430 3552 5507; x_wconf 75' lang='lat' dir='ltr'>accedit</span> 
     </span>
    </p>
   </div>
   <div class='ocr_carea' id='block_1_110' title="bbox 2020 5502 3546 5577">
    <p class='ocr_par' dir='ltr' id='par_1_110' title="bbox 2020 5502 3546 5577">
     <span class='ocr_line' id='line_1_110' title="bbox 2020 5502 3546 5577; baseline -0.005 -13"><span class='ocrx_word' id='word_1_773' title='bbox 2020 5509 2092 5564; x_wconf 90' lang='lat' dir='ltr'>ad</span> <span class='ocrx_word' id='word_1_774' title='bbox 2120 5502 2232 5577; x_wconf 77' lang='lat' dir='ltr'>ejus</span> <span class='ocrx_word' id='word_1_775' title='bbox 2282 5502 2500 5575; x_wconf 54' lang='lat' dir='ltr'>tantum,</span> <span class='ocrx_word' id='word_1_776' title='bbox 2532 5523 2693 5577; x_wconf 81' lang='lat' dir='ltr'>quant</span> <span class='ocrx_word' id='word_1_777' title='bbox 2719 5506 2790 5561; x_wconf 87' lang='lat' dir='ltr'>ad</span> <span class='ocrx_word' id='word_1_778' title='bbox 2816 5503 3098 5577; x_wconf 82' lang='lat' dir='ltr'>memorati</span> <span class='ocrx_word' id='word_1_779' title='bbox 3128 5502 3510 5577; x_wconf 75' lang='lat' dir='ltr'>Commentarii</span> <span class='ocrx_word' id='word_1_780' title='bbox 3535 5523 3546 5560; x_wconf 87' lang='lat'>:</span> 
     </span>
    </p>
   </div>
   <div class='ocr_carea' id='block_1_111' title="bbox 2023 5574 3552 5652">
    <p class='ocr_par' dir='ltr' id='par_1_111' title="bbox 2023 5574 3552 5652">
     <span class='ocr_line' id='line_1_111' title="bbox 2023 5574 3552 5652; baseline -0.003 -18"><span class='ocrx_word' id='word_1_781' title='bbox 2023 5574 2162 5652; x_wconf 85' lang='lat' dir='ltr'>quod</span> <span class='ocrx_word' id='word_1_782' title='bbox 2190 5578 2328 5649; x_wconf 85' lang='lat' dir='ltr'>forte</span> <span class='ocrx_word' id='word_1_783' title='bbox 2354 5574 2676 5652; x_wconf 76' lang='lat' dir='ltr'>argumento</span> <span class='ocrx_word' id='word_1_784' title='bbox 2703 5577 2869 5652; x_wconf 80' lang='lat' dir='ltr'>fuerit</span> <span class='ocrx_word' id='word_1_785' title='bbox 2897 5574 3103 5646; x_wconf 78' lang='lat' dir='ltr'>aliquid</span> <span class='ocrx_word' id='word_1_786' title='bbox 3151 5574 3206 5628; x_wconf 85' lang='lat' dir='ltr'>in</span> <span class='ocrx_word' id='word_1_787' title='bbox 3234 5574 3552 5652; x_wconf 77' lang='lat' dir='ltr'>indicationc</span> 
     </span>
    </p>
   </div>
   <div class='ocr_carea' id='block_1_112' title="bbox 2026 5647 3551 5707">
    <p class='ocr_par' dir='ltr' id='par_1_112' title="bbox 2026 5647 3551 5707">
     <span class='ocr_line' id='line_1_112' title="bbox 2026 5647 3551 5707; baseline -0.003 -1"><span class='ocrx_word' id='word_1_788' title='bbox 2026 5647 2126 5707; x_wconf 73' lang='lat' dir='ltr'>ioci</span> <span class='ocrx_word' id='word_1_789' title='bbox 2171 5647 2438 5705; x_wconf 78' lang='lat' dir='ltr'>mutatum</span> <span class='ocrx_word' id='word_1_790' title='bbox 2473 5668 2595 5705; x_wconf 82' lang='lat' dir='ltr'>esse.</span> <span class='ocrx_word' id='word_1_791' title='bbox 2649 5650 2793 5704; x_wconf 83' lang='lat' dir='ltr'>Idem</span> <span class='ocrx_word' id='word_1_792' title='bbox 2837 5655 3010 5702; x_wconf 82' lang='lat' dir='ltr'>autem</span> <span class='ocrx_word' id='word_1_793' title='bbox 3059 5664 3227 5705; x_wconf 84' lang='lat' dir='ltr'>sermo</span> <span class='ocrx_word' id='word_1_794' title='bbox 3273 5647 3330 5701; x_wconf 86' lang='lat' dir='ltr'>in</span> <span class='ocrx_word' id='word_1_795' title='bbox 3372 5650 3551 5703; x_wconf 78' lang='lat' dir='ltr'>multis</span> 
     </span>
    </p>
   </div>
   <div class='ocr_carea' id='block_1_113' title="bbox 2025 5719 3552 5792">
    <p class='ocr_par' dir='ltr' id='par_1_113' title="bbox 2025 5719 3552 5792">
     <span class='ocr_line' id='line_1_113' title="bbox 2025 5719 3552 5792; baseline -0.002 -15"><span class='ocrx_word' id='word_1_796' title='bbox 2025 5741 2146 5777; x_wconf 88' lang='lat' dir='ltr'>mss.</span> <span class='ocrx_word' id='word_1_797' title='bbox 2195 5723 2476 5777; x_wconf 82' lang='lat' dir='ltr'>Ambrosio</span> <span class='ocrx_word' id='word_1_798' title='bbox 2539 5727 2717 5775; x_wconf 87' lang='lat' dir='ltr'>nostro</span> <span class='ocrx_word' id='word_1_799' title='bbox 2742 5719 3080 5792; x_wconf 83' lang='lat' dir='ltr'>attribuitur,</span> <span class='ocrx_word' id='word_1_800' title='bbox 3137 5721 3192 5775; x_wconf 87' lang='lat' dir='ltr'>in</span> <span class='ocrx_word' id='word_1_801' title='bbox 3237 5721 3552 5792; x_wconf 83' lang='lat' dir='ltr'>quibusdam</span> 
     </span>
    </p>
   </div>
   <div class='ocr_carea' id='block_1_114' title="bbox 2025 5791 3552 5862">
    <p class='ocr_par' dir='ltr' id='par_1_114' title="bbox 2025 5791 3552 5862">
     <span class='ocr_line' id='line_1_114' title="bbox 2025 5791 3552 5862; baseline -0.003 -11"><span class='ocrx_word' id='word_1_802' title='bbox 2025 5803 2196 5851; x_wconf 84' lang='lat' dir='ltr'>tamen</span> <span class='ocrx_word' id='word_1_803' title='bbox 2235 5793 2346 5849; x_wconf 87' lang='lat' dir='ltr'>sine</span> <span class='ocrx_word' id='word_1_804' title='bbox 2372 5793 2603 5850; x_wconf 85' lang='lat' dir='ltr'>auctoris</span> <span class='ocrx_word' id='word_1_805' title='bbox 2650 5792 2856 5848; x_wconf 86' lang='lat' dir='ltr'>nomine</span> <span class='ocrx_word' id='word_1_806' title='bbox 2882 5791 3148 5850; x_wconf 83' lang='lat' dir='ltr'>invenitur</span> <span class='ocrx_word' id='word_1_807' title='bbox 3178 5811 3194 5862; x_wconf 92' lang='lat'>;</span> <span class='ocrx_word' id='word_1_808' title='bbox 3249 5791 3392 5850; x_wconf 76' lang='lat' dir='ltr'>unde</span> <span class='ocrx_word' id='word_1_809' title='bbox 3418 5807 3552 5848; x_wconf 83' lang='lat' dir='ltr'>con-</span> 
     </span>
    </p>
   </div>
  </div>
