3972 6370
448 396 552 455 699

1443 403 1537 458 ΑΙ)
1577 401 1809 458 OPERA
1848 401 1902 457 S.
1945 401 2278 462 AMBROSII
2316 403 2694 465 APPENDIX.

3642 407 3752 467 700

503 517 1646 615 tinu‘ntussiproscriptorum
1689 526 1839 610 tibitn
1875 526 2044 597 fuisse
2074 530 2125 589 Α
2157 529 2370 602 (Matth.
2423 549 2498 600 IV,
2535 534 2646 604 19).
2683 558 2704 584 ›
2765 534 2848 590 Ex
2898 533 2986 591 his
3040 550 3166 606 ergo
3213 534 3428 592 duabus
3467 535 3750 615 naviculis

512 590 855 670 inscriptum:
869 590 1220 670 _Cu_m_porfo
1264 595 1321 650 in
1357 590 1500 654 Ga'tt.
1530 601 1644 656 cod.
1684 601 1838 670 cujus
1867 590 2041 654 omnes

512 679 773 738 sermones
825 664 1054 722 Maximi
1105 683 1208 720 esse
1272 670 1545 738 proba-bile
1592 677 1684 735 est,
1745 664 1828 727 hic
1869 688 2040 726 sermo

514 735 790 809 habeatur,
840 752 954 809 eum
1001 753 1202 808 quoque
1231 735 1388 809 hujus
1430 743 1613 797 Patris
1641 759 1746 798 esse
1786 742 2043 797 indicium

514 813 608 888 est,
639 808 780 888 quod
808 807 962 888 etiam
991 807 1527 888 Ambfosiiuimitatio
1557 814 1719 888 eidem
1745 813 2042 888 familiaris

515 879 725 933 videtur
786 885 1045 935 astruere.
1105 882 1422 937 Inscribitnr
1470 885 1524 938 in
1569 879 1754 939 eodem
1787 886 1900 941 cod.
1961 887 2040 941 De

514 948 725 1030 duabus
753 951 1059 1030 naviculis:
1090 952 1164 1030 _i-n
1201 954 1331 1010 Silv.
1352 957 1441 1030 De
1471 956 1728 1030 cathedra
1758 957 1811 1013 S.
1845 956 1991 1030 Petri
2025 973 2036 1012 :

514 1022 572 1102 in
617 1022 815 1102 Remig.
847 1023 939 1102 _D_e
985 1023 1038 1078 S.
1089 1023 1247 1102 Petro
1283 1041 1294 1079 :
1341 1026 1397 1102 in
1435 1029 1633 1084 cwtcris
1663 1047 1801 1098 vero,
1841 1029 1974 1084 sicut
1996 1034 2042 1082 et

513 1093 570 1146 in
597 1093 766 1163 antiq.
799 1093 947 1160 edit,
983 1102 1037 1149 ut
1067 1112 1159 1150 nos
1192 1096 1242 1151 in
1273 1098 1461 1170 capite.

517 1240 569 1296 1.
618 1239 961 1307 Quantorum
1010 1241 1350 1298 mirabilium
1382 1251 1634 1316 operator
1671 1243 1743 1300 sit
1772 1244 2041 1300 Dominus

443 1328 600 1385 Jesus
629 1328 904 1400 Christus,
958 1329 1264 1404 intelligere
1301 1349 1589 1405 possumus
1623 1350 1691 1390 ex
1721 1334 1823 1390 hac
1863 1350 2040 1390 evan-

444 1417 617 1490 gelica
649 1419 903 1488 lectione,
944 1437 1065 1494 qua:
1110 1421 1374 1478 describit
1402 1429 1553 1479 tanta
1582 1439 1678 1496 per
1709 1439 1832 1479 eum
1864 1423 2043 1478 bene-

444 1508 570 1566 ﬁcia
599 1509 655 1566 in
683 1511 948 1583 populum
977 1510 1146 1567 fuisse
1178 1513 1397 1580 collata,
1431 1520 1491 1568 ut
1520 1522 1828 1586 provocatae
1861 1512 2039 1567 homi-

443 1615 576 1655 num
619 1601 795 1657 turbm
836 1601 904 1656 ad
952 1600 1285 1656 audiendum
1331 1601 1489 1658 illum
1541 1602 1712 1674 magis
1741 1602 2038 1670 irruerunt,

442 1706 606 1764 quam
640 1696 925 1761 rogarent:
959 1698 1013 1745 et
1051 1689 1383 1747 medicinam
1411 1692 1602 1748 salutis
1625 1709 1734 1748 non
1763 1697 2042 1764 sperarent

441 1794 538 1851 per
567 1777 900 1834 humilitatis
929 1778 1178 1850 gratiam,
1219 1779 1313 1836 sed
1344 1797 1439 1852 per
1468 1781 1907 1853 importunitatis
1943 1779 2042 1834 in-

2149 637 2260 677 una
2303 622 2635 696 relinquitur
2679 629 2827 687 440
2877 624 2946 681 ad
2991 632 3194 681 terram
3243 626 3425 682 inanis
3464 631 3519 683 et
3545 637 3746 696 vacua,

2149 719 2320 775 altera
2349 719 2673 793 producitur
2701 721 2758 777 in
2789 723 2964 778 altum
3008 731 3203 780 onusta
3224 724 3309 780 vel
3343 724 3535 798 plena;
3568 738 3752 780 vacua.

2150 808 2297 864 enim
2349 809 2635 882 Synagoga
2687 811 3018 884 relinquitur
3067 811 3124 867 in
3173 811 3376 880 littore,
3427 812 3558 886 quia
3587 810 3747 870 Chri-

2150 905 2292 954 stum
2315 914 2438 954 cum
2457 899 2845 972 prophetarum
2863 901 3047 956 amisit
3073 901 3309 958 oraculis
3331 909 3547 957 :onusta
3557 908 3745 957 autem

2150 988 2393 1044 Ecclesia
2445 989 2500 1044 in
2540 990 2711 1046 altum
2760 991 3077 1060 assumitur,
3115 991 3244 1064 quia
3284 991 3582 1047 Dominum
3614 1006 3749 1048 cum

2149 1079 2520 1150 apostolorum
2586 1079 2836 1136 doctrina
2871 1081 3127 1153 suscepit.
3156 1079 3458 1154 Synagoga,
3515 1080 3748 1154 inquam

2149 1177 2392 1224 remanet
2421 1168 2486 1224 ad
2535 1177 2727 1238 terras,
2769 1171 2923 1242 quasi
2964 1171 3194 1227 terrenis
3255 1169 3529 1227 inhmrens
3558 1186 3748 1243 opera-

2149 1257 2426 1314 tionibus:
2459 1259 2708 1316 Ecclesia
2733 1268 2916 1316 autem
2964 1259 3023 1316 in
3062 1259 3413 1316 altitudinem
3460 1267 3745 1327 evocatur,

2149 1352 2408 1421 tanquam
2479 1349 2742 1406 caelorum
2813 1348 3086 1421 profunda
3160 1356 3496 1406 sacramenta
3549 1348 3750 1406 discu—

2152 1435 2294 1491 tiens
2321 1435 2378 1491 in
2409 1437 2561 1492 illam
2594 1437 2806 1494 scilicet
2830 1439 3204 1508 altitudinem,
3224 1440 3290 1496 de
3311 1456 3419 1512 qua
3447 1437 3750 1511 Apostolus

2151 1525 2264 1582 ait:
2311 1549 2329 1572 σ
2361 1528 2405 1582 0
2453 1526 2690 1584 altitudo
2735 1527 3057 1585 divitiarum
3089 1528 3371 1602 sapientiae
3417 1536 3472 1584 et
3501 1526 3752 1584 scientiae

2151 1613 2250 1670 Dei
2292 1615 2469 1686 (Rom.
2514 1631 2592 1684 χι,
2636 1615 2726 1687 33)
2775 1617 2786 1672 l
2838 1641 2856 1664 ›
2922 1618 3212 1690 Propterea
3267 1616 3473 1675 dicitur
3533 1617 3748 1673 Petro:

2165 1726 2184 1750 ι
2210 1705 2329 1760 Duc
2357 1703 2416 1760 in
2457 1703 2629 1760 altum
2663 1706 2814 1775 (Luc.
2862 1721 2916 1774 v,
2947 1705 3029 1777 4),
3072 1730 3089 1753 ι
3134 1705 3238 1763 hoc
3283 1715 3382 1776 est,
3417 1706 3475 1762 in
3504 1705 3755 1778 profun-

2152 1791 2284 1848 dum
2313 1792 2747 1866 disputationum
2793 1793 3158 1866 generationis
3186 1794 3391 1852 divinae
3425 1794 3566 1867 (l4).
3602 1791 3754 1862 Quid

437 1864 641 1966 juriam
670 1885 682 1933 ;
717 1865 795 1966 ita
823 1875 884 1922 ut
907 1867 1200 1966 irruentes,
1223 1868 1367 1966 sicut
1397 1869 1475 1926 ait
1496 1871 1857 1966 Evangelium
1885 1870 2039 1940 (an.
2072 1887 2118 1948 B
2153 1889 2302 1945 enim
2352 1864 2462 1946 ta‘m
2516 1864 2874 1964 profundujn,
2925 1907 3087 1964 quam
3131 1892 3277 1966 quod
3331 1892 3406 1949 ait
3437 1864 3651 1949 Ῥάγας
3681 1891 3756 1948 ad

440 1972 497 2025 v,
533 1958 609 2027 1),
660 1956 846 2014 turbas
883 1973 914 2013 a
956 1958 1192 2016 Domino
1227 1960 1356 2016 Jesu
1393 1976 1507 2016 non
1554 1961 1829 2016 desertum
1880 1976 2044 2032 sepa-

442 2055 606 2116 raret,
655 2064 766 2103 non
821 2047 1108 2120 Synagoga
1182 2051 1489 2121 repelleret,
1555 2067 1666 2106 non
1733 2050 2044 2106 reverentia

442 2135 753 2194 divinitatis
782 2145 1008 2194 arceret.
1058 2138 1184 2195 Haec
1213 2146 1292 2194 est
1321 2141 1470 2196 enim
1503 2140 1844 2197 consuetudo
1874 2141 2044 2196 inﬁr-

442 2230 733 2299 mantium,
766 2238 828 2286 ut
857 2229 990 2285 dum
1018 2239 1236 2302 sperant
1262 2231 1376 2287 suis
1405 2231 1830 2304 aegritudinibus
1869 2231 2038 2288 medi:

441 2319 646 2388 cinam,
695 2319 763 2375 ab
815 2320 1128 2391 importuna
1170 2320 1436 2392 petitione
1491 2337 1604 2378 non
1665 2323 1786 2379 loco
1835 2321 2043 2394 prohi-

440 2409 694 2478 beantur,
747 2425 856 2465 non
906 2419 1170 2482 tempore,
1221 2427 1334 2466 non
1383 2409 1640 2484 pudore;
1696 2411 1791 2468 sed
1836 2418 2040 2483 quanto

442 2501 568 2572 plus
613 2499 860 2556 medetur
907 2499 1024 2568 ille,
1077 2499 1172 2572 qui
1236 2508 1410 2570 sanat,
1462 2508 1616 2558 tanto
1665 2499 1902 2572 amplius
1947 2499 2040 2553 ille

444 2589 795 2662 importunus
821 2599 925 2658 est,
957 2589 1052 2664 qui
1081 2591 1309 2646 laborat.

511 2697 562 2754 2.
598 2698 742 2770 Ergo
770 2715 894 2756 cum
919 2699 1190 2756 Dominus
1215 2701 1370 2755 Jesus
1391 2699 1457 2755 ab
1489 2695 1830 2754 irruentibus
1859 2695 2038 2751 turbis

440 2795 698 2856 semotus,
749 2789 806 2844 in
853 2797 999 2847 terra
1041 2806 1156 2846 esse
1207 2791 1331 2864 {non
1388 2796 1589 2863 posset,
1644 2787 1912 2860 aspiciens
1976 2787 2034 2842 in

442 2879 578 2934 mari
607 2877 744 2936 duas
779 2881 1084 2948 naviculas,
1121 2897 1288 2936 unam
1315 2896 1510 2936 navem
1548 2879 1693 2934 Petri
1738 2877 1889 2934 omni
1944 2878 2034 2932 fe-

437 2967 733 3024 stinatione
779 2970 1098 3027 conscendit
1129 2969 1280 3041 (Luc.
1314 2987 1371 3037 ν,
1411 2967 1462 3036 2,
1487 2968 1567 3039 3),
1599 2975 1661 3023 ut
1689 2967 2032 3040 importuni-

441 3057 564 3112 tatis
593 3056 853 3129 injuriam
887 3061 972 3115 vel
1003 3075 1266 3132 aquarum
1299 3067 1494 3115 natura
1536 3057 1831 3129 depelleret
1858 3073 1868 3110 :
1902 3057 2031 3129 quia

438 3163 557 3203 eam
601 3148 841 3206 doctoris
881 3148 1189 3206 reverentia
1231 3147 1461 3203 minime
1507 3145 1790 3203 coercebat
1823 3161 1834 3200 :
1866 3153 2029 3218 atque

439 3238 637 3296 exinde
663 3241 827 3312 cmpit
877 3241 944 3296 de
970 3238 1230 3296 navicula
1257 3238 1404 3294 Petri
1430 3237 1498 3294 ad
1528 3236 1780 3293 homines
1808 3235 2029 3300 doctri-_-

437 3347 520 3388 nae
564 3347 674 3387 suae
722 3330 888 3388 verba
935 3328 1291 3401 profundere.
1339 3327 1533 3385 Videte
1591 3325 2028 3383 misericordiam

436 3419 772 3476 Salvatoris:
822 3424 1104 3489 separatur
1150 3416 1371 3490 quidem
1425 3416 1493 3473 ab
1547 3416 1869 3473 hominibus
1917 3432 2032 3473 cor-

437 3525 588 3582 pore,
618 3508 883 3566 doctrinae
913 3515 1093 3563 tamen
1123 3505 1192 3564 iis
1220 3506 1462 3564 utilitate
1491 3506 1867 3579 conjungitur.
1900 3504 2033 3562 Ubi-

435 3615 541 3671 que
586 3597 892 3664 miseretur,
962 3595 1165 3670 ubique
1222 3597 1459 3669 prodest.
1507 3597 1570 3654 In
1614 3602 1762 3652 terra
1798 3594 2032 3668 positus,

434 3704 528 3760 per
571 3694 799 3754 tactum,
851 3687 1165 3759 languorem
1219 3705 1511 3760 corporum
1553 3696 1709 3744 sanat
1743 3704 1754 3741 :
1789 3687 1849 3742 in
1885 3685 2026 3741 mari

433 3775 788 3844 constitutus,
859 3793 953 3848 per
1017 3776 1325 3835 doctrinam
1391 3778 1622 3834 vulnera
1683 3783 1840 3844 curat
1902 3775 2034 3831 ani-

435 3880 672 3920 marum.

507 3969 557 4026 3.
597 3971 702 4029 Sed
746 3971 1030 4030 videamus
1079 3990 1199 4048 quae
1245 3972 1317 4030 sit
1352 3973 1459 4030 ista
1497 3972 1754 4029 navicula
1791 3971 2032 4029 Simonis

434 4069 602 4136 Petri,
651 4087 812 4144 quam
868 4071 935 4128 ad
980 4072 1287 4130 docendum
1335 4073 1452 4144 (13)
1509 4071 1575 4127 de
1619 4071 1831 4127 duabus
1861 4071 2033 4143 magis

435 4165 797 4229 opportunam
827 4160 1098 4216 Dominus
1117 4159 1415 4230 judicavit,
1455 4177 1577 4233 qum
1607 4168 1663 4216 et
1696 4167 1871 4216 tutum
1903 4160 2033 4215 Sal-

435 4255 679 4304 vatorein
730 4256 948 4320 praestet
992 4249 1060 4305 ab
1101 4249 1324 4321 injuria,
1374 4258 1429 4306 et
1471 4249 1811 4306 credulitatis
1840 4250 2033 4306 homi-

437 4340 600 4397 nibus
635 4341 898 4412 largiatur
926 4341 1177 4415 eloquia;
1231 4341 1547 4398 invenimus
1595 4341 1740 4397 enim
1763 4340 1877 4413 jam
1911 4343 2033 4397 Do—

440 4429 653 4486 minum
704 4430 984 4503 navigasse
1013 4432 1069 4486 in
1112 4431 1221 4487 alia
1258 4431 1406 4500 navi,
1440 4439 1494 4487 et
1524 4431 1782 4504 gravibus
1811 4430 2031 4503 injuriis

437 4521 776 4578 lacessitum.
826 4522 1119 4596 Navigavit
1163 4522 1309 4578 enim
1370 4539 1496 4579 cum
1552 4523 1739 4594 Moyse
1792 4522 1849 4576 in
1893 4520 2028 4575 mari

2152 1987 2454 2044 Dominum
2483 2006 2494 2045 :
2537 2012 2555 2036 α
2588 1989 2669 2045 Tu
2691 2006 2748 2046 es
2768 1989 3018 2048 Christus
3051 1989 3225 2046 Filius
3251 1989 3350 2046 Dei
3381 1989 3497 2045 vivi
3531 1989 3750 2062 (Matth.

2151 2103 2272 2156 xvr,
2327 2086 2415 2159 16)
2449 2087 2477 2143 ?
2505 2110 2522 2134 ι
2567 2085 2712 2154 Quid
2762 2093 2874 2141 tam
2921 2093 3220 2151 terrenum,
3273 2100 3436 2157 quam
3484 2083 3630 2157 quod
3682 2083 3756 2140 de

2155 2176 2391 2232 Domino
2423 2174 2686 2230 dixerunt
2719 2175 2893 2229 Judaei
2927 2193 2940 2230 :
2985 2198 3002 2220 ι
3032 2174 3225 2230 Nonne
3252 2171 3346 2230 hic
3373 2181 3455 2229 est
3482 2173 3630 2230 ﬁlius
3659 2175 3754 2231 Jo-

2151 2262 2284 2335 sepb
2317 2263 2457 2320 fabri
2483 2263 2633 2334 (Luc.
2667 2279 2743 2332 1v,
2770 2263 2861 2334 22)
2886 2263 2914 2319 ’ἲ
2943 2287 2960 2310 ι
3001 2263 3099 2319 Ille
3120 2262 3267 2317 enim
3290 2261 3484 2319 altiore
3513 2262 3754 2320 consilio

2151 2352 2495 2408 nativitatem
2553 2351 2758 2423 Christi
2790 2351 3063 2408 divinitus
3091 2351 3436 2424 approbavit,
3478 2351 3536 2407 hi
3567 2360 3756 2410 mente

2151 2442 2371 2514 viperea
2414 2441 2819 2514 generationem
2872 2443 3149 2499 caelestem
3180 2441 3472 2498 carnaliter
3500 2443 3758 2519 aestima-

2148 2532 2301 2588 bant.
2334 2531 2488 2587 Unde
2528 2533 2604 2588 ait
2651 2531 2902 2588 Salvator
2953 2531 3114 2588 Petro
3149 2549 3160 2589 :
3235 2557 3253 2580 ε
3283 2532 3423 2599 Quia
3481 2549 3593 2589 non
3622 2550 3756 2590 caro

2147 2629 2200 2677 et
2256 2621 2477 2694 sanguis
2507 2620 2608 2677 tibi
2641 2619 2748 2677 hoc
2780 2620 3068 2689 revelavit,
3106 2619 3198 2677 sed
3257 2622 3415 2677 Pater
3445 2637 3621 2691 meus,
3653 2623 3754 2694 qui

2146 2710 2204 2766 in
2259 2710 2411 2767 cmlis
2457 2718 2540 2767 est
2583 2711 2798 2783 (Matth.
2860 2727 2978 2779 XVI,
3020 2711 3132 2783 17).
3168 2737 3186 2760 ι
3244 2709 3534 2767 Pharisaeis
3563 2718 3755 2768 autem

2144 2801 2321 2859 dicit:
2371 2827 2388 2850 ι
2436 2801 2722 2869 Quomodo
2766 2800 2993 2874 potestis
3048 2800 3193 2856 bona
3243 2799 3416 2873 loqui,
3449 2817 3574 2857 cum
3626 2800 3758 2859 sitis

2142 2905 2377 2964 nequam
2411 2891 2624 2964 (Matth.
2659 2908 2760 2960 xu,
2804 2890 2931 2963 34)?
2960 2915 2978 2938 ι

2211 3001 2264 3058 5.
2307 3001 2459 3056 Hanc
2510 2999 2680 3072 igitur
2711 3000 2884 3056 solam
2943 2998 3207 3056 Ecclesiae
3257 3013 3454 3054 navem
3504 2999 3760 3063 ascendit

2138 3091 2428 3158 Dominus,
2463 3090 2520 3145 in
2568 3105 2676 3162 qua
2707 3090 2900 3145 Petrus
2949 3087 3208 3160 magister
3259 3094 3342 3144 est
3394 3089 3756 3168 constitutus,

2137 3179 2353 3236 dicente
2384 3179 2659 3235 Domino:
2717 3202 2735 3226 ι
2788 3177 2965 3250 Super
3009 3177 3156 3233 hanc
3205 3186 3412 3250 petram
3462 3177 3755 3238 (ediﬁcabo

2063 3253 2106 3314 (ἶ
2141 3268 2442 3326 Ecclesiam
2476 3284 2651 3324 meam
2699 3267 2913 3339 (Matth.
2947 3283 3068 3336 xvr,
3103 3267 3215 3338 18).
3249 3291 3267 3315 ι
3310 3266 3442 3334 Quae
3485 3267 3642 3324 navis
3680 3269 3743 3324 in

2142 3359 2314 3415 altum
2361 3357 2548 3414 saeculi
2597 3355 2759 3413 istius
2788 3356 2865 3412 ita
2906 3363 3080 3424 natat,
3113 3363 3174 3411 ut
3217 3363 3478 3428 pereunte
3508 3356 3740 3426 mundo,

2143 3464 2332 3505 omnes
2363 3464 2500 3522 quos
2545 3446 2797 3519 suscipit,
2828 3452 3007 3503 servet
3050 3445 3271 3502 illaesos.
3304 3444 3472 3518 Cujus
3509 3445 3741 3520 ﬁguram

2136 3537 2251 3610 jam
2280 3539 2338 3593 in
2368 3537 2539 3595 veteri
2571 3535 2821 3594 videmus
2851 3537 3196 3593 Testamento
3228 3554 3242 3604 ;
3269 3535 3422 3602 sicut
3451 3535 3598 3592 enim
3626 3537 3744 3593 Noe

2141 3645 2286 3697 arca,
2318 3629 2675 3703 naufragante
2705 3627 2932 3696 mundo,
2976 3635 3206 3684 cunctos
3245 3643 3383 3700 quos
3407 3633 3742 3698 susceperat,

2143 3717 2448 3776 incolumes
2476 3717 2776 3774 reservavit
2801 3735 2814 3784 ;
2866 3717 2942 3772 ita
2971 3725 3024 3773 et
3052 3715 3198 3772 Petri
3230 3714 3493 3782 Ecclesia,
3526 3713 3745 3771 conﬂa-

2143 3819 2329 3882 grante
2358 3807 2580 3875 saeculo,
2613 3823 2804 3863 omnes
2847 3822 2983 3879 quos
3023 3803 3400 3876 amplectitur,
3431 3819 3744 3876 repraesen-

2143 3898 2281 3954 tabit
2309 3897 2546 3952 illaesos:
2592 3902 2645 3949 et
2693 3893 2838 3950 sicut
2881 3902 3014 3948 tunc
3070 3898 3348 3948 transacto
3395 3891 3630 3960 diluvio,
3671 3890 3744 3947 ad

2142 4003 2322 4042 arcam
2369 3985 2481 4041 Noe
2530 3982 2785 4039 columba
2833 3981 3050 4052 signum
3096 3979 3248 4052 pacis
3301 3978 3547 4046 detulit;
3579 3979 3659 4034 ita
3687 3987 3744 4036 et

2141 4083 2416 4134 transacto
2440 4072 2674 4146 judicio,
2707 4071 2774 4127 ad
2802 4071 3103 4127 Ecclesiam
3158 4068 3304 4124 Petri
3332 4067 3583 4126 Christus
3615 4085 3746 4140 gau-

2140 4167 2296 4224 dium
2325 4164 2474 4238 pacis
2503 4162 2745 4229 deferet;
2777 4161 2906 4234 quia
2942 4159 3056 4232 ipse
3086 4158 3342 4216 columba
3379 4159 3466 4214 vel
3498 4174 3607 4230 pax
3636 4167 3743 4228 est,

2140 4258 2283 4314 sicut
2322 4253 2591 4327 promisit,
2623 4250 2812 4307 dicens
2847 4267 2858 4304 :
2919 4272 2937 4295 ε
2986 4249 3120 4304 ltem
3159 4255 3343 4305 autem
3391 4247 3592 4304 videbo
3622 4264 3742 4319 vos,

2140 4357 2193 4405 et
2219 4344 2474 4418 gaudebit
2503 4359 2597 4400 cor
2626 4349 2871 4398 vestrum
2900 4340 3083 4412 (Joan.
3119 4357 3238 4408 xvr,
3271 4339 3384 4411 22).
3421 4363 3439 4388 ι

2209 4454 2262 4510 6.
2305 4452 2408 4508 Sed
2443 4449 2700 4524 quoniam
2741 4447 2883 4504 hanc
2913 4445 3159 4502 eamdem
3216 4445 3532 4502 naviculam
3569 4444 3742 4514 Petri,

2137 4544 2204 4599 de
2234 4558 2338 4615 qua
2368 4557 2515 4596 nunc
2545 4537 2814 4594 Dominus
2843 4535 3080 4593 caelestis
3111 4535 3384 4593 doctrinae
3412 4552 3523 4592 suae
3552 4551 3746 4592 sacra-

434 4615 642 4683 Rubro,
673 4613 897 4688 quando
918 4614 1183 4687 p0pulum
1214 4614 1376 4670 Israel
1407 4629 1503 4686 per
1528 4613 1800 4668 undarum
1822 4611 2027 4666 ﬂuenta
2057 4615 2103 4673 D
2136 4611 2319 4688 men'm
2369 4628 2663 4700 depromit,
2711 4627 2943 4699 legimus
2986 4625 3043 4680 ίη
3075 4624 3336 4681 Μδιιιιωο
3369 4625 3580 4696 (Matth,
3615 4641 3740 4691 v1",

435 4713 780 4769 transvexit:
815 4711 909 4768 sed
937 4711 1195 4786 gravibus
1239 4719 1320 4767 est
1350 4711 1574 4768 aﬂ‘ectus
1604 4708 1845 4780 injuriis,
1888 4707 2032 4763 sicut

438 4801 551 4873 ipse
599 4801 680 4858 ait
729 4803 785 4857 in
830 4802 1132 4873 Evangelio
1181 4801 1250 4856 ad
1283 4799 1544 4856 Iudaeos:
1592 4822 1610 4845 ι
1649 4799 1703 4854 Si
1736 4797 2032 4854 crederetis

438 4891 637 4966 Moysi,
677 4899 730 4949 et
769 4892 910 4950 mihi
941 4892 1236 4950 crederetis
1285 4892 1466 4964 (Joan.
1499 4909 1556 4958 v,
1606 4891 1724 4963 46).
1764 4913 1783 4938 ι
1829 4889 2038 4962 Injuria

439 4988 621 5036 autem
672 4981 970 5038 Salvatoris
1001 4991 1080 5038 est
1133 4981 1490 5038 incredulitas
1530 4979 1846 5052 Synagogae.
1891 4981 2035 5052 Ergo

439 5071 585 5126 Petri
616 5087 811 5126 navem
844 5073 1026 5143 elegit,
1057 5073 1262 5144 Moysis
1301 5071 1522 5139 deserit,
1556 5071 1660 5127 hoc
1691 5079 1794 5135 est,
1826 5071 2036 5141 spernit

435 5161 775 5233 Synagogam
805 5161 1092 5232 perﬁdam,
1125 5161 1341 5218 ﬁdelem
1371 5161 1604 5218 assumit
1639 5160 1962 5217 Ecclesiam.

505 5267 559 5326 4.
603 5270 734 5325 Duae
790 5267 937 5324 enim
986 5243 1141 5340 quasi
1190 5269 1461 5325 naviculae
1507 5284 1538 5323 a
1583 5270 1696 5324 Deo
1755 5267 2037 5324 destinatae

436 5367 584 5426 sunt,
617 5374 738 5430 quae
767 5357 825 5412 in
881 5356 1003 5424 hoc,
1044 5363 1305 5428 tanquam
1338 5356 1395 5410 in
1443 5356 1602 5424 mari,
1648 5355 1857 5412 mundo
1895 5357 2039 5412 salu-

437 5453 547 5502 tem
577 5447 897 5504 hominibus
926 5446 1288 5520 piscarentur,
1317 5445 1460 5501 sicut
1508 5445 1586 5501 ait
1615 5447 1886 5502 Dominus
1917 5462 2042 5517 apo-

439 5535 595 5592 stolis
631 5553 641 5590 :
687 5562 705 5584 ‹
746 5537 967 5606 Venite,
1013 5535 1208 5592 faciam
1260 5551 1358 5591 vos
1402 5534 1699 5607 piscatores
1747 5534 2039 5591 hominum

513 5716 630 5787 (13)
675 5718 876 5774 Omnes
908 5719 1064 5782 edit.,
1113 5736 1274 5787 quam
1296 5715 1662 5772 adducendam
1708 5716 1770 5771 de
1794 5715 2000 5769 duabus
2024 5733 2042 5778 ;

443 5804 634 5847 onwes
661 5805 792 5845 mss.
824 5789 1145 5863 elegantius,
1175 5807 1336 5862 quam
1362 5789 1434 5845 ad
1453 5788 1765 5856 docendum,
1797 5793 1903 5845 etc.

2143 4720 2257 4792 24),
2289 4718 2598 4775 dormiente
2633 4716 2688 4771 in
2719 4716 2907 4772 eadem
2937 4714 3198 4782 Domino,
3229 4713 3412 4770 ventis
3441 4713 3741 4784 insurgen-

2143 4811 2292 4867 tibus
2347 4807 2740 4881 perturbatam,
2804 4807 2881 4861 ita
2941 4810 3002 4858 ut
3036 4803 3222 4860 cuncti
3281 4801 3516 4875 apostoli
3547 4800 3743 4857 mortis

2145 4897 2451 4972 periculum
2506 4893 2900 4959 formidarent;
2962 4891 3249 4948 videamus
3297 4907 3418 4963 quae.
3447 4906 3610 4946 causa
3639 4897 3740 4958 est,

2145 4987 2292 5062 quod
2323 5003 2433 5042 una
2469 4983 2767 5055 eademque
2815 4981 3074 5038 navicula
3110 4981 3202 5037 hic
3244 4979 3302 5035 in
3345 4978 3746 5053 tranquillitate

2145 5077 2454 5134 doctrinam
2485 5073 2703 5146 populis
2751 5071 2971 5140 tribuit,
3005 5070 3082 5126 ibi
3113 5071 3169 5125 in
3219 5076 3539 5141 tempestate
3565 5069 3745 5125 disci-

2148 5168 2294 5240 pulis
2344 5175 2551 5222 metum
2585 5162 2780 5220 mortis
2842 5160 3074 5234 injicit:
3128 5159 3427 5231 praesertim
3483 5175 3610 5214 cum
3665 5159 3743 5214 ibi

2148 5259 2308 5316 etiam
2361 5273 2486 5313 cum
2535 5253 2747 5311 caeteris
2793 5249 3056 5325 apostolis
3105 5250 3294 5306 Simon
3344 5249 3535 5305 Petrus
3582 5256 3741 5306 esset.

2151 5351 2276 5405 Haec
2331 5355 2513 5403 autem
2573 5351 2652 5400 est
2709 5359 2872 5400 causa
2911 5339 3182 5414 periculi:
3243 5346 3359 5394 erat
3413 5338 3491 5395 ibi
3551 5338 3744 5395 Simon

2150 5441 2360 5504 Petrus,
2397 5436 2490 5492 sed
2519 5442 2636 5491 erat
2665 5433 2868 5505 pariter
2899 5437 2952 5486 et
2981 5429 3234 5502 proditor
3259 5428 3447 5484 Judas.
3483 5427 3747 5496 Quamvis

2149 5530 2296 5587 enim
2342 5529 2494 5583 illius
2524 5526 2659 5582 ﬁdes
2707 5522 2963 5579 fundaret
2995 5518 3332 5587 naviculam,
3361 5518 3528 5592 hujus
3560 5526 3746 5574 tamen

2225 5711 2340 5780 (l4)
2374 5711 2500 5765 Mss.
2552 5705 2798 5762 Valliscl.
2833 5713 2885 5761 et
2913 5703 3076 5773 Silv.,
3122 5704 3176 5758 in
3209 5703 3541 5777 profundum
3587 5719 3747 5773 gene—

2157 5783 2380 5841 rationis
2406 5781 2616 5838 divinae.
