3972 6370
252 454 360 515 701

1073 456 1443 516 SERMONES
1480 457 1535 513 S.
1577 455 1931 514 AMBROSIO
1970 454 2339 514 HACTENUS
2378 454 2714 514 ASCRIPTI.

3448 454 3551 513 702

250 601 379 643 eam
400 583 636 658 perﬁdia
661 583 1047 643 conturbabat.
1078 581 1478 656 Tranquillitas
1516 588 1597 638 est
1642 580 1737 638 ubi
1757 597 1843 639 so-
1878 582 1931 645 Α
1954 583 2078 641 dem
2105 580 2355 653 vestigiis
2379 588 2541 655 atque
2558 578 2861 654 mysteriis,
2881 578 3082 655 quibus
3101 578 3548 640 benedictionem

250 672 348 730 lus
374 674 568 732 Petrus
588 674 833 749 navigat,
852 680 1168 747 tempestas,
1191 671 1289 729 ubi
1308 670 1478 729 Iudas
1506 670 1847 745 adjungitur.

250 765 413 823 Licet
447 775 587 823 esset
623 766 816 824 Petrus
850 766 1044 822 ﬁrmus
1073 764 1189 821 suis
1218 761 1455 832 meritis,
1495 761 1851 835 perturbatur

250 862 442 913 tamen
470 855 797 914 criminibus
833 854 1130 929 proditoris
1170 854 1247 926 (1,
1278 870 1332 928 q.
1364 852 1420 922 4,
1452 869 1501 910 c.
1542 852 1845 920 Turbatur;

254 953 314 1003 et
340 946 429 1015 24,
460 963 514 1020 q.
573 946 623 1016 1,
672 963 722 1004 c.
782 948 902 1003 Non
959 944 1251 1017 turbatur).
1286 942 1657 1000 Metuentibus
1681 941 1851 1014 igitur

253 1033 567 1108 discipulis,
625 1034 887 1092 anxiante
943 1035 1126 1102 Petro,
1193 1032 1505 1089 dormiebat
1554 1030 1845 1088 Dominus.

253 1125 471 1181 Durum
501 1125 642 1182 forte
673 1124 929 1182 videatur
970 1123 1141 1198 quod,
1191 1122 1453 1179 anxiante
1489 1121 1669 1189 Petro,
1710 1120 1849 1177 dor-

256 1214 465 1271 miebat
493 1231 504 1269 :
546 1214 855 1271 dormiebat
898 1214 1081 1281 Petro,
1119 1228 1190 1273 ne
1218 1211 1475 1285 vigilaret
1501 1209 1654 1267 Iudae
1687 1210 1843 1283 (15);

253 1304 424 1361 unius
452 1304 620 1377 igitur
643 1304 848 1362 delicto
886 1311 1212 1361 cunctorum
1261 1302 1460 1360 merita
1500 1301 1845 1375 quatiuntur.

257 1392 551 1451 Obdormit
578 1393 851 1463 Christus,
881 1401 1174 1450 ventorum
1219 1391 1523 1465 spiramina
1555 1390 1848 1448 concitan-

256 1489 377 1549 tur;
437 1480 689 1556 quisquis
732 1482 882 1540 enim
928 1491 1212 1556 peccatum
1256 1479 1522 1549 admittit,
1561 1478 1749 1536 statim
1796 1486 1851 1536 et

255 1569 501 1627 dormire
528 1570 635 1628 sibi
667 1571 800 1629 facit
827 1572 1154 1639 Dominum,
1185 1577 1239 1626 et
1277 1569 1577 1643 procellam
1607 1566 1714 1624 sibi
1742 1566 1849 1641 spi-

256 1659 464 1717 rituum
492 1660 722 1719 suscitat
749 1661 1218 1719 immundorum:
1269 1674 1491 1717 necesse
1539 1665 1623 1714 est
1666 1664 1848 1714 autem

253 1750 530 1811 diabolica
556 1754 805 1827 insurgat
833 1760 1152 1825 tempestas.
1176 1767 1303 1810 cum
1332 1748 1558 1808 Domini
1586 1747 1850 1806 serenitas

252 1842 621 1918 conquiescit.

329 1934 382 1990 7.
421 1933 597 2006 Igitur
628 1933 675 1990 si
713 1931 881 1990 unius
925 1931 1080 1989 Iudas
1122 1938 1343 2005 peccato
1389 1929 1576 1989 cuncti
1630 1929 1845 2003 pericli-
1878 1950 1925 2011 Β
1960 1932 2154 2001 venit,
2212 1939 2267 1989 et
2321 1940 2545 1990 sanctus
2610 1931 2856 1992 abscedit
2910 1948 2922 1988 :

251 2028 444 2079 tantur
480 2023 738 2098 apostoli,
769 2024 876 2081 hoc
906 2024 1162 2097 exemplo
1215 2038 1506 2080 caveamus
1552 2020 1842 2095 perﬁdum,

252 2126 547 2169 caveamus
590 2113 926 2186 proditorem
961 2114 1101 2186 (16),
1152 2128 1222 2169 ne
1265 2128 1362 2186 per
1397 2127 1574 2168 unum
1620 2110 1848 2184 plurimi

252 2197 605 2258 ﬂuctuemus.
662 2200 808 2269 Quin
853 2201 1021 2258 etiam
1063 2207 1205 2264 441
1258 2198 1581 2276 bujusmodi
1627 2200 1849 2273 abjicia-

254 2309 382 2352 mus
418 2295 487 2353 de
514 2304 704 2354 nostra
728 2299 1008 2369 navicula,
1049 2307 1112 2356 ut
1137 2316 1251 2357 non
1276 2300 1612 2370 obdormiat,
1642 2300 1739 2358 sed
1767 2299 1848 2355 vi-

255 2384 390 2456 gilet
432 2384 494 2442 in
541 2386 706 2444 nobis
749 2388 1041 2458 Dominus,
1073 2396 1236 2464 atque
1273 2406 1337 2446 eo
1371 2389 1662 2463 vigilante,
1694 2389 1851 2446 nulla

255 2489 357 2531 nos
384 2474 652 2547 spiritalis
680 2478 942 2553 nequitia
970 2479 1213 2554 procella
1244 2479 1546 2538 concutiat.
1567 2479 1671 2537 Ubi
1695 2480 1847 2536 enim

254 2562 393 2622 ﬁdes
428 2565 639 2641 integra
684 2577 785 2639 est,
837 2570 917 2628 ibi
979 2571 1231 2630 Salvator
1280 2571 1466 2642 docet,
1524 2571 1737 2645 vigilat,
1796 2576 1849 2627 et

254 2664 538 2734 exsultat;
588 2666 667 2724 ibi
700 2668 938 2742 requies,
962 2669 1041 2728 ibi
1060 2669 1461 2744 tranquillitas,
1497 2669 1578 2726 ibi
1608 2676 1849 2727 cuncto-

258 2768 384 2839 rum
410 2762 500 2814 est
527 2756 805 2815 medicina
837 2775 849 2813 :
908 2758 1005 2816 ubi
1063 2767 1276 2817 autem-
1305 2759 1434 2816 ﬁdei
1488 2768 1573 2818 est
1616 2757 1851 2817 admisla

260 2845 512 2919 perﬁdia,
542 2846 623 2904 ibi
654 2848 908 2907 Christus
949 2857 1146 2924 torpet,
1195 2850 1421 2919 dormit,
1462 2857 1518 2907 et
1546 2851 1699 2924 piger
1726 2857 1845 2906 est:

257 2932 338 2991 ibi
358 2944 560 3007 metus,
584 2937 662 2996 ibi
690 2946 1005 3013 tempestas,
1022 2939 1101 2998 ibi
1120 2940 1371 2998 omnium
1403 2948 1488 2998 est
1514 2939 1843 2997 discrimen:

254 3042 359 3101 pro
408 3029 630 3087 actibus
670 3030 819 3087 enim
850 3030 1054 3089 nostris
1081 3031 1354 3090 Dominus
1380 3032 1544 3090 nobis
1569 3030 1851 3090 obdormit

252 3123 351 3175 aut
368 3118 581 3193 vigilat.

756 3219 992 3278 SEBMO
1030 3221 1344 3279 XXXVIII.

723 3312 804 3369 De
855 3312 1028 3386 gratia
1093 3312 1380 3386 Baptismi.

253 3407 542 3480 Hoctitulo
570 3425 676 3465 non
712 3411 883 3466 solum
922 3410 979 3464 in
1023 3416 1120 3466 vet.
1152 3411 1303 3478 edit.,
1334 3410 1423 3466 sed
1448 3409 1605 3465 etiam
1640 3409 1696 3464 in
1719 3410 1841 3480 ptu-

324 3478 474 3552 ribus
513 3481 1012 3552 probatioribusque
1060 3498 1183 3537 mss.
1204 3481 1517 3537 inscribitur
1536 3480 1617 3535 hic
1633 3551 1636 3552 ν
1650 3478 1841 3552 seme:

323 3556 381 3624 at
408 3551 463 3606 in
489 3551 685 3624 Remig.
717 3552 881 3608 eidem
913 3551 1238 3624 prwﬁgitur,
1287 3552 1355 3607 de
1408 3552 1569 3624 festo,
1596 3551 1837 3624 Epipha-

325 3621 450 3679 nia.
500 3624 575 3680 Et
631 3621 764 3679 certe
812 3621 932 3679 non
963 3621 1241 3679 obscurum
1291 3623 1500 3678 videtur
1553 3621 1841 3678 illumnon

320 3695 487 3767 multo
511 3701 633 3767 post
675 3696 770 3751 hoc
811 3695 948 3750 idem
988 3694 1179 3767 festum
1218 3696 1291 3751 ad
1333 3695 1718 3767 catechumenos
1746 3695 1839 3749 ha-

323 3764 487 3822 bitum
511 3764 641 3834 esse,
670 3773 730 3821 ut
772 3767 846 3823 ad
891 3766 1126 3821 studium
1168 3766 1483 3837 accipiendis
1509 3766 1839 3837 baptismatis

320 3837 509 3910 gratim
536 3838 930 3910 excitarentur.
961 3838 1115 3910 Nihil
1146 3837 1415 3894 Ambrosii
1437 3837 1664 3910 praefert
1693 3854 1704 3891 :
1747 3838 1835 3893 sed

320 3908 546 3981 wquiori
587 3908 716 3980 jure
756 3908 979 3965 attribui
1014 3910 1252 3966 Maximo
1275 3908 1486 3981 potest;
1515 3915 1564 3981 et
1590 3926 1705 3963 cum
1731 3925 1835 3963 ser-

320 3980 466 4035 moni
490 3997 528 4037 x
555 3987 602 4037 et
630 3998 689 4037 xi
716 3998 887 4053 supra
910 3980 1061 4036 editis
1082 3980 1306 4052 pulchre
1332 3980 1623 4049 conveniat,
1654 3980 1835 4035 existi-

318 4068 467 4125 mare
494 4053 610 4108 licet
635 4059 737 4109 tres
763 4054 857 4125 hos
886 4069 1149 4125 sermones
1174 4053 1469 4125 designatos
1490 4069 1600 4125 esse
1629 4070 1665 4107 a
1688 4054 1836 4125 Gen:

316 4124 501 4197 nadio,
530 4125 619 4197 ubi
641 4124 882 4197 prodidit
903 4124 1136 4197 eumdem
1153 4123 1455 4197 episcopum
1472 4123 1540 4180 de
1567 4123 1834 4196 Baptismi

319 4195 491 4267 gratia
520 4194 746 4265 librum,
770 4196 1036 4253 ,vetustiss.
1070 4194 1262 4266 libros,
1288 4194 1528 4253 edidisse.

321 4295 371 4351 1.
404 4294 544 4362 Quia
570 4303 803 4366 constat,
834 4295 978 4354 sicut
1007 4304 1134 4353 ante
1159 4296 1278 4354 dies
1321 4296 1596 4370 prosecuti
1620 4314 1833 4368 sumus,

246 4384 432 4439 Iesum
479 4384 760 4442 Christum
813 4401 927 4443 non
970 4386 1057 4442 sui
1103 4402 1267 4444 causa
1311 4387 1648 4461 baptizatum
1696 4405 1831 4457 esse,

242 4471 343 4530 sed
376 4473 572 4544 nostri,
604 4473 886 4544 debemus,
917 4474 1113 4532 fratres
1145 4474 1491 4534 dilectissimi
1522 4478 1706 4551 (vobis
1729 4496 1832 4536 ca-

246 4564 595 4623 techumeuis
620 4566 862 4640 loquor),
893 4566 1122 4640 gratiam
1152 4567 1502 4641 baptismatis
1531 4569 1651 4644 ejus
1678 4575 1833 4632 omni

243 4655 599 4748 festinatione
640 4658 933 4748 suscipere,
964 4665 1020 4715 et
1048 4658 1116 4716 de
1150 4659 1299 4717 fonte
1327 4661 1580 4719 Iordanis
1605 4664 1824 4736 (Matth.
1857 4688 1907 4748 ι)

244 4762 329 4815 ιιι,
363 4746 476 4819 13),
507 4763 671 4821 quem
709 4747 803 4804 ille
854 4746 1161 4817 benedixit,
1206 4748 1643 4810 benedictionem
1686 4770 1831 4812 con-

242 4835 564 4895 secrationis
609 4836 870 4907 haurire;
914 4847 977 4897 ut
1014 4837 1075 4896 in
1104 4855 1232 4898 eum
1260 4840 1549 4914 gurgitem,
1580 4841 1639 4900 in
1668 4859 1831 4918 quem

243 4924 398 4982 illius
416 4931 680 4984 sanctitas
708 4927 919 4997 mersit,
950 4937 1138 4987 nostra
1183 4937 1407 5003 peccata
1463 4940 1783 5005 mergantur
1811 4949 1823 4989 :

239 5016 451 5074 scilicet
479 5023 539 5073 ut
567 5016 757 5075 eadem
780 5034 939 5092 aqua,
963 5035 1084 5091 quis
1113 5020 1414 5077 Dominum
1442 5021 1828 5093 circumdedit,

240 5114 295 5161 et
338 5107 585 5162 servulos
634 5106 1040 5180 circumpurgat
1074 5124 1085 5164 :
1132 5116 1405 5181 quatenus
1428 5128 1499 5168 ex
1529 5113 1829 5171 venerabili

240 5194 449 5254 Christi
500 5196 719 5254 lavacro
753 5196 912 5253 nobis
942 5196 1091 5253 unda
1119 5205 1308 5255 sancta
1338 5200 1609 5272 proﬁciat,
1642 5211 1695 5258 et
1724 5201 1830 5260 iis-

312 5313 427 5386 (15)
450 5314 550 5386 Sic
584 5313 751 5372 iidem
788 5314 899 5371 duo
927 5329 1056 5369 mss.
1084 5330 1097 5380 ;
1146 5313 1241 5368 alii
1289 5330 1422 5372 vero
1450 5326 1504 5372 et
1529 5327 1638 5374 vet.
1668 5318 1827 5386 edit.,

235 5385 530 5457 dormiebat
572 5404 584 5442 :
643 5386 936 5441 dormiebat
987 5386 1168 5457 Petro,
1200 5387 1483 5457 navigabat
1523 5390 1725 5454 Judaz;
1773 5385 1829 5447 at

235 5457 395 5514 Rom.
428 5456 586 5526 edit.,
635 5458 895 5513 Dominus
940 5456 1253 5513 dormiebat.
1315 5456 1499 5518 Verum
1539 5461 1831 5517 dormiebat

233 5528 415 5605 Petro,
446 5529 534 5605 sed
560 5529 986 5605 mareturbabat
1015 5528 1186 5584 Judw.

308 5600 427 5673 (16)
457 5601 727 5682 Nonnulli
778 5617 935 5667 mss.,
968 5603 1063 5656 hoc
1087 5602 1321 5674 exemplo
1340 5603 1605 5675 perﬁdum
1631 5621 1826 5660 cavea-

236 5671 862 5825 ηιῇῧοὸξῐεῗῐῖξηὲᾱίιη
894 5759 989 5797 nos
1017 5742 1151 5825 [tetu
1174 5744 1431 5813 beatiore;
1449 5762 1638 5806 omnes
1667 5763 1821 5819 mss.,

234 5831 327 5870 nos
356 5813 485 5887 fietu
514 5814 742 5871 beatiore
774 5831 786 5870 :
823 5830 985 5884 unus,
1017 5814 1288 5874 beatiores.

1957 686 1992 727 a
2034 670 2314 728 Salvatore
2367 677 2449 728 est
2492 677 2759 738 mutuata,
2812 685 2915 726 nos
2961 669 3083 726 fotu
3127 668 3372 727 beatiore
3419 671 3542 743 (17)

1958 758 2233 834 puriﬁcet,
2263 759 2601 838 gratiamque
2653 774 2819 833 quam
2867 774 2900 815 a
2938 757 3163 817 Christo
3191 758 3450 832 suscepit,
3490 758 3549 817 in

1959 848 2302 906 Christianos
2333 848 2608 905 refundat.

2030 950 2083 1007 2.
2114 950 2280 1022 Ergo,
2337 948 2554 1019 fratres,
2601 946 2742 1021 tingi
2797 946 3063 1005 debemus
3117 945 3310 1004 eodem
3367 947 3546 1016 fonte,

1956 1052 2067 1110 quo
2122 1036 2394 1105 Christus,
2442 1044 2506 1093 ut
2561 1035 2833 1109 possimus
2883 1051 3020 1104 esse,
3060 1034 3210 1111 quod
3265 1033 3547 1093 Christus.

1956 1128 2115 1196 Nam,
2165 1127 2313 1201 quod
2350 1127 2503 1183 salva
2556 1125 2665 1183 ﬁde
2719 1124 2980 1195 dixerim,
3027 1124 3157 1182 licet
3209 1123 3547 1197 baptismum

1957 1225 2254 1291 utrumque
2291 1216 2363 1273 sit
2410 1215 2655 1286 Domini,
2687 1223 2872 1272 tamen
2922 1214 3129 1289 gratius
3163 1222 3297 1287 puto
3323 1214 3429 1272 hoc
3457 1214 3548 1271 ba-

1956 1307 2220 1379 ptismum
2261 1322 2396 1376 esse,
2448 1323 2556 1380 quo
2602 1323 2703 1363 nos
2746 1305 3047 1375 abluimur,
3076 1320 3239 1379 quam
3270 1303 3411 1361 illud
3438 1319 3549 1377 quo

1957 1394 2208 1451 Salvator
2287 1395 2592 1469 baptizatus
2670 1401 2770 1451 est.
2841 1395 2955 1451 Hoc
3019 1393 3169 1449 enim
3240 1392 3550 1449 celebratur

1956 1498 2055 1556 per
2125 1482 2430 1553 Christum,
2489 1483 2631 1540 illud
2690 1481 3023 1541 celebratum
3097 1490 3180 1540 est
3236 1498 3334 1557 per
3387 1482 3548 1538 Ioan-

1958 1588 2129 1629 nem:
2188 1572 2246 1629 in
2297 1572 2395 1628 illo
2446 1588 2503 1629 se
2555 1571 2814 1645 magister
2869 1579 3115 1641 excusat,
3170 1570 3231 1630 in
3287 1572 3397 1629 isto
3445 1586 3549 1628 nos

1957 1660 2210 1717 Salvator
2264 1658 2467 1719 invitat
2518 1677 2531 1717 :
2596 1661 2654 1717 in
2702 1662 2800 1719 illo
2848 1660 3068 1735 justitia
3114 1662 3438 1735 semiplena,
3487 1659 3547 1716 in

1958 1749 2067 1806 isto
2145 1748 2388 1806 Trinitas
2451 1758 2533 1807 est
2585 1750 2828 1823 perfecta
2889 1767 2903 1806 :
2989 1750 3058 1807 ad
3136 1749 3279 1806 illud
3325 1755 3549 1806 sanctus

1959 1839 2152 1908 venit,
2209 1847 2430 1897 sanctus
2516 1838 2794 1912 egreditur
2856 1854 2869 1893 :
2926 1837 2996 1895 ad
3078 1836 3221 1893 illud
3299 1844 3550 1909 peccator

2974 1932 3034 1989 in
3085 1932 3184 1988 illo
3234 1929 3549 1988 benedictio

1959 2022 2240 2080 confertur
2318 2022 2596 2097 mysteriis
2619 2068 2634 2094 ,
2716 2024 2775 2080 in
2858 2024 2968 2081 isto
3044 2039 3142 2097 per
3218 2020 3544 2095 mysterium

1955 2111 2161 2169 delicta
2206 2112 2502 2169 donantur.
2535 2112 2807 2186 Baptizari
2854 2129 3000 2185 ergo,
3043 2112 3259 2180 fratres,
3287 2109 3549 2167 debemus

1956 2201 2146 2274 eodem
2207 2202 2418 2274 gurgite
2442 2245 2458 2271 ,
2546 2218 2655 2276 quo
2717 2202 2968 2259 Salvator
3022 2217 3034 2256 :
3086 2201 3181 2258 sed
3235 2207 3296 2257 ut
3353 2199 3545 2256 eodem

1957 2291 2110 2349 fonte
2166 2308 2478 2364 mergamur
2501 2335 2516 2360 ,
2574 2307 2687 2348 non
2751 2290 2911 2347 nobis
2974 2290 3259 2347 orientalis
3312 2288 3549 2364 petenda

1957 2388 2049 2438 est‘
2083 2380 2253 2455 regio,
2280 2397 2393 2438 non
2421 2380 2625 2438 ﬂuvius
2652 2389 2811 2438 terras
2843 2380 3083 2438 Iudaicae
3117 2398 3129 2436 :
3162 2380 3368 2454 ubique
3397 2378 3545 2435 enim

1955 2486 2106 2528 nunc
2157 2470 2430 2541 Christus,
2489 2469 2694 2545 ubique
2750 2470 3004 2527 Iordanis
3048 2477 3130 2527 est
3160 2469 3299 2543 (18).
3341 2468 3546 2525 Eadem

1956 2559 2317 2627 consecratio,
2365 2577 2486 2634 quae
2532 2560 2762 2617 orientis
2789 2560 3021 2617 ﬂumina
3050 2558 3361 2625 benedixit,
3390 2556 3548 2616 occi-

1957 2649 2138 2707 dentis
2174 2649 2381 2706 ﬂuenta
2424 2649 2749 2708 sanctiﬁcat.
2784 2649 2939 2707 Unde
2984 2658 3040 2707 et
3074 2648 3121 2707 si
3169 2648 3311 2706 forte
3342 2663 3545 2704 nomen

1956 2739 2130 2796 ﬂuvio
2156 2738 2309 2795 aliud
2327 2738 2448 2796 site
2466 2739 2686 2808 saeculo,
2711 2738 2855 2796 inest
2887 2748 3072 2797 tamen
3099 2736 3184 2793 illi
3215 2735 3543 2811 mysterium

1956 2847 1986 2888 e
2014 2829 2269 2888 Iordane.

2028 2929 2082 2987 3.
2109 2929 2358 3002 Denique
2385 2928 2581 2986 iisdem
2610 2928 2966 2987 sacramentis
2995 2944 3081 2985 res
3111 2927 3312 3001 agitur,
3344 2925 3546 3002 quibus

1956 3025 2012 3074 et
2055 3025 2191 3075 tunc
2214 3028 2363 3091 gesta
2390 3026 2491 3085 est,
2522 3018 2631 3074 nisi
2662 3018 2808 3092 quod
2847 3018 3021 3093 gratia
3070 3016 3356 3091 pleniore;
3412 3022 3548 3072 tunc

1958 3106 2105 3163 enim
2136 3106 2465 3164 Trinitatem
2516 3108 2829 3164 carnalibus
2857 3106 3036 3165 oculis
3084 3106 3348 3174 vidimus,
3382 3103 3545 3161 modo

1957 3195 2204 3253 eamdem
2261 3197 2586 3254 Trinitatem
2642 3197 2772 3254 ﬁdei
2826 3197 3003 3254 oculis
3051 3196 3540 3269 contemplemur:

1876 3313 1920 3375 ο
1956 3292 2092 3342 tunc
2117 3286 2400 3343 Christum
2432 3286 2530 3343 vix
2558 3286 2833 3345 humanus
2881 3286 3071 3343 vultus
3115 3285 3350 3358 aspexit,
3386 3301 3542 3375 nunc

1954 3376 2208 3433 eumdem
2238 3394 2392 3434 mens
2420 3378 2664 3434 humana
2690 3376 3108 3450 complectitur:
3141 3384 3275 3432 tunc
3302 3374 3541 3447 Spiritus

1949 3475 2172 3522 sanctus
2225 3467 2379 3523 velut
2424 3466 2695 3524 columbae
2745 3465 2925 3538 specie
2977 3462 3259 3521 hominem
3303 3461 3536 3521 circum-

1948 3554 2114 3625 fudit,
2148 3555 2312 3613 modo
2349 3572 2404 3613 se
2452 3555 2513 3612 in
2563 3555 2828 3612 interiora
2881 3554 3125 3611 hominis
3179 3553 3296 3627 ipsa
3332 3552 3538 3610 virtute

1946 3643 2260 3702 divinitatis
2288 3644 2571 3702 infundit:
2605 3654 2739 3704 tunc
2768 3645 2928 3701 Pater
2953 3642 3022 3700 ad
3043 3658 3143 3701 nos
3170 3643 3288 3715 (19)
3314 3648 3538 3715 propter

1947 3733 2151 3790 Filium
2205 3735 2369 3809 longo
2412 3733 2607 3792 auditu
2660 3734 2813 3792 vocis
2868 3732 3113 3802 advenit,
3144 3731 3310 3789 modo
3354 3739 3536 3789 autem

1945 3820 2228 3881 descendit
2280 3824 2348 3881 ad
2395 3841 2497 3882 nos
2541 3824 2744 3898 pariter
2792 3823 2909 3898 ipse
2954 3837 3082 3881 cum
3123 3820 3287 3879 Filio.
3314 3820 3537 3878 Plenior

1945 3927 2074 3986 ergo
2105 3914 2277 3987 gratia
2305 3924 2405 3985 est,
2446 3914 2543 3972 ubi
2582 3917 2729 3973 Deus
2766 3930 2880 3971 non
2929 3920 3208 3985 assumpta
3234 3911 3414 3986 specie
3442 3910 3534 3968 de-

1944 4003 2159 4061 scendit
2186 4005 2255 4061 ad
2286 4005 2559 4077 homines,
2587 4006 2684 4064 sed
2714 4005 2938 4081 propria
2970 4003 3280 4061 substantia
3296 4003 3537 4061 descen-

1943 4094 2071 4152 dere
2099 4094 2358 4169 dignatur
2397 4096 2465 4153 ad
2512 4096 2695 4166 ﬁlios;
2753 4096 2831 4153 ibi
2879 4095 3027 4152 enim
3055 4101 3317 4168 tanquam
3347 4092 3536 4150 incre-

1942 4185 2090 4243 dulis
2118 4185 2284 4244 ﬁdem
2306 4188 2429 4245 vult
2458 4188 2628 4263 signis
2652 4185 3037 4262 corporalibus
3064 4183 3413 4259 persuadere,
3444 4182 3534 4239 hic

1940 4284 2199 4351 tanquam
2233 4276 2489 4335 ﬁdelibus
2544 4279 2774 4353 gratiam
2821 4276 3098 4353 spirituali
3144 4276 3355 4333 virtute
3406 4289 3535 4332 con-

1942 4363 2103 4421 ferre.
2136 4366 2407 4423 Plenioris
2435 4383 2564 4440 ergo
2593 4366 2779 4439 gratiae
2823 4374 2905 4424 est
2947 4367 3124 4423 Deum
3152 4363 3361 4433 videre,
3389 4362 3533 4420 sicut

1942 4461 2025 4511 est
2051 4456 2216 4525 Deus,
2247 4473 2413 4531 quam
2442 4456 2631 4515 videre
2674 4473 2801 4514 eum
2844 4457 2945 4526 sic,
2988 4463 3051 4512 ut
3084 4455 3331 4530 requiras
3380 4470 3531 4510 eum-

1942 4542 2044 4601 Hic
2063 4552 2144 4600 est
2173 4546 2413 4619 perfecta
2440 4547 2702 4615 Trinitas,
2730 4546 2810 4603 ibi
2847 4545 3030 4602 adhuc
3056 4549 3203 4606 442
3231 4541 3529 4601 scrutanda

1940 4640 2224 4699 divinitas.
2257 4643 2479 4701 Plenior
2518 4643 2687 4717 igitur
2726 4651 2807 4699 est
2854 4640 3028 4716 gratia
3085 4642 3261 4697 Deum
3304 4637 3528 4713 propria

1939 4731 2168 4788 veritate
2188 4748 2510 4806 cognoscere
2542 4733 2684 4807 (20),
2713 4747 2877 4807 quam
2930 4730 2990 4787 in
3034 4734 3316 4802 assumpta
3343 4726 3524 4800 specie

1939 4823 2225 4896 suspicari.
3438 4885 3442 4890 .

2011 4931 2062 4988 4.
2096 4931 2382 4989 Faciamus
2419 4946 2547 5003 ergo
2600 4928 2707 5003 ipsi
2760 4944 2858 5001 pro
2910 4925 3089 4992 nobis,
3147 4921 3296 4999 quod
3349 4924 3524 4980 Deum

1939 5020 2192 5077 videmus
2239 5021 2431 5077 fecisse
2486 5034 2585 5092 pro
2641 5016 2843 5073 nobis:
2886 5015 3151 5074 faciamus
3207 5012 3354 5072 circa
3400 5028 3522 5082 nos,

1939 5110 2087 5183 quod
2117 5109 2237 5166 ﬁeri
2274 5109 2422 5165 circa
2448 5126 2504 5165 se
2532 5108 2767 5164 Ioannes
2796 5105 3028 5179 optavit.
3059 5104 3117 5161 Si
3147 5104 3241 5160 ille
3279 5101 3376 5178 qui
3409 5107 3526 5158 erat

1938 5200 2203 5272 propheta
2230 5207 2285 5255 et
2313 5208 2555 5266 sanctus,
2585 5197 2888 5255 Salvatoris
2933 5196 3267 5270 baptismum
3323 5209 3520 5252 concu-

2010 5317 2128 5389 (18)
2160 5319 2241 5374 Ita
2270 5333 2399 5372 mss.
2427 5334 2441 5385 ;
2473 5323 2530 5389 at
2558 5314 2716 5382 edit.,
2742 5331 2856 5371 non
2886 5315 3058 5389 etiam
3078 5312 3241 5381 male,
3264 5312 3355 5367 ubi
3382 5311 3523 5369 enim

1935 5386 2073 5463 nunc
2106 5386 2347 5463 Christus
2375 5388 2573 5463 est,_‘ibi
2600 5403 2803 5463 quoque
2829 5386 3084 5463 Iordanis
3104 5390 3205 5463 est.
3244 5453 3254 5463 υ

2009 5461 2127 5534 (19)
2158 5454 2572 5534 Οωειρξηθᾷἰιη
2608 5454 2777 5534 ’Τιᾷιρ
2830 5461 2989 5534 Pater
3032 5474 3065 5511 a
3093 5454 3365 5534 Domina:
3396 5454 3521 5534 cod.

1935 5526 2146 5601 Remig.
2184 5539 2239 5589 et
2266 5526 2608 5589 Valliscl..§..
2636 5532 2709 5586 ad
2732 5529 3053 5593 Dominum;
3085 5526 3295 5599 optime
3323 5526 3523 5601 Lugd.,

1936 5610 2056 5659 tunc
2089 5604 2251 5661 Pater
2270 5604 2341 5659 ad
2370 5620 2483 5671 nos,
2513 5611 2619 5659 etc.

2008 5676 2125 5747 (20)
2161 5678 2283 5733 Vet.
2315 5675 2473 5738 edit.,
2505 5676 2673 5752 Deum
2694 5671 2923 5752 propria
2961 5671 3163 5752 virtute
3181 5688 3518 5743 cognoscere;

1932 5744 2179 5804 Boimet
2210 5763 2342 5804 mss.
2371 5744 2738 5814 commodius,
2764 5752 2827 5800 ut
2854 5744 2912 5800 in
2942 5751 3236 5805 contextu.
