3972 6364
457 427 562 487 703

1472 424 1567 481 AD
1606 422 1839 480 OPERA
1876 422 1931 479 S.
1969 420 2301 480 AMBROSII
2335 418 2716 478 APPENDIX.

3653 424 3762 483 704

453 552 632 627 pivit;
664 559 869 626 quanto
916 551 1091 623 magis
1127 566 1230 608 nos
1260 555 1567 623 peccatores
1600 555 1653 605 et
1681 548 1898 623 indigni
1927 565 2046 623 gra-
2071 549 2123 610 Α
2152 546 2373 604 videtur
2416 545 2561 604 hanc
2584 546 2987 605 diformitatem
3038 546 3290 621 corporis
3318 547 3592 623 prOpheta
3630 549 3764 624 spi-

452 642 589 699 tiam
612 641 755 699 hanc
775 640 1037 698 debemus
1081 640 1292 698 ambire
1317 641 1329 697 l
1386 639 1584 697 Videte
1611 640 2047 698 misericordiam

454 730 755 788 Salvatoris
790 746 802 784 :
862 728 968 785 hoc
1024 729 1186 786 nobis
1221 737 1415 801 sponte
1445 729 1709 796 defertur,
1732 729 1887 801 quod
1916 747 2053 803 pro-

455 819 620 895 pheta
642 820 925 892 postulans
951 834 1057 875 non
1094 826 1333 875 meretur
1357 818 1623 889 accipere.

523 910 578 966 ὅ.
612 908 756 977 Quid
791 916 974 965 autem
1024 924 1199 965 causa:
1242 909 1315 963 sit
1355 907 1503 981 quod
1548 908 1787 965 Joannes
1830 908 2049 983 petierit

455 998 664 1058 Christi
692 998 1050 1072 baptismum,
1081 1014 1183 1053 nec
1220 997 1511 1069 acceperit,
1550 996 1814 1055 debemus
1842 999 2051 1056 adver-

454 1098 590 1147 tere.
641 1088 734 1146 Ait
773 1089 921 1146 enim
970 1088 1056 1144 illi
1118 1087 1387 1142 Dominus
1454 1088 1801 1159 postulanti:
1856 1111 1875 1135 ι
1919 1088 2049 1145 Sine

457 1178 655 1245 modo;
686 1177 766 1235 sic
792 1176 941 1234 enim
968 1175 1125 1233 decet
1154 1191 1254 1231 nos
1269 1174 1498 1247 implere
1527 1192 1747 1233 omnem
1770 1176 2047 1249 justitiam

459 1269 673 1336 (Matth.
713 1284 797 1335 III,
853 1266 965 1339 15).
1006 1289 1025 1313 ι
1096 1264 1313 1321 Scimus
1386 1273 1568 1322 autem
1620 1266 1767 1340 quod
1815 1268 2049 1326 Joannes

459 1359 705 1433 Baptista
732 1367 929 1429 typum
976 1354 1111 1429 legis
1140 1353 1374 1428 gerebat.
1409 1354 1630 1414 Iustum
1660 1372 1791 1429 ergo
1820 1364 1955 1426 erat,
1987 1364 2050 1413 ut

458 1451 573 1524 ipse
599 1448 902 1523 baptizaret
946 1446 1279 1514 Dominum;
1325 1445 1536 1502 scilicet
1580 1453 1643 1502 ut
1689 1446 2049 1520 quemadmo-

456 1542 589 1599 dum
616 1537 919 1597 secundum
946 1551 1165 1594 carnem
1196 1534 1263 1591 de
1314 1533 1518 1591 Iudicis
1547 1535 1800 1592 Salvator
1828 1542 1911 1592 est
1941 1552 2048 1609 ge-

457 1630 629 1699 nitus,
651 1629 729 1686 ita
748 1634 802 1684 et
819 1624 1119 1684 secundum
1150 1624 1415 1696 Spiritum
1445 1623 1512 1679 de
1540 1623 1657 1696 lege
1683 1624 2046 1697 Evangelium

458 1728 789 1787 nasceretur;
820 1724 883 1773 ut
907 1714 1054 1774 unde
1082 1714 1485 1772 successionem
1533 1713 1769 1772 ducebat
1794 1713 2045 1787 originis,

455 1810 658 1867 exinde
684 1815 739 1865 et
765 1805 1122 1863 traditionem
1160 1803 1589 1862 consecrationis
1607 1803 1898 1876 acciperet.
1931 1804 2050 1861 Hoc

454 1909 538 1957 est
569 1898 761 1972 igitur,
794 1895 942 1971 quod
969 1895 1052 1951 ait
1082 1914 1094 1951 :
1141 1918 1160 1942 ι
1187 1894 1277 1952 Sic
1304 1894 1453 1950 enim
1483 1892 1641 1951 decet
1680 1909 1781 1950 nos
1820 1892 2049 1966 implere
2080 1906 2127 1967 Β

455 2004 675 2046 omnem
700 1986 997 2060 justitiam.
1031 2010 1050 2034 ι
1094 1985 1310 2042 Iustum
1339 1984 1488 2041 enim
1528 1993 1668 2053 erat,
1699 1992 1763 2041 ut
1791 1984 2052 2041 mandata

457 2078 613 2150 legis,
646 2093 767 2150 quis
813 2076 928 2148 ipse
974 2072 1318 2143 condiderat,
1373 2074 1488 2145 ipse
1535 2073 1854 2147 compleret,
1905 2074 2050 2130 sicut

456 2168 593 2225 alibi
622 2166 788 2225 dicit:
823 2189 841 2215 ι
860 2166 983 2223 Non
1008 2164 1137 2220 veni
1167 2164 1339 2237 legem
1369 2165 1607 2233 solvere,
1630 2163 1726 2221 sed
1748 2164 2050 2238 adimplere

459 2257 675 2331 (Matth.
706 2272 763 2325 ν,
807 2256 919 2328 l7).
950 2279 970 2303 ι

971 2398 1207 2456 SERMO
1263 2396 1526 2455 XXXIX.

1068 2513 1148 2570 De
1185 2510 1429 2570 Camelo.

456 2639 610 2696 Rom.
649 2635 771 2691 edit.
811 2642 870 2691 ut
904 2635 1041 2691 hunc
1093 2652 1382 2691 sermonem
1424 2636 1715 2707 Evangelia
1758 2634 2049 2691 Ποιηὶηἰρω

526 2725 626 2765 xrv
649 2714 773 2780 post
799 2708 1126 2780 Pentecoslen
1158 2708 1458 2779 adaptaret,
1488 2706 1881 2780 illi’exordium
1904 2724 2048 2780 pro:

521 2778 996 2851 glria—auctoritate
1039 2778 1371 2851 prae/iurat.
1407 2780 1577 2846 Quam
1606 2785 1781 2834 autem
1819 2778 2048 2833 absurde

524 2850 585 2906 id
622 2850 869 2918 voluerit,
901 2852 1021 2905 inde
1040 2850 1390 2922 cognoscitur,
1421 2851 1563 2920 quod
1590 2851 1727 2905 hunc
1756 2867 2046 2904 sermonem

527 2923 672 2979 haud
713 2923 879 2978 multo
945 2928 1069 2994 post
1115 2922 1483 2994 Epiphaniam
1539 2922 1775 2976 habitum
1829 2927 2042 2977 constet.

528 2994 780 3063 Quwdam
808 2992 976 3065 porro
994 2993 1063 3048 in
1105 2992 1200 3065 illo
1225 2992 1543 3065 reperimus
1588 2998 1794 3048 tantum
1814 3010 2045 3065 cogna-

528 3062 686 3122 tionis
713 3062 829 3120 cum
855 3081 1089 3121 sermone
1116 3063 1184 3120 20
1211 3081 1246 3135 a
1280 3062 1427 3119 nobis
1463 3062 1654 3133 rejecto
1678 3062 2042 3135 praeferentia,
2096 3114 2101 3117 Α

527 3143 589 3192 ut
614 3136 889 3207 utriusque
934 3136 1166 3192 eumdem
1206 3134 1371 3205 fuisse
1399 3142 1665 3207 auctorem
1680 3134 2042 3207 arbitremur.

526 3209 631 3267 Nec
651 3206 1119 3280 profectogdesunt
1146 3223 1264 3277 quae
1302 3207 1459 3262 illum
1485 3206 1726 3280 Maximo
1762 3206 2046 3280 videantur

524 3277 804 3338 asserere:
832 3279 921 3336 sed
945 3280 1102 3335 nulla
1128 3283 1426 3351 suppetunt,
1456 3295 1572 3349 qua:
1600 3277 1900 3334 Ambrosio.

527 3420 578 3477 1.
609 3418 757 3477 Dicit
788 3418 907 3492 (21)
944 3417 1000 3474 in
1040 3416 1347 3491 Evangelio
1390 3415 1659 3474 Dominus
1686 3417 1842 3474 Iesus
1873 3416 2048 3477 Chri-

458 3518 577 3569 stus
607 3528 619 3567 :
667 3534 685 3557 ι
714 3508 957 3567 Facilius
985 3516 1067 3565 est
1094 3506 1328 3563 transire
1369 3508 1641 3565 camelum
1672 3524 1767 3581 per
1797 3508 2046 3567 foramen

455 3617 607 3669 acus,
645 3616 809 3673 quam
853 3598 1084 3655 divitem
1140 3597 1345 3654 intrare
1397 3595 1456 3653 in
1508 3613 1736 3670 regnum
1781 3599 2046 3656 caelorum

458 3689 799 3761 (Matthaux,
813 3686 930 3758 24).
954 3710 972 3733 ι
989 3686 1120 3754 Quae
1141 3686 1413 3743 sententia
1433 3703 1627 3744 vereor
1645 3704 1713 3744 ne
1728 3687 1870 3744 forte
1890 3687 2048 3744 vobis

456 3776 771 3846 conveniat,
818 3776 912 3850 qui
970 3774 1195 3831 divitias
1232 3774 1421 3833 saeculi
1464 3776 1630 3851 hujus
1671 3784 1767 3834 aut
1810 3776 2045 3846 habetis,

455 3874 551 3926 aut
580 3864 846 3941 quaeritis.
896 3865 1051 3922 Sicut
1088 3866 1233 3921 enim
1273 3866 1466 3925 cameli
1513 3866 1740 3937 animal,
1780 3867 1928 3941 quod
1967 3874 2050 3923 est

458 3964 766 4017 tortuosum
794 3962 956 4030 atque
985 3953 1250 4025 deforme,
1282 3957 1610 4029 perversitas
1640 3958 1759 4030 ipsa
1804 3954 2049 4030 corporis

457 4064 555 4120 per
581 4045 1020 4119 augustissimam
1046 4061 1176 4104 acus
1209 4063 1500 4104 cavernam
1521 4048 1802 4120 praeterire
1826 4062 1938 4103 non
1960 4061 2048 4117 pa-

458 4138 630 4194 titur:
666 4135 742 4192 ita
768 4143 823 4193 et
851 4135 1052 4193 divites
1081 4145 1336 4194 oneratos
1364 4136 1620 4204 avaritia,
1662 4143 1717 4191 et
1747 4135 2049 4207 cupiditate

458 4225 712 4294 foedatos,
733 4226 850 4298 ipsa
869 4225 998 4282 vitae
1017 4224 1341 4282 deformitas
1360 4241 1457 4297 per
1481 4232 1687 4280 arctam
1718 4223 1865 4279 viam
1895 4220 2049 4292 regni

459 4314 689 4372 minime
717 4315 946 4372 introire
977 4315 1282 4389 permittit;
1304 4314 1385 4369 ait
1404 4312 1549 4368 enim
1574 4312 1719 4368 idem
1739 4312 2010 4369 Dominus
2033 4328 2045 4367 :

472 4428 492 4452 ι
527 4406 697 4461 Arcta
734 4412 787 4460 et
817 4413 1046 4478 angusta
1092 4403 1185 4459 via
1234 4410 1334 4470 est,
1394 4417 1513 4474 quae
1563 4401 1718 4457 ducit
1759 4399 1826 4457 ad
1877 4399 2050 4455 vitam

461 4493 673 4565 (Matth.
695 4511 796 4563 vn,
825 4494 938 4567 14).
970 4518 989 4543 ι

528 4583 581 4640 2.
615 4581 791 4656 Igitur
820 4582 877 4639 in
923 4580 1133 4638 camelo
1176 4578 1557 4636 difﬁcultatem
1611 4577 1877 4633 transitus
1931 4578 2049 4649 (22)

462 4679 685 4744 praestat
718 4670 986 4728 habitudo
1015 4668 1412 4735 membrorum,
1448 4662 1505 4721 in
1533 4665 1709 4723 divite
1736 4674 1917 4722 autem
1949 4666 2049 4721 im-

458 4759 834 4834 pedimentum
861 4755 1187 4828 magnitudo
1229 4754 1397 4809 efﬁcit
1426 4762 1776 4827 peccatorum
1801 4772 1813 4823 ;
1848 4755 2046 4827 gibbus

458 4848 606 4905 enim
637 4847 863 4922 quidam
904 4851 986 4901 est
1018 4842 1215 4899 animae
1265 4849 1425 4915 turpe
1470 4841 1603 4915 quid
1651 4843 1738 4899 vel
1785 4843 2042 4915 cogitare,

458 4936 547 4992 vel
573 4936 752 4993 facere
786 4954 797 4991 :
831 4951 895 4990 ac
922 4930 1124 4988 mentis
1153 4930 1403 5005 quaedam
1435 4938 1681 4988 tortuosa
1703 4930 2044 5000 deformitas,

459 5025 517 5083 iu
548 5023 744 5082 mundi
805 5021 968 5079 rebus
995 5037 1208 5093 semper
1245 5020 1550 5091 intendere,
1581 5028 1636 5076 et
1676 5020 1744 5077 ab
1789 5020 2047 5078 Ecclesiae

458 5124 657 5175 sanctae:
685 5115 880 5173 limine
906 5112 1056 5171 curis
1079 5112 1435 5171 saecularibus
1455 5111 1694 5169 avocari.
1719 5111 1873 5173 Unde
1909 5111 2048 5165 mihi

525 5300 651 5373 (21)
686 5301 845 5373 Rom.
878 5295 1040 5363 edit.,
1064 5295 1561 5373 ﬂammanaapud
1610 5293 1855 5373 Hebraeos
1892 5292 2051 5362 hujus

454 5367 640 5428 stabuli
672 5370 872 5428 divitiis
920 5370 1284 5440 appellantur.
1311 5367 1537 5440 Dicitur
1574 5384 1694 5420 vero
1738 5367 2047 5440 Mammona

460 5444 694 5519 iniquus,
724 5442 852 5513 quia
868 5437 1120 5519 non—nisi
1148 5437 1322 5519 iniqui
1350 5438 1408 5491 in
1436 5438 1508 5493 eis
1528 5455 1671 5508 spem
1696 5437 2047 5519 constituunt:

448 5508 591 5584 justi
616 5508 810 5581 autem,
864 5512 979 5569 licet
1004 5528 1067 5584 ea
1099 5508 1426 5584 possideant,
1453 5526 1559 5584 non
1585 5514 1708 5584 sunt
1744 5508 1855 5584 illis
1883 5514 2054 5584 tamen

458 5579 694 5650 divitiis,
750 5579 856 5639 nisi
928 5579 1148 5638 cwlestes
1212 5587 1261 5635 et
1315 5580 1601 5650 spiritales.
1663 5580 1835 5636 Servit
1893 5579 2054 5649 igitur

458 5658 792 5722 Hammonis,
822 5654 914 5725 qui
945 5654 999 5708 in
1044 5651 1268 5725 terrenis
1294 5651 1455 5721 hujus
1489 5651 1666 5725 sieculi
1700 5650 1862 5725 rebus!
1899 5650 2054 5719 con/i-

458 5730 555 5784 dit.
583 5728 655 5784 Hi
681 5726 812 5781 alibi
833 5723 946 5779 viri
976 5724 1294 5778 divitiarum
1320 5740 1355 5777 a
1397 5724 1658 5793 propheta
1686 5723 2051 5793 appellantur.

460 5799 654 5868 Nolite,
712 5796 935 5869 fratres,
985 5793 1199 5849 divitias
1241 5791 1517 5867 appellare
1558 5791 1735 5862 illas,’
1764 5791 1924 5848 nolite
1968 5808 2057 5847 eas
2108 5836 2119 5849 .

2155 637 2390 694 ritaliter
2417 639 2687 709 elocutus,
2720 637 3025 696 fmditatem
3068 654 3286 696 morum
3310 639 3496 713 potius
3516 639 3762 698 indicas-

2156 743 2235 797 se,
2267 744 2393 785 cum
2422 727 2560 785 dicit
2592 745 2604 783 :
2651 750 2670 775 ι
2716 728 2834 785 Non
2881 727 3148 800 glorietur
3192 727 3453 802 gibbosus
3482 729 3630 787 sicut
3660 744 3765 786 re—

2157 825 2278 874 ctus
2297 818 2417 891 (III
2438 820 2561 889 Reg.
2581 833 2681 886 xx,
2707 815 2797 888 11)
2823 835 2837 885 ;
2872 842 2889 864 ι
2933 817 3089 891 quasi
3119 818 3201 875 sic
3218 818 3428 877 diceret
3452 836 3463 875 :
3486 820 3613 877 Non
3641 820 3763 895 glo-

2159 906 2333 963 rietur
2360 915 2611 979 peccator
2647 906 2915 963 vitiorum
2962 924 3188 965 suorum
3238 910 3510 982 pravitate
3540 908 3766 966 distor—

2157 1003 2266 1064 tus,
2297 996 2441 1053 sicut
2465 996 2731 1068 gloriatur
2752 995 2942 1068 justus
2969 996 3321 1055 conscientiae
3351 998 3512 1056 bonae
3541 996 3762 1071 simpli-

2157 1086 2322 1142 citate
2345 1084 2603 1141 directus.
2636 1085 2899 1153 Quamvis
2928 1086 3099 1156 enim,
3129 1103 3163 1142 o
3191 1094 3462 1160 peccator,
3493 1087 3763 1160 proceri-

2155 1181 2266 1230 tate
2295 1168 2540 1246 corpOris
2565 1174 2817 1247 gaudeas,
2849 1175 3103 1249 quamvis
3130 1177 3478 1249 scapularum
3524 1184 3763 1234 tuarum

2157 1266 2470 1339 mqualitate
2498 1266 2740 1336 laeteris;
2772 1266 2959 1324 anima
2984 1275 3168 1326 tamen
3198 1276 3295 1327 tua
3323 1286 3541 1328 morum
3570 1268 3765 1344 pravi-

2156 1363 2265 1413 tate
2285 1355 2549 1413 deformis
2570 1363 2673 1413 est.

2228 1466 2279 1522 3.
2312 1467 2476 1524 Recte
2498 1481 2628 1540 ergo
2657 1466 2869 1523 camelo
2915 1474 3263 1540 comparatus
3311 1472 3394 1525 est
3439 1466 3636 1536 dives;
3689 1467 3763 1524 si-

2156 1556 2378 1631 quidem
2423 1555 2584 1613 illum
2633 1572 2664 1613 a
2707 1557 2947 1614 transitu
2990 1573 3120 1614 acus
3162 1556 3409 1631 corporis
3445 1556 3765 1614 crassitudo

2157 1654 2397 1716 revocat,
2427 1646 2578 1704 hunc
2618 1647 2686 1704 ab
2714 1646 2964 1720 ingressu
2994 1647 3253 1705 Ecclesia;
3284 1646 3615 1720 patrimonii
3646 1647 3761 1704 sol-

2157 1735 2388 1793 licitudo
2418 1736 2703 1793 detentat:
2750 1746 2805 1794 et
2831 1737 2974 1793 sicut
3016 1737 3179 1793 illum
3225 1753 3461 1811 parvum
3503 1737 3764 1794 foramen

2155 1846 2271 1887 non
2298 1830 2445 1903 capit
2477 1837 2767 1886 oneratum
2799 1829 2948 1886 mole
2976 1829 3378 1896 membrorum;
3413 1828 3493 1886 ita
3518 1837 3574 1886 et
3603 1830 3764 1888 hunc

2158 1920 2420 1978 introitus
2470 1928 2694 1978 sanctus
2748 1936 2859 1976 non
2904 1919 3140 1993 suscipit
3184 1928 3468 1991 gravatum
3525 1922 3761 1978 cumulo

2158 2010 2509 2067 delictorum.
2529 2009 2766 2083 Uterque
2787 2008 2953 2067 habet
2967 2009 3247 2082 propriam
3270 2010 3543 2066 sarcinam
3571 2027 3757 2080 suam,

2159 2101 2256 2158 ille
2284 2108 2543 2157 oneratus
2581 2109 2662 2157 est
2697 2100 2979 2169 carnibus,
3029 2100 3133 2157 iste
3170 2100 3408 2173 peccatis
3441 2117 3454 2156 :
3503 2109 3560 2157 et
3604 2102 3760 2161 sicut

2157 2190 2252 2247 ille
2280 2190 2544 2247 inhabilis
2573 2197 2655 2246 est
2685 2190 3085 2263 angustissimas
3115 2206 3246 2247 acus
3265 2206 3551 2259 cavernae;
3594 2192 3673 2249 ita
3691 2200 3757 2249 et

2156 2278 2250 2336 hic
2280 2279 2678 2337 inconveniens
2703 2288 2786 2336 est
2811 2279 3129 2337 beatissimo
3148 2280 3248 2337 Dei
3269 2296 3469 2353 regno:
3501 2280 3569 2337 ad
3600 2280 3759 2355 quod

2156 2370 2426 2427 camelum
2460 2384 2687 2442 corpore
2713 2369 3145 2443 incompositum
3188 2378 3386 2428 natura
3425 2370 3567 2445 (23),
3598 2370 3758 2431 hunc

2154 2468 2338 2518 autem
2361 2476 2592 2535 pravum
2612 2460 2869 2518 voluntas
2889 2461 3077 2519 eﬂicit.

2234 2575 2381 2633 443
2408 2570 2461 2630 4.
2488 2571 2614 2628 Haec
2641 2579 2825 2628 autem
2867 2569 3014 2639 dico,
3046 2569 3261 2639 fratres,
3297 2568 3367 2627 de
3396 2569 3467 2627 iis
3513 2570 3610 2644 qui
3656 2570 3758 2628 fe-

2155 2668 2515 2726 stivissimam
2545 2669 2692 2726 diem
2715 2677 2916 2726 sanctae
2937 2668 3285 2743 Epiphaniae,
3317 2684 3386 2724 ne
3424 2668 3483 2724 in
3502 2668 3756 2726 Ecclesia

2154 2767 2532 2832 procurarent,
2596 2759 3059 2831 patrimoniorum
3114 2773 3341 2815 suorum
3388 2757 3756 2831 compedibus

2152 2856 2285 2905 sunt
2323 2848 2552 2919 detenti,
2593 2856 2648 2906 et
2680 2857 2897 2905 terreno
2926 2849 3162 2922 quodam
3193 2846 3421 2920 obligati
3449 2854 3579 2904 sunt
3611 2846 3756 2904 vin-

2153 2941 2301 3009 culo,
2334 2947 2396 2996 ut
2426 2940 2613 2996 venire
2643 2940 2723 2996 eis
2769 2940 2837 2996 ad
2885 2938 3109 2995 domum
3140 2936 3365 2995 Domini
3392 2953 3503 2994 non
3534 2937 3753 2995 liceret.

2153 3030 2275 3088 Non
2319 3028 2469 3103 quod
2526 3044 2618 3084 eos
2688 3027 2973 3102 quidpiam
3037 3026 3300 3096 detineat,
3343 3026 3437 3084 sed
3475 3025 3626 3100 quod
3672 3026 3757 3082 ita

2155 3121 2391 3195 propriis
2433 3121 2546 3177 sint
2591 3118 2806 3177 actibus
2852 3117 3144 3192 implicati,
3191 3126 3252 3174 ut
3290 3116 3406 3190 jam
3454 3115 3753 3173 arbitrium

2158 3210 2384 3268 vivendi
2407 3227 2518 3267 suis
2552 3209 2839 3284 potestatis
2866 3209 3153 3265 amiserint
3180 3225 3194 3276 ;
3235 3214 3291 3265 et
3318 3207 3453 3265 dum
3478 3204 3754 3263 sollicitu-

2085 3270 2129 3332 δ
2157 3299 2344 3357 dinem
2396 3270 2717 3373 patrimonii
2745 3297 3032 3368 exhibent,
3062 3296 3373 3354 animarum
3410 3294 3750 3353 medicinam

2157 3388 2385 3463 penitus
2402 3405 2513 3446 non
2538 3389 2840 3465 requirant.

2226 3491 2279 3549 ὅ.
2314 3490 2460 3559 Quid
2490 3489 2650 3560 mihi,
2681 3506 2714 3546 o
2741 3490 2919 3559 dives,
2949 3488 3329 3547 difﬁcultatem
3355 3485 3625 3561 temporis
3652 3484 3752 3541 ob-

2151 3580 2326 3653 jicis?
2375 3581 2524 3649 Quid
2569 3580 2949 3638 necessitatem
2995 3578 3199 3652 ingeris
3244 3574 3635 3651 repentinam?
3693 3574 3754 3632 Si

2156 3689 2252 3730 cor
2294 3670 2480 3739 habes,
2525 3670 2770 3743 intellige
2813 3668 2944 3744 quia
2986 3668 3139 3726 omni
3185 3666 3510 3725 necessitate
3565 3661 3747 3735 major

2158 3762 2453 3820 necessitas
2501 3770 2584 3819 est
2628 3760 2871 3816 salutis:
2928 3767 2983 3815 et
3025 3758 3217 3815 utilior
3261 3763 3344 3813 est
3386 3770 3551 3811 causa
3596 3752 3756 3825 prius

2158 3868 2350 3911 curare
2379 3850 2573 3918 vitam,
2598 3857 2734 3906 tunc
2760 3846 2962 3920 peculii
3004 3847 3207 3903 damna
3234 3845 3470 3911 sarcire;
3516 3858 3586 3898 ne
3615 3841 3753 3898 dum

2160 3948 2513 4014 augmentum
2547 3936 2867 4009 patrimonii
2911 3935 3232 4007 quaerimus,
3281 3932 3582 3989 sentiamus
3634 3932 3757 3988 ani-

2162 4048 2263 4087 mas
2290 4027 2704 4085 detrimentum.
2739 4022 2844 4080 Sed
2881 4022 3023 4078 forte
3051 4020 3295 4093 judicem
3328 4019 3551 4086 metuis,
3585 4037 3759 4093 quem

2161 4121 2219 4176 in
2279 4116 2571 4175 secretario
2621 4111 2915 4186 reliquisti.
2966 4110 3100 4166 Mihi
3162 4108 3325 4166 crede
3378 4107 3527 4180 quod
3578 4110 3765 4181 magis

2143 4188 2334 4267 ‘Deum
2359 4205 2602 4278 judicem
2634 4210 2875 4257 metuere
2905 4198 3090 4267 debes,
3125 4197 3220 4271 qui
3262 4197 3331 4254 de
3360 4195 3479 4270 ipso
3524 4202 3622 4252 tuo
3663 4195 3758 4269 ju-

2160 4298 2283 4356 dice
2306 4293 2598 4368 judicabit.
2617 4292 2783 4349 Illum
2814 4307 2944 4364 ergo
2972 4288 3198 4355 metuis,
3231 4286 3328 4360 qui
3355 4301 3489 4342 mox
3516 4285 3761 4358 accipiet

2161 4400 2534 4444 successorem
2583 4381 2928 4441 :Dominum
2991 4394 3105 4435 non
3162 4377 3397 4446 metuis,
3437 4374 3528 4432 cui
3593 4390 3763 4433 nemo

2161 4475 2457 4549 aliquando
2517 4470 2809 4530 succedit?
2856 4467 3154 4526 Considera
3201 4464 3384 4539 itaque
3407 4463 3609 4537 judicii
3637 4464 3761 4520 im~

2163 4567 2464 4623 minentem
2494 4563 2663 4632 diem,
2689 4570 2745 4619 et
2789 4557 3268 4633 inexstinguibilis
3311 4555 3574 4631 gehennae
3602 4555 3759 4611 ﬂam-

2081 4632 2134 4692 D
2161 4671 2295 4725 mas,
2346 4653 2639 4713 stridorem
2687 4649 3026 4709 horrendum
3054 4632 3346 4717 dentium,
3396 4646 3755 4703 tenebrarum

2157 4745 2418 4803 ultimum
2461 4741 2806 4809 cruciatum;
2852 4748 2906 4796 et
2945 4739 2993 4795 si
3034 4746 3216 4811 potes,
3261 4736 3453 4793 relicta
3484 4734 3757 4803 Ecclesia,

2154 4832 2508 4893 saecularibus
2547 4828 3021 4888 sollicitudinibus
3042 4826 3351 4900 implicare.
3375 4825 3583 4883 Vereor
3602 4823 3758 4880 enim

2154 4941 2241 4993 ne,
2275 4924 2407 4980 dum
2438 4920 2633 4977 mundi
2659 4918 2886 4976 divitias
2923 4915 3190 4990 quaeritis,
3224 4913 3529 4971 inveniatis
3556 4913 3753 4986 potius

2154 5015 2382 5073 divitias
2410 5019 2786 5086 peccatorum;
2838 5015 2892 5064 et
2933 5007 3163 5079 repertis
3214 5004 3488 5063 thesauris
3544 5002 3756 5061 saeculi:

2156 5106 2401 5163 caelestes
2430 5102 2717 5161 thesauros
2752 5096 3038 5154 amittatis.

3525 5268 3759 5327 eribitis.

2157 5304 2358 5355 amare,
2393 5285 2523 5356 quia
2575 5284 2622 5338 si
2676 5280 2918 5356 servietis
2953 5278 3084 5356 illis,
3115 5282 3160 5332 et
3180 5291 3311 5356 cum
3337 5273 3452 5356 illis

2124 5341 2283 5419 ’ῐᾶὲό
2313 5341 2375 5413 de
2402 5341 2729 5427 ‘hujusmodi
2773 5352 2931 5408 divite
2968 5341 3119 5407 Iesus
3169 5346 3413 5405 Christus
3441 5341 3575 5401 alibi
3604 5341 3758 5408 dicit,

2161 5443 2354 5575 et(2.22)
2385 5503 2588 5575 Omnes
2623 5495 2781 5562 edit.,
2813 5494 3172 5575 difﬁcultatem
3198 5495 3464 5575 quaestus;
3493 5495 3565 5575 et
3588 5484 3759 5575 infra,

2164 5559 2450 5630 immundis
2488 5571 2641 5627 rebus
2679 5559 2920 5637 semper}
2967 5559 3262 5635 utrobique
3302 5559 3486 5633 aptius
3522 5574 3653 5613 mss.
3701 5562 3763 5611 ul.

2164 5647 2219 5702 in
2251 5653 2533 5702 contextu.
3627 5698 3638 5709 _

2238 5718 2355 5787 (23)
2386 5717 2467 5772 Ita
2504 5730 2672 5779 mss.;
2726 5709 2859 5787 edit.
2904 5713 3110 5776 autem,
3161 5720 3378 5777 corpore
3406 5705 3763 5774 compositum

2166 5781 2388 5845 natura.
2425 5788 2624 5843 Parum
2654 5781 2945 5841 concinne.
