3972 6366
250 399 362 457 705

857 547 1093 605 SERMO
1132 548 1251 605 XL.

636 637 714 694 De
739 635 969 710 jejuniis
1007 647 1060 696 et
1088 640 1470 713 eleemosynis.

254 741 324 799 Ut
351 758 520 797 ser-mo
560 743 923 817 iniepistolam
957 747 1246 801 Dominica:
1290 763 1433 801 xxm
1479 752 1600 817 post
1648 747 1846 802 Pente-

324 820 587 896 costenex
620 816 712 896 hoc
741 816 904 896 ﬁeret,
947 817 1068 896 edit.
1103 820 1254 896 Boni.
1311 825 1358 872 et
1397 816 1576 872 veram
1607 818 1721 896 ejus
1754 820 1844 872 in-

323 890 658 956 scriptionem
691 890 1076 956 immutaverat,
1124 896 1169 944 et
1213 890 1269 944 in
1311 895 1507 943 textum
1532 891 1689 944 verba
1718 907 1846 944 non-

323 958 480 1012 nulla
509 958 824 1032 inseruerat,
857 961 996 1030 quod
1020 966 1300 1031 utrumque
1327 961 1667 1015 restituimus.
1719 963 1845 1032 Ipsa

322 1035 497 1104 autem
527 1029 730 1104 dicendi
758 1029 902 1104 ratio
931 1038 1199 1104 tantopere
1211 1029 1469 1104 ‘opposita
1509 1039 1581 1086 est
1622 1029 1843 1104 Ambro-

323 1099 510 1169 sianus,
541 1108 600 1156 ut
633 1102 799 1157 cuivis
823 1103 1003 1173 potius
1031 1099 1191 1175 quam
1221 1099 1308 1159 illi
1326 1103 1495 1175 possit
1518 1103 1732 1158 ascribi.

326 1229 375 1285 1.
416 1230 536 1286 Non
559 1230 776 1301 dubito,
798 1231 1014 1302 fratres,
1033 1233 1346 1291 contristari
1369 1249 1467 1289 vos
1486 1234 1842 1306 quotiescun-

247 1338 358 1395 que
397 1323 676 1382 absentem
722 1342 809 1382 me
862 1343 894 1383 a
947 1326 1107 1382 vobis
1153 1327 1448 1383 necessitas
1493 1326 1662 1394 facit;
1709 1327 1843 1382 dum

247 1412 398 1469 enim
429 1430 588 1487 quem
621 1415 878 1488 diligitis,
921 1433 1034 1474 non
1063 1417 1285 1486 videtis,
1315 1425 1576 1491 tanquam
1605 1416 1735 1472 boni
1767 1416 1843 1471 ﬁ-

247 1502 312 1558 lii
345 1503 564 1576 pietatis
594 1506 838 1563 stimulis
874 1507 1157 1564 laboratis.
1200 1507 1305 1563 Sed
1335 1506 1588 1580 quamvis
1617 1521 1843 1578 corpore

245 1611 348 1652 vos
385 1613 482 1670 ego
509 1597 786 1654 interdum
818 1601 1084 1670 deseram,
1134 1601 1334 1673 spiritu
1363 1609 1548 1656 tamen
1596 1617 1694 1655 vos
1731 1615 1842 1655 non

246 1686 542 1759 relinquo;
576 1705 904 1763 quocunque
931 1689 1079 1746 enim
1111 1690 1247 1759 iero,
1289 1690 1515 1746 dilectio
1548 1698 1728 1746 vestra
1756 1704 1843 1744 me

243 1774 529 1848 sequitur:
582 1777 899 1851 ubicunque
928 1779 1104 1848 fuero,
1158 1779 1236 1835 ibi
1267 1795 1482 1836 mecum
1513 1787 1696 1837 vestra
1725 1779 1844 1834 fra-

242 1864 478 1922 ternitas
530 1875 922 1926 commoratur.
999 1867 1260 1942 Quisquis
1314 1868 1459 1924 enim
1517 1869 1575 1925 in
1636 1867 1843 1927 Christi

243 1956 520 2013 mandatis
566 1969 868 2030 permanet,
905 1976 1123 2018 necesse
1171 1968 1251 2018 est
1298 1969 1360 2018 ut
1407 1961 1614 2021 Christi
1660 1962 1840 2018 adhae-

243 2053 364 2103 reat
391 2046 693 2106 sacerdoti:
748 2057 802 2108 et
832 2050 960 2107 licet
999 2051 1161 2125 longe
1204 2053 1416 2124 positus
1444 2051 1720 2121 videatur,
1778 2052 1842 2109 ﬁt

241 2145 430 2194 tamen
461 2139 771 2212 proximus,
820 2142 951 2199 dum
986 2142 1145 2200 illum
1175 2145 1341 2200 unius
1375 2144 1502 2200 ﬁdei
1537 2145 1708 2217 gratia
1746 2162 1843 2201 re-

242 2236 560 2301 praesentat.
611 2230 712 2287 Ille
749 2248 806 2288 se
851 2249 979 2289 sane
1027 2241 1336 2306 separatum
1383 2251 1415 2290 a
1467 2234 1842 2292 sacerdotibus

244 2325 423 2390 putet,
472 2319 568 2392 qui
608 2319 821 2377 actibus
861 2323 1022 2378 malis
1063 2331 1342 2396 separatus
1385 2341 1416 2380 a
1471 2323 1693 2382 Christo
1738 2331 1838 2398 est.

243 2407 425 2480 Atque
459 2409 606 2476 ideo,
655 2411 872 2481 fratres,
916 2430 1015 2470 vos
1058 2415 1153 2486 qui
1189 2413 1508 2471 mandatum
1543 2413 1842 2472 Salvatoris

247 2499 450 2570 facitis,
482 2503 737 2576 quamvis
769 2504 1019 2562 absentes
1045 2521 1077 2560 a
1105 2522 1192 2562 me
1223 2505 1443 2563 fueritis
1473 2523 1721 2580 corpore,
1763 2505 1843 2562 di-

247 2589 484 2648 lectione
514 2599 698 2650 tamen
738 2594 876 2649 mihi
906 2595 1136 2652 minime
1166 2595 1440 2653 defuistis.
1489 2599 1569 2653 Ita
1598 2614 1736 2670 quos
1763 2613 1842 2654 se-

247 2680 473 2752 parabat
501 2681 788 2754 longitudo
813 2692 1105 2754 terrarum,
1153 2685 1360 2744 Christi
1409 2687 1582 2758 gratia
1630 2703 1844 2745 conne-

243 2769 447 2826 ctebat.

319 2869 372 2926 2.
413 2871 552 2928 Sunt
581 2879 764 2928 autem
799 2874 1056 2930 nonnulli
1087 2875 1230 2930 inter
1258 2891 1377 2944 vos,
1433 2874 1648 2944 fratres,
1698 2891 1846 2948 quo-

247 2975 369 3014 rum
405 2960 534 3018 licet
561 2962 750 3019 vultus
798 2962 857 3018 in
903 2965 1133 3022 ecclesia
1161 2965 1467 3034 videamus,
1523 2982 1618 3023 cor
1660 2974 1844 3021 tamen

246 3065 438 3106 eorum
477 3051 534 3106 in
581 3053 724 3125 agris
770 3069 884 3110 esse
914 3055 1334 3126 cognoscimus:
1387 3064 1441 3112 et
1494 3056 1842 3128 prasentiam

247 3139 472 3212 quidem
507 3159 698 3199 eorum
727 3144 1139 3204 consideramus
1164 3148 1222 3203 in
1254 3147 1432 3220 plebe,
1479 3147 1572 3203 sed
1605 3163 1847 3204 conver-

249 3230 518 3288 sationem
549 3249 739 3292 eorum
781 3235 1097 3294 invenimus
1127 3237 1185 3293 in
1215 3255 1358 3295 rure.
1387 3239 1465 3293 De
1488 3237 1688 3311 quibus
1709 3235 1845 3292 dicit

250 3320 577 3391 Apostolus:
645 3349 663 3371 ε
700 3325 770 3380 Et
801 3325 970 3398 gloria
1021 3327 1079 3382 in
1126 3325 1398 3399 pudendis
1426 3325 1694 3398 ipsorum,
1747 3323 1843 3397 qui

251 3419 468 3469 terrena
497 3414 717 3487 sapiunt
750 3415 1010 3488 (Philipp.
1041 3433 1126 3486 III,
1160 3417 1248 3487 19)
1286 3434 1299 3483 ;
1333 3440 1350 3462 ι
1387 3415 1426 3470 ii
1447 3415 1594 3470 enim
1616 3414 1682 3470 de
1705 3423 1848 3470 terra

252 3518 466 3575 semper
496 3504 738 3576 cogitant
791 3505 932 3576 (24),
984 3505 1050 3560 de
1089 3512 1233 3560 terra
1260 3511 1518 3572 tractant,
1564 3520 1683 3576 quae
1726 3509 1848 3558 ter-

256 3608 388 3648 rena
416 3600 568 3662 sunt,
601 3594 840 3666 sapiunt.
877 3594 974 3649 llis
1002 3594 1262 3650 convenit
1291 3593 1482 3650 divina
1508 3593 1605 3648 illa
1635 3602 1848 3649 senten-

253 3681 354 3749 tia,
405 3699 512 3756 qua
540 3683 783 3740 dicitur:
841 3708 858 3732 ι
889 3683 1054 3740 Terra
1081 3700 1160 3752 es,
1209 3691 1263 3739 et
1308 3683 1366 3738 in
1398 3689 1599 3738 terram
1646 3681 1849 3737 redibis

257 3770 416 3843 (Gen.
472 3791 553 3842 ιιι,
603 3773 692 3845 19)
724 3791 738 3842 ;
773 3798 792 3822 ι
843 3773 937 3847 qui
967 3774 1089 3830 ideo
1122 3773 1417 3846 aliquando
1447 3773 1514 3829 ad
1545 3772 1849 3830 Ecclesiam

255 3860 513 3932 veniunt,
568 3878 681 3918 non
711 3864 841 3936 quia
869 3880 936 3919 ex
967 3863 1076 3920 ﬁde
1106 3862 1404 3920 Christiani
1435 3869 1584 3931 sunt,
1644 3861 1739 3918 scd
1783 3878 1852 3918 ne

256 3949 558 4009 Christiani
584 3952 651 4007 ab
682 3951 1003 4009 hominibus
1032 3970 1144 4008 non
1176 3961 1458 4025 putentur.

331 4043 382 4100 3.
420 4043 632 4111 Quibus
659 4060 785 4101 cum
806 4043 1084 4116 jejunium
1115 4043 1400 4112 indicitur,
1434 4041 1501 4098 de
1529 4040 1854 4114 intemperie

258 4149 317 4190 se
347 4135 609 4208 temporis
638 4152 852 4209 semper
879 4145 1142 4193 excusant
1171 4155 1184 4205 ;
1236 4137 1432 4193 dicunt
1459 4135 1610 4191 enim
1649 4133 1856 4190 aestivis

260 4232 576 4289 mensibus:
627 4232 756 4288 Dies
782 4232 944 4304 longa
973 4241 1073 4302 est,
1104 4233 1404 4291 torrentior
1433 4234 1511 4289 sol
1545 4240 1626 4288 est
1655 4248 1668 4300 ;
1703 4229 1855 4287 sitim

263 4320 406 4376 ferre
435 4337 545 4376 non
577 4337 888 4392 possumus,
927 4323 1140 4394 poculis
1179 4339 1278 4378 nos
1325 4322 1647 4395 refrigerare
1699 4319 1857 4377 debe-

265 4425 422 4477 mus;
473 4409 673 4465 hiemis
699 4427 831 4466 vero
861 4417 1105 4482 tempore
1131 4430 1142 4467 :
1206 4412 1380 4468 Grave
1409 4411 1583 4483 frigus
1613 4418 1712 4480 est,
1770 4409 1858 4465 ri-

267 4516 422 4573 gores
475 4507 605 4556 sunt
661 4498 904 4572 pessimi,
958 4501 1198 4572 algorem
1254 4502 1490 4557 tolerare
1541 4501 1856 4574 nequimus,

267 4589 405 4646 escis
450 4589 687 4647 caleﬁeri
741 4606 842 4646 nos
897 4597 1129 4663 oportet.
1180 4591 1261 4647 Ita
1316 4590 1569 4647 homines
1624 4607 1932 4689 quorumD

266 4687 486 4745 animus
517 4702 728 4762 semper
764 4695 846 4746 est
877 4688 932 4745 in
962 4688 1213 4762 prandio,
1249 4689 1553 4763 prandendi
1583 4689 1688 4744 sibi
1719 4707 1860 4747 cau-

268 4794 356 4835 sas
406 4778 734 4851 inquirunt:
794 4786 849 4837 et
903 4779 1036 4836 dum
1089 4795 1145 4835 se
1204 4797 1236 4836 a
1286 4777 1516 4852 jejuniis
1571 4787 1857 4848 excusant,

268 4877 516 4940 tempora
545 4868 818 4926 Creatoris
845 4878 1101 4927 accusant
1132 4868 1273 4941 (25).

342 4958 396 5016 4.
438 4960 542 5016 Dic
577 4960 738 5030 mihi,
757 4979 790 5016 o
811 4959 1042 5018 delicate
1060 4959 1390 5029 Christiane,
1410 4959 1504 5032 qui
1523 4967 1716 5016 malum
1740 4959 1857 5032 (26)

270 5049 404 5106 solis
439 5048 742 5122 jejunando
786 5057 936 5113 444
995 5050 1135 5106 ferre
1190 5066 1301 5106 non
1359 5058 1534 5122 potes,
1591 5047 1862 5122 numquid

273 5153 460 5218 aestus,
497 5165 658 5222 quem
695 5157 1042 5207 sustenturus
1069 5165 1144 5219 es,
1176 5149 1472 5206 torrentior
1487 5158 1567 5206 est
1587 5147 1864 5222 gehenna?

273 5238 545 5312 numquid
575 5238 752 5297 hiems
793 5239 1073 5297 horridior
1117 5247 1200 5297 est
1245 5239 1506 5308 tenebris,
1539 5239 1741 5311 quibus
1769 5254 1866 5294 re-

349 5420 467 5548 (24)
512 5421 633 5479 Vet.
662 5421 795 5479 edit.
839 5438 901 5478 ac
923 5438 1076 5492 mss.,
1111 5421 1189 5478 De
1235 5427 1379 5476 terra
1409 5420 1544 5475 enim
1572 5419 1702 5475 dicit
1721 5420 1866 5502 .Apo-

349 5509 484 5548 ius:
523 5509 624 5548 ms.
669 5495 825 5548 Rea”
873 5494 935 5548 de
981 5501 1125 5548 terra
1169 5494 1308 5548 enim
1363 5509 1564 5548 semper
1621 5497 1866 5548 comlant.

275 5492 484 5619 sttolus;
523 5509 624 5550 ms.
669 5495 825 5567 Reg.,
873 5494 935 5550 de
981 5501 1125 5551 terra
1169 5494 1308 5550 enim
1363 5509 1564 5565 semper
1621 5492 1866 5564 cogitant,

276 5580 306 5619 e
335 5581 384 5619 c.

276 5580 365 5620 8ῑο
373 5609 384 5620 .

353 5636 471 5710 (25)
513 5636 695 5693 Verbo
723 5645 971 5694 accusant
1000 5636 1203 5710 adjecit
1228 5639 1387 5695 Rom.
1421 5635 1554 5707 edit,
1590 5636 1667 5693 De
1693 5635 1763 5691 iis
1791 5633 1869 5690 di-

277 5707 666 5777 cit'Apostolus
692 5727 703 5764 :
740 5712 978 5777 Quorum
1005 5707 1148 5765 Deus
1178 5715 1358 5766 venter
1388 5716 1479 5766 est.

355 5779 476 5853 (26)
516 5779 720 5837 Omnes
751 5780 909 5851 edit.,
955 5782 1048 5853 qui
1076 5788 1280 5852 testam,
1329 5789 1476 5851 etc.;
1532 5798 1662 5840 mss.
1717 5795 1870 5850 vero,

1063 355 1437 463 SERMONES-
1469 405 1525 462 S.
1568 403 1921 463 AMBROSIO
1960 405 2328 464 HACTENUS
2365 410 2704 470 ASCRIPTI.

3444 416 3549 473 706

1873 542 1924 600 Α
1954 533 2257 591 trudendus
2284 537 2384 592 es?
2414 538 2475 592 In
2506 538 2806 594 exteriores
2833 539 2980 594 enim
3003 539 3256 596 tenebras
3278 540 3550 613 abjicient

1956 633 2050 682 tur
2077 637 2388 701 peccatores
2421 649 2432 686 :
2477 655 2495 678 ι
2526 631 2607 687 Ibi
2645 631 2752 688 erit
2780 631 2939 688 fletus
2977 640 3032 688 et
3060 631 3266 688 stridor
3295 631 3546 688 dentium

1959 721 2169 790 (Matth.
2203 739 2326 790 vm,
2384 722 2498 792 12),
2531 746 2549 769 ι
2619 723 2760 780 sicut
2817 723 2895 778 ait
2945 722 3263 778 Dominus:
3324 721 3548 791 stridor,

1957 805 2202 880 inquam,
2237 809 2486 865 dentium
2519 812 2585 867 ad
2607 811 2782 868 instar
2807 810 3026 867 hiberni
3049 810 3315 882 temporis
3336 826 3548 882 semper

1955 896 2059 952 erit
2089 897 2146 952 in
2178 898 2293 954 illis
2319 899 2582 956 tenebris.
2623 901 2768 974 Ergo
2815 901 2958 956 sicut
3005 908 3321 972 penetrante
3367 901 3548 971 algore

1954 983 2174 1054 hiemis,
2236 994 2352 1044 toto
2407 988 2660 1045 homines
2715 1005 2944 1062 corpore
2989 989 3443 1058 contremiscunt,
3472 987 3549 1044 ita

1955 1081 2008 1128 et
2063 1073 2465 1132 interveniente
2531 1079 2866 1134 conscientia
2930 1077 3131 1150 frigida
3196 1077 3544 1146 delictorum,

1955 1165 2106 1234 gravi
2139 1175 2446 1237 peccatores
2502 1169 2750 1225 dentium
2801 1169 3035 1226 stridore
3088 1168 3422 1242 quatientur.
3467 1169 3549 1224 Ita

1954 1253 2120 1310 miser
2149 1267 2418 1327 peccator,
2449 1257 2581 1313 dum
2611 1258 2706 1315 hic
2735 1259 3031 1316 hibernum
3061 1258 3296 1330 rigorem
3329 1257 3545 1325 metuit,

1954 1340 2029 1396 ibi
2066 1345 2416 1400 tenebrarum
2462 1347 2636 1419 frigus
2692 1348 2967 1405 incurrit:
3018 1347 3152 1403 dum
3211 1347 3304 1404 hic
3353 1353 3544 1402 aestum

1954 1431 2086 1486 solis
2114 1433 2304 1503 evitat,
2338 1434 2416 1490 ibi
2443 1435 2705 1507 gehennae
2732 1437 3026 1493 sustinebit
3054 1436 3330 1492 ardorem.

2023 1521 2076 1576 5.
2121 1521 2218 1577 His
2263 1531 2445 1579 autem
2505 1524 2638 1596 ipsis
2684 1525 3006 1582 hominibus
3047 1542 3171 1581 cum
3211 1523 3436 1592 dixerit,
3488 1529 3548 1578 ut

1954 1608 2167 1681 aliquid
2221 1611 2550 1682 pauperibus
2607 1613 2929 1685 largiantur,
2985 1613 3171 1670 statim
3224 1612 3543 1684 objiciunt:

1953 1696 2316 1754 Necessitates
2358 1699 2592 1756 inﬁnitae
2640 1710 2788 1765 sunt.
2829 1701 3039 1757 tributa
3068 1707 3198 1756 sunt
3245 1704 3453 1773 gravia,
3489 1698 3550 1755 ﬁ-

1953 1787 2120 1842 scalia
2148 1789 2424 1860 explicare
2455 1805 2566 1845 non
2606 1807 2915 1863 possumus.
2962 1791 3034 1846 Et
3061 1798 3213 1846 tanta
3243 1791 3345 1845 tibi
3385 1791 3548 1861 inge-

1877 1899 1924 1960 B
1957 1883 2107 1945 runt,
2139 1884 2202 1933 ut
2230 1879 2386 1951 quasi
2426 1895 2581 1934 reum
2617 1887 2669 1936 te
2707 1885 2970 1947 statuant,
2999 1894 3098 1935 cur
3137 1877 3242 1935 hoc
3272 1882 3451 1950 ipsum
3482 1877 3546 1932 il-

1955 1967 2036 2023 los
2074 1969 2318 2025 volueris
2359 1985 2731 2039 commonere,
2773 1985 2886 2026 non
2931 1969 3300 2040 intelligentes
3329 1966 3478 2040 quod
3506 1965 3547 2022 ii

1949 2065 2079 2114 sunt
2130 2057 2345 2115 inimici
2398 2059 2578 2117 crucis
2626 2047 2833 2117 Christi
2880 2058 3022 2130 (27),
3061 2057 3156 2131 qui
3185 2073 3298 2114 non
3328 2055 3548 2111 intelli-

1952 2155 2087 2220 gunt
2115 2147 2259 2220 quod
2289 2149 2549 2205 omnibus
2577 2148 2997 2206 necessitatibus
3025 2147 3216 2203 salutis
3260 2147 3332 2203 sit
3365 2161 3546 2202 neces-

1951 2237 2084 2293 sitas
2143 2237 2499 2310 praeferenda,
2546 2246 2600 2294 et
2661 2238 2808 2313 quod
2868 2237 3139 2294 tributum
3197 2234 3423 2294 reddere
3450 2234 3545 2291 alii

1951 2325 2190 2399 prodest,
2257 2327 2662 2400 eleemosynam
2729 2327 2905 2384 facere
2967 2327 3073 2400 ipsi
3111 2326 3381 2398 proﬁciat,
3451 2323 3546 2398 qui

1954 2415 2185 2488 largitur
2217 2434 2231 2484 ;
2283 2417 2479 2474 tributi
2508 2418 2652 2474 enim
2686 2418 2926 2474 redditio
2961 2418 3046 2474 illi
3075 2425 3298 2490 praestat
3325 2414 3545 2472 beneﬁ-

1952 2505 2121 2574 cium,
2172 2506 2266 2578 qui
2307 2505 2529 2580 accipit,
2578 2508 2938 2580 eleemosynaa
2982 2515 3165 2563 autem
3207 2504 3453 2578 operatio
3496 2503 3546 2560 ei

1953 2595 2169 2652 confert
2198 2596 2478 2664 meritum,
2528 2597 2622 2670 qui
2662 2596 2959 2652 ministrat.
3007 2593 3244 2662 Tributi,
3298 2594 3545 2666 inquam,

1953 2685 2194 2742 redditio
2233 2685 2626 2743 detrimentum
2677 2685 2846 2742 infert
2874 2684 3133 2752 solventi,
3184 2683 3548 2754 eleemosynte

1953 2774 2194 2848 erogatio
2239 2776 2455 2832 lucrum
2513 2774 2712 2832 tribuit
2766 2773 3052 2847 eroganti;
3107 2772 3280 2829 ditior
3306 2772 3454 2828 enim
3485 2771 3548 2826 ﬁt

1953 2865 2042 2920 vir
2070 2863 2402 2932 misericors,
2457 2871 2809 2938 posteaquam
2867 2863 3052 2920 minus
3105 2861 3309 2919 habere
3351 2859 3550 2931 incipit

1954 2952 2288 3028 pauperibus
2319 2953 2620 3026 largiendo.

2026 3056 2078 3112 6.
2121 3056 2286 3112 Beata
2315 3053 2485 3126 igitur
2528 3061 2610 3109 est
2637 3054 3009 3124 eleemosyna,
3043 3065 3164 3123 quae
3195 3057 3249 3106 et
3277 3048 3547 3121 accipieno

1956 3153 2066 3202 tem
2100 3146 2302 3214 reﬁcit,
2330 3152 2384 3200 et
2415 3143 2659 3200 laetiﬁcat
2687 3148 3001 3215 erogantem
3031 3158 3043 3197 :
3089 3164 3107 3188 ι
3137 3138 3376 3195 Hilarem
3399 3137 3549 3196 enim

1955 3235 2201 3291 datorem
2230 3233 2413 3305 diligit
2457 3235 2603 3289 Deus
2638 3233 2730 3304 (II
2763 3231 2887 3288 Cor.
2923 3247 3001 3299 1x,
3033 3230 3087 3301 7)
3117 3246 3127 3284 :
3161 3251 3179 3275 ι
3223 3235 3386 3301 atque
3426 3225 3551 3282 ideo

1956 3327 2154 3383 melius
2181 3333 2262 3382 est
2290 3325 2375 3381 illi
2405 3326 2530 3396 plus
2557 3323 2686 3380 dare
2719 3322 2858 3395 (28).
2892 3321 3074 3377 Laetus
3112 3334 3239 3390 ergo
3271 3326 3326 3373 et
3354 3317 3552 3374 hilaris

1955 3425 2057 3485 est,
2099 3415 2194 3488 qui
2241 3413 2574 3487 pauperibus
2611 3411 3012 3468 subministrat.
3074 3411 3236 3466 Recte
3271 3407 3431 3478 plane
3459 3407 3550 3462 lae-

1956 3516 2046 3564 tus
2075 3514 2175 3575 est,
2237 3507 2366 3579 quia
2413 3521 2508 3578 per
2545 3503 2864 3560 nummulos
2907 3516 3109 3573 paucos
3157 3505 3390 3553 aeternos
3429 3497 3548 3553 the-

1958 3613 2146 3653 sauros
2180 3595 2286 3652 sibi
2334 3596 2580 3651 caelestes
2637 3589 2893 3664 acquirit.
2943 3590 3014 3644 Et
3075 3595 3286 3656 contra,
3339 3602 3551 3658 semper

1959 3687 2134 3743 tristis
2152 3693 2233 3742 est
2263 3692 2315 3742 et
2347 3691 2589 3751 mmstus,
2623 3681 2719 3755 qui
2748 3680 2954 3736 tributa
2981 3677 3258 3734 dissolvit.
3297 3677 3408 3733 Nec
3435 3676 3551 3731 im—

1963 3777 2160 3832 merito
2191 3774 2367 3832 tristis
2394 3781 2496 3842 est,
2537 3771 2632 3846 qui
2655 3769 2724 3827 ad
2753 3769 3086 3826 solutionem
3116 3782 3228 3822 non
3257 3764 3552 3822 dilectione

1961 3867 2274 3936 adducitur,
2317 3866 2413 3922 sed
2452 3872 2657 3920 terrore
2690 3860 3090 3931 constringitur
3124 3876 3135 3913 :
3169 3856 3374 3912 Christi
3404 3855 3550 3911 enim

1963 3957 2178 4014 debitor
2207 3958 2384 4024 laetus,
2416 3954 2643 4012 Caesaris
2671 3950 2847 4008 tristis
2872 3957 2952 4006 est
2976 3967 2990 4017 ;
3025 3948 3156 4022 quia
3184 3947 3334 4004 hunc
3361 3944 3430 4000 ad
3451 3945 3555 4000 sol-

1963 4049 2205 4106 vendum
2233 4064 2388 4104 amor
2414 4045 2581 4118 cogit,
2604 4044 2762 4100 illum
2786 4057 2944 4115 pmua
2974 4038 3276 4112 compellit.
3302 4037 3403 4094 Hic
3423 4053 3554 4109 prat-

1965 4140 2092 4196 miis
2131 4145 2485 4212 provocatur,
2517 4135 2611 4191 ille
2637 4131 2926 4206 suppliciis
2951 4137 3283 4189 coarctatur.

2039 4241 2091 4297 7.
2131 4238 2279 4296 Dicit
2317 4243 2536 4294 sanctus
2591 4233 2932 4307 Apostolus:
2999 4255 3018 4280 ε
3062 4226 3344 4286 Divitibus
3391 4223 3560 4298 hujus

1967 4329 2152 4386 saeculi
2186 4327 2420 4402 pracipe
2449 4342 2559 4382 non
2598 4323 2836 4381 sublime
2863 4337 3069 4394 sapere,
3101 4325 3156 4375 et
3184 4331 3360 4390 neque
3389 4313 3448 4370 in
3476 4314 3560 4370 in-

1967 4427 2115 4475 certo
2170 4417 2493 4474 divitiarum
2541 4430 2760 4488 sperare
2795 4412 2854 4485 (I
2892 4411 3026 4468 Tim.
3070 4425 3148 4476 vr,
3183 4406 3296 4478 17).
3331 4431 3349 4454 ι
3390 4403 3561 4462 Vides

1967 4524 2116 4582 ergo,
2147 4525 2179 4564 ο
2218 4508 2394 4576 dives,
2433 4504 2562 4580 quia
2600 4511 2730 4561 sunt
2757 4510 2868 4558 tua;
2897 4500 3120 4556 incertae
3149 4494 3382 4552 divitiae.
3414 4492 3560 4560 Quid

1969 4616 2096 4674 ergo
2128 4615 2324 4657 aurum
2372 4612 2689 4670 congregas,
2741 4593 2800 4648 in
2830 4607 2940 4664 quo
2977 4588 3130 4644 nulla
3183 4591 3330 4641 certa
3357 4582 3560 4640 ﬁducia

1967 4689 2097 4746 est?
2120 4688 2259 4745 Auri
2288 4687 2371 4743 tui
2401 4684 2635 4742 avaritia
2665 4682 2782 4754 (29)
2814 4686 3010 4748 cesset,
3042 4683 3096 4733 et
3125 4683 3270 4731 terra
3315 4682 3398 4730 est
3430 4691 3441 4729 :
3475 4689 3558 4728 so-

1933 4779 1940 4784 ’
1969 4779 2070 4835 lidi
2099 4779 2183 4834 tui
2211 4776 2482 4850 cupiditas
2510 4773 2808 4840 auferatur,
2850 4776 2905 4825 et
2941 4765 3128 4824 sordes
3155 4771 3304 4820 sunt.
3345 4763 3559 4820 Aurum

1969 4868 2119 4925 enim
2148 4876 2203 4923 et
2231 4873 2515 4940 argentum
2545 4862 2675 4919 vilis
2705 4869 2787 4917 est
2815 4867 2868 4915 et
2895 4856 3107 4928 abjecta
3136 4852 3388 4909 materies
3417 4869 3431 4906 ;¹
3462 4850 3559 4907 ubi

1971 4975 2168 5014 aurum
2222 4955 2457 5013 increvit
2504 4953 2747 5008 humana
2801 4942 3291 5019 concupiscientia,
3347 4949 3482 4999 tunc
3509 4949 3563 4997 et

1973 5049 2060 5105 his
2087 5047 2369 5119 speciebus
2396 5042 2636 5101 accrevit
2663 5040 2894 5098 ambitio
2919 5059 2932 5108 ;
2976 5052 3171 5094 aurum
3220 5033 3368 5091 enim
3399 5040 3450 5089 et
3480 5048 3561 5089 ar-

1974 5145 2195 5213 gentum
2225 5151 2337 5191 non
2368 5133 2667 5207 pretiosum
2720 5139 2920 5190 natura
2969 5126 3236 5197 instituit,
3265 5122 3360 5183 sed
3390 5121 3563 5179 homi-

1975 5245 2108 5285 num
2139 5227 2396 5283 voluntas
2425 5223 2627 5280 eﬁ'ecit.

1975 5416 2068 5491 qui
2087 5419 2323 5491 etiam
2344 5409 2662 5491 Meuania:
2685 5416 2791 5491 ἕως

2077 5489 2168 5549 27)
2200 5476 2362 5543 Rom:
2390 5476 2550 5549 edit.,
2585 5481 2809 5546 Christi,
2839 5476 3076 5549 uthodie
3104 5476 3287 5549 lectum
3315 5477 3409 5529 est.

2079 5490 2141 5545 27
2200 5489 2358 5543 Rom.
2390 5489 2550 5549 edit.,
2585 5489 2809 5546 Christi,
2839 5489 2898 5533 ut
2925 5489 3076 5532 ηοαιο
3104 5489 3287 5531 tectum
3315 5489 3409 5529 est.

2079 5489 2170 5632 28)
2207 5559 2410 5615 Omnes
2464 5555 2720 5632 edit.__ac
2768 5568 2871 5607 ms.
2907 5546 3105 5632 Lugd”
3137 5546 3324 5632 melius
3366 5549 3451 5632 est.
3483 5542 3571 5600 illi

1975 5616 2134 5707 prius
2153 5616 2338 5707 fdere:
2378 5625 2738 5707 commodius
2767 5637 2916 5707 vero.
2943 5616 3240 5707 V‘alliscl.‘..
3265 5618 3390 5690 plus
3417 5616 3565 5707 dare.

2055 5704 2182 5777 (29)
2207 5690 2434 5777 Codices
2486 5696 2658 5777 Lugd.
2691 5690 3119 5777 et»Yall_iscl...:
3175 5693 3376 5748 Aurem
3424 5695 3570 5742 tuum

1983 5770 2220 5835 avaritia
2244 5792 2258 5844 ;
2287 5772 2488 5828 melius
2515 5770 2678 5834 edit.,
2705 5775 2769 5824 ut
2797 5770 2856 5822 in
2888 5771 3067 5822 textu.
