  <div class='ocr_page' id='page_1' title='image "/cluster/home/n/w/nwhite01/storage/ocr_20150623/17/umn.31951002477311b/361.png"; bbox 0 0 3972 6366; ppageno 0'>
   <div class='ocr_carea' id='block_1_1' title="bbox 470 369 570 426">
    <p class='ocr_par' dir='ltr' id='par_1_1' title="bbox 470 369 570 426">
     <span class='ocr_line' id='line_1_1' title="bbox 470 369 570 426; baseline 0.01 -1"><span class='ocrx_word' id='word_1_1' title='bbox 470 369 570 426; x_wconf 86' lang='lat'><strong><em>707</em></strong></span> 
     </span>
    </p>
   </div>
   <div class='ocr_carea' id='block_1_2' title="bbox 1051 513 1476 572">
    <p class='ocr_par' dir='ltr' id='par_1_2' title="bbox 1051 513 1476 572">
     <span class='ocr_line' id='line_1_2' title="bbox 1051 513 1476 572; baseline 0.002 -2"><span class='ocrx_word' id='word_1_2' title='bbox 1051 513 1287 572; x_wconf 77' lang='lat' dir='ltr'><strong><em>SERMO</em></strong></span> <span class='ocrx_word' id='word_1_3' title='bbox 1334 514 1476 572; x_wconf 87' lang='lat' dir='ltr'><strong><em>XLI.</em></strong></span> 
     </span>
    </p>
   </div>
   <div class='ocr_carea' id='block_1_3' title="bbox 627 620 1911 694">
    <p class='ocr_par' dir='ltr' id='par_1_3' title="bbox 627 620 1911 694">
     <span class='ocr_line' id='line_1_3' title="bbox 627 620 1911 694; baseline 0.001 -16"><span class='ocrx_word' id='word_1_4' title='bbox 627 623 704 678; x_wconf 90' lang='lat' dir='ltr'><strong><em>De</em></strong></span> <span class='ocrx_word' id='word_1_5' title='bbox 734 638 799 677; x_wconf 91' lang='lat' dir='ltr'><strong><em>eo</em></strong></span> <span class='ocrx_word' id='word_1_6' title='bbox 829 620 979 694; x_wconf 89' lang='lat' dir='ltr'><strong><em>quod</em></strong></span> <span class='ocrx_word' id='word_1_7' title='bbox 1008 620 1145 677; x_wconf 92' lang='lat' dir='ltr'><strong><em>dicit</em></strong></span> <span class='ocrx_word' id='word_1_8' title='bbox 1186 623 1451 677; x_wconf 87' lang='lat' dir='ltr'><strong><em>Dominus</em></strong></span> <span class='ocrx_word' id='word_1_9' title='bbox 1476 620 1531 676; x_wconf 92' lang='lat' dir='ltr'><strong><em>in</em></strong></span> <span class='ocrx_word' id='word_1_10' title='bbox 1566 622 1867 693; x_wconf 84' lang='lat' dir='ltr'><strong><em>Evangelia</em></strong></span> <span class='ocrx_word' id='word_1_11' title='bbox 1900 640 1911 679; x_wconf 95' lang='lat'><strong><em>:</em></strong></span> 
     </span>
    </p>
   </div>
   <div class='ocr_carea' id='block_1_4' title="bbox 888 710 1655 784">
    <p class='ocr_par' dir='ltr' id='par_1_4' title="bbox 888 710 1655 784">
     <span class='ocr_line' id='line_1_4' title="bbox 888 710 1655 784; baseline -0.001 -16"><span class='ocrx_word' id='word_1_12' title='bbox 888 712 1079 784; x_wconf 79' lang='lat' dir='ltr'><strong><em>Vulpes</em></strong></span> <span class='ocrx_word' id='word_1_13' title='bbox 1106 710 1286 781; x_wconf 83' lang='lat' dir='ltr'><strong><em>foveas</em></strong></span> <span class='ocrx_word' id='word_1_14' title='bbox 1317 712 1521 779; x_wconf 85' lang='lat' dir='ltr'><strong><em>habent,</em></strong></span> <span class='ocrx_word' id='word_1_15' title='bbox 1552 718 1655 767; x_wconf 97' lang='lat' dir='ltr'><strong><em>etc.</em></strong></span> 
     </span>
    </p>
   </div>
   <div class='ocr_carea' id='block_1_5' title="bbox 467 817 2061 889">
    <p class='ocr_par' dir='ltr' id='par_1_5' title="bbox 467 817 2061 889">
     <span class='ocr_line' id='line_1_5' title="bbox 467 817 2061 889; baseline 0 -14"><span class='ocrx_word' id='word_1_16' title='bbox 467 817 568 876; x_wconf 82' lang='lat' dir='ltr'><strong><em>Hic</em></strong></span> <span class='ocrx_word' id='word_1_17' title='bbox 612 817 804 874; x_wconf 85' lang='lat' dir='ltr'><strong><em>titulus</em></strong></span> <span class='ocrx_word' id='word_1_18' title='bbox 841 824 915 873; x_wconf 86' lang='lat' dir='ltr'><strong><em>est</em></strong></span> <span class='ocrx_word' id='word_1_19' title='bbox 966 835 1117 889; x_wconf 83' lang='lat' dir='ltr'><strong><em>quem</em></strong></span> <span class='ocrx_word' id='word_1_20' title='bbox 1169 818 1289 874; x_wconf 82' lang='lat' dir='ltr'><strong><em>huic</em></strong></span> <span class='ocrx_word' id='word_1_21' title='bbox 1316 817 1546 873; x_wconf 78' lang='lat' dir='ltr'><strong><em>sermoni</em></strong></span> <span class='ocrx_word' id='word_1_22' title='bbox 1580 818 1818 889; x_wconf 71' lang='lat' dir='ltr'><strong><em>antiqua:</em></strong></span> <span class='ocrx_word' id='word_1_23' title='bbox 1842 818 1965 874; x_wconf 89' lang='lat' dir='ltr'><strong><em>edit.</em></strong></span> <span class='ocrx_word' id='word_1_24' title='bbox 1998 836 2061 875; x_wconf 87' lang='lat' dir='ltr'><strong><em>ac</em></strong></span> 
     </span>
    </p>
   </div>
   <div class='ocr_carea' id='block_1_6' title="bbox 536 890 2062 962">
    <p class='ocr_par' dir='ltr' id='par_1_6' title="bbox 536 890 2062 962">
     <span class='ocr_line' id='line_1_6' title="bbox 536 890 2062 962; baseline 0.001 -17"><span class='ocrx_word' id='word_1_25' title='bbox 536 906 664 947; x_wconf 84' lang='lat' dir='ltr'><strong><em>mss.</em></strong></span> <span class='ocrx_word' id='word_1_26' title='bbox 697 890 936 962; x_wconf 80' lang='lat' dir='ltr'><strong><em>indidere</em></strong></span> <span class='ocrx_word' id='word_1_27' title='bbox 966 907 978 944; x_wconf 89' lang='lat'><strong><em>:</em></strong></span> <span class='ocrx_word' id='word_1_28' title='bbox 1039 896 1097 944; x_wconf 90' lang='lat' dir='ltr'><strong><em>at</em></strong></span> <span class='ocrx_word' id='word_1_29' title='bbox 1147 890 1470 962; x_wconf 12' lang='lat' dir='ltr'><strong><em>Bomitedit.</em></strong></span> <span class='ocrx_word' id='word_1_30' title='bbox 1488 906 1618 962; x_wconf 76' lang='lat' dir='ltr'><strong><em>eum</em></strong></span> <span class='ocrx_word' id='word_1_31' title='bbox 1647 890 1883 945; x_wconf 85' lang='lat' dir='ltr'><strong><em>habitum</em></strong></span> <span class='ocrx_word' id='word_1_32' title='bbox 1906 908 2062 962; x_wconf 71' lang='lat' dir='ltr'><strong><em>pras-</em></strong></span> 
     </span>
    </p>
   </div>
   <div class='ocr_carea' id='block_1_7' title="bbox 536 960 2064 1019">
    <p class='ocr_par' dir='ltr' id='par_1_7' title="bbox 536 960 2064 1019">
     <span class='ocr_line' id='line_1_7' title="bbox 536 960 2064 1019; baseline 0.001 -2"><span class='ocrx_word' id='word_1_33' title='bbox 536 962 744 1017; x_wconf 78' lang='lat' dir='ltr'><strong><em>notavit</em></strong></span> <span class='ocrx_word' id='word_1_34' title='bbox 794 961 855 1017; x_wconf 90' lang='lat' dir='ltr'><strong><em>In</em></strong></span> <span class='ocrx_word' id='word_1_35' title='bbox 903 960 1042 1017; x_wconf 88' lang='lat' dir='ltr'><strong><em>festo</em></strong></span> <span class='ocrx_word' id='word_1_36' title='bbox 1072 962 1128 1016; x_wconf 91' lang='lat' dir='ltr'><strong><em>S.</em></strong></span> <span class='ocrx_word' id='word_1_37' title='bbox 1165 960 1356 1016; x_wconf 81' lang='lat' dir='ltr'><strong><em>Basilii</em></strong></span> <span class='ocrx_word' id='word_1_38' title='bbox 1390 978 1402 1014; x_wconf 93' lang='lat'><strong><em>:</em></strong></span> <span class='ocrx_word' id='word_1_39' title='bbox 1444 960 1534 1016; x_wconf 84' lang='lat' dir='ltr'><strong><em>ubi</em></strong></span> <span class='ocrx_word' id='word_1_40' title='bbox 1570 977 1676 1016; x_wconf 83' lang='lat' dir='ltr'><strong><em>non</em></strong></span> <span class='ocrx_word' id='word_1_41' title='bbox 1725 960 2064 1019; x_wconf 76' lang='lat' dir='ltr'><strong><em>attenderuut</em></strong></span> 
     </span>
    </p>
   </div>
   <div class='ocr_carea' id='block_1_8' title="bbox 539 1032 2061 1104">
    <p class='ocr_par' dir='ltr' id='par_1_8' title="bbox 539 1032 2061 1104">
     <span class='ocr_line' id='line_1_8' title="bbox 539 1032 2061 1104; baseline 0.001 -15"><span class='ocrx_word' id='word_1_42' title='bbox 539 1032 769 1103; x_wconf 75' lang='lat' dir='ltr'><strong><em>ejusdem</em></strong></span> <span class='ocrx_word' id='word_1_43' title='bbox 822 1032 944 1087; x_wconf 92' lang='lat' dir='ltr'><strong><em>edit.</em></strong></span> <span class='ocrx_word' id='word_1_44' title='bbox 977 1103 980 1104; x_wconf 16' lang='grc' dir='ltr'><em>ν</em></span> <span class='ocrx_word' id='word_1_45' title='bbox 1010 1038 1306 1104; x_wconf 69' lang='lat' dir='ltr'><strong><em>curatores</em></strong></span> <span class='ocrx_word' id='word_1_46' title='bbox 1346 1049 1543 1104; x_wconf 88' lang='lat' dir='ltr'><strong><em>parum</em></strong></span> <span class='ocrx_word' id='word_1_47' title='bbox 1593 1034 1839 1089; x_wconf 82' lang='lat' dir='ltr'><strong><em>credibile</em></strong></span> <span class='ocrx_word' id='word_1_48' title='bbox 1890 1035 2061 1091; x_wconf 82' lang='lat' dir='ltr'><strong><em>videri</em></strong></span> 
     </span>
    </p>
   </div>
   <div class='ocr_carea' id='block_1_9' title="bbox 536 1102 2059 1177">
    <p class='ocr_par' dir='ltr' id='par_1_9' title="bbox 536 1102 2059 1177">
     <span class='ocr_line' id='line_1_9' title="bbox 536 1102 2059 1177; baseline 0 -17"><span class='ocrx_word' id='word_1_49' title='bbox 536 1102 687 1160; x_wconf 68' lang='lat' dir='ltr'><strong><em>(etate</em></strong></span> <span class='ocrx_word' id='word_1_50' title='bbox 714 1103 1004 1177; x_wconf 64' lang='lat' dir='ltr'><strong><em>4mbrosii,</em></strong></span> <span class='ocrx_word' id='word_1_51' title='bbox 1035 1119 1185 1177; x_wconf 73' lang='lat' dir='ltr'><strong><em>quem</em></strong></span> <span class='ocrx_word' id='word_1_52' title='bbox 1214 1102 1374 1173; x_wconf 76' lang='lat' dir='ltr'><strong><em>hujus</em></strong></span> <span class='ocrx_word' id='word_1_53' title='bbox 1403 1104 1675 1177; x_wconf 82' lang='lat' dir='ltr'><strong><em>sermonis</em></strong></span> <span class='ocrx_word' id='word_1_54' title='bbox 1694 1112 1959 1160; x_wconf 76' lang='lat' dir='ltr'><strong><em>auctorem</em></strong></span> <span class='ocrx_word' id='word_1_55' title='bbox 1985 1104 2059 1177; x_wconf 82' lang='lat' dir='ltr'><strong><em>fe-</em></strong></span> 
     </span>
    </p>
   </div>
   <div class='ocr_carea' id='block_1_10' title="bbox 535 1174 2061 1242">
    <p class='ocr_par' dir='ltr' id='par_1_10' title="bbox 535 1174 2061 1242">
     <span class='ocr_line' id='line_1_10' title="bbox 535 1174 2061 1242; baseline 0.002 -13"><span class='ocrx_word' id='word_1_56' title='bbox 535 1182 685 1239; x_wconf 83' lang='lat' dir='ltr'><strong><em>runt,</em></strong></span> <span class='ocrx_word' id='word_1_57' title='bbox 717 1175 914 1230; x_wconf 81' lang='lat' dir='ltr'>Basilii</span> <span class='ocrx_word' id='word_1_58' title='bbox 940 1175 1117 1229; x_wconf 81' lang='lat' dir='ltr'><strong><em>natale</em></strong></span> <span class='ocrx_word' id='word_1_59' title='bbox 1137 1174 1257 1242; x_wconf 85' lang='lat' dir='ltr'><strong><em>jam</em></strong></span> <span class='ocrx_word' id='word_1_60' title='bbox 1288 1181 1397 1229; x_wconf 89' lang='lat' dir='ltr'><strong><em>tum</em></strong></span> <span class='ocrx_word' id='word_1_61' title='bbox 1425 1176 1678 1231; x_wconf 85' lang='lat' dir='ltr'><strong><em>celebrari</em></strong></span> <span class='ocrx_word' id='word_1_62' title='bbox 1714 1177 1926 1232; x_wconf 87' lang='lat' dir='ltr'><strong><em>solitum</em></strong></span> <span class='ocrx_word' id='word_1_63' title='bbox 1956 1174 2061 1233; x_wconf 86' lang='lat' dir='ltr'><strong><em>esse</em></strong></span> 
     </span>
    </p>
   </div>
   <div class='ocr_carea' id='block_1_11' title="bbox 524 1246 2060 1321">
    <p class='ocr_par' dir='ltr' id='par_1_11' title="bbox 524 1246 2060 1321">
     <span class='ocr_line' id='line_1_11' title="bbox 524 1246 2060 1321; baseline -0.001 -16"><span class='ocrx_word' id='word_1_64' title='bbox 524 1246 840 1321; x_wconf 72' lang='lat' dir='ltr'><strong><em>Mediolani.</em></strong></span> <span class='ocrx_word' id='word_1_65' title='bbox 897 1247 1007 1301; x_wconf 86' lang='lat' dir='ltr'><strong><em>Hoc</em></strong></span> <span class='ocrx_word' id='word_1_66' title='bbox 1050 1246 1217 1321; x_wconf 57' lang='lat' dir='ltr'><strong><em>igitur</em></strong></span> <span class='ocrx_word' id='word_1_67' title='bbox 1254 1262 1422 1321; x_wconf 75' lang='lat' dir='ltr'><strong><em>unum</em></strong></span> <span class='ocrx_word' id='word_1_68' title='bbox 1465 1248 1632 1321; x_wconf 68' lang='lat' dir='ltr'><strong><em>asseri</em></strong></span> <span class='ocrx_word' id='word_1_69' title='bbox 1656 1254 1823 1321; x_wconf 78' lang='lat' dir='ltr'><strong><em>potest</em></strong></span> <span class='ocrx_word' id='word_1_70' title='bbox 1863 1256 2060 1321; x_wconf 69' lang='lat' dir='ltr'><strong><em>praeter</em></strong></span> 
     </span>
    </p>
   </div>
   <div class='ocr_carea' id='block_1_12' title="bbox 532 1317 2057 1389">
    <p class='ocr_par' dir='ltr' id='par_1_12' title="bbox 532 1317 2057 1389">
     <span class='ocr_line' id='line_1_12' title="bbox 532 1317 2057 1389; baseline 0.005 -19"><span class='ocrx_word' id='word_1_71' title='bbox 532 1317 807 1389; x_wconf 72' lang='lat' dir='ltr'><strong><em>nonnulla</em></strong></span> <span class='ocrx_word' id='word_1_72' title='bbox 826 1332 943 1388; x_wconf 74' lang='lat' dir='ltr'><strong><em>qua:</em></strong></span> <span class='ocrx_word' id='word_1_73' title='bbox 978 1334 1044 1373; x_wconf 72' lang='lat' dir='ltr'><strong><em>ex</em></strong></span> <span class='ocrx_word' id='word_1_74' title='bbox 1073 1317 1383 1376; x_wconf 88' lang='lat' dir='ltr'><strong><em>Comment.</em></strong></span> <span class='ocrx_word' id='word_1_75' title='bbox 1408 1318 1466 1374; x_wconf 89' lang='lat' dir='ltr'><strong><em>in</em></strong></span> <span class='ocrx_word' id='word_1_76' title='bbox 1490 1319 1623 1375; x_wconf 92' lang='lat' dir='ltr'><strong><em>Luc.</em></strong></span> <span class='ocrx_word' id='word_1_77' title='bbox 1657 1317 1748 1375; x_wconf 84' lang='lat' dir='ltr'><strong><em>lib.</em></strong></span> <span class='ocrx_word' id='word_1_78' title='bbox 1780 1317 1882 1389; x_wconf 65' lang='lat' dir='ltr'><strong><em>vn;</em></strong></span> <span class='ocrx_word' id='word_1_79' title='bbox 1909 1338 2057 1378; x_wconf 81' lang='lat' dir='ltr'><strong><em>num.</em></strong></span> 
     </span>
    </p>
   </div>
   <div class='ocr_carea' id='block_1_13' title="bbox 534 1386 2060 1516">
    <p class='ocr_par' dir='ltr' id='par_1_13' title="bbox 534 1386 2060 1516">
     <span class='ocr_line' id='line_1_13' title="bbox 534 1386 2060 1516; baseline 0.004 -73"><span class='ocrx_word' id='word_1_80' title='bbox 534 1386 849 1516; x_wconf 53' lang='grc' dir='ltr'><strong><em>39Μῖἒωῖἒίξ</em></strong></span> <span class='ocrx_word' id='word_1_81' title='bbox 880 1389 977 1445; x_wconf 79' lang='lat' dir='ltr'><strong><em>huc</em></strong></span> <span class='ocrx_word' id='word_1_82' title='bbox 1033 1390 1298 1447; x_wconf 84' lang='lat' dir='ltr'><strong><em>translata</em></strong></span> <span class='ocrx_word' id='word_1_83' title='bbox 1351 1396 1493 1461; x_wconf 84' lang='lat' dir='ltr'><strong><em>sunt,</em></strong></span> <span class='ocrx_word' id='word_1_84' title='bbox 1536 1386 1950 1448; x_wconf 82' lang='lat' dir='ltr'><strong><em>Ambrosianum</em></strong></span> <span class='ocrx_word' id='word_1_85' title='bbox 1977 1392 2060 1449; x_wconf 86' lang='lat' dir='ltr'><strong><em>hic</em></strong></span> 
     </span>
     <span class='ocr_line' id='line_1_14' title="bbox 534 1477 813 1515; baseline 0.007 -2"><span class='ocrx_word' id='word_1_86' title='bbox 534 1477 587 1514; x_wconf 85' lang='lat' dir='ltr'><strong><em>m</em></strong></span> <span class='ocrx_word' id='word_1_87' title='bbox 801 1503 813 1515; x_wconf 93' lang='lat'><strong><em>.</em></strong></span> 
     </span>
    </p>
   </div>
   <div class='ocr_carea' id='block_1_14' title="bbox 530 1475 813 1515">
    <p class='ocr_par' dir='ltr' id='par_1_14' title="bbox 530 1475 813 1515">
     <span class='ocr_line' id='line_1_15' title="bbox 530 1475 813 1515; baseline 0.007 -2"><span class='ocrx_word' id='word_1_88' title='bbox 530 1475 668 1515; x_wconf 80' lang='lat' dir='ltr'><strong><em>num</em></strong></span> <span class='ocrx_word' id='word_1_89' title='bbox 689 1475 813 1515; x_wconf 69' lang='lat'><strong><em>€886.</em></strong></span> 
     </span>
    </p>
   </div>
   <div class='ocr_carea' id='block_1_15' title="bbox 533 1583 2057 1662">
    <p class='ocr_par' dir='ltr' id='par_1_15' title="bbox 533 1583 2057 1662">
     <span class='ocr_line' id='line_1_16' title="bbox 533 1583 2057 1662; baseline 0.003 -22"><span class='ocrx_word' id='word_1_90' title='bbox 533 1584 586 1640; x_wconf 97' lang='grc'><strong><em>1.</em></strong></span> <span class='ocrx_word' id='word_1_91' title='bbox 620 1583 679 1641; x_wconf 91' lang='lat' dir='ltr'>Si</span> <span class='ocrx_word' id='word_1_92' title='bbox 709 1583 1004 1658; x_wconf 82' lang='lat' dir='ltr'><strong><em>diligenter</em></strong></span> <span class='ocrx_word' id='word_1_93' title='bbox 1047 1584 1286 1644; x_wconf 81' lang='lat' dir='ltr'><strong><em>advertit</em></strong></span> <span class='ocrx_word' id='word_1_94' title='bbox 1313 1585 1622 1661; x_wconf 80' lang='lat' dir='ltr'><strong><em>capitulum</em></strong></span> <span class='ocrx_word' id='word_1_95' title='bbox 1653 1587 2057 1662; x_wconf 82' lang='lat' dir='ltr'><strong><em>evangelicum,</em></strong></span> 
     </span>
    </p>
   </div>
   <div class='ocr_carea' id='block_1_16' title="bbox 460 1676 2061 1752">
    <p class='ocr_par' dir='ltr' id='par_1_16' title="bbox 460 1676 2061 1752">
     <span class='ocr_line' id='line_1_17' title="bbox 460 1676 2061 1752; baseline 0.003 -18"><span class='ocrx_word' id='word_1_96' title='bbox 460 1677 610 1752; x_wconf 90' lang='lat' dir='ltr'><strong><em>quod</em></strong></span> <span class='ocrx_word' id='word_1_97' title='bbox 639 1676 805 1734; x_wconf 88' lang='lat' dir='ltr'><strong>hodie</strong></span> <span class='ocrx_word' id='word_1_98' title='bbox 842 1677 1044 1736; x_wconf 91' lang='lat' dir='ltr'><strong><em>lectum</em></strong></span> <span class='ocrx_word' id='word_1_99' title='bbox 1082 1688 1183 1747; x_wconf 90' lang='lat' dir='ltr'><strong><em>est,</em></strong></span> <span class='ocrx_word' id='word_1_100' title='bbox 1223 1687 1406 1737; x_wconf 91' lang='lat' dir='ltr'><strong><em>vestra</em></strong></span> <span class='ocrx_word' id='word_1_101' title='bbox 1432 1681 1657 1738; x_wconf 82' lang='lat' dir='ltr'><strong><em>dilectio</em></strong></span> <span class='ocrx_word' id='word_1_102' title='bbox 1694 1681 1839 1752; x_wconf 89' lang='lat'><strong><em>(30),</em></strong></span> <span class='ocrx_word' id='word_1_103' title='bbox 1869 1698 2061 1739; x_wconf 91' lang='lat' dir='ltr'><strong><em>sensus</em></strong></span> 
     </span>
    </p>
   </div>
   <div class='ocr_carea' id='block_1_17' title="bbox 461 1765 2060 1844">
    <p class='ocr_par' dir='ltr' id='par_1_17' title="bbox 461 1765 2060 1844">
     <span class='ocr_line' id='line_1_18' title="bbox 461 1765 2060 1844; baseline 0.003 -21"><span class='ocrx_word' id='word_1_104' title='bbox 461 1773 672 1824; x_wconf 89' lang='lat' dir='ltr'><strong><em>vestros</em></strong></span> <span class='ocrx_word' id='word_1_105' title='bbox 700 1765 757 1824; x_wconf 89' lang='lat' dir='ltr'><strong><em>id</em></strong></span> <span class='ocrx_word' id='word_1_106' title='bbox 797 1766 979 1839; x_wconf 89' lang='lat' dir='ltr'><strong><em>ipsum</em></strong></span> <span class='ocrx_word' id='word_1_107' title='bbox 1018 1768 1320 1841; x_wconf 82' lang='lat' dir='ltr'><strong><em>capitulum</em></strong></span> <span class='ocrx_word' id='word_1_108' title='bbox 1370 1770 1549 1842; x_wconf 91' lang='lat' dir='ltr'><strong><em>potuit</em></strong></span> <span class='ocrx_word' id='word_1_109' title='bbox 1586 1787 1923 1844; x_wconf 74' lang='lat' dir='ltr'><strong><em>permovere,</em></strong></span> <span class='ocrx_word' id='word_1_110' title='bbox 1962 1788 2060 1829; x_wconf 92' lang='lat' dir='ltr'><strong><em>cur</em></strong></span> 
     </span>
    </p>
   </div>
   <div class='ocr_carea' id='block_1_18' title="bbox 1484 369 2751 431">
    <p class='ocr_par' dir='ltr' id='par_1_18' title="bbox 1484 369 2751 431">
     <span class='ocr_line' id='line_1_19' title="bbox 1484 369 2751 431; baseline 0.004 -5"><span class='ocrx_word' id='word_1_111' title='bbox 1484 372 1581 427; x_wconf 81' lang='lat' dir='ltr'><strong><em>AD</em></strong></span> <span class='ocrx_word' id='word_1_112' title='bbox 1620 371 1854 430; x_wconf 81' lang='lat' dir='ltr'><strong>OPERA</strong></span> <span class='ocrx_word' id='word_1_113' title='bbox 1891 372 1946 426; x_wconf 92' lang='lat' dir='ltr'><strong><em>S.</em></strong></span> <span class='ocrx_word' id='word_1_114' title='bbox 1976 369 2314 430; x_wconf 80' lang='lat' dir='ltr'><strong><em>AMBROSII</em></strong></span> <span class='ocrx_word' id='word_1_115' title='bbox 2370 371 2751 431; x_wconf 83' lang='lat' dir='ltr'><strong><em>APPENDIX.</em></strong></span> 
     </span>
    </p>
   </div>
   <div class='ocr_carea' id='block_1_19' title="bbox 2084 499 3773 575">
    <p class='ocr_par' dir='ltr' id='par_1_19' title="bbox 2084 499 3773 575">
     <span class='ocr_line' id='line_1_20' title="bbox 2084 499 3773 575; baseline -0.002 -14"><span class='ocrx_word' id='word_1_116' title='bbox 2084 500 2134 561; x_wconf 88' lang='lat' dir='ltr'><strong>A</strong></span> <span class='ocrx_word' id='word_1_117' title='bbox 2173 507 2285 557; x_wconf 88' lang='lat' dir='ltr'><strong><em>tem</em></strong></span> <span class='ocrx_word' id='word_1_118' title='bbox 2318 515 2448 574; x_wconf 89' lang='lat' dir='ltr'><strong><em>ergo</em></strong></span> <span class='ocrx_word' id='word_1_119' title='bbox 2479 516 2580 558; x_wconf 90' lang='lat' dir='ltr'><strong><em>nec</em></strong></span> <span class='ocrx_word' id='word_1_120' title='bbox 2613 500 2930 574; x_wconf 86' lang='lat' dir='ltr'><strong><em>opinantem</em></strong></span> <span class='ocrx_word' id='word_1_121' title='bbox 2958 500 3208 558; x_wconf 83' lang='lat' dir='ltr'><strong><em>assumit.</em></strong></span> <span class='ocrx_word' id='word_1_122' title='bbox 3267 499 3501 558; x_wconf 86' lang='lat' dir='ltr'><strong><em>Tacebat</em></strong></span> <span class='ocrx_word' id='word_1_123' title='bbox 3542 501 3773 575; x_wconf 87' lang='lat' dir='ltr'><strong><em>quidem</em></strong></span> 
     </span>
    </p>
   </div>
   <div class='ocr_carea' id='block_1_20' title="bbox 3668 374 3777 433">
    <p class='ocr_par' dir='ltr' id='par_1_20' title="bbox 3668 374 3777 433">
     <span class='ocr_line' id='line_1_21' title="bbox 3668 374 3777 433; baseline 0.018 -2"><span class='ocrx_word' id='word_1_124' title='bbox 3668 374 3777 433; x_wconf 81' lang='lat'><strong><em>708</em></strong></span> 
     </span>
    </p>
   </div>
   <div class='ocr_carea' id='block_1_21' title="bbox 2172 588 3772 664">
    <p class='ocr_par' dir='ltr' id='par_1_21' title="bbox 2172 588 3772 664">
     <span class='ocr_line' id='line_1_22' title="bbox 2172 588 3772 664; baseline 0.001 -18"><span class='ocrx_word' id='word_1_125' title='bbox 2172 591 2376 663; x_wconf 79' lang='lat' dir='ltr'><strong><em>lingua,</em></strong></span> <span class='ocrx_word' id='word_1_126' title='bbox 2431 590 2525 647; x_wconf 89' lang='lat' dir='ltr'><strong><em>sed</em></strong></span> <span class='ocrx_word' id='word_1_127' title='bbox 2548 590 2746 663; x_wconf 85' lang='lat' dir='ltr'><strong><em>spiritu</em></strong></span> <span class='ocrx_word' id='word_1_128' title='bbox 2779 589 3142 664; x_wconf 87' lang='lat' dir='ltr'><strong><em>loquebatur;</em></strong></span> <span class='ocrx_word' id='word_1_129' title='bbox 3200 588 3569 662; x_wconf 79' lang='lat' dir='ltr'><strong><em>intelligimus</em></strong></span> <span class='ocrx_word' id='word_1_130' title='bbox 3617 591 3772 648; x_wconf 90' lang='lat' dir='ltr'><strong><em>enim</em></strong></span> 
     </span>
    </p>
   </div>
   <div class='ocr_carea' id='block_1_22' title="bbox 2169 676 3772 754">
    <p class='ocr_par' dir='ltr' id='par_1_22' title="bbox 2169 676 3772 754">
     <span class='ocr_line' id='line_1_23' title="bbox 2169 676 3772 754; baseline 0.001 -17"><span class='ocrx_word' id='word_1_131' title='bbox 2169 697 2330 754; x_wconf 90' lang='lat' dir='ltr'><strong><em>quam</em></strong></span> <span class='ocrx_word' id='word_1_132' title='bbox 2360 682 2591 738; x_wconf 89' lang='lat' dir='ltr'><strong><em>devotus</em></strong></span> <span class='ocrx_word' id='word_1_133' title='bbox 2620 680 2805 747; x_wconf 89' lang='lat' dir='ltr'><strong><em>fuerit,</em></strong></span> <span class='ocrx_word' id='word_1_134' title='bbox 2830 678 2925 752; x_wconf 87' lang='lat' dir='ltr'><strong><em>qui</em></strong></span> <span class='ocrx_word' id='word_1_135' title='bbox 2964 677 3111 735; x_wconf 87' lang='lat' dir='ltr'><strong><em>sicut</em></strong></span> <span class='ocrx_word' id='word_1_136' title='bbox 3139 676 3253 751; x_wconf 89' lang='lat' dir='ltr'><strong><em>ipse</em></strong></span> <span class='ocrx_word' id='word_1_137' title='bbox 3282 680 3532 749; x_wconf 84' lang='lat' dir='ltr'><strong><em>asseruit,</em></strong></span> <span class='ocrx_word' id='word_1_138' title='bbox 3553 688 3772 753; x_wconf 85' lang='lat' dir='ltr'><strong><em>patrem</em></strong></span> 
     </span>
    </p>
   </div>
   <div class='ocr_carea' id='block_1_23' title="bbox 2169 764 3773 844">
    <p class='ocr_par' dir='ltr' id='par_1_23' title="bbox 2169 764 3773 844">
     <span class='ocr_line' id='line_1_24' title="bbox 2169 764 3773 844; baseline 0.001 -19"><span class='ocrx_word' id='word_1_139' title='bbox 2169 770 2393 844; x_wconf 87' lang='lat' dir='ltr'><strong><em>reliquit</em></strong></span> <span class='ocrx_word' id='word_1_140' title='bbox 2418 779 2718 837; x_wconf 86' lang='lat' dir='ltr'><strong><em>mortuum,</em></strong></span> <span class='ocrx_word' id='word_1_141' title='bbox 2766 777 2827 825; x_wconf 90' lang='lat' dir='ltr'><strong><em>ut</em></strong></span> <span class='ocrx_word' id='word_1_142' title='bbox 2852 767 2983 825; x_wconf 66' lang='lat' dir='ltr'><strong><em>vita</em></strong></span> <span class='ocrx_word' id='word_1_143' title='bbox 3010 764 3307 825; x_wconf 82' lang='lat' dir='ltr'><strong><em>Demiuum</em></strong></span> <span class='ocrx_word' id='word_1_144' title='bbox 3340 770 3620 843; x_wconf 87' lang='lat' dir='ltr'><strong><em>reperiret.</em></strong></span> <span class='ocrx_word' id='word_1_145' title='bbox 3669 770 3773 827; x_wconf 81' lang='lat' dir='ltr'><strong><em>Ait</em></strong></span> 
     </span>
    </p>
   </div>
   <div class='ocr_carea' id='block_1_24' title="bbox 2168 855 3770 931">
    <p class='ocr_par' dir='ltr' id='par_1_24' title="bbox 2168 855 3770 931">
     <span class='ocr_line' id='line_1_25' title="bbox 2168 855 3770 931; baseline 0 -16"><span class='ocrx_word' id='word_1_146' title='bbox 2168 858 2316 915; x_wconf 91' lang='lat' dir='ltr'><strong><em>enim</em></strong></span> <span class='ocrx_word' id='word_1_147' title='bbox 2342 877 2354 916; x_wconf 88' lang='lat'><strong><em>:</em></strong></span> <span class='ocrx_word' id='word_1_148' title='bbox 2403 883 2421 906; x_wconf 80' lang='grc' dir='ltr'>ι</span> <span class='ocrx_word' id='word_1_149' title='bbox 2450 858 2713 914; x_wconf 88' lang='lat' dir='ltr'><strong><em>Permitte</em></strong></span> <span class='ocrx_word' id='word_1_150' title='bbox 2744 855 2887 914; x_wconf 89' lang='lat' dir='ltr'><strong><em>mihi</em></strong></span> <span class='ocrx_word' id='word_1_151' title='bbox 2919 856 3073 929; x_wconf 90' lang='lat' dir='ltr'><strong><em>prius</em></strong></span> <span class='ocrx_word' id='word_1_152' title='bbox 3102 856 3201 925; x_wconf 92' lang='lat' dir='ltr'><strong><em>ire,</em></strong></span> <span class='ocrx_word' id='word_1_153' title='bbox 3225 864 3279 913; x_wconf 91' lang='lat' dir='ltr'><strong><em>et</em></strong></span> <span class='ocrx_word' id='word_1_154' title='bbox 3302 858 3531 931; x_wconf 85' lang='lat' dir='ltr'><strong><em>sepelire</em></strong></span> <span class='ocrx_word' id='word_1_155' title='bbox 3554 866 3770 931; x_wconf 83' lang='lat' dir='ltr'><strong><em>patrem</em></strong></span> 
     </span>
    </p>
   </div>
   <div class='ocr_carea' id='block_1_25' title="bbox 2169 947 3771 1025">
    <p class='ocr_par' dir='ltr' id='par_1_25' title="bbox 2169 947 3771 1025">
     <span class='ocr_line' id='line_1_26' title="bbox 2169 947 3771 1025; baseline 0.002 -22"><span class='ocrx_word' id='word_1_156' title='bbox 2169 964 2352 1005; x_wconf 91' lang='lat' dir='ltr'><strong><em>meum</em></strong></span> <span class='ocrx_word' id='word_1_157' title='bbox 2385 949 2537 1020; x_wconf 85' lang='lat' dir='ltr'><strong><em>(Luc.</em></strong></span> <span class='ocrx_word' id='word_1_158' title='bbox 2571 964 2651 1018; x_wconf 72' lang='grc' dir='ltr'><strong><em>ιι,</em></strong></span> <span class='ocrx_word' id='word_1_159' title='bbox 2682 947 2798 1019; x_wconf 81' lang='grc'><strong>59).</strong></span> <span class='ocrx_word' id='word_1_160' title='bbox 2833 973 2852 997; x_wconf 75' lang='grc' dir='ltr'><strong>ι</strong></span> <span class='ocrx_word' id='word_1_161' title='bbox 2893 948 3169 1005; x_wconf 85' lang='lat' dir='ltr'><strong><em>Mortuum</em></strong></span> <span class='ocrx_word' id='word_1_162' title='bbox 3196 964 3326 1021; x_wconf 88' lang='lat' dir='ltr'><strong><em>ergo</em></strong></span> <span class='ocrx_word' id='word_1_163' title='bbox 3350 950 3507 1007; x_wconf 90' lang='lat' dir='ltr'><strong><em>illum</em></strong></span> <span class='ocrx_word' id='word_1_164' title='bbox 3529 951 3771 1025; x_wconf 89' lang='lat' dir='ltr'><strong><em>relique-</em></strong></span> 
     </span>
    </p>
   </div>
   <div class='ocr_carea' id='block_1_26' title="bbox 2168 1040 3768 1112">
    <p class='ocr_par' dir='ltr' id='par_1_26' title="bbox 2168 1040 3768 1112">
     <span class='ocr_line' id='line_1_27' title="bbox 2168 1040 3768 1112; baseline 0.003 -18"><span class='ocrx_word' id='word_1_165' title='bbox 2168 1045 2271 1107; x_wconf 87' lang='lat' dir='ltr'><strong><em>rat,</em></strong></span> <span class='ocrx_word' id='word_1_166' title='bbox 2310 1054 2470 1112; x_wconf 89' lang='lat' dir='ltr'><strong><em>quem</em></strong></span> <span class='ocrx_word' id='word_1_167' title='bbox 2519 1046 2580 1095; x_wconf 91' lang='lat' dir='ltr'><strong><em>nt</em></strong></span> <span class='ocrx_word' id='word_1_168' title='bbox 2615 1045 2893 1095; x_wconf 88' lang='lat' dir='ltr'><strong><em>revertens</em></strong></span> <span class='ocrx_word' id='word_1_169' title='bbox 2939 1040 3197 1112; x_wconf 86' lang='lat' dir='ltr'><strong><em>sepeliret</em></strong></span> <span class='ocrx_word' id='word_1_170' title='bbox 3223 1047 3434 1097; x_wconf 88' lang='lat' dir='ltr'><strong><em>exorat.</em></strong></span> <span class='ocrx_word' id='word_1_171' title='bbox 3477 1041 3597 1098; x_wconf 89' lang='lat' dir='ltr'><strong><em>Non</em></strong></span> <span class='ocrx_word' id='word_1_172' title='bbox 3633 1057 3768 1098; x_wconf 91' lang='lat' dir='ltr'><strong><em>eum</em></strong></span> 
     </span>
    </p>
   </div>
   <div class='ocr_carea' id='block_1_27' title="bbox 2168 1130 3772 1206">
    <p class='ocr_par' dir='ltr' id='par_1_27' title="bbox 2168 1130 3772 1206">
     <span class='ocr_line' id='line_1_28' title="bbox 2168 1130 3772 1206; baseline 0.001 -19"><span class='ocrx_word' id='word_1_173' title='bbox 2168 1130 2327 1187; x_wconf 91' lang='lat' dir='ltr'><strong><em>dolor</em></strong></span> <span class='ocrx_word' id='word_1_174' title='bbox 2356 1131 2675 1200; x_wconf 88' lang='lat' dir='ltr'><strong><em>retinuerat,</em></strong></span> <span class='ocrx_word' id='word_1_175' title='bbox 2723 1148 2833 1187; x_wconf 89' lang='lat' dir='ltr'><strong><em>non</em></strong></span> <span class='ocrx_word' id='word_1_176' title='bbox 2867 1130 3445 1197; x_wconf 32' lang='lat' dir='ltr'><strong><em>mors‘retardaverat,</em></strong></span> <span class='ocrx_word' id='word_1_177' title='bbox 3488 1133 3618 1206; x_wconf 90' lang='lat' dir='ltr'><strong><em>quia</em></strong></span> <span class='ocrx_word' id='word_1_178' title='bbox 3673 1132 3772 1189; x_wconf 90' lang='lat' dir='ltr'><strong><em>fe-</em></strong></span> 
     </span>
    </p>
   </div>
   <div class='ocr_carea' id='block_1_28' title="bbox 2167 1221 3772 1280">
    <p class='ocr_par' dir='ltr' id='par_1_28' title="bbox 2167 1221 3772 1280">
     <span class='ocr_line' id='line_1_29' title="bbox 2167 1221 3772 1280; baseline 0 -1"><span class='ocrx_word' id='word_1_179' title='bbox 2167 1222 2405 1279; x_wconf 89' lang='lat' dir='ltr'><strong><em>stinabat</em></strong></span> <span class='ocrx_word' id='word_1_180' title='bbox 2456 1222 2525 1279; x_wconf 88' lang='lat' dir='ltr'><strong><em>ad</em></strong></span> <span class='ocrx_word' id='word_1_181' title='bbox 2572 1222 2763 1278; x_wconf 89' lang='lat' dir='ltr'><strong><em>vitam.</em></strong></span> <span class='ocrx_word' id='word_1_182' title='bbox 2844 1221 3090 1278; x_wconf 86' lang='lat' dir='ltr'><strong><em>Necdum</em></strong></span> <span class='ocrx_word' id='word_1_183' title='bbox 3154 1221 3442 1279; x_wconf 89' lang='lat' dir='ltr'><strong><em>morientis</em></strong></span> <span class='ocrx_word' id='word_1_184' title='bbox 3492 1222 3772 1280; x_wconf 85' lang='lat' dir='ltr'><strong><em>clauserat</em></strong></span> 
     </span>
    </p>
   </div>
   <div class='ocr_carea' id='block_1_29' title="bbox 2167 1312 3768 1387">
    <p class='ocr_par' dir='ltr' id='par_1_29' title="bbox 2167 1312 3768 1387">
     <span class='ocr_line' id='line_1_30' title="bbox 2167 1312 3768 1387; baseline -0.002 -15"><span class='ocrx_word' id='word_1_185' title='bbox 2167 1315 2376 1383; x_wconf 89' lang='lat' dir='ltr'><strong><em>oculos,</em></strong></span> <span class='ocrx_word' id='word_1_186' title='bbox 2400 1313 2635 1371; x_wconf 91' lang='lat' dir='ltr'><strong><em>necdum</em></strong></span> <span class='ocrx_word' id='word_1_187' title='bbox 2657 1313 2894 1387; x_wconf 77' lang='lat' dir='ltr'><strong><em>rigentia</em></strong></span> <span class='ocrx_word' id='word_1_188' title='bbox 2923 1312 3171 1370; x_wconf 87' lang='lat' dir='ltr'><strong><em>membra</em></strong></span> <span class='ocrx_word' id='word_1_189' title='bbox 3197 1312 3551 1383; x_wconf 88' lang='lat' dir='ltr'><strong><em>condiderat;</em></strong></span> <span class='ocrx_word' id='word_1_190' title='bbox 3572 1312 3768 1371; x_wconf 88' lang='lat' dir='ltr'><strong><em>statim</em></strong></span> 
     </span>
    </p>
   </div>
   <div class='ocr_carea' id='block_1_30' title="bbox 2165 1404 3771 1480">
    <p class='ocr_par' dir='ltr' id='par_1_30' title="bbox 2165 1404 3771 1480">
     <span class='ocr_line' id='line_1_31' title="bbox 2165 1404 3771 1480; baseline 0.001 -17"><span class='ocrx_word' id='word_1_191' title='bbox 2165 1413 2228 1463; x_wconf 92' lang='lat' dir='ltr'><strong><em>ut</em></strong></span> <span class='ocrx_word' id='word_1_192' title='bbox 2269 1406 2538 1479; x_wconf 88' lang='lat' dir='ltr'><strong><em>comperit</em></strong></span> <span class='ocrx_word' id='word_1_193' title='bbox 2576 1404 2864 1463; x_wconf 83' lang='lat' dir='ltr'><strong><em>advenisse</em></strong></span> <span class='ocrx_word' id='word_1_194' title='bbox 2903 1406 3230 1475; x_wconf 90' lang='lat' dir='ltr'><strong><em>Dominum,</em></strong></span> <span class='ocrx_word' id='word_1_195' title='bbox 3269 1405 3480 1465; x_wconf 89' lang='lat' dir='ltr'><strong><em>oblitus</em></strong></span> <span class='ocrx_word' id='word_1_196' title='bbox 3524 1414 3771 1480; x_wconf 69' lang='lat' dir='ltr'><strong><em>paterna</em></strong></span> 
     </span>
    </p>
   </div>
   <div class='ocr_carea' id='block_1_31' title="bbox 2166 1495 3770 1569">
    <p class='ocr_par' dir='ltr' id='par_1_31' title="bbox 2166 1495 3770 1569">
     <span class='ocr_line' id='line_1_32' title="bbox 2166 1495 3770 1569; baseline 0 -18"><span class='ocrx_word' id='word_1_197' title='bbox 2166 1496 2404 1569; x_wconf 89' lang='lat' dir='ltr'><strong><em>pietatis,</em></strong></span> <span class='ocrx_word' id='word_1_198' title='bbox 2416 1496 2681 1553; x_wconf 77' lang='lat' dir='ltr'><strong><em>affectum</em></strong></span> <span class='ocrx_word' id='word_1_199' title='bbox 2704 1495 2967 1568; x_wconf 87' lang='lat' dir='ltr'><strong><em>majorem</em></strong></span> <span class='ocrx_word' id='word_1_200' title='bbox 2986 1495 3188 1569; x_wconf 90' lang='lat' dir='ltr'><strong><em>pietate</em></strong></span> <span class='ocrx_word' id='word_1_201' title='bbox 3202 1495 3440 1553; x_wconf 89' lang='lat' dir='ltr'><strong><em>credidit</em></strong></span> <span class='ocrx_word' id='word_1_202' title='bbox 3464 1496 3589 1569; x_wconf 89' lang='lat' dir='ltr'><strong><em>plus</em></strong></span> <span class='ocrx_word' id='word_1_203' title='bbox 3606 1495 3770 1553; x_wconf 86' lang='lat' dir='ltr'><strong><em>Chri-</em></strong></span> 
     </span>
    </p>
   </div>
   <div class='ocr_carea' id='block_1_32' title="bbox 2166 1583 3769 1659">
    <p class='ocr_par' dir='ltr' id='par_1_32' title="bbox 2166 1583 3769 1659">
     <span class='ocr_line' id='line_1_33' title="bbox 2166 1583 3769 1659; baseline -0.002 -16"><span class='ocrx_word' id='word_1_204' title='bbox 2166 1593 2310 1643; x_wconf 89' lang='lat' dir='ltr'><strong><em>stum</em></strong></span> <span class='ocrx_word' id='word_1_205' title='bbox 2352 1584 2601 1658; x_wconf 87' lang='lat' dir='ltr'><strong><em>diligere,</em></strong></span> <span class='ocrx_word' id='word_1_206' title='bbox 2651 1600 2814 1659; x_wconf 86' lang='lat' dir='ltr'><strong><em>quam</em></strong></span> <span class='ocrx_word' id='word_1_207' title='bbox 2862 1592 3162 1658; x_wconf 90' lang='lat' dir='ltr'><strong><em>parentem.</em></strong></span> <span class='ocrx_word' id='word_1_208' title='bbox 3217 1585 3444 1656; x_wconf 86' lang='lat' dir='ltr'><strong><em>Legerat</em></strong></span> <span class='ocrx_word' id='word_1_209' title='bbox 3472 1584 3623 1642; x_wconf 86' lang='lat' dir='ltr'><strong><em>enim</em></strong></span> <span class='ocrx_word' id='word_1_210' title='bbox 3654 1583 3769 1641; x_wconf 88' lang='lat' dir='ltr'><strong><em>for-</em></strong></span> 
     </span>
    </p>
   </div>
   <div class='ocr_carea' id='block_1_33' title="bbox 2164 1672 3769 1748">
    <p class='ocr_par' dir='ltr' id='par_1_33' title="bbox 2164 1672 3769 1748">
     <span class='ocr_line' id='line_1_34' title="bbox 2164 1672 3769 1748; baseline -0.003 -15"><span class='ocrx_word' id='word_1_211' title='bbox 2164 1683 2307 1733; x_wconf 82' lang='lat' dir='ltr'><strong><em>tasse</em></strong></span> <span class='ocrx_word' id='word_1_212' title='bbox 2338 1674 2714 1748; x_wconf 89' lang='lat' dir='ltr'><strong><em>propheticam</em></strong></span> <span class='ocrx_word' id='word_1_213' title='bbox 2741 1674 3056 1744; x_wconf 89' lang='lat' dir='ltr'><strong><em>lectionem,</em></strong></span> <span class='ocrx_word' id='word_1_214' title='bbox 3113 1689 3236 1747; x_wconf 71' lang='lat' dir='ltr'><strong><em>qum</em></strong></span> <span class='ocrx_word' id='word_1_215' title='bbox 3265 1672 3439 1731; x_wconf 90' lang='lat' dir='ltr'><strong><em>dicit:</em></strong></span> <span class='ocrx_word' id='word_1_216' title='bbox 3501 1697 3521 1721; x_wconf 81' lang='grc' dir='ltr'>ι</span> <span class='ocrx_word' id='word_1_217' title='bbox 3548 1672 3769 1731; x_wconf 89' lang='lat' dir='ltr'><strong><em>Oblivi-</em></strong></span> 
     </span>
    </p>
   </div>
   <div class='ocr_carea' id='block_1_34' title="bbox 2165 1762 3767 1837">
    <p class='ocr_par' dir='ltr' id='par_1_34' title="bbox 2165 1762 3767 1837">
     <span class='ocr_line' id='line_1_35' title="bbox 2165 1762 3767 1837; baseline -0.001 -14"><span class='ocrx_word' id='word_1_218' title='bbox 2165 1781 2316 1823; x_wconf 87' lang='lat' dir='ltr'><strong><em>scere</em></strong></span> <span class='ocrx_word' id='word_1_219' title='bbox 2342 1764 2611 1837; x_wconf 88' lang='lat' dir='ltr'><strong><em>populum</em></strong></span> <span class='ocrx_word' id='word_1_220' title='bbox 2653 1772 2836 1833; x_wconf 88' lang='lat' dir='ltr'><strong><em>tuum,</em></strong></span> <span class='ocrx_word' id='word_1_221' title='bbox 2888 1772 2943 1820; x_wconf 91' lang='lat' dir='ltr'><strong><em>et</em></strong></span> <span class='ocrx_word' id='word_1_222' title='bbox 2970 1764 3200 1821; x_wconf 91' lang='lat' dir='ltr'><strong><em>domum</em></strong></span> <span class='ocrx_word' id='word_1_223' title='bbox 3229 1762 3403 1836; x_wconf 87' lang='lat' dir='ltr'><strong><em>patris</em></strong></span> <span class='ocrx_word' id='word_1_224' title='bbox 3441 1764 3528 1820; x_wconf 91' lang='lat' dir='ltr'><strong><em>tui</em></strong></span> <span class='ocrx_word' id='word_1_225' title='bbox 3582 1763 3767 1836; x_wconf 87' lang='lat' dir='ltr'><strong><em>(Psal.</em></strong></span> 
     </span>
    </p>
   </div>
   <div class='ocr_carea' id='block_1_35' title="bbox 457 1851 3768 1931">
    <p class='ocr_par' dir='ltr' id='par_1_35' title="bbox 457 1851 3768 1931">
     <span class='ocr_line' id='line_1_36' title="bbox 457 1851 3768 1931; baseline 0.001 -18"><span class='ocrx_word' id='word_1_226' title='bbox 457 1853 752 1926; x_wconf 90' lang='lat' dir='ltr'><strong><em>Dominus,</em></strong></span> <span class='ocrx_word' id='word_1_227' title='bbox 791 1856 936 1913; x_wconf 88' lang='lat' dir='ltr'><strong><em>sicut</em></strong></span> <span class='ocrx_word' id='word_1_228' title='bbox 973 1856 1257 1931; x_wconf 88' lang='lat' dir='ltr'><strong><em>Scriptura</em></strong></span> <span class='ocrx_word' id='word_1_229' title='bbox 1283 1859 1471 1929; x_wconf 84' lang='lat' dir='ltr'><strong><em>refert,</em></strong></span> <span class='ocrx_word' id='word_1_230' title='bbox 1512 1877 1643 1918; x_wconf 88' lang='lat' dir='ltr'><strong><em>cum</em></strong></span> <span class='ocrx_word' id='word_1_231' title='bbox 1671 1860 1739 1917; x_wconf 90' lang='lat' dir='ltr'><strong><em>ab</em></strong></span> <span class='ocrx_word' id='word_1_232' title='bbox 1765 1862 1938 1918; x_wconf 89' lang='lat' dir='ltr'><strong><em>altero</em></strong></span> <span class='ocrx_word' id='word_1_233' title='bbox 1975 1861 2058 1918; x_wconf 91' lang='lat' dir='ltr'><strong><em>in-</em></strong></span> <span class='ocrx_word' id='word_1_234' title='bbox 2084 1866 2132 1928; x_wconf 90' lang='grc' dir='ltr'>Β</span> <span class='ocrx_word' id='word_1_235' title='bbox 2166 1870 2320 1923; x_wconf 75' lang='lat' dir='ltr'><strong><em>XLIV,</em></strong></span> <span class='ocrx_word' id='word_1_236' title='bbox 2354 1854 2445 1925; x_wconf 77' lang='grc'><strong><em>11)</em></strong></span> <span class='ocrx_word' id='word_1_237' title='bbox 2468 1871 2480 1910; x_wconf 76' lang='grc' dir='ltr'>ε</span> <span class='ocrx_word' id='word_1_238' title='bbox 2506 1879 2525 1903; x_wconf 73' lang='grc' dir='ltr'><strong>ι</strong></span> <span class='ocrx_word' id='word_1_239' title='bbox 2566 1860 2854 1926; x_wconf 71' lang='lat' dir='ltr'><strong><em>propterea</em></strong></span> <span class='ocrx_word' id='word_1_240' title='bbox 2881 1852 3090 1909; x_wconf 75' lang='lat' dir='ltr'><strong><em>Oblitus</em></strong></span> <span class='ocrx_word' id='word_1_241' title='bbox 3115 1859 3200 1909; x_wconf 71' lang='lat' dir='ltr'><strong><em>est</em></strong></span> <span class='ocrx_word' id='word_1_242' title='bbox 3225 1859 3462 1925; x_wconf 66' lang='lat' dir='ltr'><strong><em>patrem.</em></strong></span> <span class='ocrx_word' id='word_1_243' title='bbox 3491 1851 3625 1909; x_wconf 82' lang='lat' dir='ltr'><strong><em>dum</em></strong></span> <span class='ocrx_word' id='word_1_244' title='bbox 3650 1869 3768 1911; x_wconf 84' lang='lat' dir='ltr'><strong><em>me-</em></strong></span> 
     </span>
    </p>
   </div>
   <div class='ocr_carea' id='block_1_36' title="bbox 457 1947 2053 2026">
    <p class='ocr_par' dir='ltr' id='par_1_36' title="bbox 457 1947 2053 2026">
     <span class='ocr_line' id='line_1_37' title="bbox 457 1947 2053 2026; baseline 0.005 -24"><span class='ocrx_word' id='word_1_245' title='bbox 457 1947 781 2020; x_wconf 89' lang='lat' dir='ltr'><strong><em>terpellatus</em></strong></span> <span class='ocrx_word' id='word_1_246' title='bbox 807 1947 996 2016; x_wconf 85' lang='lat' dir='ltr'><strong><em>fuerit,</em></strong></span> <span class='ocrx_word' id='word_1_247' title='bbox 1039 1958 1101 2007; x_wconf 92' lang='lat' dir='ltr'><strong><em>ut</em></strong></span> <span class='ocrx_word' id='word_1_248' title='bbox 1145 1967 1273 2009; x_wconf 90' lang='lat' dir='ltr'><strong><em>eum</em></strong></span> <span class='ocrx_word' id='word_1_249' title='bbox 1316 1967 1646 2026; x_wconf 90' lang='lat' dir='ltr'><strong><em>quocunque</em></strong></span> <span class='ocrx_word' id='word_1_250' title='bbox 1687 1952 1860 2022; x_wconf 88' lang='lat' dir='ltr'><strong><em>iisset,</em></strong></span> <span class='ocrx_word' id='word_1_251' title='bbox 1892 1968 2053 2010; x_wconf 89' lang='lat' dir='ltr'><strong><em>causa</em></strong></span> 
     </span>
    </p>
   </div>
   <div class='ocr_carea' id='block_1_37' title="bbox 458 2033 2049 2112">
    <p class='ocr_par' dir='ltr' id='par_1_37' title="bbox 458 2033 2049 2112">
     <span class='ocr_line' id='line_1_38' title="bbox 458 2033 2049 2112; baseline 0.005 -22"><span class='ocrx_word' id='word_1_252' title='bbox 458 2033 705 2106; x_wconf 87' lang='lat' dir='ltr'><strong><em>religiosi</em></strong></span> <span class='ocrx_word' id='word_1_253' title='bbox 742 2036 956 2092; x_wconf 90' lang='lat' dir='ltr'><strong><em>servitii</em></strong></span> <span class='ocrx_word' id='word_1_254' title='bbox 984 2045 1344 2111; x_wconf 90' lang='lat' dir='ltr'><strong><em>sequeretur:</em></strong></span> <span class='ocrx_word' id='word_1_255' title='bbox 1396 2038 1556 2096; x_wconf 88' lang='lat' dir='ltr'><strong><em>alteri</em></strong></span> <span class='ocrx_word' id='word_1_256' title='bbox 1592 2039 1764 2112; x_wconf 86' lang='lat' dir='ltr'><strong><em>magis</em></strong></span> <span class='ocrx_word' id='word_1_257' title='bbox 1792 2038 1998 2097; x_wconf 85' lang='lat' dir='ltr'><strong><em>dixerit</em></strong></span> <span class='ocrx_word' id='word_1_258' title='bbox 2036 2057 2049 2098; x_wconf 93' lang='lat'><strong><em>:</em></strong></span> 
     </span>
    </p>
   </div>
   <div class='ocr_carea' id='block_1_38' title="bbox 473 2126 2053 2205">
    <p class='ocr_par' dir='ltr' id='par_1_38' title="bbox 473 2126 2053 2205">
     <span class='ocr_line' id='line_1_39' title="bbox 473 2126 2053 2205; baseline 0.004 -24"><span class='ocrx_word' id='word_1_259' title='bbox 473 2148 494 2173; x_wconf 73' lang='grc' dir='ltr'>ι</span> <span class='ocrx_word' id='word_1_260' title='bbox 522 2126 759 2198; x_wconf 89' lang='lat' dir='ltr'><strong><em>Sequere</em></strong></span> <span class='ocrx_word' id='word_1_261' title='bbox 786 2141 873 2182; x_wconf 89' lang='lat' dir='ltr'><strong><em>me</em></strong></span> <span class='ocrx_word' id='word_1_262' title='bbox 906 2126 1064 2199; x_wconf 88' lang='lat' dir='ltr'><strong><em>(Luc.</em></strong></span> <span class='ocrx_word' id='word_1_263' title='bbox 1102 2143 1184 2197; x_wconf 83' lang='lat' dir='ltr'><strong><em>1x,</em></strong></span> <span class='ocrx_word' id='word_1_264' title='bbox 1213 2128 1308 2201; x_wconf 81' lang='lat'><strong><em>59)</em></strong></span> <span class='ocrx_word' id='word_1_265' title='bbox 1333 2146 1347 2197; x_wconf 90' lang='lat'><strong><em>;</em></strong></span> <span class='ocrx_word' id='word_1_266' title='bbox 1406 2153 1425 2178; x_wconf 77' lang='grc' dir='ltr'><strong><em>ι</em></strong></span> <span class='ocrx_word' id='word_1_267' title='bbox 1469 2137 1525 2187; x_wconf 90' lang='lat' dir='ltr'><strong><em>et</em></strong></span> <span class='ocrx_word' id='word_1_268' title='bbox 1553 2131 1652 2187; x_wconf 90' lang='lat' dir='ltr'><strong><em>illo</em></strong></span> <span class='ocrx_word' id='word_1_269' title='bbox 1681 2139 1864 2204; x_wconf 90' lang='lat' dir='ltr'><strong><em>spreto</em></strong></span> <span class='ocrx_word' id='word_1_270' title='bbox 1889 2139 2053 2205; x_wconf 90' lang='lat' dir='ltr'><strong><em>atque</em></strong></span> 
     </span>
    </p>
   </div>
   <div class='ocr_carea' id='block_1_39' title="bbox 456 2212 2052 2294">
    <p class='ocr_par' dir='ltr' id='par_1_39' title="bbox 456 2212 2052 2294">
     <span class='ocr_line' id='line_1_40' title="bbox 456 2212 2052 2294; baseline 0.006 -25"><span class='ocrx_word' id='word_1_271' title='bbox 456 2212 735 2287; x_wconf 89' lang='lat' dir='ltr'><strong><em>despecto,</em></strong></span> <span class='ocrx_word' id='word_1_272' title='bbox 766 2215 938 2271; x_wconf 90' lang='lat' dir='ltr'><strong><em>alium</em></strong></span> <span class='ocrx_word' id='word_1_273' title='bbox 986 2215 1171 2288; x_wconf 88' lang='lat' dir='ltr'><strong><em>potius</em></strong></span> <span class='ocrx_word' id='word_1_274' title='bbox 1196 2223 1468 2275; x_wconf 89' lang='lat' dir='ltr'><strong><em>tacentem</em></strong></span> <span class='ocrx_word' id='word_1_275' title='bbox 1498 2235 1600 2277; x_wconf 89' lang='lat' dir='ltr'><strong><em>nec</em></strong></span> <span class='ocrx_word' id='word_1_276' title='bbox 1626 2220 2052 2294; x_wconf 89' lang='lat' dir='ltr'><strong><em>opinantemque</em></strong></span> 
     </span>
    </p>
   </div>
   <div class='ocr_carea' id='block_1_40' title="bbox 456 2303 2050 2382">
    <p class='ocr_par' dir='ltr' id='par_1_40' title="bbox 456 2303 2050 2382">
     <span class='ocr_line' id='line_1_41' title="bbox 456 2303 2050 2382; baseline 0.004 -22"><span class='ocrx_word' id='word_1_277' title='bbox 456 2303 777 2376; x_wconf 81' lang='lat' dir='ltr'><strong><em>delegerit?</em></strong></span> <span class='ocrx_word' id='word_1_278' title='bbox 824 2305 895 2363; x_wconf 91' lang='lat' dir='ltr'><strong><em>Et</em></strong></span> <span class='ocrx_word' id='word_1_279' title='bbox 936 2322 1064 2362; x_wconf 91' lang='lat' dir='ltr'><strong><em>cum</em></strong></span> <span class='ocrx_word' id='word_1_280' title='bbox 1123 2306 1312 2381; x_wconf 91' lang='lat' dir='ltr'><strong><em>utique</em></strong></span> <span class='ocrx_word' id='word_1_281' title='bbox 1361 2308 1638 2382; x_wconf 88' lang='lat' dir='ltr'><strong><em>acceptius</em></strong></span> <span class='ocrx_word' id='word_1_282' title='bbox 1673 2309 2050 2367; x_wconf 87' lang='lat' dir='ltr'><strong><em>voluntarium</em></strong></span> 
     </span>
    </p>
   </div>
   <div class='ocr_carea' id='block_1_41' title="bbox 457 2390 2050 2469">
    <p class='ocr_par' dir='ltr' id='par_1_41' title="bbox 457 2390 2050 2469">
     <span class='ocr_line' id='line_1_42' title="bbox 457 2390 2050 2469; baseline 0.004 -21"><span class='ocrx_word' id='word_1_283' title='bbox 457 2390 781 2466; x_wconf 90' lang='lat' dir='ltr'><strong><em>obsequium</em></strong></span> <span class='ocrx_word' id='word_1_284' title='bbox 810 2408 924 2451; x_wconf 87' lang='lat' dir='ltr'><strong><em>esse</em></strong></span> <span class='ocrx_word' id='word_1_285' title='bbox 956 2395 1147 2463; x_wconf 85' lang='lat' dir='ltr'><strong><em>soleat,</em></strong></span> <span class='ocrx_word' id='word_1_286' title='bbox 1169 2411 1331 2469; x_wconf 89' lang='lat' dir='ltr'><strong><em>quam</em></strong></span> <span class='ocrx_word' id='word_1_287' title='bbox 1362 2405 1649 2466; x_wconf 88' lang='lat' dir='ltr'><strong><em>coactum;</em></strong></span> <span class='ocrx_word' id='word_1_288' title='bbox 1682 2407 1737 2455; x_wconf 89' lang='lat' dir='ltr'><strong><em>et</em></strong></span> <span class='ocrx_word' id='word_1_289' title='bbox 1761 2398 2050 2456; x_wconf 87' lang='lat' dir='ltr'><strong><em>servitium</em></strong></span> 
     </span>
    </p>
   </div>
   <div class='ocr_carea' id='block_1_42' title="bbox 456 2483 2051 2561">
    <p class='ocr_par' dir='ltr' id='par_1_42' title="bbox 456 2483 2051 2561">
     <span class='ocr_line' id='line_1_43' title="bbox 456 2483 2051 2561; baseline 0.005 -23"><span class='ocrx_word' id='word_1_290' title='bbox 456 2483 583 2556; x_wconf 91' lang='lat' dir='ltr'><strong><em>plus</em></strong></span> <span class='ocrx_word' id='word_1_291' title='bbox 612 2484 820 2555; x_wconf 87' lang='lat' dir='ltr'><strong><em>placeat</em></strong></span> <span class='ocrx_word' id='word_1_292' title='bbox 876 2500 990 2540; x_wconf 91' lang='lat' dir='ltr'><strong><em>non</em></strong></span> <span class='ocrx_word' id='word_1_293' title='bbox 1017 2485 1164 2557; x_wconf 91' lang='lat' dir='ltr'><strong><em>quod</em></strong></span> <span class='ocrx_word' id='word_1_294' title='bbox 1193 2486 1427 2558; x_wconf 89' lang='lat' dir='ltr'><strong><em>imperio</em></strong></span> <span class='ocrx_word' id='word_1_295' title='bbox 1457 2486 1720 2561; x_wconf 82' lang='lat' dir='ltr'><strong><em>exigitur,</em></strong></span> <span class='ocrx_word' id='word_1_296' title='bbox 1776 2488 1873 2544; x_wconf 93' lang='lat' dir='ltr'><strong><em>sed</em></strong></span> <span class='ocrx_word' id='word_1_297' title='bbox 1903 2488 2051 2561; x_wconf 90' lang='lat' dir='ltr'><strong><em>quod</em></strong></span> 
     </span>
    </p>
   </div>
   <div class='ocr_carea' id='block_1_43' title="bbox 455 2572 2053 2650">
    <p class='ocr_par' dir='ltr' id='par_1_43' title="bbox 455 2572 2053 2650">
     <span class='ocr_line' id='line_1_44' title="bbox 455 2572 2053 2650; baseline 0.003 -21"><span class='ocrx_word' id='word_1_298' title='bbox 455 2580 651 2646; x_wconf 86' lang='lat' dir='ltr'><strong><em>sponte</em></strong></span> <span class='ocrx_word' id='word_1_299' title='bbox 688 2572 971 2631; x_wconf 85' lang='lat' dir='ltr'><strong><em>defertur:</em></strong></span> <span class='ocrx_word' id='word_1_300' title='bbox 1003 2592 1104 2632; x_wconf 88' lang='lat' dir='ltr'><strong><em>cur</em></strong></span> <span class='ocrx_word' id='word_1_301' title='bbox 1138 2590 1266 2648; x_wconf 89' lang='lat' dir='ltr'><strong><em>ergo</em></strong></span> <span class='ocrx_word' id='word_1_302' title='bbox 1295 2576 1399 2633; x_wconf 91' lang='lat' dir='ltr'><strong><em>iste</em></strong></span> <span class='ocrx_word' id='word_1_303' title='bbox 1424 2578 1722 2650; x_wconf 86' lang='lat' dir='ltr'><strong><em>respuitur,</em></strong></span> <span class='ocrx_word' id='word_1_304' title='bbox 1764 2594 1863 2636; x_wconf 89' lang='lat' dir='ltr'><strong><em>cur</em></strong></span> <span class='ocrx_word' id='word_1_305' title='bbox 1900 2579 2053 2633; x_wconf 90' lang='lat' dir='ltr'><strong><em>velut</em></strong></span> 
     </span>
    </p>
   </div>
   <div class='ocr_carea' id='block_1_44' title="bbox 457 2659 2051 2734">
    <p class='ocr_par' dir='ltr' id='par_1_44' title="bbox 457 2659 2051 2734">
     <span class='ocr_line' id='line_1_45' title="bbox 457 2659 2051 2734; baseline 0.008 -17"><span class='ocrx_word' id='word_1_306' title='bbox 457 2659 719 2734; x_wconf 89' lang='lat' dir='ltr'><strong><em>indignus</em></strong></span> <span class='ocrx_word' id='word_1_307' title='bbox 748 2663 916 2718; x_wconf 89' lang='lat' dir='ltr'><strong><em>etiam</em></strong></span> <span class='ocrx_word' id='word_1_308' title='bbox 956 2671 1242 2720; x_wconf 87' lang='lat' dir='ltr'><strong><em>recusatur</em></strong></span> <span class='ocrx_word' id='word_1_309' title='bbox 1267 2665 1296 2722; x_wconf 70' lang='lat'><strong>7</strong></span> <span class='ocrx_word' id='word_1_310' title='bbox 1326 2665 1421 2721; x_wconf 87' lang='lat' dir='ltr'><strong><em>Ait</em></strong></span> <span class='ocrx_word' id='word_1_311' title='bbox 1468 2666 1616 2723; x_wconf 89' lang='lat' dir='ltr'><strong><em>enim</em></strong></span> <span class='ocrx_word' id='word_1_312' title='bbox 1646 2666 1715 2723; x_wconf 89' lang='lat' dir='ltr'><strong><em>ad</em></strong></span> <span class='ocrx_word' id='word_1_313' title='bbox 1749 2683 1875 2724; x_wconf 88' lang='lat' dir='ltr'><strong><em>eum</em></strong></span> <span class='ocrx_word' id='word_1_314' title='bbox 1904 2672 2051 2730; x_wconf 74' lang='lat'><strong><em>445</em></strong></span> 
     </span>
    </p>
   </div>
   <div class='ocr_carea' id='block_1_45' title="bbox 463 2761 2051 2835">
    <p class='ocr_par' dir='ltr' id='par_1_45' title="bbox 463 2761 2051 2835">
     <span class='ocr_line' id='line_1_46' title="bbox 463 2761 2051 2835; baseline 0.002 -17"><span class='ocrx_word' id='word_1_315' title='bbox 463 2761 734 2818; x_wconf 88' lang='lat' dir='ltr'><strong><em>Dominus</em></strong></span> <span class='ocrx_word' id='word_1_316' title='bbox 760 2779 772 2818; x_wconf 94' lang='lat'><strong><em>:</em></strong></span> <span class='ocrx_word' id='word_1_317' title='bbox 819 2787 838 2810; x_wconf 76' lang='grc' dir='ltr'>ι</span> <span class='ocrx_word' id='word_1_318' title='bbox 867 2762 1077 2835; x_wconf 82' lang='lat' dir='ltr'><strong><em>Vulpes</em></strong></span> <span class='ocrx_word' id='word_1_319' title='bbox 1097 2763 1282 2820; x_wconf 84' lang='lat' dir='ltr'><strong><em>foveas</em></strong></span> <span class='ocrx_word' id='word_1_320' title='bbox 1311 2762 1535 2835; x_wconf 87' lang='lat' dir='ltr'><strong><em>habent,</em></strong></span> <span class='ocrx_word' id='word_1_321' title='bbox 1571 2774 1626 2823; x_wconf 90' lang='lat' dir='ltr'><strong><em>et</em></strong></span> <span class='ocrx_word' id='word_1_322' title='bbox 1654 2767 1907 2822; x_wconf 86' lang='lat' dir='ltr'><strong><em>volucres</em></strong></span> <span class='ocrx_word' id='word_1_323' title='bbox 1925 2764 2051 2824; x_wconf 76' lang='lat' dir='ltr'><strong><em>cmli</em></strong></span> 
     </span>
    </p>
   </div>
   <div class='ocr_carea' id='block_1_46' title="bbox 455 2847 2052 2929">
    <p class='ocr_par' dir='ltr' id='par_1_46' title="bbox 455 2847 2052 2929">
     <span class='ocr_line' id='line_1_47' title="bbox 455 2847 2052 2929; baseline 0.005 -24"><span class='ocrx_word' id='word_1_324' title='bbox 455 2847 620 2906; x_wconf 87' lang='lat' dir='ltr'><strong><em>nidos</em></strong></span> <span class='ocrx_word' id='word_1_325' title='bbox 652 2869 663 2907; x_wconf 89' lang='lat'><strong><em>:</em></strong></span> <span class='ocrx_word' id='word_1_326' title='bbox 697 2850 875 2907; x_wconf 89' lang='lat' dir='ltr'><strong><em>Filius</em></strong></span> <span class='ocrx_word' id='word_1_327' title='bbox 902 2860 1086 2909; x_wconf 89' lang='lat' dir='ltr'><strong><em>autem</em></strong></span> <span class='ocrx_word' id='word_1_328' title='bbox 1118 2853 1361 2912; x_wconf 89' lang='lat' dir='ltr'><strong><em>hominis</em></strong></span> <span class='ocrx_word' id='word_1_329' title='bbox 1388 2871 1501 2913; x_wconf 89' lang='lat' dir='ltr'><strong><em>non</em></strong></span> <span class='ocrx_word' id='word_1_330' title='bbox 1540 2855 1726 2926; x_wconf 86' lang='lat' dir='ltr'><strong><em>habet,</em></strong></span> <span class='ocrx_word' id='word_1_331' title='bbox 1756 2855 1853 2913; x_wconf 92' lang='lat' dir='ltr'><strong><em>ubi</em></strong></span> <span class='ocrx_word' id='word_1_332' title='bbox 1887 2862 2052 2929; x_wconf 88' lang='lat' dir='ltr'><strong><em>caput</em></strong></span> 
     </span>
    </p>
   </div>
   <div class='ocr_carea' id='block_1_47' title="bbox 459 2938 1076 3012">
    <p class='ocr_par' dir='ltr' id='par_1_47' title="bbox 459 2938 1076 3012">
     <span class='ocr_line' id='line_1_48' title="bbox 459 2938 1076 3012; baseline 0.005 -19"><span class='ocrx_word' id='word_1_333' title='bbox 459 2938 689 2995; x_wconf 91' lang='lat' dir='ltr'><strong><em>reclinet</em></strong></span> <span class='ocrx_word' id='word_1_334' title='bbox 721 2940 884 3011; x_wconf 87' lang='lat' dir='ltr'><strong><em>(Ibid.</em></strong></span> <span class='ocrx_word' id='word_1_335' title='bbox 909 2940 1027 3012; x_wconf 82' lang='lat'><strong><em>58).</em></strong></span> <span class='ocrx_word' id='word_1_336' title='bbox 1057 2965 1076 2989; x_wconf 78' lang='grc' dir='ltr'>ι</span> 
     </span>
    </p>
   </div>
   <div class='ocr_carea' id='block_1_48' title="bbox 524 3028 2046 3104">
    <p class='ocr_par' dir='ltr' id='par_1_48' title="bbox 524 3028 2046 3104">
     <span class='ocr_line' id='line_1_49' title="bbox 524 3028 2046 3104; baseline 0.003 -20"><span class='ocrx_word' id='word_1_337' title='bbox 524 3028 602 3104; x_wconf 47' lang='grc'><strong><em>2.-</em></strong></span> <span class='ocrx_word' id='word_1_338' title='bbox 638 3029 885 3085; x_wconf 89' lang='lat' dir='ltr'><strong><em>Primum</em></strong></span> <span class='ocrx_word' id='word_1_339' title='bbox 938 3029 1122 3104; x_wconf 91' lang='lat' dir='ltr'><strong><em>itaque</em></strong></span> <span class='ocrx_word' id='word_1_340' title='bbox 1178 3029 1284 3088; x_wconf 90' lang='lat' dir='ltr'><strong><em>hoc</em></strong></span> <span class='ocrx_word' id='word_1_341' title='bbox 1336 3032 1685 3104; x_wconf 86' lang='lat' dir='ltr'><strong><em>considerare</em></strong></span> <span class='ocrx_word' id='word_1_342' title='bbox 1761 3031 2046 3104; x_wconf 75' lang='lat' dir='ltr'><strong><em>debemus,</em></strong></span> 
     </span>
    </p>
   </div>
   <div class='ocr_carea' id='block_1_49' title="bbox 456 3098 2051 3177">
    <p class='ocr_par' dir='ltr' id='par_1_49' title="bbox 456 3098 2051 3177">
     <span class='ocr_line' id='line_1_50' title="bbox 456 3098 2051 3177; baseline 0.004 -21"><span class='ocrx_word' id='word_1_343' title='bbox 456 3100 606 3173; x_wconf 88' lang='lat' dir='ltr'><strong><em>quod</em></strong></span> <span class='ocrx_word' id='word_1_344' title='bbox 653 3116 764 3157; x_wconf 91' lang='lat' dir='ltr'><strong><em>non</em></strong></span> <span class='ocrx_word' id='word_1_345' title='bbox 794 3110 878 3159; x_wconf 89' lang='lat' dir='ltr'><strong><em>est</em></strong></span> <span class='ocrx_word' id='word_1_346' title='bbox 931 3098 1183 3175; x_wconf 76' lang='lat' dir='ltr'><strong><em>acceptor</em></strong></span> <span class='ocrx_word' id='word_1_347' title='bbox 1229 3102 1501 3160; x_wconf 91' lang='lat' dir='ltr'><strong><em>Dominus</em></strong></span> <span class='ocrx_word' id='word_1_348' title='bbox 1548 3098 1904 3176; x_wconf 74' lang='lat' dir='ltr'><strong><em>personarum</em></strong></span> <span class='ocrx_word' id='word_1_349' title='bbox 1945 3098 2051 3177; x_wconf 83' lang='lat' dir='ltr'><strong><em>(est</em></strong></span> 
     </span>
    </p>
   </div>
   <div class='ocr_carea' id='block_1_50' title="bbox 2161 1940 3766 2015">
    <p class='ocr_par' dir='ltr' id='par_1_50' title="bbox 2161 1940 3766 2015">
     <span class='ocr_line' id='line_1_51' title="bbox 2161 1940 3766 2015; baseline 0.001 -16"><span class='ocrx_word' id='word_1_350' title='bbox 2161 1960 2283 1999; x_wconf 91' lang='lat' dir='ltr'><strong><em>mor</em></strong></span> <span class='ocrx_word' id='word_1_351' title='bbox 2310 1950 2393 1999; x_wconf 91' lang='lat' dir='ltr'><strong><em>est</em></strong></span> <span class='ocrx_word' id='word_1_352' title='bbox 2414 1942 2737 1999; x_wconf 89' lang='lat' dir='ltr'><strong><em>Salvatoris.</em></strong></span> <span class='ocrx_word' id='word_1_353' title='bbox 2770 1942 3039 2000; x_wconf 86' lang='lat' dir='ltr'><strong><em>Audierat</em></strong></span> <span class='ocrx_word' id='word_1_354' title='bbox 3071 1942 3237 1999; x_wconf 90' lang='lat' dir='ltr'><strong><em>etiam</em></strong></span> <span class='ocrx_word' id='word_1_355' title='bbox 3267 1940 3635 2015; x_wconf 88' lang='lat' dir='ltr'><strong><em>Evangelium</em></strong></span> <span class='ocrx_word' id='word_1_356' title='bbox 3653 1944 3766 2000; x_wconf 53' lang='lat' dir='ltr'><strong><em>Do.</em></strong></span> 
     </span>
    </p>
   </div>
   <div class='ocr_carea' id='block_1_51' title="bbox 2162 2031 3763 2105">
    <p class='ocr_par' dir='ltr' id='par_1_51' title="bbox 2162 2031 3763 2105">
     <span class='ocr_line' id='line_1_52' title="bbox 2162 2031 3763 2105; baseline -0.001 -16"><span class='ocrx_word' id='word_1_357' title='bbox 2162 2032 2337 2089; x_wconf 90' lang='lat' dir='ltr'><strong><em>mini:</em></strong></span> <span class='ocrx_word' id='word_1_358' title='bbox 2387 2057 2405 2081; x_wconf 78' lang='grc' dir='ltr'>ι</span> <span class='ocrx_word' id='word_1_359' title='bbox 2433 2031 2539 2099; x_wconf 88' lang='lat' dir='ltr'><strong><em>Qui</em></strong></span> <span class='ocrx_word' id='word_1_360' title='bbox 2569 2031 2693 2105; x_wconf 90' lang='lat' dir='ltr'><strong><em>plus</em></strong></span> <span class='ocrx_word' id='word_1_361' title='bbox 2720 2031 2980 2089; x_wconf 83' lang='lat' dir='ltr'><strong><em>dilexerit</em></strong></span> <span class='ocrx_word' id='word_1_362' title='bbox 3008 2039 3217 2104; x_wconf 89' lang='lat' dir='ltr'><strong><em>patrem</em></strong></span> <span class='ocrx_word' id='word_1_363' title='bbox 3245 2039 3342 2089; x_wconf 89' lang='lat' dir='ltr'><strong><em>aut</em></strong></span> <span class='ocrx_word' id='word_1_364' title='bbox 3371 2040 3621 2101; x_wconf 88' lang='lat' dir='ltr'><strong><em>matrem,</em></strong></span> <span class='ocrx_word' id='word_1_365' title='bbox 3645 2047 3763 2089; x_wconf 91' lang='lat' dir='ltr'><strong><em>non</em></strong></span> 
     </span>
    </p>
   </div>
   <div class='ocr_carea' id='block_1_52' title="bbox 2161 2120 3124 2193">
    <p class='ocr_par' dir='ltr' id='par_1_52' title="bbox 2161 2120 3124 2193">
     <span class='ocr_line' id='line_1_53' title="bbox 2161 2120 3124 2193; baseline -0.008 -15"><span class='ocrx_word' id='word_1_366' title='bbox 2161 2130 2244 2178; x_wconf 86' lang='lat' dir='ltr'><strong><em>est</em></strong></span> <span class='ocrx_word' id='word_1_367' title='bbox 2273 2137 2357 2178; x_wconf 93' lang='lat' dir='ltr'><strong><em>me</em></strong></span> <span class='ocrx_word' id='word_1_368' title='bbox 2385 2120 2586 2193; x_wconf 89' lang='lat' dir='ltr'><strong><em>dignus</em></strong></span> <span class='ocrx_word' id='word_1_369' title='bbox 2617 2122 2830 2193; x_wconf 81' lang='lat' dir='ltr'><strong><em>(Matth.</em></strong></span> <span class='ocrx_word' id='word_1_370' title='bbox 2869 2137 2929 2190; x_wconf 84' lang='lat' dir='ltr'><strong><em>x,</em></strong></span> <span class='ocrx_word' id='word_1_371' title='bbox 2957 2120 3073 2193; x_wconf 91' lang='lat'><strong><em>37).</em></strong></span> <span class='ocrx_word' id='word_1_372' title='bbox 3106 2145 3124 2170; x_wconf 73' lang='grc' dir='ltr'><strong>ι</strong></span> 
     </span>
    </p>
   </div>
   <div class='ocr_carea' id='block_1_53' title="bbox 2231 2207 3763 2285">
    <p class='ocr_par' dir='ltr' id='par_1_53' title="bbox 2231 2207 3763 2285">
     <span class='ocr_line' id='line_1_54' title="bbox 2231 2207 3763 2285; baseline 0.003 -20"><span class='ocrx_word' id='word_1_373' title='bbox 2231 2209 2284 2266; x_wconf 72' lang='grc'><strong>4.</strong></span> <span class='ocrx_word' id='word_1_374' title='bbox 2328 2211 2409 2266; x_wconf 90' lang='lat' dir='ltr'><strong><em>Ita</em></strong></span> <span class='ocrx_word' id='word_1_375' title='bbox 2462 2226 2590 2268; x_wconf 92' lang='lat' dir='ltr'><strong><em>cum</em></strong></span> <span class='ocrx_word' id='word_1_376' title='bbox 2645 2208 2845 2266; x_wconf 87' lang='lat' dir='ltr'><strong><em>Tobias</em></strong></span> <span class='ocrx_word' id='word_1_377' title='bbox 2893 2207 3253 2281; x_wconf 87' lang='lat' dir='ltr'><strong><em>justiﬁcetur,</em></strong></span> <span class='ocrx_word' id='word_1_378' title='bbox 3311 2225 3413 2270; x_wconf 90' lang='lat' dir='ltr'><strong><em>cur</em></strong></span> <span class='ocrx_word' id='word_1_379' title='bbox 3460 2210 3763 2285; x_wconf 63' lang='lat' dir='ltr'><strong><em>sepultura</em></strong></span> 
     </span>
    </p>
   </div>
   <div class='ocr_carea' id='block_1_54' title="bbox 2160 2298 3763 2374">
    <p class='ocr_par' dir='ltr' id='par_1_54' title="bbox 2160 2298 3763 2374">
     <span class='ocr_line' id='line_1_55' title="bbox 2160 2298 3763 2374; baseline 0.002 -17"><span class='ocrx_word' id='word_1_380' title='bbox 2160 2316 2322 2357; x_wconf 86' lang='lat' dir='ltr'><strong><em>causa</em></strong></span> <span class='ocrx_word' id='word_1_381' title='bbox 2356 2299 2649 2373; x_wconf 89' lang='lat' dir='ltr'><strong><em>prandium</em></strong></span> <span class='ocrx_word' id='word_1_382' title='bbox 2679 2299 3040 2372; x_wconf 90' lang='lat' dir='ltr'><strong><em>dereliquerit</em></strong></span> <span class='ocrx_word' id='word_1_383' title='bbox 3072 2300 3229 2372; x_wconf 92' lang='lat' dir='ltr'><strong><em>(Tob.</em></strong></span> <span class='ocrx_word' id='word_1_384' title='bbox 3261 2317 3322 2370; x_wconf 81' lang='grc' dir='ltr'><strong><em>ιι,</em></strong></span> <span class='ocrx_word' id='word_1_385' title='bbox 3355 2299 3452 2371; x_wconf 88' lang='lat'><strong><em>3);</em></strong></span> <span class='ocrx_word' id='word_1_386' title='bbox 3504 2298 3595 2357; x_wconf 90' lang='lat' dir='ltr'><strong><em>hic</em></strong></span> <span class='ocrx_word' id='word_1_387' title='bbox 3632 2318 3763 2374; x_wconf 86' lang='lat' dir='ltr'><strong><em>pro-</em></strong></span> 
     </span>
    </p>
   </div>
   <div class='ocr_carea' id='block_1_55' title="bbox 2159 2388 3761 2463">
    <p class='ocr_par' dir='ltr' id='par_1_55' title="bbox 2159 2388 3761 2463">
     <span class='ocr_line' id='line_1_56' title="bbox 2159 2388 3761 2463; baseline 0.001 -17"><span class='ocrx_word' id='word_1_388' title='bbox 2159 2388 2339 2458; x_wconf 86' lang='lat' dir='ltr'><strong><em>batur,</em></strong></span> <span class='ocrx_word' id='word_1_389' title='bbox 2389 2406 2514 2447; x_wconf 91' lang='lat' dir='ltr'><strong><em>cum</em></strong></span> <span class='ocrx_word' id='word_1_390' title='bbox 2547 2406 2708 2447; x_wconf 85' lang='lat' dir='ltr'><strong><em>causa</em></strong></span> <span class='ocrx_word' id='word_1_391' title='bbox 2738 2388 2944 2447; x_wconf 90' lang='lat' dir='ltr'><strong><em>Christi</em></strong></span> <span class='ocrx_word' id='word_1_392' title='bbox 2976 2388 3150 2462; x_wconf 90' lang='lat' dir='ltr'><strong><em>patris</em></strong></span> <span class='ocrx_word' id='word_1_393' title='bbox 3186 2388 3474 2462; x_wconf 86' lang='lat' dir='ltr'><strong><em>reliquerit</em></strong></span> <span class='ocrx_word' id='word_1_394' title='bbox 3514 2390 3761 2463; x_wconf 83' lang='lat' dir='ltr'><strong><em>sepultu-</em></strong></span> 
     </span>
    </p>
   </div>
   <div class='ocr_carea' id='block_1_56' title="bbox 2158 2478 3760 2553">
    <p class='ocr_par' dir='ltr' id='par_1_56' title="bbox 2158 2478 3760 2553">
     <span class='ocr_line' id='line_1_57' title="bbox 2158 2478 3760 2553; baseline 0.001 -17"><span class='ocrx_word' id='word_1_395' title='bbox 2158 2496 2297 2536; x_wconf 90' lang='lat' dir='ltr'><strong><em>ram.</em></strong></span> <span class='ocrx_word' id='word_1_396' title='bbox 2322 2479 2419 2535; x_wconf 92' lang='lat' dir='ltr'><strong><em>Ille</em></strong></span> <span class='ocrx_word' id='word_1_397' title='bbox 2450 2478 2598 2535; x_wconf 90' lang='lat' dir='ltr'><strong><em>enim</em></strong></span> <span class='ocrx_word' id='word_1_398' title='bbox 2628 2495 2742 2535; x_wconf 91' lang='lat' dir='ltr'><strong><em>non</em></strong></span> <span class='ocrx_word' id='word_1_399' title='bbox 2767 2485 2989 2535; x_wconf 90' lang='lat' dir='ltr'><strong><em>veretur</em></strong></span> <span class='ocrx_word' id='word_1_400' title='bbox 3020 2493 3111 2547; x_wconf 91' lang='lat' dir='ltr'><strong><em>ne,</em></strong></span> <span class='ocrx_word' id='word_1_401' title='bbox 3135 2478 3540 2535; x_wconf 88' lang='lat' dir='ltr'><strong><em>interveniente</em></strong></span> <span class='ocrx_word' id='word_1_402' title='bbox 3567 2496 3760 2553; x_wconf 87' lang='lat' dir='ltr'><strong><em>opere,</em></strong></span> 
     </span>
    </p>
   </div>
   <div class='ocr_carea' id='block_1_57' title="bbox 2161 2567 3761 2643">
    <p class='ocr_par' dir='ltr' id='par_1_57' title="bbox 2161 2567 3761 2643">
     <span class='ocr_line' id='line_1_58' title="bbox 2161 2567 3761 2643; baseline 0.001 -18"><span class='ocrx_word' id='word_1_403' title='bbox 2161 2569 2364 2627; x_wconf 86' lang='lat' dir='ltr'><strong><em>terreni</em></strong></span> <span class='ocrx_word' id='word_1_404' title='bbox 2404 2568 2620 2642; x_wconf 88' lang='lat' dir='ltr'><strong><em>prandii</em></strong></span> <span class='ocrx_word' id='word_1_405' title='bbox 2665 2568 2854 2643; x_wconf 88' lang='lat' dir='ltr'><strong><em>epulas</em></strong></span> <span class='ocrx_word' id='word_1_406' title='bbox 2884 2567 3363 2643; x_wconf 66' lang='lat' dir='ltr'><strong><em>praetermitteret:</em></strong></span> <span class='ocrx_word' id='word_1_407' title='bbox 3415 2568 3507 2626; x_wconf 89' lang='lat' dir='ltr'><strong><em>hic</em></strong></span> <span class='ocrx_word' id='word_1_408' title='bbox 3555 2570 3761 2627; x_wconf 91' lang='lat' dir='ltr'><strong><em>metuit</em></strong></span> 
     </span>
    </p>
   </div>
   <div class='ocr_carea' id='block_1_58' title="bbox 2160 2657 3761 2730">
    <p class='ocr_par' dir='ltr' id='par_1_58' title="bbox 2160 2657 3761 2730">
     <span class='ocr_line' id='line_1_59' title="bbox 2160 2657 3761 2730; baseline 0 -14"><span class='ocrx_word' id='word_1_409' title='bbox 2160 2675 2249 2729; x_wconf 92' lang='lat' dir='ltr'><strong><em>ne,</em></strong></span> <span class='ocrx_word' id='word_1_410' title='bbox 2299 2659 2703 2717; x_wconf 87' lang='lat' dir='ltr'><strong><em>interveniente</em></strong></span> <span class='ocrx_word' id='word_1_411' title='bbox 2733 2675 2905 2729; x_wconf 88' lang='lat' dir='ltr'><strong><em>mora,</em></strong></span> <span class='ocrx_word' id='word_1_412' title='bbox 2948 2658 3304 2716; x_wconf 86' lang='lat' dir='ltr'><strong><em>refectionem</em></strong></span> <span class='ocrx_word' id='word_1_413' title='bbox 3333 2657 3492 2730; x_wconf 88' lang='lat' dir='ltr'><strong><em>panis</em></strong></span> <span class='ocrx_word' id='word_1_414' title='bbox 3518 2659 3761 2716; x_wconf 71' lang='lat' dir='ltr'><strong><em>scelestis</em></strong></span> 
     </span>
    </p>
   </div>
   <div class='ocr_carea' id='block_1_59' title="bbox 2160 2745 3756 2820">
    <p class='ocr_par' dir='ltr' id='par_1_59' title="bbox 2160 2745 3756 2820">
     <span class='ocr_line' id='line_1_60' title="bbox 2160 2745 3756 2820; baseline -0.002 -13"><span class='ocrx_word' id='word_1_415' title='bbox 2160 2747 2396 2807; x_wconf 90' lang='lat' dir='ltr'><strong><em>amittat.</em></strong></span> <span class='ocrx_word' id='word_1_416' title='bbox 2447 2747 2601 2804; x_wconf 91' lang='lat' dir='ltr'><strong><em>Unde</em></strong></span> <span class='ocrx_word' id='word_1_417' title='bbox 2638 2764 2765 2804; x_wconf 88' lang='lat' dir='ltr'><strong><em>cum</em></strong></span> <span class='ocrx_word' id='word_1_418' title='bbox 2810 2746 3017 2805; x_wconf 88' lang='lat' dir='ltr'><strong><em>Christi</em></strong></span> <span class='ocrx_word' id='word_1_419' title='bbox 3064 2745 3529 2818; x_wconf 89' lang='lat' dir='ltr'><strong><em>contemplatione</em></strong></span> <span class='ocrx_word' id='word_1_420' title='bbox 3574 2748 3756 2820; x_wconf 87' lang='lat' dir='ltr'><strong><em>sepul-</em></strong></span> 
     </span>
    </p>
   </div>
   <div class='ocr_carea' id='block_1_60' title="bbox 2160 2833 3758 2910">
    <p class='ocr_par' dir='ltr' id='par_1_60' title="bbox 2160 2833 3758 2910">
     <span class='ocr_line' id='line_1_61' title="bbox 2160 2833 3758 2910; baseline -0.002 -14"><span class='ocrx_word' id='word_1_421' title='bbox 2160 2848 2340 2898; x_wconf 89' lang='lat' dir='ltr'><strong><em>turam</em></strong></span> <span class='ocrx_word' id='word_1_422' title='bbox 2370 2837 2631 2895; x_wconf 90' lang='lat' dir='ltr'><strong><em>omnibus</em></strong></span> <span class='ocrx_word' id='word_1_423' title='bbox 2658 2835 2974 2907; x_wconf 88' lang='lat' dir='ltr'><strong><em>debeamus,</em></strong></span> <span class='ocrx_word' id='word_1_424' title='bbox 3005 2834 3098 2893; x_wconf 88' lang='lat' dir='ltr'><strong><em>hic</em></strong></span> <span class='ocrx_word' id='word_1_425' title='bbox 3126 2850 3312 2893; x_wconf 89' lang='lat' dir='ltr'><strong><em>amore</em></strong></span> <span class='ocrx_word' id='word_1_426' title='bbox 3340 2833 3549 2894; x_wconf 86' lang='lat' dir='ltr'><strong><em>Christi</em></strong></span> <span class='ocrx_word' id='word_1_427' title='bbox 3577 2838 3758 2910; x_wconf 89' lang='lat' dir='ltr'><strong><em>patris</em></strong></span> 
     </span>
    </p>
   </div>
   <div class='ocr_carea' id='block_1_61' title="bbox 2158 2928 2790 3001">
    <p class='ocr_par' dir='ltr' id='par_1_61' title="bbox 2158 2928 2790 3001">
     <span class='ocr_line' id='line_1_62' title="bbox 2158 2928 2790 3001; baseline -0.006 -14"><span class='ocrx_word' id='word_1_428' title='bbox 2158 2928 2401 2987; x_wconf 88' lang='lat' dir='ltr'><strong><em>deseruit</em></strong></span> <span class='ocrx_word' id='word_1_429' title='bbox 2432 2928 2790 3001; x_wconf 87' lang='lat' dir='ltr'><strong><em>sepulturam.</em></strong></span> 
     </span>
    </p>
   </div>
   <div class='ocr_carea' id='block_1_62' title="bbox 2228 3014 3750 3090">
    <p class='ocr_par' dir='ltr' id='par_1_62' title="bbox 2228 3014 3750 3090">
     <span class='ocr_line' id='line_1_63' title="bbox 2228 3014 3750 3090; baseline -0.001 -15"><span class='ocrx_word' id='word_1_430' title='bbox 2228 3018 2282 3075; x_wconf 81' lang='lat'><strong><em>5.</em></strong></span> <span class='ocrx_word' id='word_1_431' title='bbox 2324 3017 2696 3075; x_wconf 89' lang='lat' dir='ltr'><strong><em>Discutiamus</em></strong></span> <span class='ocrx_word' id='word_1_432' title='bbox 2723 3017 2907 3090; x_wconf 91' lang='lat' dir='ltr'><strong><em>itaque</em></strong></span> <span class='ocrx_word' id='word_1_433' title='bbox 2936 3015 3117 3089; x_wconf 90' lang='lat' dir='ltr'><strong><em>primo</em></strong></span> <span class='ocrx_word' id='word_1_434' title='bbox 3155 3014 3307 3072; x_wconf 90' lang='lat' dir='ltr'><strong><em>illius</em></strong></span> <span class='ocrx_word' id='word_1_435' title='bbox 3343 3014 3750 3089; x_wconf 88' lang='lat' dir='ltr'><strong><em>interpellatio-</em></strong></span> 
     </span>
    </p>
   </div>
   <div class='ocr_carea' id='block_1_63' title="bbox 2157 3104 3753 3180">
    <p class='ocr_par' dir='ltr' id='par_1_63' title="bbox 2157 3104 3753 3180">
     <span class='ocr_line' id='line_1_64' title="bbox 2157 3104 3753 3180; baseline -0.001 -16"><span class='ocrx_word' id='word_1_436' title='bbox 2157 3122 2282 3164; x_wconf 89' lang='lat' dir='ltr'><strong><em>nem</em></strong></span> <span class='ocrx_word' id='word_1_437' title='bbox 2314 3106 2834 3180; x_wconf 89' lang='lat' dir='ltr'><strong><em>responsionemque</em></strong></span> <span class='ocrx_word' id='word_1_438' title='bbox 2862 3105 3088 3161; x_wconf 91' lang='lat' dir='ltr'><strong><em>Domini</em></strong></span> <span class='ocrx_word' id='word_1_439' title='bbox 3116 3104 3434 3162; x_wconf 90' lang='lat' dir='ltr'><strong><em>Salvatoris.</em></strong></span> <span class='ocrx_word' id='word_1_440' title='bbox 3475 3105 3570 3161; x_wconf 78' lang='lat' dir='ltr'><strong><em>Ait</em></strong></span> <span class='ocrx_word' id='word_1_441' title='bbox 3597 3107 3753 3163; x_wconf 88' lang='lat' dir='ltr'><strong><em>enim</em></strong></span> 
     </span>
    </p>
   </div>
   <div class='ocr_carea' id='block_1_64' title="bbox 454 3194 3739 3290">
    <p class='ocr_par' dir='ltr' id='par_1_64' title="bbox 454 3194 3739 3290">
     <span class='ocr_line' id='line_1_65' title="bbox 454 3194 3739 3290; baseline -0.002 -39"><span class='ocrx_word' id='word_1_442' title='bbox 454 3194 605 3251; x_wconf 87' lang='lat' dir='ltr'><strong><em>enim</em></strong></span> <span class='ocrx_word' id='word_1_443' title='bbox 631 3212 821 3290; x_wconf 65' lang='lat' dir='ltr'><strong><em>aequus</em></strong></span> <span class='ocrx_word' id='word_1_444' title='bbox 851 3195 1028 3290; x_wconf 76' lang='lat' dir='ltr'><strong><em>judex</em></strong></span> <span class='ocrx_word' id='word_1_445' title='bbox 1056 3204 1110 3252; x_wconf 91' lang='lat' dir='ltr'><strong><em>et</em></strong></span> <span class='ocrx_word' id='word_1_446' title='bbox 1132 3194 1363 3290; x_wconf 64' lang='lat' dir='ltr'><strong><em>justus),</em></strong></span> <span class='ocrx_word' id='word_1_447' title='bbox 1391 3196 1486 3290; x_wconf 81' lang='lat' dir='ltr'><strong><em>sed</em></strong></span> <span class='ocrx_word' id='word_1_448' title='bbox 1515 3214 1613 3290; x_wconf 64' lang='lat' dir='ltr'><strong><em>pro</em></strong></span> <span class='ocrx_word' id='word_1_449' title='bbox 1641 3197 1905 3271; x_wconf 87' lang='lat' dir='ltr'><strong><em>qualitate</em></strong></span> <span class='ocrx_word' id='word_1_450' title='bbox 1935 3214 2048 3253; x_wconf 88' lang='lat' dir='ltr'><strong><em>mo-</em></strong></span> <span class='ocrx_word' id='word_1_451' title='bbox 2079 3229 2123 3290; x_wconf 66' lang='grc' dir='ltr'>ο</span> <span class='ocrx_word' id='word_1_452' title='bbox 2159 3198 2256 3290; x_wconf 65' lang='lat' dir='ltr'><strong><em>ille</em></strong></span> <span class='ocrx_word' id='word_1_453' title='bbox 2282 3216 2293 3253; x_wconf 95' lang='lat'><strong><em>:</em></strong></span> <span class='ocrx_word' id='word_1_454' title='bbox 2358 3222 2376 3245; x_wconf 80' lang='grc' dir='ltr'>ι</span> <span class='ocrx_word' id='word_1_455' title='bbox 2408 3197 2612 3290; x_wconf 77' lang='lat' dir='ltr'><strong><em>Sequar</em></strong></span> <span class='ocrx_word' id='word_1_456' title='bbox 2640 3204 2693 3253; x_wconf 92' lang='lat' dir='ltr'><strong><em>te</em></strong></span> <span class='ocrx_word' id='word_1_457' title='bbox 2721 3212 3050 3290; x_wconf 77' lang='lat' dir='ltr'><strong><em>quocunque</em></strong></span> <span class='ocrx_word' id='word_1_458' title='bbox 3074 3194 3521 3290; x_wconf 30' lang='lat' dir='ltr'><strong><em>ierisA(Luc.Jxx_,</em></strong></span> <span class='ocrx_word' id='word_1_459' title='bbox 3564 3195 3685 3290; x_wconf 74' lang='lat'><strong><em>_57).</em></strong></span> <span class='ocrx_word' id='word_1_460' title='bbox 3717 3221 3739 3246; x_wconf 75' lang='grc' dir='ltr'><strong>ι</strong></span> 
     </span>
    </p>
   </div>
   <div class='ocr_carea' id='block_1_65' title="bbox 457 3284 2043 3358">
    <p class='ocr_par' dir='ltr' id='par_1_65' title="bbox 457 3284 2043 3358">
     <span class='ocr_line' id='line_1_66' title="bbox 457 3284 2043 3358; baseline 0.001 -17"><span class='ocrx_word' id='word_1_461' title='bbox 457 3300 581 3341; x_wconf 88' lang='lat' dir='ltr'><strong><em>rum</em></strong></span> <span class='ocrx_word' id='word_1_462' title='bbox 644 3284 760 3358; x_wconf 88' lang='grc'><strong>(31)</strong></span> <span class='ocrx_word' id='word_1_463' title='bbox 818 3284 1082 3358; x_wconf 89' lang='lat' dir='ltr'><strong><em>rependat</em></strong></span> <span class='ocrx_word' id='word_1_464' title='bbox 1130 3284 1448 3343; x_wconf 90' lang='lat' dir='ltr'><strong><em>dilectionis</em></strong></span> <span class='ocrx_word' id='word_1_465' title='bbox 1497 3287 1756 3344; x_wconf 73' lang='lat' dir='ltr'><strong><em>affectum</em></strong></span> <span class='ocrx_word' id='word_1_466' title='bbox 1790 3303 1803 3342; x_wconf 95' lang='lat'><strong><em>:</em></strong></span> <span class='ocrx_word' id='word_1_467' title='bbox 1836 3294 1891 3344; x_wconf 89' lang='lat' dir='ltr'><strong><em>et</em></strong></span> <span class='ocrx_word' id='word_1_468' title='bbox 1918 3303 2043 3343; x_wconf 90' lang='lat' dir='ltr'><strong><em>eum</em></strong></span> 
     </span>
    </p>
   </div>
   <div class='ocr_carea' id='block_1_66' title="bbox 453 3376 2041 3452">
    <p class='ocr_par' dir='ltr' id='par_1_66' title="bbox 453 3376 2041 3452">
     <span class='ocr_line' id='line_1_67' title="bbox 453 3376 2041 3452; baseline 0.001 -19"><span class='ocrx_word' id='word_1_469' title='bbox 453 3376 620 3451; x_wconf 86' lang='lat' dir='ltr'><strong><em>eligat</em></strong></span> <span class='ocrx_word' id='word_1_470' title='bbox 670 3394 784 3434; x_wconf 90' lang='lat' dir='ltr'><strong><em>non</em></strong></span> <span class='ocrx_word' id='word_1_471' title='bbox 841 3378 937 3452; x_wconf 90' lang='lat' dir='ltr'><strong><em>qui</em></strong></span> <span class='ocrx_word' id='word_1_472' title='bbox 967 3376 1153 3435; x_wconf 86' lang='lat' dir='ltr'><strong><em>verbis</em></strong></span> <span class='ocrx_word' id='word_1_473' title='bbox 1187 3385 1494 3452; x_wconf 90' lang='lat' dir='ltr'><strong><em>promptus,</em></strong></span> <span class='ocrx_word' id='word_1_474' title='bbox 1540 3376 1837 3435; x_wconf 86' lang='lat' dir='ltr'><strong><em>devotione</em></strong></span> <span class='ocrx_word' id='word_1_475' title='bbox 1865 3378 2041 3451; x_wconf 90' lang='lat' dir='ltr'><strong><em>piger,</em></strong></span> 
     </span>
    </p>
   </div>
   <div class='ocr_carea' id='block_1_67' title="bbox 453 3465 2047 3540">
    <p class='ocr_par' dir='ltr' id='par_1_67' title="bbox 453 3465 2047 3540">
     <span class='ocr_line' id='line_1_68' title="bbox 453 3465 2047 3540; baseline 0.001 -18"><span class='ocrx_word' id='word_1_476' title='bbox 453 3465 548 3523; x_wconf 90' lang='lat' dir='ltr'><strong><em>sed</em></strong></span> <span class='ocrx_word' id='word_1_477' title='bbox 575 3466 671 3539; x_wconf 91' lang='lat' dir='ltr'><strong><em>qui</em></strong></span> <span class='ocrx_word' id='word_1_478' title='bbox 717 3466 888 3525; x_wconf 89' lang='lat' dir='ltr'><strong><em>fuerit</em></strong></span> <span class='ocrx_word' id='word_1_479' title='bbox 943 3467 1133 3540; x_wconf 87' lang='lat' dir='ltr'><strong><em>lingua</em></strong></span> <span class='ocrx_word' id='word_1_480' title='bbox 1185 3467 1405 3537; x_wconf 88' lang='lat' dir='ltr'><strong><em>tacitus,</em></strong></span> <span class='ocrx_word' id='word_1_481' title='bbox 1447 3474 1632 3524; x_wconf 89' lang='lat' dir='ltr'><strong><em>mente</em></strong></span> <span class='ocrx_word' id='word_1_482' title='bbox 1679 3466 1929 3537; x_wconf 90' lang='lat' dir='ltr'><strong><em>devotus,</em></strong></span> <span class='ocrx_word' id='word_1_483' title='bbox 1979 3466 2047 3524; x_wconf 92' lang='lat' dir='ltr'><strong><em>de</em></strong></span> 
     </span>
    </p>
   </div>
   <div class='ocr_carea' id='block_1_68' title="bbox 452 3555 2047 3631">
    <p class='ocr_par' dir='ltr' id='par_1_68' title="bbox 452 3555 2047 3631">
     <span class='ocr_line' id='line_1_69' title="bbox 452 3555 2047 3631; baseline 0.001 -19"><span class='ocrx_word' id='word_1_484' title='bbox 452 3571 563 3629; x_wconf 89' lang='lat' dir='ltr'><strong><em>quo</em></strong></span> <span class='ocrx_word' id='word_1_485' title='bbox 591 3555 730 3614; x_wconf 91' lang='lat' dir='ltr'><strong><em>dicit</em></strong></span> <span class='ocrx_word' id='word_1_486' title='bbox 784 3557 1049 3630; x_wconf 88' lang='lat' dir='ltr'><strong><em>propheta</em></strong></span> <span class='ocrx_word' id='word_1_487' title='bbox 1082 3576 1094 3614; x_wconf 91' lang='lat'><strong><em>:</em></strong></span> <span class='ocrx_word' id='word_1_488' title='bbox 1142 3583 1161 3607; x_wconf 77' lang='grc' dir='ltr'>ι</span> <span class='ocrx_word' id='word_1_489' title='bbox 1190 3558 1441 3616; x_wconf 90' lang='lat' dir='ltr'><strong><em>Tacitum</em></strong></span> <span class='ocrx_word' id='word_1_490' title='bbox 1491 3566 1546 3615; x_wconf 90' lang='lat' dir='ltr'><strong><em>te</em></strong></span> <span class='ocrx_word' id='word_1_491' title='bbox 1575 3558 1803 3628; x_wconf 91' lang='lat' dir='ltr'><strong><em>faciens,</em></strong></span> <span class='ocrx_word' id='word_1_492' title='bbox 1833 3557 2047 3631; x_wconf 87' lang='lat' dir='ltr'><strong><em>sapiens</em></strong></span> 
     </span>
    </p>
   </div>
   <div class='ocr_carea' id='block_1_69' title="bbox 458 3645 2046 3721">
    <p class='ocr_par' dir='ltr' id='par_1_69' title="bbox 458 3645 2046 3721">
     <span class='ocr_line' id='line_1_70' title="bbox 458 3645 2046 3721; baseline 0.001 -19"><span class='ocrx_word' id='word_1_493' title='bbox 458 3645 735 3702; x_wconf 88' lang='lat' dir='ltr'><strong><em>videberis</em></strong></span> <span class='ocrx_word' id='word_1_494' title='bbox 765 3647 952 3718; x_wconf 83' lang='lat' dir='ltr'><strong><em>(Prov.</em></strong></span> <span class='ocrx_word' id='word_1_495' title='bbox 987 3664 1130 3717; x_wconf 88' lang='lat' dir='ltr'><strong><em>xvu,</em></strong></span> <span class='ocrx_word' id='word_1_496' title='bbox 1160 3647 1276 3721; x_wconf 78' lang='lat'><strong><em>28).</em></strong></span> <span class='ocrx_word' id='word_1_497' title='bbox 1304 3672 1323 3697; x_wconf 80' lang='grc'>›</span> <span class='ocrx_word' id='word_1_498' title='bbox 1366 3649 1447 3704; x_wconf 89' lang='lat' dir='ltr'><strong><em>De</em></strong></span> <span class='ocrx_word' id='word_1_499' title='bbox 1488 3647 1588 3704; x_wconf 90' lang='lat' dir='ltr'><strong><em>illo</em></strong></span> <span class='ocrx_word' id='word_1_500' title='bbox 1616 3654 1800 3704; x_wconf 86' lang='lat' dir='ltr'><strong><em>autem</em></strong></span> <span class='ocrx_word' id='word_1_501' title='bbox 1832 3646 1925 3720; x_wconf 91' lang='lat' dir='ltr'><strong><em>qui</em></strong></span> <span class='ocrx_word' id='word_1_502' title='bbox 1958 3663 2046 3720; x_wconf 88' lang='lat' dir='ltr'><strong><em>pe-</em></strong></span> 
     </span>
    </p>
   </div>
   <div class='ocr_carea' id='block_1_70' title="bbox 451 3732 2047 3812">
    <p class='ocr_par' dir='ltr' id='par_1_70' title="bbox 451 3732 2047 3812">
     <span class='ocr_line' id='line_1_71' title="bbox 451 3732 2047 3812; baseline 0 -18"><span class='ocrx_word' id='word_1_503' title='bbox 451 3737 694 3794; x_wconf 81' lang='lat' dir='ltr'><strong><em>tulanter</em></strong></span> <span class='ocrx_word' id='word_1_504' title='bbox 733 3732 1003 3809; x_wconf 85' lang='lat' dir='ltr'><strong><em>loquitur,</em></strong></span> <span class='ocrx_word' id='word_1_505' title='bbox 1059 3738 1227 3795; x_wconf 89' lang='lat' dir='ltr'><strong><em>refert</em></strong></span> <span class='ocrx_word' id='word_1_506' title='bbox 1272 3738 1600 3812; x_wconf 88' lang='lat' dir='ltr'><strong><em>Scriptura:</em></strong></span> <span class='ocrx_word' id='word_1_507' title='bbox 1652 3762 1670 3785; x_wconf 78' lang='grc' dir='ltr'>ι</span> <span class='ocrx_word' id='word_1_508' title='bbox 1702 3740 1821 3796; x_wconf 87' lang='lat' dir='ltr'><strong><em>Non</em></strong></span> <span class='ocrx_word' id='word_1_509' title='bbox 1865 3739 2047 3795; x_wconf 90' lang='lat' dir='ltr'><strong><em>omnis</em></strong></span> 
     </span>
    </p>
   </div>
   <div class='ocr_carea' id='block_1_71' title="bbox 451 3823 2045 3898">
    <p class='ocr_par' dir='ltr' id='par_1_71' title="bbox 451 3823 2045 3898">
     <span class='ocr_line' id='line_1_72' title="bbox 451 3823 2045 3898; baseline 0.003 -18"><span class='ocrx_word' id='word_1_510' title='bbox 451 3824 548 3898; x_wconf 89' lang='lat' dir='ltr'><strong><em>qui</em></strong></span> <span class='ocrx_word' id='word_1_511' title='bbox 575 3823 715 3881; x_wconf 88' lang='lat' dir='ltr'><strong><em>dicit</em></strong></span> <span class='ocrx_word' id='word_1_512' title='bbox 770 3824 932 3895; x_wconf 90' lang='lat' dir='ltr'><strong><em>mihi,</em></strong></span> <span class='ocrx_word' id='word_1_513' title='bbox 968 3825 1226 3896; x_wconf 89' lang='lat' dir='ltr'><strong><em>Domine,</em></strong></span> <span class='ocrx_word' id='word_1_514' title='bbox 1284 3828 1541 3894; x_wconf 89' lang='lat' dir='ltr'><strong><em>Domine,</em></strong></span> <span class='ocrx_word' id='word_1_515' title='bbox 1599 3827 1830 3884; x_wconf 88' lang='lat' dir='ltr'><strong><em>intrabit</em></strong></span> <span class='ocrx_word' id='word_1_516' title='bbox 1878 3827 1937 3885; x_wconf 92' lang='lat' dir='ltr'><strong><em>in</em></strong></span> <span class='ocrx_word' id='word_1_517' title='bbox 1964 3844 2045 3885; x_wconf 89' lang='lat' dir='ltr'><strong><em>re-</em></strong></span> 
     </span>
    </p>
   </div>
   <div class='ocr_carea' id='block_1_72' title="bbox 452 3916 2044 3991">
    <p class='ocr_par' dir='ltr' id='par_1_72' title="bbox 452 3916 2044 3991">
     <span class='ocr_line' id='line_1_73' title="bbox 452 3916 2044 3991; baseline 0.003 -18"><span class='ocrx_word' id='word_1_518' title='bbox 452 3930 623 3990; x_wconf 87' lang='lat' dir='ltr'><strong><em>gnum</em></strong></span> <span class='ocrx_word' id='word_1_519' title='bbox 666 3916 973 3974; x_wconf 68' lang='lat' dir='ltr'><strong><em>caelorum:</em></strong></span> <span class='ocrx_word' id='word_1_520' title='bbox 1006 3917 1102 3974; x_wconf 90' lang='lat' dir='ltr'><strong><em>sed</em></strong></span> <span class='ocrx_word' id='word_1_521' title='bbox 1149 3917 1245 3991; x_wconf 91' lang='lat' dir='ltr'><strong><em>qui</em></strong></span> <span class='ocrx_word' id='word_1_522' title='bbox 1272 3917 1465 3976; x_wconf 88' lang='lat' dir='ltr'><strong><em>fecerit</em></strong></span> <span class='ocrx_word' id='word_1_523' title='bbox 1492 3918 1833 3977; x_wconf 89' lang='lat' dir='ltr'><strong><em>voluntatem</em></strong></span> <span class='ocrx_word' id='word_1_524' title='bbox 1867 3937 2044 3978; x_wconf 85' lang='lat' dir='ltr'><strong><em>meam</em></strong></span> 
     </span>
    </p>
   </div>
   <div class='ocr_carea' id='block_1_73' title="bbox 453 4004 2045 4083">
    <p class='ocr_par' dir='ltr' id='par_1_73' title="bbox 453 4004 2045 4083">
     <span class='ocr_line' id='line_1_74' title="bbox 453 4004 2045 4083; baseline 0.002 -20"><span class='ocrx_word' id='word_1_525' title='bbox 453 4004 670 4077; x_wconf 79' lang='lat' dir='ltr'><strong><em>(Matth.</em></strong></span> <span class='ocrx_word' id='word_1_526' title='bbox 728 4022 831 4075; x_wconf 85' lang='lat' dir='ltr'><strong><em>vn,</em></strong></span> <span class='ocrx_word' id='word_1_527' title='bbox 863 4005 979 4078; x_wconf 78' lang='grc'><strong>21).</strong></span> <span class='ocrx_word' id='word_1_528' title='bbox 1020 4030 1039 4055; x_wconf 74' lang='grc' dir='ltr'><strong><em>ι</em></strong></span> <span class='ocrx_word' id='word_1_529' title='bbox 1090 4004 1234 4064; x_wconf 89' lang='lat' dir='ltr'><strong><em>Hinc</em></strong></span> <span class='ocrx_word' id='word_1_530' title='bbox 1287 4022 1414 4080; x_wconf 87' lang='lat' dir='ltr'><strong><em>ergo</em></strong></span> <span class='ocrx_word' id='word_1_531' title='bbox 1466 4006 1732 4066; x_wconf 90' lang='lat' dir='ltr'><strong><em>discimus</em></strong></span> <span class='ocrx_word' id='word_1_532' title='bbox 1773 4007 1921 4083; x_wconf 91' lang='lat' dir='ltr'><strong><em>quod</em></strong></span> <span class='ocrx_word' id='word_1_533' title='bbox 1976 4007 2045 4065; x_wconf 92' lang='lat' dir='ltr'><strong><em>ad</em></strong></span> 
     </span>
    </p>
   </div>
   <div class='ocr_carea' id='block_1_74' title="bbox 449 4092 2043 4169">
    <p class='ocr_par' dir='ltr' id='par_1_74' title="bbox 449 4092 2043 4169">
     <span class='ocr_line' id='line_1_75' title="bbox 449 4092 2043 4169; baseline 0.004 -19"><span class='ocrx_word' id='word_1_534' title='bbox 449 4092 752 4150; x_wconf 91' lang='lat' dir='ltr'><strong><em>Dominum</em></strong></span> <span class='ocrx_word' id='word_1_535' title='bbox 811 4109 923 4150; x_wconf 92' lang='lat' dir='ltr'><strong><em>non</em></strong></span> <span class='ocrx_word' id='word_1_536' title='bbox 979 4102 1092 4151; x_wconf 89' lang='lat' dir='ltr'><strong><em>tam</em></strong></span> <span class='ocrx_word' id='word_1_537' title='bbox 1143 4110 1237 4151; x_wconf 87' lang='lat' dir='ltr'><strong><em>ore</em></strong></span> <span class='ocrx_word' id='word_1_538' title='bbox 1288 4111 1454 4169; x_wconf 90' lang='lat' dir='ltr'><strong><em>quam</em></strong></span> <span class='ocrx_word' id='word_1_539' title='bbox 1501 4096 1663 4155; x_wconf 89' lang='lat' dir='ltr'><strong><em>corde</em></strong></span> <span class='ocrx_word' id='word_1_540' title='bbox 1694 4098 2043 4157; x_wconf 85' lang='lat' dir='ltr'><strong><em>clamandum</em></strong></span> 
     </span>
    </p>
   </div>
   <div class='ocr_carea' id='block_1_75' title="bbox 448 4192 550 4243">
    <p class='ocr_par' dir='ltr' id='par_1_75' title="bbox 448 4192 550 4243">
     <span class='ocr_line' id='line_1_76' title="bbox 448 4192 550 4243; baseline 0.01 -1"><span class='ocrx_word' id='word_1_541' title='bbox 448 4192 550 4243; x_wconf 90' lang='lat' dir='ltr'><strong><em>est.</em></strong></span> 
     </span>
    </p>
   </div>
   <div class='ocr_carea' id='block_1_76' title="bbox 520 4273 2042 4355">
    <p class='ocr_par' dir='ltr' id='par_1_76' title="bbox 520 4273 2042 4355">
     <span class='ocr_line' id='line_1_77' title="bbox 520 4273 2042 4355; baseline 0.004 -22"><span class='ocrx_word' id='word_1_542' title='bbox 520 4275 575 4333; x_wconf 89' lang='lat'><strong><em>3.</em></strong></span> <span class='ocrx_word' id='word_1_543' title='bbox 609 4273 787 4349; x_wconf 87' lang='lat' dir='ltr'><strong><em>Igitur</em></strong></span> <span class='ocrx_word' id='word_1_544' title='bbox 814 4276 1065 4336; x_wconf 89' lang='lat' dir='ltr'><strong><em>Salvator</em></strong></span> <span class='ocrx_word' id='word_1_545' title='bbox 1113 4286 1320 4351; x_wconf 89' lang='lat' dir='ltr'><strong><em>noster,</em></strong></span> <span class='ocrx_word' id='word_1_546' title='bbox 1352 4281 1448 4354; x_wconf 90' lang='lat' dir='ltr'><strong><em>qui</em></strong></span> <span class='ocrx_word' id='word_1_547' title='bbox 1480 4279 1840 4355; x_wconf 87' lang='lat' dir='ltr'><strong><em>cogitationes</em></strong></span> <span class='ocrx_word' id='word_1_548' title='bbox 1866 4280 2042 4339; x_wconf 89' lang='lat' dir='ltr'><strong><em>homi-</em></strong></span> 
     </span>
    </p>
   </div>
   <div class='ocr_carea' id='block_1_77' title="bbox 448 4368 2040 4446">
    <p class='ocr_par' dir='ltr' id='par_1_77' title="bbox 448 4368 2040 4446">
     <span class='ocr_line' id='line_1_78' title="bbox 448 4368 2040 4446; baseline 0.003 -24"><span class='ocrx_word' id='word_1_549' title='bbox 448 4377 585 4422; x_wconf 87' lang='lat' dir='ltr'><strong><em>num</em></strong></span> <span class='ocrx_word' id='word_1_550' title='bbox 638 4381 941 4439; x_wconf 87' lang='lat' dir='ltr'><strong><em>sensusque</em></strong></span> <span class='ocrx_word' id='word_1_551' title='bbox 994 4368 1276 4442; x_wconf 75' lang='lat' dir='ltr'><strong><em>pervideat</em></strong></span> <span class='ocrx_word' id='word_1_552' title='bbox 1320 4370 1463 4443; x_wconf 79' lang='lat'><strong><em>(32),</em></strong></span> <span class='ocrx_word' id='word_1_553' title='bbox 1531 4370 1761 4429; x_wconf 89' lang='lat' dir='ltr'><strong><em>audiens</em></strong></span> <span class='ocrx_word' id='word_1_554' title='bbox 1817 4370 2040 4446; x_wconf 89' lang='lat' dir='ltr'><strong><em>quidem</em></strong></span> 
     </span>
    </p>
   </div>
   <div class='ocr_carea' id='block_1_78' title="bbox 449 4454 2042 4534">
    <p class='ocr_par' dir='ltr' id='par_1_78' title="bbox 449 4454 2042 4534">
     <span class='ocr_line' id='line_1_79' title="bbox 449 4454 2042 4534; baseline 0.005 -24"><span class='ocrx_word' id='word_1_555' title='bbox 449 4455 605 4512; x_wconf 90' lang='lat' dir='ltr'><strong><em>vocis</em></strong></span> <span class='ocrx_word' id='word_1_556' title='bbox 635 4454 982 4531; x_wconf 88' lang='lat' dir='ltr'><strong><em>obsequium,</em></strong></span> <span class='ocrx_word' id='word_1_557' title='bbox 1014 4457 1215 4515; x_wconf 90' lang='lat' dir='ltr'><strong><em>mentis</em></strong></span> <span class='ocrx_word' id='word_1_558' title='bbox 1243 4467 1427 4517; x_wconf 88' lang='lat' dir='ltr'><strong><em>autem</em></strong></span> <span class='ocrx_word' id='word_1_559' title='bbox 1450 4460 1751 4517; x_wconf 81' lang='lat' dir='ltr'><strong><em>versutiam</em></strong></span> <span class='ocrx_word' id='word_1_560' title='bbox 1781 4478 2042 4534; x_wconf 85' lang='lat' dir='ltr'><strong><em>recogno-</em></strong></span> 
     </span>
    </p>
   </div>
   <div class='ocr_carea' id='block_1_79' title="bbox 447 4544 2121 4650">
    <p class='ocr_par' dir='ltr' id='par_1_79' title="bbox 447 4544 2121 4650">
     <span class='ocr_line' id='line_1_80' title="bbox 447 4544 2121 4650; baseline 0.004 -47"><span class='ocrx_word' id='word_1_561' title='bbox 447 4559 623 4650; x_wconf 67' lang='lat' dir='ltr'><strong><em>scens,</em></strong></span> <span class='ocrx_word' id='word_1_562' title='bbox 653 4546 761 4650; x_wconf 41' lang='lat' dir='ltr'><strong><em>tali.</em></strong></span> <span class='ocrx_word' id='word_1_563' title='bbox 781 4544 940 4650; x_wconf 73' lang='lat' dir='ltr'><strong><em>illum</em></strong></span> <span class='ocrx_word' id='word_1_564' title='bbox 963 4546 1190 4650; x_wconf 77' lang='lat' dir='ltr'><strong><em>animali</em></strong></span> <span class='ocrx_word' id='word_1_565' title='bbox 1215 4552 1691 4650; x_wconf 44' lang='lat' dir='ltr'><strong><em>comparat,‘quod</em></strong></span> <span class='ocrx_word' id='word_1_566' title='bbox 1711 4551 1864 4650; x_wconf 78' lang='lat' dir='ltr'><strong><em>aliud</em></strong></span> <span class='ocrx_word' id='word_1_567' title='bbox 1905 4568 2039 4609; x_wconf 91' lang='lat' dir='ltr'><strong><em>voce</em></strong></span> <span class='ocrx_word' id='word_1_568' title='bbox 2072 4590 2121 4650; x_wconf 82' lang='lat' dir='ltr'>D</span> 
     </span>
    </p>
   </div>
   <div class='ocr_carea' id='block_1_80' title="bbox 443 4631 2039 4712">
    <p class='ocr_par' dir='ltr' id='par_1_80' title="bbox 443 4631 2039 4712">
     <span class='ocr_line' id='line_1_81' title="bbox 443 4631 2039 4712; baseline 0.005 -22"><span class='ocrx_word' id='word_1_569' title='bbox 443 4631 672 4704; x_wconf 86' lang='lat' dir='ltr'><strong><em>indicet,</em></strong></span> <span class='ocrx_word' id='word_1_570' title='bbox 691 4634 845 4693; x_wconf 89' lang='lat' dir='ltr'><strong><em>aliud</em></strong></span> <span class='ocrx_word' id='word_1_571' title='bbox 865 4636 1113 4694; x_wconf 89' lang='lat' dir='ltr'><strong><em>moribus</em></strong></span> <span class='ocrx_word' id='word_1_572' title='bbox 1140 4646 1423 4711; x_wconf 87' lang='lat' dir='ltr'><strong><em>operetur;</em></strong></span> <span class='ocrx_word' id='word_1_573' title='bbox 1445 4638 1639 4712; x_wconf 89' lang='lat' dir='ltr'><strong><em>vulpes</em></strong></span> <span class='ocrx_word' id='word_1_574' title='bbox 1664 4640 1811 4697; x_wconf 90' lang='lat' dir='ltr'><strong><em>enim</em></strong></span> <span class='ocrx_word' id='word_1_575' title='bbox 1837 4640 2039 4698; x_wconf 89' lang='lat' dir='ltr'><strong><em>latratu</em></strong></span> 
     </span>
    </p>
   </div>
   <div class='ocr_carea' id='block_1_81' title="bbox 444 4724 2046 4802">
    <p class='ocr_par' dir='ltr' id='par_1_81' title="bbox 444 4724 2046 4802">
     <span class='ocr_line' id='line_1_82' title="bbox 444 4724 2046 4802; baseline 0.004 -21"><span class='ocrx_word' id='word_1_576' title='bbox 444 4724 598 4782; x_wconf 88' lang='lat' dir='ltr'><strong><em>canis</em></strong></span> <span class='ocrx_word' id='word_1_577' title='bbox 627 4734 867 4797; x_wconf 86' lang='lat' dir='ltr'><strong><em>resonat,</em></strong></span> <span class='ocrx_word' id='word_1_578' title='bbox 898 4725 1028 4785; x_wconf 90' lang='lat' dir='ltr'><strong><em>dolo</em></strong></span> <span class='ocrx_word' id='word_1_579' title='bbox 1056 4728 1303 4802; x_wconf 86' lang='lat' dir='ltr'><strong><em>rapinam</em></strong></span> <span class='ocrx_word' id='word_1_580' title='bbox 1333 4728 1544 4787; x_wconf 89' lang='lat' dir='ltr'><strong><em>fraudis</em></strong></span> <span class='ocrx_word' id='word_1_581' title='bbox 1575 4737 1811 4789; x_wconf 81' lang='lat' dir='ltr'><strong><em>exercet.</em></strong></span> <span class='ocrx_word' id='word_1_582' title='bbox 1844 4730 2046 4788; x_wconf 79' lang='lat' dir='ltr'><strong><em>Tacen-</em></strong></span> 
     </span>
    </p>
   </div>
   <div class='ocr_carea' id='block_1_82' title="bbox 524 4885 2043 4963">
    <p class='ocr_par' dir='ltr' id='par_1_82' title="bbox 524 4885 2043 4963">
     <span class='ocr_line' id='line_1_83' title="bbox 524 4885 2043 4963; baseline 0.004 -20"><span class='ocrx_word' id='word_1_583' title='bbox 524 4885 650 4963; x_wconf 75' lang='lat'><strong><em>(30)</em></strong></span> <span class='ocrx_word' id='word_1_584' title='bbox 674 4885 833 4945; x_wconf 82' lang='lat' dir='ltr'><strong><em>Rom.</em></strong></span> <span class='ocrx_word' id='word_1_585' title='bbox 886 4888 1043 4957; x_wconf 87' lang='lat' dir='ltr'><strong><em>edit.,</em></strong></span> <span class='ocrx_word' id='word_1_586' title='bbox 1091 4889 1319 4946; x_wconf 82' lang='lat' dir='ltr'><strong><em>advertit</em></strong></span> <span class='ocrx_word' id='word_1_587' title='bbox 1345 4898 1518 4947; x_wconf 82' lang='lat' dir='ltr'><strong><em>vestra</em></strong></span> <span class='ocrx_word' id='word_1_588' title='bbox 1560 4890 1787 4961; x_wconf 81' lang='lat' dir='ltr'><strong><em>dilectio,</em></strong></span> <span class='ocrx_word' id='word_1_589' title='bbox 1821 4892 2043 4963; x_wconf 83' lang='lat' dir='ltr'><strong><em>fratres,</em></strong></span> 
     </span>
    </p>
   </div>
   <div class='ocr_carea' id='block_1_83' title="bbox 447 4958 2044 5036">
    <p class='ocr_par' dir='ltr' id='par_1_83' title="bbox 447 4958 2044 5036">
     <span class='ocr_line' id='line_1_84' title="bbox 447 4958 2044 5036; baseline 0.006 -25"><span class='ocrx_word' id='word_1_590' title='bbox 447 4958 741 5036; x_wconf 72' lang='lat' dir='ltr'><strong><em>capitulum</em></strong></span> <span class='ocrx_word' id='word_1_591' title='bbox 797 4962 1216 5036; x_wconf 80' lang='lat' dir='ltr'><strong><em>evangelicum...</em></strong></span> <span class='ocrx_word' id='word_1_592' title='bbox 1272 4965 1529 5034; x_wconf 88' lang='lat' dir='ltr'><strong><em>quomodo</em></strong></span> <span class='ocrx_word' id='word_1_593' title='bbox 1560 4958 1837 5034; x_wconf 76' lang='lat' dir='ltr'><strong><em>Dominus,</em></strong></span> <span class='ocrx_word' id='word_1_594' title='bbox 1869 4966 1961 5036; x_wconf 86' lang='lat' dir='ltr'><strong><em>qui</em></strong></span> <span class='ocrx_word' id='word_1_595' title='bbox 1990 4958 2044 5021; x_wconf 76' lang='lat' dir='ltr'><strong><em>iu</em></strong></span> 
     </span>
    </p>
   </div>
   <div class='ocr_carea' id='block_1_84' title="bbox 453 5029 2043 5110">
    <p class='ocr_par' dir='ltr' id='par_1_84' title="bbox 453 5029 2043 5110">
     <span class='ocr_line' id='line_1_85' title="bbox 453 5029 2043 5110; baseline 0.008 -29"><span class='ocrx_word' id='word_1_596' title='bbox 453 5029 579 5110; x_wconf 76' lang='lat' dir='ltr'><strong><em>lege,</em></strong></span> <span class='ocrx_word' id='word_1_597' title='bbox 610 5036 672 5083; x_wconf 90' lang='lat' dir='ltr'><strong><em>ut</em></strong></span> <span class='ocrx_word' id='word_1_598' title='bbox 700 5029 984 5110; x_wconf 74' lang='lat' dir='ltr'><strong><em>Scriptura</em></strong></span> <span class='ocrx_word' id='word_1_599' title='bbox 1012 5034 1198 5103; x_wconf 81' lang='lat' dir='ltr'><strong><em>refert,</em></strong></span> <span class='ocrx_word' id='word_1_600' title='bbox 1237 5029 1547 5110; x_wconf 74' lang='lat' dir='ltr'><strong><em>mandavit:</em></strong></span> <span class='ocrx_word' id='word_1_601' title='bbox 1592 5037 1811 5110; x_wconf 84' lang='lat' dir='ltr'><strong><em>Honora</em></strong></span> <span class='ocrx_word' id='word_1_602' title='bbox 1823 5029 2043 5110; x_wconf 73' lang='lat' dir='ltr'><strong><em>patrem</em></strong></span> 
     </span>
    </p>
   </div>
   <div class='ocr_carea' id='block_1_85' title="bbox 451 5105 2047 5181">
    <p class='ocr_par' dir='ltr' id='par_1_85' title="bbox 451 5105 2047 5181">
     <span class='ocr_line' id='line_1_86' title="bbox 451 5105 2047 5181; baseline 0.006 -26"><span class='ocrx_word' id='word_1_603' title='bbox 451 5105 635 5181; x_wconf 52' lang='lat' dir='ltr'><strong><em>tuum,</em></strong></span> <span class='ocrx_word' id='word_1_604' title='bbox 691 5109 746 5181; x_wconf 79' lang='lat' dir='ltr'><strong><em>et</em></strong></span> <span class='ocrx_word' id='word_1_605' title='bbox 797 5110 1025 5181; x_wconf 59' lang='lat' dir='ltr'><strong><em>matrem</em></strong></span> <span class='ocrx_word' id='word_1_606' title='bbox 1074 5114 1223 5161; x_wconf 84' lang='lat' dir='ltr'><strong><em>tuam</em></strong></span> <span class='ocrx_word' id='word_1_607' title='bbox 1249 5123 1263 5171; x_wconf 88' lang='lat'><strong><em>;</em></strong></span> <span class='ocrx_word' id='word_1_608' title='bbox 1292 5108 1748 5181; x_wconf 78' lang='lat' dir='ltr'><strong><em>quemadmodum</em></strong></span> <span class='ocrx_word' id='word_1_609' title='bbox 1798 5105 2047 5180; x_wconf 62' lang='lat' dir='ltr'><strong><em>pracepit</em></strong></span> 
     </span>
    </p>
   </div>
   <div class='ocr_carea' id='block_1_86' title="bbox 451 5170 2044 5247">
    <p class='ocr_par' dir='ltr' id='par_1_86' title="bbox 451 5170 2044 5247">
     <span class='ocr_line' id='line_1_87' title="bbox 451 5170 2044 5247; baseline 0.007 -23"><span class='ocrx_word' id='word_1_610' title='bbox 451 5170 549 5247; x_wconf 68' lang='lat' dir='ltr'><strong><em>tibi</em></strong></span> <span class='ocrx_word' id='word_1_611' title='bbox 574 5171 835 5247; x_wconf 78' lang='lat' dir='ltr'><strong><em>Dominus</em></strong></span> <span class='ocrx_word' id='word_1_612' title='bbox 865 5175 1006 5247; x_wconf 77' lang='lat' dir='ltr'><strong><em>Deus</em></strong></span> <span class='ocrx_word' id='word_1_613' title='bbox 1035 5182 1176 5244; x_wconf 79' lang='lat' dir='ltr'><strong><em>tuus,</em></strong></span> <span class='ocrx_word' id='word_1_614' title='bbox 1198 5170 1259 5231; x_wconf 90' lang='lat' dir='ltr'><strong><em>ut</em></strong></span> <span class='ocrx_word' id='word_1_615' title='bbox 1287 5170 1423 5235; x_wconf 77' lang='lat' dir='ltr'><strong><em>bene</em></strong></span> <span class='ocrx_word' id='word_1_616' title='bbox 1452 5179 1554 5235; x_wconf 87' lang='lat' dir='ltr'><strong><em>tibi</em></strong></span> <span class='ocrx_word' id='word_1_617' title='bbox 1586 5180 1687 5247; x_wconf 88' lang='lat' dir='ltr'><strong><em>sit;</em></strong></span> <span class='ocrx_word' id='word_1_618' title='bbox 1718 5170 1856 5235; x_wconf 63' lang='lat' dir='ltr'><strong><em>nunc</em></strong></span> <span class='ocrx_word' id='word_1_619' title='bbox 1883 5170 2044 5235; x_wconf 69' lang='lat' dir='ltr'><strong><em>dicat:</em></strong></span> 
     </span>
    </p>
   </div>
   <div class='ocr_carea' id='block_1_87' title="bbox 448 5240 2045 5322">
    <p class='ocr_par' dir='ltr' id='par_1_87' title="bbox 448 5240 2045 5322">
     <span class='ocr_line' id='line_1_88' title="bbox 448 5240 2045 5322; baseline 0.007 -25"><span class='ocrx_word' id='word_1_620' title='bbox 448 5240 505 5297; x_wconf 92' lang='lat' dir='ltr'><strong><em>Si</em></strong></span> <span class='ocrx_word' id='word_1_621' title='bbox 539 5242 664 5322; x_wconf 91' lang='lat' dir='ltr'><strong><em>quis</em></strong></span> <span class='ocrx_word' id='word_1_622' title='bbox 691 5243 846 5299; x_wconf 90' lang='lat' dir='ltr'><strong><em>venit</em></strong></span> <span class='ocrx_word' id='word_1_623' title='bbox 873 5245 942 5301; x_wconf 92' lang='lat' dir='ltr'><strong><em>ad</em></strong></span> <span class='ocrx_word' id='word_1_624' title='bbox 989 5262 1076 5301; x_wconf 91' lang='lat' dir='ltr'><strong><em>me</em></strong></span> <span class='ocrx_word' id='word_1_625' title='bbox 1118 5240 1172 5302; x_wconf 78' lang='lat' dir='ltr'><strong><em>et</em></strong></span> <span class='ocrx_word' id='word_1_626' title='bbox 1227 5264 1340 5303; x_wconf 90' lang='lat' dir='ltr'><strong><em>non</em></strong></span> <span class='ocrx_word' id='word_1_627' title='bbox 1383 5249 1501 5305; x_wconf 92' lang='lat' dir='ltr'><strong><em>odit</em></strong></span> <span class='ocrx_word' id='word_1_628' title='bbox 1545 5240 1752 5322; x_wconf 83' lang='lat' dir='ltr'><strong><em>patrem</em></strong></span> <span class='ocrx_word' id='word_1_629' title='bbox 1802 5268 1962 5308; x_wconf 89' lang='lat' dir='ltr'><strong><em>suum</em></strong></span> <span class='ocrx_word' id='word_1_630' title='bbox 1993 5260 2045 5308; x_wconf 92' lang='lat' dir='ltr'><strong><em>et</em></strong></span> 
     </span>
    </p>
   </div>
   <div class='ocr_carea' id='block_1_88' title="bbox 448 5320 2040 5396">
    <p class='ocr_par' dir='ltr' id='par_1_88' title="bbox 448 5320 2040 5396">
     <span class='ocr_line' id='line_1_89' title="bbox 448 5320 2040 5396; baseline 0.006 -27"><span class='ocrx_word' id='word_1_631' title='bbox 448 5320 702 5396; x_wconf 68' lang='lat' dir='ltr'><strong><em>matrem,</em></strong></span> <span class='ocrx_word' id='word_1_632' title='bbox 760 5323 889 5396; x_wconf 87' lang='lat' dir='ltr'><strong><em>e_tc.,</em></strong></span> <span class='ocrx_word' id='word_1_633' title='bbox 946 5332 1057 5396; x_wconf 77' lang='lat' dir='ltr'><strong><em>non</em></strong></span> <span class='ocrx_word' id='word_1_634' title='bbox 1113 5325 1299 5396; x_wconf 78' lang='lat' dir='ltr'><strong><em>potest</em></strong></span> <span class='ocrx_word' id='word_1_635' title='bbox 1351 5336 1505 5376; x_wconf 90' lang='lat' dir='ltr'><strong><em>meus</em></strong></span> <span class='ocrx_word' id='word_1_636' title='bbox 1546 5320 1672 5396; x_wconf 76' lang='lat' dir='ltr'><strong><em>esse</em></strong></span> <span class='ocrx_word' id='word_1_637' title='bbox 1718 5322 2040 5396; x_wconf 92' lang='lat' dir='ltr'><strong><em>discipulus.</em></strong></span> 
     </span>
    </p>
   </div>
   <div class='ocr_carea' id='block_1_89' title="bbox 452 5384 2045 5466">
    <p class='ocr_par' dir='ltr' id='par_1_89' title="bbox 452 5384 2045 5466">
     <span class='ocr_line' id='line_1_90' title="bbox 452 5384 2045 5466; baseline 0.006 -25"><span class='ocrx_word' id='word_1_638' title='bbox 452 5384 554 5441; x_wconf 85' lang='lat' dir='ltr'><strong><em>Cui</em></strong></span> <span class='ocrx_word' id='word_1_639' title='bbox 582 5384 988 5466; x_wconf 65' lang='lat' dir='ltr'><strong><em>copgruit_quod</em></strong></span> <span class='ocrx_word' id='word_1_640' title='bbox 1028 5388 1085 5443; x_wconf 84' lang='lat' dir='ltr'><strong><em>in</em></strong></span> <span class='ocrx_word' id='word_1_641' title='bbox 1114 5384 1232 5444; x_wconf 74' lang='lat' dir='ltr'><strong><em>alio</em></strong></span> <span class='ocrx_word' id='word_1_642' title='bbox 1269 5391 1412 5466; x_wconf 69' lang='lat' dir='ltr'><strong><em>loco,</em></strong></span> <span class='ocrx_word' id='word_1_643' title='bbox 1450 5408 1569 5466; x_wconf 73' lang='lat' dir='ltr'><strong><em>cum</em></strong></span> <span class='ocrx_word' id='word_1_644' title='bbox 1620 5384 2045 5466; x_wconf 77' lang='lat' dir='ltr'><strong><em>interpellaretur</em></strong></span> 
     </span>
    </p>
   </div>
   <div class='ocr_carea' id='block_1_90' title="bbox 449 5458 2044 5547">
    <p class='ocr_par' dir='ltr' id='par_1_90' title="bbox 449 5458 2044 5547">
     <span class='ocr_line' id='line_1_91' title="bbox 449 5458 2044 5547; baseline 0.008 -35"><span class='ocrx_word' id='word_1_645' title='bbox 449 5458 744 5547; x_wconf 40' lang='lat' dir='ltr'><strong><em>{quedam</em></strong></span> <span class='ocrx_word' id='word_1_646' title='bbox 765 5475 784 5514; x_wconf 88' lang='lat'><strong><em>:</em></strong></span> <span class='ocrx_word' id='word_1_647' title='bbox 805 5458 1067 5547; x_wconf 82' lang='lat' dir='ltr'><strong><em>Domine,</em></strong></span> <span class='ocrx_word' id='word_1_648' title='bbox 1109 5461 1362 5534; x_wconf 89' lang='lat' dir='ltr'><strong><em>permitte</em></strong></span> <span class='ocrx_word' id='word_1_649' title='bbox 1407 5458 1829 5547; x_wconf 48' lang='lat' dir='ltr'><strong><em>mihinprimum</em></strong></span> <span class='ocrx_word' id='word_1_650' title='bbox 1860 5466 2044 5547; x_wconf 12' lang='lat' dir='ltr'><strong><em>ire,ret</em></strong></span> 
     </span>
    </p>
   </div>
   <div class='ocr_carea' id='block_1_91' title="bbox 453 5529 2043 5609">
    <p class='ocr_par' dir='ltr' id='par_1_91' title="bbox 453 5529 2043 5609">
     <span class='ocr_line' id='line_1_92' title="bbox 453 5529 2043 5609; baseline 0.008 -28"><span class='ocrx_word' id='word_1_651' title='bbox 453 5529 686 5609; x_wconf 69' lang='lat' dir='ltr'><strong><em>sepelire</em></strong></span> <span class='ocrx_word' id='word_1_652' title='bbox 707 5540 939 5609; x_wconf 86' lang='lat' dir='ltr'><strong><em>patrem</em></strong></span> <span class='ocrx_word' id='word_1_653' title='bbox 969 5529 1177 5601; x_wconf 80' lang='lat' dir='ltr'><strong><em>meum,</em></strong></span> <span class='ocrx_word' id='word_1_654' title='bbox 1206 5534 1477 5605; x_wconf 78' lang='lat' dir='ltr'><strong><em>respondit</em></strong></span> <span class='ocrx_word' id='word_1_655' title='bbox 1513 5552 1526 5591; x_wconf 89' lang='lat'><strong><em>:</em></strong></span> <span class='ocrx_word' id='word_1_656' title='bbox 1558 5529 1688 5609; x_wconf 79' lang='lat' dir='ltr'><strong><em>Sine</em></strong></span> <span class='ocrx_word' id='word_1_657' title='bbox 1726 5545 1790 5594; x_wconf 92' lang='lat' dir='ltr'><strong><em>ut</em></strong></span> <span class='ocrx_word' id='word_1_658' title='bbox 1838 5529 2043 5595; x_wconf 79' lang='lat' dir='ltr'><strong><em>mortui</em></strong></span> 
     </span>
    </p>
   </div>
   <div class='ocr_carea' id='block_1_92' title="bbox 454 5598 2044 5677">
    <p class='ocr_par' dir='ltr' id='par_1_92' title="bbox 454 5598 2044 5677">
     <span class='ocr_line' id='line_1_93' title="bbox 454 5598 2044 5677; baseline 0.009 -25"><span class='ocrx_word' id='word_1_659' title='bbox 454 5598 1001 5677; x_wconf 45' lang='lat' dir='ltr'><strong><em>sepeliant—mortuos</em></strong></span> <span class='ocrx_word' id='word_1_660' title='bbox 1037 5598 1201 5677; x_wconf 79' lang='lat' dir='ltr'><strong><em>suos;</em></strong></span> <span class='ocrx_word' id='word_1_661' title='bbox 1248 5598 1309 5661; x_wconf 77' lang='lat' dir='ltr'><strong><em>tu</em></strong></span> <span class='ocrx_word' id='word_1_662' title='bbox 1344 5613 1529 5662; x_wconf 90' lang='lat' dir='ltr'><strong><em>autem</em></strong></span> <span class='ocrx_word' id='word_1_663' title='bbox 1560 5607 1717 5677; x_wconf 88' lang='lat' dir='ltr'><strong><em>vade,</em></strong></span> <span class='ocrx_word' id='word_1_664' title='bbox 1751 5617 1806 5666; x_wconf 91' lang='lat' dir='ltr'><strong><em>et</em></strong></span> <span class='ocrx_word' id='word_1_665' title='bbox 1832 5625 2044 5666; x_wconf 89' lang='lat' dir='ltr'><strong><em>annun-</em></strong></span> 
     </span>
    </p>
   </div>
   <div class='ocr_carea' id='block_1_93' title="bbox 1415 5677 2044 5739">
    <p class='ocr_par' dir='ltr' id='par_1_93' title="bbox 1415 5677 2044 5739">
     <span class='ocr_line' id='line_1_94' title="bbox 1415 5677 2044 5739; baseline 0.006 -6"><span class='ocrx_word' id='word_1_666' title='bbox 1415 5677 1437 5733; x_wconf 88' lang='lat' dir='ltr'><strong><em>i</em></strong></span> <span class='ocrx_word' id='word_1_667' title='bbox 1495 5678 1682 5735; x_wconf 67' lang='lat' dir='ltr'><strong><em>dixit:</em></strong></span> <span class='ocrx_word' id='word_1_668' title='bbox 1728 5680 1935 5739; x_wconf 86' lang='lat' dir='ltr'><strong><em>Seauar</em></strong></span> <span class='ocrx_word' id='word_1_669' title='bbox 1993 5688 2044 5737; x_wconf 91' lang='lat' dir='ltr'><strong><em>te</em></strong></span> 
     </span>
    </p>
   </div>
   <div class='ocr_carea' id='block_1_94' title="bbox 1369 5748 2045 5823">
    <p class='ocr_par' dir='ltr' id='par_1_94' title="bbox 1369 5748 2045 5823">
     <span class='ocr_line' id='line_1_95' title="bbox 1369 5748 2045 5823; baseline 0.003 -17"><span class='ocrx_word' id='word_1_670' title='bbox 1369 5748 1526 5823; x_wconf 87' lang='lat' dir='ltr'><strong><em>ulpes</em></strong></span> <span class='ocrx_word' id='word_1_671' title='bbox 1546 5750 1732 5810; x_wconf 85' lang='lat' dir='ltr'><strong><em>foveas</em></strong></span> <span class='ocrx_word' id='word_1_672' title='bbox 1750 5748 1975 5822; x_wconf 84' lang='lat' dir='ltr'><strong><em>habent,</em></strong></span> <span class='ocrx_word' id='word_1_673' title='bbox 1991 5760 2045 5809; x_wconf 91' lang='lat' dir='ltr'><strong><em>et</em></strong></span> 
     </span>
    </p>
   </div>
   <div class='ocr_carea' id='block_1_95' title="bbox 452 5666 1292 5755">
    <p class='ocr_par' dir='ltr' id='par_1_95' title="bbox 452 5666 1292 5755">
     <span class='ocr_line' id='line_1_96' title="bbox 452 5666 1292 5755; baseline 0.001 0"><span class='ocrx_word' id='word_1_674' title='bbox 452 5666 555 5755; x_wconf 52' lang='lat' dir='ltr'><strong><em>Pii</em></strong></span> <span class='ocrx_word' id='word_1_675' title='bbox 578 5684 819 5755; x_wconf 61' lang='grc' dir='ltr'><strong><em>τοκιιιιιη</em></strong></span> <span class='ocrx_word' id='word_1_676' title='bbox 869 5674 991 5755; x_wconf 66' lang='lat' dir='ltr'><strong><em>aei-</em></strong></span> <span class='ocrx_word' id='word_1_677' title='bbox 1048 5676 1146 5733; x_wconf 62' lang='lat' dir='ltr'><strong><em>me</em></strong></span> <span class='ocrx_word' id='word_1_678' title='bbox 1169 5666 1292 5755; x_wconf 56' lang='lat' dir='ltr'><strong><em>ero</em></strong></span> 
     </span>
    </p>
   </div>
   <div class='ocr_carea' id='block_1_96' title="bbox 452 5749 1289 5819">
    <p class='ocr_par' dir='ltr' id='par_1_96' title="bbox 452 5749 1289 5819">
     <span class='ocr_line' id='line_1_97' title="bbox 452 5749 1289 5819; baseline 0.011 -22"><span class='ocrx_word' id='word_1_679' title='bbox 452 5752 786 5814; x_wconf 84' lang='lat' dir='ltr'><strong><em>quocunque</em></strong></span> <span class='ocrx_word' id='word_1_680' title='bbox 804 5749 961 5814; x_wconf 86' lang='lat' dir='ltr'><strong><em>ieris;</em></strong></span> <span class='ocrx_word' id='word_1_681' title='bbox 989 5749 1289 5819; x_wconf 70' lang='lat' dir='ltr'><strong><em>respondit:</em></strong></span> 
     </span>
    </p>
   </div>
   <div class='ocr_carea' id='block_1_97' title="bbox 2158 3284 3750 3359">
    <p class='ocr_par' dir='ltr' id='par_1_97' title="bbox 2158 3284 3750 3359">
     <span class='ocr_line' id='line_1_98' title="bbox 2158 3284 3750 3359; baseline -0.001 -16"><span class='ocrx_word' id='word_1_682' title='bbox 2158 3287 2417 3359; x_wconf 89' lang='lat' dir='ltr'><strong><em>Prompta</em></strong></span> <span class='ocrx_word' id='word_1_683' title='bbox 2444 3286 2691 3359; x_wconf 88' lang='lat' dir='ltr'><strong><em>quidem,</em></strong></span> <span class='ocrx_word' id='word_1_684' title='bbox 2722 3286 2815 3342; x_wconf 89' lang='lat' dir='ltr'><strong><em>sed</em></strong></span> <span class='ocrx_word' id='word_1_685' title='bbox 2845 3286 3077 3359; x_wconf 89' lang='lat' dir='ltr'><strong><em>superba</em></strong></span> <span class='ocrx_word' id='word_1_686' title='bbox 3106 3284 3372 3358; x_wconf 88' lang='lat' dir='ltr'><strong><em>professio</em></strong></span> <span class='ocrx_word' id='word_1_687' title='bbox 3396 3285 3537 3359; x_wconf 88' lang='lat'><strong><em>(33).</em></strong></span> <span class='ocrx_word' id='word_1_688' title='bbox 3562 3286 3750 3343; x_wconf 78' lang='lat' dir='ltr'><strong><em>Iturus</em></strong></span> 
     </span>
    </p>
   </div>
   <div class='ocr_carea' id='block_1_98' title="bbox 2154 3373 3748 3449">
    <p class='ocr_par' dir='ltr' id='par_1_98' title="bbox 2154 3373 3748 3449">
     <span class='ocr_line' id='line_1_99' title="bbox 2154 3373 3748 3449; baseline -0.001 -16"><span class='ocrx_word' id='word_1_689' title='bbox 2154 3375 2303 3433; x_wconf 88' lang='lat' dir='ltr'><strong><em>enim</em></strong></span> <span class='ocrx_word' id='word_1_690' title='bbox 2331 3376 2400 3433; x_wconf 92' lang='lat' dir='ltr'><strong><em>ad</em></strong></span> <span class='ocrx_word' id='word_1_691' title='bbox 2429 3375 2739 3449; x_wconf 90' lang='lat' dir='ltr'><strong><em>passionem</em></strong></span> <span class='ocrx_word' id='word_1_692' title='bbox 2780 3382 2898 3432; x_wconf 88' lang='lat' dir='ltr'><strong><em>erat</em></strong></span> <span class='ocrx_word' id='word_1_693' title='bbox 2924 3374 3214 3445; x_wconf 90' lang='lat' dir='ltr'><strong><em>Dominus,</em></strong></span> <span class='ocrx_word' id='word_1_694' title='bbox 3270 3374 3629 3432; x_wconf 89' lang='lat' dir='ltr'><strong><em>descensurus</em></strong></span> <span class='ocrx_word' id='word_1_695' title='bbox 3676 3373 3748 3432; x_wconf 88' lang='lat' dir='ltr'><strong><em>ad</em></strong></span> 
     </span>
    </p>
   </div>
   <div class='ocr_carea' id='block_1_99' title="bbox 2155 3463 3749 3539">
    <p class='ocr_par' dir='ltr' id='par_1_99' title="bbox 2155 3463 3749 3539">
     <span class='ocr_line' id='line_1_100' title="bbox 2155 3463 3749 3539; baseline -0.001 -19"><span class='ocrx_word' id='word_1_696' title='bbox 2155 3464 2379 3535; x_wconf 88' lang='lat' dir='ltr'><strong><em>inferos,</em></strong></span> <span class='ocrx_word' id='word_1_697' title='bbox 2433 3482 2757 3523; x_wconf 89' lang='lat' dir='ltr'><strong><em>ascensurus</em></strong></span> <span class='ocrx_word' id='word_1_698' title='bbox 2785 3464 2854 3522; x_wconf 91' lang='lat' dir='ltr'><strong><em>ad</em></strong></span> <span class='ocrx_word' id='word_1_699' title='bbox 2880 3466 3118 3533; x_wconf 85' lang='lat' dir='ltr'><strong><em>coelum;</em></strong></span> <span class='ocrx_word' id='word_1_700' title='bbox 3166 3463 3440 3539; x_wconf 89' lang='lat' dir='ltr'><strong><em>numquid</em></strong></span> <span class='ocrx_word' id='word_1_701' title='bbox 3482 3463 3540 3520; x_wconf 94' lang='lat' dir='ltr'><strong><em>in</em></strong></span> <span class='ocrx_word' id='word_1_702' title='bbox 3570 3463 3749 3520; x_wconf 91' lang='lat' dir='ltr'><strong><em>omni-</em></strong></span> 
     </span>
    </p>
   </div>
   <div class='ocr_carea' id='block_1_100' title="bbox 2154 3552 3748 3630">
    <p class='ocr_par' dir='ltr' id='par_1_100' title="bbox 2154 3552 3748 3630">
     <span class='ocr_line' id='line_1_101' title="bbox 2154 3552 3748 3630; baseline -0.002 -18"><span class='ocrx_word' id='word_1_703' title='bbox 2154 3555 2258 3612; x_wconf 90' lang='lat' dir='ltr'><strong><em>bus</em></strong></span> <span class='ocrx_word' id='word_1_704' title='bbox 2287 3556 2447 3613; x_wconf 91' lang='lat' dir='ltr'><strong><em>illum</em></strong></span> <span class='ocrx_word' id='word_1_705' title='bbox 2481 3564 2659 3630; x_wconf 91' lang='lat' dir='ltr'><strong><em>potest</em></strong></span> <span class='ocrx_word' id='word_1_706' title='bbox 2685 3555 2951 3630; x_wconf 89' lang='lat' dir='ltr'><strong><em>fragilitas</em></strong></span> <span class='ocrx_word' id='word_1_707' title='bbox 2979 3555 3222 3612; x_wconf 90' lang='lat' dir='ltr'><strong><em>humana</em></strong></span> <span class='ocrx_word' id='word_1_708' title='bbox 3249 3552 3500 3611; x_wconf 89' lang='lat' dir='ltr'><strong><em>comitari</em></strong></span> <span class='ocrx_word' id='word_1_709' title='bbox 3518 3553 3748 3611; x_wconf 84' lang='lat' dir='ltr'><strong><em>?Stulta</em></strong></span> 
     </span>
    </p>
   </div>
   <div class='ocr_carea' id='block_1_101' title="bbox 2153 3642 3745 3721">
    <p class='ocr_par' dir='ltr' id='par_1_101' title="bbox 2153 3642 3745 3721">
     <span class='ocr_line' id='line_1_102' title="bbox 2153 3642 3745 3721; baseline -0.001 -19"><span class='ocrx_word' id='word_1_710' title='bbox 2153 3655 2235 3703; x_wconf 90' lang='lat' dir='ltr'><strong><em>est</em></strong></span> <span class='ocrx_word' id='word_1_711' title='bbox 2262 3645 2368 3703; x_wconf 90' lang='lat' dir='ltr'><strong><em>ista</em></strong></span> <span class='ocrx_word' id='word_1_712' title='bbox 2391 3647 2747 3721; x_wconf 65' lang='lat' dir='ltr'><strong><em>praesumptio</em></strong></span> <span class='ocrx_word' id='word_1_713' title='bbox 2770 3648 2954 3720; x_wconf 89' lang='lat' dir='ltr'><strong><em>potius</em></strong></span> <span class='ocrx_word' id='word_1_714' title='bbox 2983 3662 3145 3720; x_wconf 89' lang='lat' dir='ltr'><strong><em>quam</em></strong></span> <span class='ocrx_word' id='word_1_715' title='bbox 3177 3645 3432 3719; x_wconf 88' lang='lat' dir='ltr'><strong><em>religiosa</em></strong></span> <span class='ocrx_word' id='word_1_716' title='bbox 3451 3642 3745 3702; x_wconf 86' lang='lat' dir='ltr'><strong><em>confessio.</em></strong></span> 
     </span>
    </p>
   </div>
   <div class='ocr_carea' id='block_1_102' title="bbox 2155 3736 3747 3811">
    <p class='ocr_par' dir='ltr' id='par_1_102' title="bbox 2155 3736 3747 3811">
     <span class='ocr_line' id='line_1_103' title="bbox 2155 3736 3747 3811; baseline -0.001 -16"><span class='ocrx_word' id='word_1_717' title='bbox 2155 3737 2445 3811; x_wconf 80' lang='lat' dir='ltr'><strong><em>Siquidem‘</em></strong></span> <span class='ocrx_word' id='word_1_718' title='bbox 2471 3746 2525 3794; x_wconf 91' lang='lat' dir='ltr'><strong><em>et</em></strong></span> <span class='ocrx_word' id='word_1_719' title='bbox 2552 3739 2714 3795; x_wconf 89' lang='lat' dir='ltr'><strong><em>Petro</em></strong></span> <span class='ocrx_word' id='word_1_720' title='bbox 2744 3738 2991 3810; x_wconf 91' lang='lat' dir='ltr'><strong><em>apostolo</em></strong></span> <span class='ocrx_word' id='word_1_721' title='bbox 3020 3736 3229 3795; x_wconf 91' lang='lat' dir='ltr'><strong><em>dicitur</em></strong></span> <span class='ocrx_word' id='word_1_722' title='bbox 3255 3752 3287 3791; x_wconf 91' lang='lat' dir='ltr'><strong><em>a</em></strong></span> <span class='ocrx_word' id='word_1_723' title='bbox 3313 3736 3573 3805; x_wconf 90' lang='lat' dir='ltr'><strong><em>Domino,</em></strong></span> <span class='ocrx_word' id='word_1_724' title='bbox 3617 3751 3747 3793; x_wconf 90' lang='lat' dir='ltr'><strong><em>cum</em></strong></span> 
     </span>
    </p>
   </div>
   <div class='ocr_carea' id='block_1_103' title="bbox 2153 3826 3752 3903">
    <p class='ocr_par' dir='ltr' id='par_1_103' title="bbox 2153 3826 3752 3903">
     <span class='ocr_line' id='line_1_104' title="bbox 2153 3826 3752 3903; baseline -0.001 -17"><span class='ocrx_word' id='word_1_725' title='bbox 2153 3828 2449 3888; x_wconf 65' lang='lat' dir='ltr'><strong><em>aestimaret</em></strong></span> <span class='ocrx_word' id='word_1_726' title='bbox 2474 3846 2532 3887; x_wconf 91' lang='lat' dir='ltr'><strong><em>se</em></strong></span> <span class='ocrx_word' id='word_1_727' title='bbox 2557 3829 2713 3903; x_wconf 89' lang='lat' dir='ltr'><strong><em>sequi</em></strong></span> <span class='ocrx_word' id='word_1_728' title='bbox 2756 3847 2853 3903; x_wconf 89' lang='lat' dir='ltr'><strong><em>per</em></strong></span> <span class='ocrx_word' id='word_1_729' title='bbox 2895 3829 3081 3886; x_wconf 89' lang='lat' dir='ltr'><strong><em>omnia</em></strong></span> <span class='ocrx_word' id='word_1_730' title='bbox 3128 3829 3506 3887; x_wconf 88' lang='lat' dir='ltr'><strong><em>Salvatorem:</em></strong></span> <span class='ocrx_word' id='word_1_731' title='bbox 3577 3853 3597 3875; x_wconf 75' lang='grc' dir='ltr'>ι</span> <span class='ocrx_word' id='word_1_732' title='bbox 3626 3826 3752 3896; x_wconf 90' lang='lat' dir='ltr'><strong><em>Quo</em></strong></span> 
     </span>
    </p>
   </div>
   <div class='ocr_carea' id='block_1_104' title="bbox 2152 3916 3733 3993">
    <p class='ocr_par' dir='ltr' id='par_1_104' title="bbox 2152 3916 3733 3993">
     <span class='ocr_line' id='line_1_105' title="bbox 2152 3916 3733 3993; baseline -0.002 -16"><span class='ocrx_word' id='word_1_733' title='bbox 2152 3936 2252 3993; x_wconf 89' lang='lat' dir='ltr'><strong><em>ego</em></strong></span> <span class='ocrx_word' id='word_1_734' title='bbox 2272 3920 2436 3989; x_wconf 90' lang='lat' dir='ltr'><strong><em>vado,</em></strong></span> <span class='ocrx_word' id='word_1_735' title='bbox 2460 3937 2571 3977; x_wconf 91' lang='lat' dir='ltr'><strong><em>non</em></strong></span> <span class='ocrx_word' id='word_1_736' title='bbox 2588 3927 2742 3993; x_wconf 91' lang='lat' dir='ltr'><strong><em>potes</em></strong></span> <span class='ocrx_word' id='word_1_737' title='bbox 2764 3934 2849 3975; x_wconf 92' lang='lat' dir='ltr'><strong><em>me</em></strong></span> <span class='ocrx_word' id='word_1_738' title='bbox 2871 3918 3035 3974; x_wconf 88' lang='lat' dir='ltr'><strong><em>modo</em></strong></span> <span class='ocrx_word' id='word_1_739' title='bbox 3058 3918 3213 3991; x_wconf 89' lang='lat' dir='ltr'><strong><em>sequi</em></strong></span> <span class='ocrx_word' id='word_1_740' title='bbox 3231 3919 3412 3991; x_wconf 83' lang='lat' dir='ltr'><strong><em>(Joan.</em></strong></span> <span class='ocrx_word' id='word_1_741' title='bbox 3440 3934 3567 3987; x_wconf 87' lang='lat' dir='ltr'><strong><em>xm,</em></strong></span> <span class='ocrx_word' id='word_1_742' title='bbox 3590 3916 3733 3989; x_wconf 61' lang='lat'><strong><em>33).:</em></strong></span> 
     </span>
    </p>
   </div>
   <div class='ocr_carea' id='block_1_105' title="bbox 2151 4009 3751 4086">
    <p class='ocr_par' dir='ltr' id='par_1_105' title="bbox 2151 4009 3751 4086">
     <span class='ocr_line' id='line_1_106' title="bbox 2151 4009 3751 4086; baseline -0.001 -16"><span class='ocrx_word' id='word_1_743' title='bbox 2151 4013 2226 4070; x_wconf 90' lang='lat' dir='ltr'><strong><em>Et</em></strong></span> <span class='ocrx_word' id='word_1_744' title='bbox 2250 4029 2377 4071; x_wconf 89' lang='lat' dir='ltr'><strong><em>cum</em></strong></span> <span class='ocrx_word' id='word_1_745' title='bbox 2408 4013 2763 4086; x_wconf 90' lang='lat' dir='ltr'><strong><em>pertinaciter</em></strong></span> <span class='ocrx_word' id='word_1_746' title='bbox 2782 4012 3086 4079; x_wconf 88' lang='lat' dir='ltr'><strong><em>insisteret,</em></strong></span> <span class='ocrx_word' id='word_1_747' title='bbox 3108 4027 3171 4068; x_wconf 89' lang='lat' dir='ltr'><strong><em>ac</em></strong></span> <span class='ocrx_word' id='word_1_748' title='bbox 3188 4027 3244 4067; x_wconf 90' lang='lat' dir='ltr'><strong><em>se</em></strong></span> <span class='ocrx_word' id='word_1_749' title='bbox 3272 4009 3339 4065; x_wconf 90' lang='lat' dir='ltr'><strong><em>ab</em></strong></span> <span class='ocrx_word' id='word_1_750' title='bbox 3360 4026 3425 4066; x_wconf 92' lang='lat' dir='ltr'><strong><em>eo</em></strong></span> <span class='ocrx_word' id='word_1_751' title='bbox 3444 4026 3547 4066; x_wconf 93' lang='lat' dir='ltr'><strong><em>nec</em></strong></span> <span class='ocrx_word' id='word_1_752' title='bbox 3566 4018 3751 4068; x_wconf 88' lang='lat' dir='ltr'><strong><em>morte</em></strong></span> 
     </span>
    </p>
   </div>
   <div class='ocr_carea' id='block_1_106' title="bbox 2153 4096 3751 4175">
    <p class='ocr_par' dir='ltr' id='par_1_106' title="bbox 2153 4096 3751 4175">
     <span class='ocr_line' id='line_1_107' title="bbox 2153 4096 3751 4175; baseline 0 -16"><span class='ocrx_word' id='word_1_753' title='bbox 2153 4100 2359 4159; x_wconf 88' lang='lat' dir='ltr'><strong><em>diceret</em></strong></span> <span class='ocrx_word' id='word_1_754' title='bbox 2384 4101 2745 4175; x_wconf 89' lang='lat' dir='ltr'><strong><em>separandum</em></strong></span> <span class='ocrx_word' id='word_1_755' title='bbox 2772 4118 2785 4168; x_wconf 94' lang='lat'><strong><em>;</em></strong></span> <span class='ocrx_word' id='word_1_756' title='bbox 2817 4108 3082 4174; x_wconf 89' lang='lat' dir='ltr'><strong><em>tanquam</em></strong></span> <span class='ocrx_word' id='word_1_757' title='bbox 3104 4096 3385 4171; x_wconf 62' lang='lat' dir='ltr'><strong><em>iactantia:</em></strong></span> <span class='ocrx_word' id='word_1_758' title='bbox 3412 4097 3751 4159; x_wconf 80' lang='lat' dir='ltr'><strong><em>condemna-</em></strong></span> 
     </span>
    </p>
   </div>
   <div class='ocr_carea' id='block_1_107' title="bbox 2151 4187 3749 4264">
    <p class='ocr_par' dir='ltr' id='par_1_107' title="bbox 2151 4187 3749 4264">
     <span class='ocr_line' id='line_1_108' title="bbox 2151 4187 3749 4264; baseline 0.001 -17"><span class='ocrx_word' id='word_1_759' title='bbox 2151 4197 2241 4248; x_wconf 89' lang='lat' dir='ltr'><strong><em>tus</em></strong></span> <span class='ocrx_word' id='word_1_760' title='bbox 2266 4188 2442 4261; x_wconf 88' lang='lat' dir='ltr'><strong><em>audit,</em></strong></span> <span class='ocrx_word' id='word_1_761' title='bbox 2469 4190 2616 4264; x_wconf 91' lang='lat' dir='ltr'><strong><em>quod</em></strong></span> <span class='ocrx_word' id='word_1_762' title='bbox 2646 4197 2787 4247; x_wconf 89' lang='lat' dir='ltr'><strong><em>esset</em></strong></span> <span class='ocrx_word' id='word_1_763' title='bbox 2814 4188 3115 4246; x_wconf 90' lang='lat' dir='ltr'><strong><em>Dominum</em></strong></span> <span class='ocrx_word' id='word_1_764' title='bbox 3140 4187 3302 4246; x_wconf 91' lang='lat' dir='ltr'><strong><em>tertio</em></strong></span> <span class='ocrx_word' id='word_1_765' title='bbox 3322 4192 3639 4261; x_wconf 82' lang='lat' dir='ltr'><strong><em>negaturus.</em></strong></span> <span class='ocrx_word' id='word_1_766' title='bbox 3663 4188 3749 4248; x_wconf 87' lang='lat' dir='ltr'><strong><em>Ita</em></strong></span> 
     </span>
    </p>
   </div>
   <div class='ocr_carea' id='block_1_108' title="bbox 2152 4276 3746 4353">
    <p class='ocr_par' dir='ltr' id='par_1_108' title="bbox 2152 4276 3746 4353">
     <span class='ocr_line' id='line_1_109' title="bbox 2152 4276 3746 4353; baseline 0.001 -17"><span class='ocrx_word' id='word_1_767' title='bbox 2152 4279 2248 4353; x_wconf 88' lang='lat' dir='ltr'><strong><em>qui</em></strong></span> <span class='ocrx_word' id='word_1_768' title='bbox 2290 4279 2647 4352; x_wconf 90' lang='lat' dir='ltr'><strong><em>promittebat</em></strong></span> <span class='ocrx_word' id='word_1_769' title='bbox 2691 4296 2723 4337; x_wconf 89' lang='lat' dir='ltr'><strong><em>a</em></strong></span> <span class='ocrx_word' id='word_1_770' title='bbox 2765 4278 3110 4337; x_wconf 90' lang='lat' dir='ltr'><strong><em>confessione</em></strong></span> <span class='ocrx_word' id='word_1_771' title='bbox 3153 4276 3361 4336; x_wconf 88' lang='lat' dir='ltr'><strong><em>Christi</em></strong></span> <span class='ocrx_word' id='word_1_772' title='bbox 3408 4293 3510 4334; x_wconf 91' lang='lat' dir='ltr'><strong><em>nec</em></strong></span> <span class='ocrx_word' id='word_1_773' title='bbox 3565 4284 3746 4337; x_wconf 83' lang='lat' dir='ltr'><strong><em>morte</em></strong></span> 
     </span>
    </p>
   </div>
   <div class='ocr_carea' id='block_1_109' title="bbox 2150 4368 3743 4444">
    <p class='ocr_par' dir='ltr' id='par_1_109' title="bbox 2150 4368 3743 4444">
     <span class='ocr_line' id='line_1_110' title="bbox 2150 4368 3743 4444; baseline 0 -18"><span class='ocrx_word' id='word_1_774' title='bbox 2150 4368 2364 4439; x_wconf 91' lang='lat' dir='ltr'><strong><em>divelli,</em></strong></span> <span class='ocrx_word' id='word_1_775' title='bbox 2420 4369 2488 4427; x_wconf 89' lang='lat' dir='ltr'><strong><em>ab</em></strong></span> <span class='ocrx_word' id='word_1_776' title='bbox 2537 4368 2654 4444; x_wconf 90' lang='lat' dir='ltr'><strong><em>ejus</em></strong></span> <span class='ocrx_word' id='word_1_777' title='bbox 2694 4370 2953 4428; x_wconf 89' lang='lat' dir='ltr'><strong><em>societate</em></strong></span> <span class='ocrx_word' id='word_1_778' title='bbox 2995 4369 3422 4442; x_wconf 87' lang='lat' dir='ltr'><strong><em>interrogatione</em></strong></span> <span class='ocrx_word' id='word_1_779' title='bbox 3464 4368 3743 4426; x_wconf 63' lang='lat' dir='ltr'><strong><em>ancillulae</em></strong></span> 
     </span>
    </p>
   </div>
   <div class='ocr_carea' id='block_1_110' title="bbox 2150 4456 3740 4534">
    <p class='ocr_par' dir='ltr' id='par_1_110' title="bbox 2150 4456 3740 4534">
     <span class='ocr_line' id='line_1_111' title="bbox 2150 4456 3740 4534; baseline -0.001 -19"><span class='ocrx_word' id='word_1_780' title='bbox 2150 4466 2463 4530; x_wconf 87' lang='lat' dir='ltr'><strong><em>separatur:</em></strong></span> <span class='ocrx_word' id='word_1_781' title='bbox 2507 4468 2562 4516; x_wconf 91' lang='lat' dir='ltr'><strong><em>et</em></strong></span> <span class='ocrx_word' id='word_1_782' title='bbox 2589 4458 2699 4517; x_wconf 91' lang='lat' dir='ltr'><strong><em>nisi</em></strong></span> <span class='ocrx_word' id='word_1_783' title='bbox 2727 4460 2881 4518; x_wconf 90' lang='lat' dir='ltr'><strong><em>velut</em></strong></span> <span class='ocrx_word' id='word_1_784' title='bbox 2910 4459 3136 4517; x_wconf 89' lang='lat' dir='ltr'><strong><em>modum</em></strong></span> <span class='ocrx_word' id='word_1_785' title='bbox 3162 4456 3453 4534; x_wconf 89' lang='lat' dir='ltr'><strong><em>quemdam</em></strong></span> <span class='ocrx_word' id='word_1_786' title='bbox 3473 4462 3740 4528; x_wconf 89' lang='lat' dir='ltr'><strong><em>statuens,</em></strong></span> 
     </span>
    </p>
   </div>
   <div class='ocr_carea' id='block_1_111' title="bbox 2151 4545 3740 4621">
    <p class='ocr_par' dir='ltr' id='par_1_111' title="bbox 2151 4545 3740 4621">
     <span class='ocr_line' id='line_1_112' title="bbox 2151 4545 3740 4621; baseline -0.001 -18"><span class='ocrx_word' id='word_1_787' title='bbox 2151 4547 2316 4604; x_wconf 88' lang='lat' dir='ltr'><strong><em>tertio</em></strong></span> <span class='ocrx_word' id='word_1_788' title='bbox 2349 4564 2475 4604; x_wconf 90' lang='lat' dir='ltr'><strong><em>eum</em></strong></span> <span class='ocrx_word' id='word_1_789' title='bbox 2505 4547 2738 4607; x_wconf 87' lang='lat' dir='ltr'><strong><em>dixisset</em></strong></span> <span class='ocrx_word' id='word_1_790' title='bbox 2781 4549 3083 4606; x_wconf 90' lang='lat' dir='ltr'><strong><em>Dominum</em></strong></span> <span class='ocrx_word' id='word_1_791' title='bbox 3115 4555 3461 4621; x_wconf 87' lang='lat' dir='ltr'><strong><em>negaturum,</em></strong></span> <span class='ocrx_word' id='word_1_792' title='bbox 3509 4545 3740 4603; x_wconf 87' lang='lat' dir='ltr'><strong><em>forsitan</em></strong></span> 
     </span>
    </p>
   </div>
   <div class='ocr_carea' id='block_1_112' title="bbox 2150 4636 3498 4713">
    <p class='ocr_par' dir='ltr' id='par_1_112' title="bbox 2150 4636 3498 4713">
     <span class='ocr_line' id='line_1_113' title="bbox 2150 4636 3498 4713; baseline 0.004 -20"><span class='ocrx_word' id='word_1_793' title='bbox 2150 4636 2349 4710; x_wconf 80' lang='lat' dir='ltr'><strong><em>saepius</em></strong></span> <span class='ocrx_word' id='word_1_794' title='bbox 2378 4637 2764 4712; x_wconf 89' lang='lat' dir='ltr'><strong><em>interrogatus,</em></strong></span> <span class='ocrx_word' id='word_1_795' title='bbox 2798 4638 3139 4712; x_wconf 89' lang='lat' dir='ltr'><strong><em>frequentius</em></strong></span> <span class='ocrx_word' id='word_1_796' title='bbox 3167 4637 3498 4713; x_wconf 89' lang='lat' dir='ltr'><strong><em>denegasset.</em></strong></span> 
     </span>
    </p>
   </div>
   <div class='ocr_carea' id='block_1_113' title="bbox 2224 4728 3742 4806">
    <p class='ocr_par' dir='ltr' id='par_1_113' title="bbox 2224 4728 3742 4806">
     <span class='ocr_line' id='line_1_114' title="bbox 2224 4728 3742 4806; baseline 0.003 -21"><span class='ocrx_word' id='word_1_797' title='bbox 2224 4728 2277 4786; x_wconf 84' lang='lat'><strong><em>6.</em></strong></span> <span class='ocrx_word' id='word_1_798' title='bbox 2311 4728 2457 4797; x_wconf 89' lang='lat' dir='ltr'><strong><em>Quid</em></strong></span> <span class='ocrx_word' id='word_1_799' title='bbox 2484 4747 2611 4804; x_wconf 89' lang='lat' dir='ltr'><strong><em>ergo</em></strong></span> <span class='ocrx_word' id='word_1_800' title='bbox 2638 4729 2999 4804; x_wconf 90' lang='lat' dir='ltr'><strong><em>respondetur</em></strong></span> <span class='ocrx_word' id='word_1_801' title='bbox 3026 4729 3109 4786; x_wconf 90' lang='lat' dir='ltr'><strong><em>illi</em></strong></span> <span class='ocrx_word' id='word_1_802' title='bbox 3146 4730 3462 4806; x_wconf 74' lang='lat' dir='ltr'><strong><em>petulanti?</em></strong></span> <span class='ocrx_word' id='word_1_803' title='bbox 3497 4728 3742 4806; x_wconf 71' lang='lat' dir='ltr'><strong><em>«Vulpes</em></strong></span> 
     </span>
    </p>
   </div>
   <div class='ocr_carea' id='block_1_114' title="bbox 2156 4891 3741 4960">
    <p class='ocr_par' dir='ltr' id='par_1_114' title="bbox 2156 4891 3741 4960">
     <span class='ocr_line' id='line_1_115' title="bbox 2156 4891 3741 4960; baseline 0.002 -13"><span class='ocrx_word' id='word_1_804' title='bbox 2156 4894 2407 4949; x_wconf 90' lang='lat' dir='ltr'><strong><em>volucres</em></strong></span> <span class='ocrx_word' id='word_1_805' title='bbox 2456 4892 2581 4950; x_wconf 70' lang='lat' dir='ltr'><strong><em>caeli</em></strong></span> <span class='ocrx_word' id='word_1_806' title='bbox 2636 4891 2835 4960; x_wconf 91' lang='lat' dir='ltr'><strong><em>nidos;</em></strong></span> <span class='ocrx_word' id='word_1_807' title='bbox 2879 4891 3055 4950; x_wconf 89' lang='lat' dir='ltr'><strong><em>Filius</em></strong></span> <span class='ocrx_word' id='word_1_808' title='bbox 3104 4902 3285 4951; x_wconf 89' lang='lat' dir='ltr'><strong><em>autem</em></strong></span> <span class='ocrx_word' id='word_1_809' title='bbox 3340 4891 3583 4951; x_wconf 89' lang='lat' dir='ltr'><strong><em>hominis</em></strong></span> <span class='ocrx_word' id='word_1_810' title='bbox 3628 4907 3741 4951; x_wconf 91' lang='lat' dir='ltr'><strong><em>non</em></strong></span> 
     </span>
    </p>
   </div>
   <div class='ocr_carea' id='block_1_115' title="bbox 2154 4964 3741 5038">
    <p class='ocr_par' dir='ltr' id='par_1_115' title="bbox 2154 4964 3741 5038">
     <span class='ocr_line' id='line_1_116' title="bbox 2154 4964 3741 5038; baseline 0.001 -19"><span class='ocrx_word' id='word_1_811' title='bbox 2154 4964 2322 5038; x_wconf 80' lang='lat' dir='ltr'><strong><em>habet</em></strong></span> <span class='ocrx_word' id='word_1_812' title='bbox 2366 4965 2461 5021; x_wconf 90' lang='lat' dir='ltr'><strong><em>ubi</em></strong></span> <span class='ocrx_word' id='word_1_813' title='bbox 2505 4974 2665 5038; x_wconf 84' lang='lat' dir='ltr'><strong><em>caput</em></strong></span> <span class='ocrx_word' id='word_1_814' title='bbox 2712 4965 2960 5022; x_wconf 88' lang='lat' dir='ltr'><strong><em>reclinet.</em></strong></span> <span class='ocrx_word' id='word_1_815' title='bbox 2997 4966 3109 5022; x_wconf 85' lang='lat' dir='ltr'><strong><em>Cur</em></strong></span> <span class='ocrx_word' id='word_1_816' title='bbox 3153 4984 3274 5038; x_wconf 87' lang='lat' dir='ltr'><strong><em>ergo</em></strong></span> <span class='ocrx_word' id='word_1_817' title='bbox 3316 4982 3433 5021; x_wconf 85' lang='lat' dir='ltr'><strong><em>cum</em></strong></span> <span class='ocrx_word' id='word_1_818' title='bbox 3476 4966 3544 5021; x_wconf 91' lang='lat' dir='ltr'><strong><em>ab</em></strong></span> <span class='ocrx_word' id='word_1_819' title='bbox 3571 4967 3741 5038; x_wconf 87' lang='lat' dir='ltr'><strong><em>altero</em></strong></span> 
     </span>
    </p>
   </div>
   <div class='ocr_carea' id='block_1_116' title="bbox 2153 5036 3743 5109">
    <p class='ocr_par' dir='ltr' id='par_1_116' title="bbox 2153 5036 3743 5109">
     <span class='ocr_line' id='line_1_117' title="bbox 2153 5036 3743 5109; baseline 0.001 -18"><span class='ocrx_word' id='word_1_820' title='bbox 2153 5036 2518 5108; x_wconf 79' lang='lat' dir='ltr'><strong><em>interpellatus</em></strong></span> <span class='ocrx_word' id='word_1_821' title='bbox 2570 5036 2749 5108; x_wconf 58' lang='lat' dir='ltr'><strong><em>fuerit</em></strong></span> <span class='ocrx_word' id='word_1_822' title='bbox 2805 5043 2860 5091; x_wconf 88' lang='lat' dir='ltr'><strong><em>ut</em></strong></span> <span class='ocrx_word' id='word_1_823' title='bbox 2909 5036 3227 5109; x_wconf 80' lang='lat' dir='ltr'><strong><em>quocunque</em></strong></span> <span class='ocrx_word' id='word_1_824' title='bbox 3267 5038 3431 5107; x_wconf 88' lang='lat' dir='ltr'><strong><em>iisset,</em></strong></span> <span class='ocrx_word' id='word_1_825' title='bbox 3507 5037 3743 5108; x_wconf 82' lang='lat' dir='ltr'><strong><em>religiosi</em></strong></span> 
     </span>
    </p>
   </div>
   <div class='ocr_carea' id='block_1_117' title="bbox 2154 5109 3745 5181">
    <p class='ocr_par' dir='ltr' id='par_1_117' title="bbox 2154 5109 3745 5181">
     <span class='ocr_line' id='line_1_118' title="bbox 2154 5109 3745 5181; baseline 0.001 -19"><span class='ocrx_word' id='word_1_826' title='bbox 2154 5109 2357 5181; x_wconf 84' lang='lat' dir='ltr'><strong><em>servitii</em></strong></span> <span class='ocrx_word' id='word_1_827' title='bbox 2384 5126 2546 5164; x_wconf 87' lang='lat' dir='ltr'><strong><em>causa</em></strong></span> <span class='ocrx_word' id='word_1_828' title='bbox 2570 5115 2888 5181; x_wconf 83' lang='lat' dir='ltr'><strong><em>sequeretur</em></strong></span> <span class='ocrx_word' id='word_1_829' title='bbox 2922 5126 3070 5165; x_wconf 92' lang='lat' dir='ltr'><strong><em>eum:</em></strong></span> <span class='ocrx_word' id='word_1_830' title='bbox 3121 5109 3280 5165; x_wconf 86' lang='lat' dir='ltr'><strong><em>alteri</em></strong></span> <span class='ocrx_word' id='word_1_831' title='bbox 3330 5109 3499 5181; x_wconf 88' lang='lat' dir='ltr'><strong><em>magis</em></strong></span> <span class='ocrx_word' id='word_1_832' title='bbox 3543 5109 3745 5181; x_wconf 74' lang='lat' dir='ltr'><strong><em>dixerit</em></strong></span> 
     </span>
    </p>
   </div>
   <div class='ocr_carea' id='block_1_118' title="bbox 2153 5180 3744 5254">
    <p class='ocr_par' dir='ltr' id='par_1_118' title="bbox 2153 5180 3744 5254">
     <span class='ocr_line' id='line_1_119' title="bbox 2153 5180 3744 5254; baseline 0.001 -21"><span class='ocrx_word' id='word_1_833' title='bbox 2153 5180 2245 5249; x_wconf 86' lang='lat' dir='ltr'><strong><em>qui</em></strong></span> <span class='ocrx_word' id='word_1_834' title='bbox 2274 5197 2388 5234; x_wconf 89' lang='lat' dir='ltr'><strong><em>eum</em></strong></span> <span class='ocrx_word' id='word_1_835' title='bbox 2429 5180 2576 5252; x_wconf 87' lang='lat' dir='ltr'><strong><em>sequi</em></strong></span> <span class='ocrx_word' id='word_1_836' title='bbox 2612 5181 2994 5237; x_wconf 83' lang='lat' dir='ltr'><strong><em>cunctabatur:</em></strong></span> <span class='ocrx_word' id='word_1_837' title='bbox 3042 5180 3277 5254; x_wconf 90' lang='lat' dir='ltr'><strong><em>Sequere</em></strong></span> <span class='ocrx_word' id='word_1_838' title='bbox 3306 5180 3434 5249; x_wconf 86' lang='lat' dir='ltr'><strong><em>me;</em></strong></span> <span class='ocrx_word' id='word_1_839' title='bbox 3480 5186 3528 5236; x_wconf 88' lang='lat' dir='ltr'><strong><em>et</em></strong></span> <span class='ocrx_word' id='word_1_840' title='bbox 3561 5180 3744 5253; x_wconf 85' lang='lat' dir='ltr'><strong><em>priori</em></strong></span> 
     </span>
    </p>
   </div>
   <div class='ocr_carea' id='block_1_119' title="bbox 2154 5258 2489 5317">
    <p class='ocr_par' dir='ltr' id='par_1_119' title="bbox 2154 5258 2489 5317">
     <span class='ocr_line' id='line_1_120' title="bbox 2154 5258 2489 5317; baseline 0.006 -12"><span class='ocrx_word' id='word_1_841' title='bbox 2154 5258 2348 5317; x_wconf 85' lang='lat' dir='ltr'><strong><em>spreto,</em></strong></span> <span class='ocrx_word' id='word_1_842' title='bbox 2383 5259 2489 5309; x_wconf 91' lang='lat' dir='ltr'><strong><em>etc.</em></strong></span> 
     </span>
    </p>
   </div>
   <div class='ocr_carea' id='block_1_120' title="bbox 2174 5268 3743 5395">
    <p class='ocr_par' dir='ltr' id='par_1_120' title="bbox 2174 5268 3743 5395">
     <span class='ocr_line' id='line_1_121' title="bbox 2174 5268 3743 5395; baseline 0.001 -16"><span class='ocrx_word' id='word_1_843' title='bbox 2174 5268 2348 5395; x_wconf 49' lang='grc' dir='ltr'><strong><em>Ἰ)ῖὲιῦ</em></strong></span> <span class='ocrx_word' id='word_1_844' title='bbox 2379 5268 2531 5381; x_wconf 50' lang='lat' dir='ltr'><strong><em>Eligit.</em></strong></span> <span class='ocrx_word' id='word_1_845' title='bbox 2562 5331 2698 5393; x_wconf 90' lang='lat' dir='ltr'><strong><em>vet.,</em></strong></span> <span class='ocrx_word' id='word_1_846' title='bbox 2728 5323 2984 5395; x_wconf 84' lang='lat' dir='ltr'><strong><em>qualitate</em></strong></span> <span class='ocrx_word' id='word_1_847' title='bbox 3010 5324 3237 5392; x_wconf 81' lang='lat' dir='ltr'><strong><em>horum;</em></strong></span> <span class='ocrx_word' id='word_1_848' title='bbox 3267 5325 3450 5392; x_wconf 84' lang='lat' dir='ltr'><strong><em>Rom.,</em></strong></span> <span class='ocrx_word' id='word_1_849' title='bbox 3469 5322 3743 5395; x_wconf 75' lang='lat' dir='ltr'><strong><em>qualitate</em></strong></span> 
     </span>
    </p>
   </div>
   <div class='ocr_carea' id='block_1_121' title="bbox 2152 5395 3439 5469">
    <p class='ocr_par' dir='ltr' id='par_1_121' title="bbox 2152 5395 3439 5469">
     <span class='ocr_line' id='line_1_122' title="bbox 2152 5395 3439 5469; baseline 0.003 -21"><span class='ocrx_word' id='word_1_850' title='bbox 2152 5396 2443 5469; x_wconf 67' lang='lat' dir='ltr'><strong><em>meriorupt</em></strong></span> <span class='ocrx_word' id='word_1_851' title='bbox 2464 5412 2479 5463; x_wconf 91' lang='lat'><strong><em>;</em></strong></span> <span class='ocrx_word' id='word_1_852' title='bbox 2504 5395 2678 5469; x_wconf 85' lang='lat' dir='ltr'><strong><em>codex</em></strong></span> <span class='ocrx_word' id='word_1_853' title='bbox 2703 5395 2905 5469; x_wconf 80' lang='lat' dir='ltr'><strong><em>Lugd.,</em></strong></span> <span class='ocrx_word' id='word_1_854' title='bbox 2926 5397 3182 5466; x_wconf 71' lang='lat' dir='ltr'><strong><em>qualitate</em></strong></span> <span class='ocrx_word' id='word_1_855' title='bbox 3210 5412 3439 5469; x_wconf 78' lang='lat' dir='ltr'><strong><em>morum.</em></strong></span> 
     </span>
    </p>
   </div>
   <div class='ocr_carea' id='block_1_122' title="bbox 2228 5465 3745 5540">
    <p class='ocr_par' dir='ltr' id='par_1_122' title="bbox 2228 5465 3745 5540">
     <span class='ocr_line' id='line_1_123' title="bbox 2228 5465 3745 5540; baseline -0.002 -18"><span class='ocrx_word' id='word_1_856' title='bbox 2228 5465 2344 5540; x_wconf 76' lang='lat'><strong><em>(32)</em></strong></span> <span class='ocrx_word' id='word_1_857' title='bbox 2385 5467 2466 5523; x_wconf 90' lang='lat' dir='ltr'><strong><em>Ita</em></strong></span> <span class='ocrx_word' id='word_1_858' title='bbox 2491 5484 2595 5525; x_wconf 90' lang='lat' dir='ltr'><strong><em>ms.</em></strong></span> <span class='ocrx_word' id='word_1_859' title='bbox 2629 5465 2814 5540; x_wconf 57' lang='lat' dir='ltr'><strong><em>Lugd:</em></strong></span> <span class='ocrx_word' id='word_1_860' title='bbox 2831 5485 2845 5535; x_wconf 89' lang='lat'><strong><em>;</em></strong></span> <span class='ocrx_word' id='word_1_861' title='bbox 2871 5473 2998 5540; x_wconf 66' lang='lat' dir='ltr'><strong><em>vel.</em></strong></span> <span class='ocrx_word' id='word_1_862' title='bbox 3041 5475 3224 5524; x_wconf 87' lang='lat' dir='ltr'><strong><em>autem</em></strong></span> <span class='ocrx_word' id='word_1_863' title='bbox 3253 5466 3412 5538; x_wconf 89' lang='lat' dir='ltr'><strong><em>edit.,</em></strong></span> <span class='ocrx_word' id='word_1_864' title='bbox 3459 5481 3745 5538; x_wconf 77' lang='lat' dir='ltr'><strong><em>sensusque</em></strong></span> 
     </span>
    </p>
   </div>
   <div class='ocr_carea' id='block_1_123' title="bbox 2146 5537 2984 5610">
    <p class='ocr_par' dir='ltr' id='par_1_123' title="bbox 2146 5537 2984 5610">
     <span class='ocr_line' id='line_1_124' title="bbox 2146 5537 2984 5610; baseline 0 -18"><span class='ocrx_word' id='word_1_865' title='bbox 2146 5537 2463 5610; x_wconf 68' lang='lat' dir='ltr'><strong><em>provideat;</em></strong></span> <span class='ocrx_word' id='word_1_866' title='bbox 2498 5540 2692 5610; x_wconf 85' lang='lat' dir='ltr'><strong><em>Rom.,</em></strong></span> <span class='ocrx_word' id='word_1_867' title='bbox 2710 5537 2984 5610; x_wconf 64' lang='lat' dir='ltr'><strong><em>pravidet.</em></strong></span> 
     </span>
    </p>
   </div>
   <div class='ocr_carea' id='block_1_124' title="bbox 2227 5609 3744 5685">
    <p class='ocr_par' dir='ltr' id='par_1_124' title="bbox 2227 5609 3744 5685">
     <span class='ocr_line' id='line_1_125' title="bbox 2227 5609 3744 5685; baseline 0.001 -18"><span class='ocrx_word' id='word_1_868' title='bbox 2227 5609 2344 5685; x_wconf 74' lang='lat'><strong><em>(33)</em></strong></span> <span class='ocrx_word' id='word_1_869' title='bbox 2379 5610 2583 5685; x_wconf 80' lang='lat' dir='ltr'><strong><em>Omnes</em></strong></span> <span class='ocrx_word' id='word_1_870' title='bbox 2603 5609 2766 5685; x_wconf 81' lang='lat' dir='ltr'><strong><em>edit.,</em></strong></span> <span class='ocrx_word' id='word_1_871' title='bbox 2817 5609 2907 5665; x_wconf 86' lang='lat' dir='ltr'><strong><em>sed</em></strong></span> <span class='ocrx_word' id='word_1_872' title='bbox 2948 5610 3174 5682; x_wconf 84' lang='lat' dir='ltr'><strong><em>superba</em></strong></span> <span class='ocrx_word' id='word_1_873' title='bbox 3201 5609 3517 5685; x_wconf 77' lang='lat' dir='ltr'><strong><em>responsio;</em></strong></span> <span class='ocrx_word' id='word_1_874' title='bbox 3564 5609 3744 5669; x_wconf 83' lang='lat' dir='ltr'><strong><em>codex</em></strong></span> 
     </span>
    </p>
   </div>
   <div class='ocr_carea' id='block_1_125' title="bbox 2153 5678 2665 5754">
    <p class='ocr_par' dir='ltr' id='par_1_125' title="bbox 2153 5678 2665 5754">
     <span class='ocr_line' id='line_1_126' title="bbox 2153 5678 2665 5754; baseline 0.004 -18"><span class='ocrx_word' id='word_1_875' title='bbox 2153 5678 2307 5753; x_wconf 83' lang='lat' dir='ltr'><strong><em>Lugd</em></strong></span> <span class='ocrx_word' id='word_1_876' title='bbox 2315 5678 2352 5751; x_wconf 58' lang='grc'><strong><em>,⁷,</em></strong></span> <span class='ocrx_word' id='word_1_877' title='bbox 2376 5680 2665 5754; x_wconf 83' lang='lat' dir='ltr'><strong><em>professio.</em></strong></span> 
     </span>
    </p>
   </div>
  </div>
