  <div class='ocr_page' id='page_1' title='image "/cluster/home/n/w/nwhite01/storage/ocr_20150623/17/umn.31951002477311b/362.png"; bbox 0 0 3972 6366; ppageno 0'>
   <div class='ocr_carea' id='block_1_1' title="bbox 231 409 343 467">
    <p class='ocr_par' dir='ltr' id='par_1_1' title="bbox 231 409 343 467">
     <span class='ocr_line' id='line_1_1' title="bbox 231 409 343 467; baseline 0.018 -2"><span class='ocrx_word' id='word_1_1' title='bbox 231 409 343 467; x_wconf 88' lang='grc'>709</span> 
     </span>
    </p>
   </div>
   <div class='ocr_carea' id='block_1_2' title="bbox 1047 411 2704 472">
    <p class='ocr_par' dir='ltr' id='par_1_2' title="bbox 1047 411 2704 472">
     <span class='ocr_line' id='line_1_2' title="bbox 1047 411 2704 472; baseline 0.002 -4"><span class='ocrx_word' id='word_1_2' title='bbox 1047 411 1417 470; x_wconf 82' lang='lat' dir='ltr'>SERMONES</span> <span class='ocrx_word' id='word_1_3' title='bbox 1455 412 1510 469; x_wconf 91' lang='lat' dir='ltr'>S.</span> <span class='ocrx_word' id='word_1_4' title='bbox 1552 413 1906 472; x_wconf 84' lang='lat' dir='ltr'>AMBROSIO</span> <span class='ocrx_word' id='word_1_5' title='bbox 1949 413 2321 470; x_wconf 86' lang='lat' dir='ltr'>HACTENUS</span> <span class='ocrx_word' id='word_1_6' title='bbox 2362 415 2704 472; x_wconf 76' lang='lat' dir='ltr'>ASCRIPTI.</span> 
     </span>
    </p>
   </div>
   <div class='ocr_carea' id='block_1_3' title="bbox 3430 421 3532 478">
    <p class='ocr_par' dir='ltr' id='par_1_3' title="bbox 3430 421 3532 478">
     <span class='ocr_line' id='line_1_3' title="bbox 3430 421 3532 478; baseline -0.029 0"><span class='ocrx_word' id='word_1_7' title='bbox 3430 421 3532 478; x_wconf 74' lang='lat' dir='ltr'>7H)</span> 
     </span>
    </p>
   </div>
   <div class='ocr_carea' id='block_1_4' title="bbox 229 535 3529 607">
    <p class='ocr_par' dir='ltr' id='par_1_4' title="bbox 229 535 3529 607">
     <span class='ocr_line' id='line_1_4' title="bbox 229 535 3529 607; baseline 0.003 -16"><span class='ocrx_word' id='word_1_8' title='bbox 229 535 427 592; x_wconf 83' lang='lat' dir='ltr'>foveas</span> <span class='ocrx_word' id='word_1_9' title='bbox 455 535 678 606; x_wconf 87' lang='lat' dir='ltr'>habent,</span> <span class='ocrx_word' id='word_1_10' title='bbox 702 545 757 594; x_wconf 89' lang='lat' dir='ltr'>et</span> <span class='ocrx_word' id='word_1_11' title='bbox 783 539 1034 594; x_wconf 86' lang='lat' dir='ltr'>volucres</span> <span class='ocrx_word' id='word_1_12' title='bbox 1062 539 1187 596; x_wconf 71' lang='grc' dir='ltr'>(ιωιὶ</span> <span class='ocrx_word' id='word_1_13' title='bbox 1216 539 1396 607; x_wconf 89' lang='lat' dir='ltr'>nidos,</span> <span class='ocrx_word' id='word_1_14' title='bbox 1430 546 1483 595; x_wconf 90' lang='lat' dir='ltr'>et</span> <span class='ocrx_word' id='word_1_15' title='bbox 1513 539 1686 594; x_wconf 89' lang='lat' dir='ltr'>Filius</span> <span class='ocrx_word' id='word_1_16' title='bbox 1717 538 1828 596; x_wconf 88' lang='lat' dir='ltr'>ho-</span> <span class='ocrx_word' id='word_1_17' title='bbox 1855 546 1904 605; x_wconf 82' lang='grc' dir='ltr'>Α</span> <span class='ocrx_word' id='word_1_18' title='bbox 1935 537 2104 593; x_wconf 88' lang='lat' dir='ltr'>ﬁuum</span> <span class='ocrx_word' id='word_1_19' title='bbox 2156 546 2236 594; x_wconf 81' lang='lat' dir='ltr'>est</span> <span class='ocrx_word' id='word_1_20' title='bbox 2261 558 2273 606; x_wconf 89' lang='lat'>;</span> <span class='ocrx_word' id='word_1_21' title='bbox 2305 557 2428 595; x_wconf 88' lang='lat' dir='ltr'>cum</span> <span class='ocrx_word' id='word_1_22' title='bbox 2465 540 2517 595; x_wconf 87' lang='lat' dir='ltr'>id</span> <span class='ocrx_word' id='word_1_23' title='bbox 2547 541 2730 596; x_wconf 90' lang='lat' dir='ltr'>anima</span> <span class='ocrx_word' id='word_1_24' title='bbox 2774 551 2952 598; x_wconf 87' lang='lat' dir='ltr'>vestra</span> <span class='ocrx_word' id='word_1_25' title='bbox 2981 541 3182 598; x_wconf 83' lang='lat' dir='ltr'>clausis</span> <span class='ocrx_word' id='word_1_26' title='bbox 3225 541 3529 602; x_wconf 81' lang='lat' dir='ltr'>visceribus</span> 
     </span>
    </p>
   </div>
   <div class='ocr_carea' id='block_1_5' title="bbox 229 624 1819 700">
    <p class='ocr_par' dir='ltr' id='par_1_5' title="bbox 229 624 1819 700">
     <span class='ocr_line' id='line_1_5' title="bbox 229 624 1819 700; baseline 0.001 -18"><span class='ocrx_word' id='word_1_27' title='bbox 229 624 413 682; x_wconf 87' lang='lat' dir='ltr'>minis</span> <span class='ocrx_word' id='word_1_28' title='bbox 437 641 548 682; x_wconf 92' lang='lat' dir='ltr'>non</span> <span class='ocrx_word' id='word_1_29' title='bbox 582 626 768 694; x_wconf 90' lang='lat' dir='ltr'>habet,</span> <span class='ocrx_word' id='word_1_30' title='bbox 801 625 895 683; x_wconf 93' lang='lat' dir='ltr'>ubi</span> <span class='ocrx_word' id='word_1_31' title='bbox 926 637 1088 700; x_wconf 89' lang='lat' dir='ltr'>caput</span> <span class='ocrx_word' id='word_1_32' title='bbox 1116 627 1345 684; x_wconf 79' lang='lat' dir='ltr'>reclinet</span> <span class='ocrx_word' id='word_1_33' title='bbox 1374 629 1525 700; x_wconf 84' lang='lat' dir='ltr'>(Luc.</span> <span class='ocrx_word' id='word_1_34' title='bbox 1559 645 1637 696; x_wconf 82' lang='lat' dir='ltr'>1x,</span> <span class='ocrx_word' id='word_1_35' title='bbox 1669 628 1819 700; x_wconf 74' lang='grc'>58).»</span> 
     </span>
    </p>
   </div>
   <div class='ocr_carea' id='block_1_6' title="bbox 230 713 1832 788">
    <p class='ocr_par' dir='ltr' id='par_1_6' title="bbox 230 713 1832 788">
     <span class='ocr_line' id='line_1_6' title="bbox 230 713 1832 788; baseline 0.002 -18"><span class='ocrx_word' id='word_1_36' title='bbox 230 713 436 771; x_wconf 80' lang='lat' dir='ltr'>Videte</span> <span class='ocrx_word' id='word_1_37' title='bbox 475 715 562 771; x_wconf 90' lang='lat' dir='ltr'>cui</span> <span class='ocrx_word' id='word_1_38' title='bbox 608 715 686 771; x_wconf 86' lang='lat' dir='ltr'>rei</span> <span class='ocrx_word' id='word_1_39' title='bbox 717 715 999 772; x_wconf 78' lang='lat' dir='ltr'>subtiliter</span> <span class='ocrx_word' id='word_1_40' title='bbox 1027 724 1405 788; x_wconf 86' lang='lat' dir='ltr'>comparetur:</span> <span class='ocrx_word' id='word_1_41' title='bbox 1440 725 1519 773; x_wconf 91' lang='lat' dir='ltr'>est</span> <span class='ocrx_word' id='word_1_42' title='bbox 1549 718 1695 773; x_wconf 91' lang='lat' dir='ltr'>enim</span> <span class='ocrx_word' id='word_1_43' title='bbox 1728 718 1832 775; x_wconf 92' lang='lat' dir='ltr'>hoc</span> 
     </span>
    </p>
   </div>
   <div class='ocr_carea' id='block_1_7' title="bbox 231 802 1828 878">
    <p class='ocr_par' dir='ltr' id='par_1_7' title="bbox 231 802 1828 878">
     <span class='ocr_line' id='line_1_7' title="bbox 231 802 1828 878; baseline 0.003 -20"><span class='ocrx_word' id='word_1_44' title='bbox 231 819 410 874; x_wconf 84' lang='lat' dir='ltr'>genus</span> <span class='ocrx_word' id='word_1_45' title='bbox 437 802 691 860; x_wconf 80' lang='lat' dir='ltr'>animalis</span> <span class='ocrx_word' id='word_1_46' title='bbox 718 804 908 872; x_wconf 84' lang='lat' dir='ltr'>fallax,</span> <span class='ocrx_word' id='word_1_47' title='bbox 940 812 994 859; x_wconf 93' lang='lat' dir='ltr'>et</span> <span class='ocrx_word' id='word_1_48' title='bbox 1036 804 1254 860; x_wconf 88' lang='lat' dir='ltr'>insidiis</span> <span class='ocrx_word' id='word_1_49' title='bbox 1292 822 1506 878; x_wconf 88' lang='lat' dir='ltr'>semper</span> <span class='ocrx_word' id='word_1_50' title='bbox 1535 807 1828 875; x_wconf 89' lang='lat' dir='ltr'>intentum,</span> 
     </span>
    </p>
   </div>
   <div class='ocr_carea' id='block_1_8' title="bbox 231 893 1829 968">
    <p class='ocr_par' dir='ltr' id='par_1_8' title="bbox 231 893 1829 968">
     <span class='ocr_line' id='line_1_8' title="bbox 231 893 1829 968; baseline 0.003 -20"><span class='ocrx_word' id='word_1_51' title='bbox 231 893 430 966; x_wconf 82' lang='lat' dir='ltr'>rapina</span> <span class='ocrx_word' id='word_1_52' title='bbox 470 893 689 950; x_wconf 88' lang='lat' dir='ltr'>fraudes</span> <span class='ocrx_word' id='word_1_53' title='bbox 729 910 1010 964; x_wconf 88' lang='lat' dir='ltr'>exercens,</span> <span class='ocrx_word' id='word_1_54' title='bbox 1065 896 1212 968; x_wconf 89' lang='lat' dir='ltr'>quod</span> <span class='ocrx_word' id='word_1_55' title='bbox 1261 896 1402 952; x_wconf 90' lang='lat' dir='ltr'>nihil</span> <span class='ocrx_word' id='word_1_56' title='bbox 1440 906 1642 965; x_wconf 91' lang='lat' dir='ltr'>tutum,</span> <span class='ocrx_word' id='word_1_57' title='bbox 1687 898 1829 954; x_wconf 87' lang='lat' dir='ltr'>nihil</span> 
     </span>
    </p>
   </div>
   <div class='ocr_carea' id='block_1_9' title="bbox 231 981 1834 1058">
    <p class='ocr_par' dir='ltr' id='par_1_9' title="bbox 231 981 1834 1058">
     <span class='ocr_line' id='line_1_9' title="bbox 231 981 1834 1058; baseline 0.002 -20"><span class='ocrx_word' id='word_1_58' title='bbox 231 981 500 1051; x_wconf 90' lang='lat' dir='ltr'>otiosum,</span> <span class='ocrx_word' id='word_1_59' title='bbox 531 983 672 1039; x_wconf 88' lang='lat' dir='ltr'>nihil</span> <span class='ocrx_word' id='word_1_60' title='bbox 705 985 910 1057; x_wconf 83' lang='lat' dir='ltr'>patitur</span> <span class='ocrx_word' id='word_1_61' title='bbox 938 1001 1052 1040; x_wconf 91' lang='lat' dir='ltr'>esse</span> <span class='ocrx_word' id='word_1_62' title='bbox 1079 1002 1353 1054; x_wconf 89' lang='lat' dir='ltr'>securum,</span> <span class='ocrx_word' id='word_1_63' title='bbox 1377 986 1520 1058; x_wconf 90' lang='lat' dir='ltr'>quod</span> <span class='ocrx_word' id='word_1_64' title='bbox 1549 987 1692 1042; x_wconf 90' lang='lat' dir='ltr'>inter</span> <span class='ocrx_word' id='word_1_65' title='bbox 1717 988 1834 1058; x_wconf 89' lang='lat' dir='ltr'>ipsa</span> 
     </span>
    </p>
   </div>
   <div class='ocr_carea' id='block_1_10' title="bbox 232 1074 1651 1150">
    <p class='ocr_par' dir='ltr' id='par_1_10' title="bbox 232 1074 1651 1150">
     <span class='ocr_line' id='line_1_10' title="bbox 232 1074 1651 1150; baseline 0.003 -20"><span class='ocrx_word' id='word_1_66' title='bbox 232 1089 455 1148; x_wconf 88' lang='lat' dir='ltr'>quoque</span> <span class='ocrx_word' id='word_1_67' title='bbox 487 1074 772 1131; x_wconf 91' lang='lat' dir='ltr'>hominum</span> <span class='ocrx_word' id='word_1_68' title='bbox 806 1076 1090 1133; x_wconf 89' lang='lat' dir='ltr'>domicilia</span> <span class='ocrx_word' id='word_1_69' title='bbox 1123 1078 1359 1150; x_wconf 64' lang='lat' dir='ltr'>praedam</span> <span class='ocrx_word' id='word_1_70' title='bbox 1392 1077 1651 1150; x_wconf 85' lang='lat' dir='ltr'>requirat.</span> 
     </span>
    </p>
   </div>
   <div class='ocr_carea' id='block_1_11' title="bbox 314 1163 1829 1238">
    <p class='ocr_par' dir='ltr' id='par_1_11' title="bbox 314 1163 1829 1238">
     <span class='ocr_line' id='line_1_11' title="bbox 314 1163 1829 1238; baseline 0.003 -20"><span class='ocrx_word' id='word_1_71' title='bbox 314 1163 365 1219; x_wconf 90' lang='lat'>7.</span> <span class='ocrx_word' id='word_1_72' title='bbox 397 1163 569 1229; x_wconf 89' lang='lat' dir='ltr'>Quam</span> <span class='ocrx_word' id='word_1_73' title='bbox 601 1165 1062 1236; x_wconf 88' lang='lat' dir='ltr'>comparationem</span> <span class='ocrx_word' id='word_1_74' title='bbox 1083 1183 1195 1222; x_wconf 91' lang='lat' dir='ltr'>non</span> <span class='ocrx_word' id='word_1_75' title='bbox 1224 1167 1400 1221; x_wconf 91' lang='lat' dir='ltr'>solum</span> <span class='ocrx_word' id='word_1_76' title='bbox 1427 1175 1646 1238; x_wconf 88' lang='lat' dir='ltr'>propter</span> <span class='ocrx_word' id='word_1_77' title='bbox 1672 1166 1829 1222; x_wconf 90' lang='lat' dir='ltr'>illum</span> 
     </span>
    </p>
   </div>
   <div class='ocr_carea' id='block_1_12' title="bbox 232 1254 1834 1330">
    <p class='ocr_par' dir='ltr' id='par_1_12' title="bbox 232 1254 1834 1330">
     <span class='ocr_line' id='line_1_12' title="bbox 232 1254 1834 1330; baseline 0.001 -18"><span class='ocrx_word' id='word_1_78' title='bbox 232 1254 496 1326; x_wconf 80' lang='lat' dir='ltr'>scriptam</span> <span class='ocrx_word' id='word_1_79' title='bbox 537 1262 691 1326; x_wconf 90' lang='lat' dir='ltr'>puto,</span> <span class='ocrx_word' id='word_1_80' title='bbox 722 1255 814 1312; x_wconf 89' lang='lat' dir='ltr'>sed</span> <span class='ocrx_word' id='word_1_81' title='bbox 866 1263 1087 1328; x_wconf 89' lang='lat' dir='ltr'>propter</span> <span class='ocrx_word' id='word_1_82' title='bbox 1124 1258 1409 1330; x_wconf 90' lang='lat' dir='ltr'>plerosque</span> <span class='ocrx_word' id='word_1_83' title='bbox 1456 1258 1619 1313; x_wconf 87' lang='lat' dir='ltr'>etiam</span> <span class='ocrx_word' id='word_1_84' title='bbox 1660 1257 1834 1314; x_wconf 88' lang='lat' dir='ltr'>Chri-</span> 
     </span>
    </p>
   </div>
   <div class='ocr_carea' id='block_1_13' title="bbox 235 1344 1832 1418">
    <p class='ocr_par' dir='ltr' id='par_1_13' title="bbox 235 1344 1832 1418">
     <span class='ocr_line' id='line_1_13' title="bbox 235 1344 1832 1418; baseline 0.001 -16"><span class='ocrx_word' id='word_1_85' title='bbox 235 1344 467 1414; x_wconf 89' lang='lat' dir='ltr'>stianos,</span> <span class='ocrx_word' id='word_1_86' title='bbox 499 1346 593 1418; x_wconf 86' lang='lat' dir='ltr'>qui</span> <span class='ocrx_word' id='word_1_87' title='bbox 623 1361 715 1401; x_wconf 88' lang='lat' dir='ltr'>ore</span> <span class='ocrx_word' id='word_1_88' title='bbox 744 1344 964 1418; x_wconf 89' lang='lat' dir='ltr'>quidem</span> <span class='ocrx_word' id='word_1_89' title='bbox 994 1347 1168 1402; x_wconf 88' lang='lat' dir='ltr'>Deum</span> <span class='ocrx_word' id='word_1_90' title='bbox 1200 1346 1552 1416; x_wconf 90' lang='lat' dir='ltr'>conﬁtentur,</span> <span class='ocrx_word' id='word_1_91' title='bbox 1586 1348 1832 1405; x_wconf 87' lang='lat' dir='ltr'>moribus</span> 
     </span>
    </p>
   </div>
   <div class='ocr_carea' id='block_1_14' title="bbox 235 1435 1832 1507">
    <p class='ocr_par' dir='ltr' id='par_1_14' title="bbox 235 1435 1832 1507">
     <span class='ocr_line' id='line_1_14' title="bbox 235 1435 1832 1507; baseline 0.001 -16"><span class='ocrx_word' id='word_1_92' title='bbox 235 1442 422 1492; x_wconf 88' lang='lat' dir='ltr'>autem</span> <span class='ocrx_word' id='word_1_93' title='bbox 461 1435 714 1507; x_wconf 81' lang='lat' dir='ltr'>vulpium</span> <span class='ocrx_word' id='word_1_94' title='bbox 762 1435 982 1493; x_wconf 85' lang='lat' dir='ltr'>fallacia</span> <span class='ocrx_word' id='word_1_95' title='bbox 1024 1435 1409 1505; x_wconf 88' lang='lat' dir='ltr'>diversantur;</span> <span class='ocrx_word' id='word_1_96' title='bbox 1461 1437 1642 1493; x_wconf 91' lang='lat' dir='ltr'>omnis</span> <span class='ocrx_word' id='word_1_97' title='bbox 1685 1438 1832 1492; x_wconf 86' lang='lat' dir='ltr'>enim</span> 
     </span>
    </p>
   </div>
   <div class='ocr_carea' id='block_1_15' title="bbox 237 1525 1832 1600">
    <p class='ocr_par' dir='ltr' id='par_1_15' title="bbox 237 1525 1832 1600">
     <span class='ocr_line' id='line_1_15' title="bbox 237 1525 1832 1600; baseline -0.001 -16"><span class='ocrx_word' id='word_1_98' title='bbox 237 1525 606 1596; x_wconf 90' lang='lat' dir='ltr'>Christianus,</span> <span class='ocrx_word' id='word_1_99' title='bbox 639 1526 732 1600; x_wconf 89' lang='lat' dir='ltr'>qui</span> <span class='ocrx_word' id='word_1_100' title='bbox 759 1543 858 1584; x_wconf 89' lang='lat' dir='ltr'>sua</span> <span class='ocrx_word' id='word_1_101' title='bbox 889 1528 1010 1583; x_wconf 86' lang='lat' dir='ltr'>vult</span> <span class='ocrx_word' id='word_1_102' title='bbox 1033 1537 1252 1600; x_wconf 84' lang='lat' dir='ltr'>peccata</span> <span class='ocrx_word' id='word_1_103' title='bbox 1279 1529 1474 1595; x_wconf 89' lang='lat' dir='ltr'>celare,</span> <span class='ocrx_word' id='word_1_104' title='bbox 1499 1527 1590 1584; x_wconf 92' lang='lat' dir='ltr'>hic</span> <span class='ocrx_word' id='word_1_105' title='bbox 1619 1527 1832 1600; x_wconf 87' lang='lat' dir='ltr'>spirita-</span> 
     </span>
    </p>
   </div>
   <div class='ocr_carea' id='block_1_16' title="bbox 238 1615 1834 1689">
    <p class='ocr_par' dir='ltr' id='par_1_16' title="bbox 238 1615 1834 1689">
     <span class='ocr_line' id='line_1_16' title="bbox 238 1615 1834 1689; baseline 0.001 -19"><span class='ocrx_word' id='word_1_106' title='bbox 238 1615 368 1671; x_wconf 90' lang='lat' dir='ltr'>liter</span> <span class='ocrx_word' id='word_1_107' title='bbox 409 1617 603 1689; x_wconf 87' lang='lat' dir='ltr'>vulpes</span> <span class='ocrx_word' id='word_1_108' title='bbox 632 1625 732 1673; x_wconf 92' lang='lat' dir='ltr'>est.</span> <span class='ocrx_word' id='word_1_109' title='bbox 767 1615 921 1672; x_wconf 89' lang='lat' dir='ltr'>Sicut</span> <span class='ocrx_word' id='word_1_110' title='bbox 965 1615 1114 1671; x_wconf 91' lang='lat' dir='ltr'>enim</span> <span class='ocrx_word' id='word_1_111' title='bbox 1146 1617 1340 1688; x_wconf 84' lang='lat' dir='ltr'>vulpes</span> <span class='ocrx_word' id='word_1_112' title='bbox 1368 1623 1588 1688; x_wconf 88' lang='lat' dir='ltr'>propter</span> <span class='ocrx_word' id='word_1_113' title='bbox 1618 1616 1834 1672; x_wconf 81' lang='lat' dir='ltr'>fraudes</span> 
     </span>
    </p>
   </div>
   <div class='ocr_carea' id='block_1_17' title="bbox 236 1705 1835 1777">
    <p class='ocr_par' dir='ltr' id='par_1_17' title="bbox 236 1705 1835 1777">
     <span class='ocr_line' id='line_1_17' title="bbox 236 1705 1835 1777; baseline -0.003 -14"><span class='ocrx_word' id='word_1_114' title='bbox 236 1722 364 1763; x_wconf 88' lang='lat' dir='ltr'>suas</span> <span class='ocrx_word' id='word_1_115' title='bbox 395 1706 454 1762; x_wconf 90' lang='lat' dir='ltr'>in</span> <span class='ocrx_word' id='word_1_116' title='bbox 499 1705 745 1764; x_wconf 88' lang='lat' dir='ltr'>latibulis</span> <span class='ocrx_word' id='word_1_117' title='bbox 792 1705 1145 1761; x_wconf 86' lang='lat' dir='ltr'>demoratur:</span> <span class='ocrx_word' id='word_1_118' title='bbox 1182 1705 1258 1760; x_wconf 91' lang='lat' dir='ltr'>ita</span> <span class='ocrx_word' id='word_1_119' title='bbox 1290 1713 1343 1760; x_wconf 91' lang='lat' dir='ltr'>et</span> <span class='ocrx_word' id='word_1_120' title='bbox 1372 1711 1621 1777; x_wconf 88' lang='lat' dir='ltr'>peccator</span> <span class='ocrx_word' id='word_1_121' title='bbox 1650 1711 1835 1760; x_wconf 85' lang='lat' dir='ltr'>tacens</span> 
     </span>
    </p>
   </div>
   <div class='ocr_carea' id='block_1_18' title="bbox 235 1791 1836 1870">
    <p class='ocr_par' dir='ltr' id='par_1_18' title="bbox 235 1791 1836 1870">
     <span class='ocr_line' id='line_1_18' title="bbox 235 1791 1836 1870; baseline -0.004 -18"><span class='ocrx_word' id='word_1_122' title='bbox 235 1803 462 1870; x_wconf 90' lang='lat' dir='ltr'>propter</span> <span class='ocrx_word' id='word_1_123' title='bbox 497 1793 893 1853; x_wconf 90' lang='lat' dir='ltr'>conscientiam</span> <span class='ocrx_word' id='word_1_124' title='bbox 923 1809 1078 1849; x_wconf 89' lang='lat' dir='ltr'>suam</span> <span class='ocrx_word' id='word_1_125' title='bbox 1110 1801 1458 1865; x_wconf 89' lang='lat' dir='ltr'>peccatorum</span> <span class='ocrx_word' id='word_1_126' title='bbox 1484 1791 1658 1848; x_wconf 89' lang='lat' dir='ltr'>foveis</span> <span class='ocrx_word' id='word_1_127' title='bbox 1686 1791 1836 1847; x_wconf 87' lang='lat' dir='ltr'>deli-</span> 
     </span>
    </p>
   </div>
   <div class='ocr_carea' id='block_1_19' title="bbox 1942 627 3533 702">
    <p class='ocr_par' dir='ltr' id='par_1_19' title="bbox 1942 627 3533 702">
     <span class='ocr_line' id='line_1_19' title="bbox 1942 627 3533 702; baseline 0.004 -20"><span class='ocrx_word' id='word_1_128' title='bbox 1942 643 2052 684; x_wconf 92' lang='lat' dir='ltr'>non</span> <span class='ocrx_word' id='word_1_129' title='bbox 2103 635 2214 682; x_wconf 88' lang='lat' dir='ltr'>tam</span> <span class='ocrx_word' id='word_1_130' title='bbox 2277 627 2526 684; x_wconf 89' lang='lat' dir='ltr'>sitienter</span> <span class='ocrx_word' id='word_1_131' title='bbox 2596 628 2832 696; x_wconf 84' lang='lat' dir='ltr'>hauriat,</span> <span class='ocrx_word' id='word_1_132' title='bbox 2900 646 3063 702; x_wconf 89' lang='lat' dir='ltr'>quam</span> <span class='ocrx_word' id='word_1_133' title='bbox 3117 631 3533 690; x_wconf 86' lang='lat' dir='ltr'>dissimulanter</span> 
     </span>
    </p>
   </div>
   <div class='ocr_carea' id='block_1_20' title="bbox 1941 716 3532 796">
    <p class='ocr_par' dir='ltr' id='par_1_20' title="bbox 1941 716 3532 796">
     <span class='ocr_line' id='line_1_20' title="bbox 1941 716 3532 796; baseline 0.005 -25"><span class='ocrx_word' id='word_1_134' title='bbox 1941 716 2186 773; x_wconf 88' lang='lat' dir='ltr'>effundat</span> <span class='ocrx_word' id='word_1_135' title='bbox 2220 717 2358 788; x_wconf 80' lang='lat'>(35).</span> <span class='ocrx_word' id='word_1_136' title='bbox 2391 717 2595 774; x_wconf 89' lang='lat' dir='ltr'>Fundit</span> <span class='ocrx_word' id='word_1_137' title='bbox 2623 718 2769 774; x_wconf 87' lang='lat' dir='ltr'>enim</span> <span class='ocrx_word' id='word_1_138' title='bbox 2802 719 3119 776; x_wconf 88' lang='lat' dir='ltr'>mandatum</span> <span class='ocrx_word' id='word_1_139' title='bbox 3159 722 3405 791; x_wconf 90' lang='lat' dir='ltr'>Domini,</span> <span class='ocrx_word' id='word_1_140' title='bbox 3436 725 3532 796; x_wconf 90' lang='lat' dir='ltr'>qui</span> 
     </span>
    </p>
   </div>
   <div class='ocr_carea' id='block_1_21' title="bbox 1943 805 3534 879">
    <p class='ocr_par' dir='ltr' id='par_1_21' title="bbox 1943 805 3534 879">
     <span class='ocr_line' id='line_1_21' title="bbox 1943 805 3534 879; baseline 0.006 -20"><span class='ocrx_word' id='word_1_141' title='bbox 1943 805 2083 860; x_wconf 90' lang='lat' dir='ltr'>illud</span> <span class='ocrx_word' id='word_1_142' title='bbox 2139 822 2268 860; x_wconf 90' lang='lat' dir='ltr'>aure</span> <span class='ocrx_word' id='word_1_143' title='bbox 2324 823 2421 862; x_wconf 92' lang='lat' dir='ltr'>sua</span> <span class='ocrx_word' id='word_1_144' title='bbox 2467 807 2720 879; x_wconf 88' lang='lat' dir='ltr'>percipit,</span> <span class='ocrx_word' id='word_1_145' title='bbox 2765 809 2928 864; x_wconf 91' lang='lat' dir='ltr'>corde</span> <span class='ocrx_word' id='word_1_146' title='bbox 2969 825 3079 864; x_wconf 92' lang='lat' dir='ltr'>non</span> <span class='ocrx_word' id='word_1_147' title='bbox 3127 811 3414 878; x_wconf 87' lang='lat' dir='ltr'>continet;</span> <span class='ocrx_word' id='word_1_148' title='bbox 3476 812 3534 868; x_wconf 91' lang='lat' dir='ltr'>in</span> 
     </span>
    </p>
   </div>
   <div class='ocr_carea' id='block_1_22' title="bbox 1941 893 3536 971">
    <p class='ocr_par' dir='ltr' id='par_1_22' title="bbox 1941 893 3536 971">
     <span class='ocr_line' id='line_1_22' title="bbox 1941 893 3536 971; baseline 0.005 -22"><span class='ocrx_word' id='word_1_149' title='bbox 1941 893 2228 966; x_wconf 87' lang='lat' dir='ltr'>superficie</span> <span class='ocrx_word' id='word_1_150' title='bbox 2266 895 2412 950; x_wconf 92' lang='lat' dir='ltr'>enim</span> <span class='ocrx_word' id='word_1_151' title='bbox 2444 895 2674 968; x_wconf 89' lang='lat' dir='ltr'>quadam</span> <span class='ocrx_word' id='word_1_152' title='bbox 2725 898 2971 969; x_wconf 90' lang='lat' dir='ltr'>corporis</span> <span class='ocrx_word' id='word_1_153' title='bbox 3017 897 3157 954; x_wconf 90' lang='lat' dir='ltr'>illud</span> <span class='ocrx_word' id='word_1_154' title='bbox 3206 907 3442 971; x_wconf 82' lang='lat' dir='ltr'>gestans,</span> <span class='ocrx_word' id='word_1_155' title='bbox 3472 917 3536 957; x_wconf 88' lang='lat' dir='ltr'>ac</span> 
     </span>
    </p>
   </div>
   <div class='ocr_carea' id='block_1_23' title="bbox 1943 982 3533 1061">
    <p class='ocr_par' dir='ltr' id='par_1_23' title="bbox 1943 982 3533 1061">
     <span class='ocr_line' id='line_1_23' title="bbox 1943 982 3533 1061; baseline 0.005 -24"><span class='ocrx_word' id='word_1_156' title='bbox 1943 982 2173 1038; x_wconf 88' lang='lat' dir='ltr'>minime</span> <span class='ocrx_word' id='word_1_157' title='bbox 2223 984 2289 1040; x_wconf 93' lang='lat' dir='ltr'>ad</span> <span class='ocrx_word' id='word_1_158' title='bbox 2342 984 2603 1041; x_wconf 88' lang='lat' dir='ltr'>interiora</span> <span class='ocrx_word' id='word_1_159' title='bbox 2661 987 3038 1042; x_wconf 88' lang='lat' dir='ltr'>transmittens</span> <span class='ocrx_word' id='word_1_160' title='bbox 3095 989 3240 1061; x_wconf 91' lang='lat' dir='ltr'>quod</span> <span class='ocrx_word' id='word_1_161' title='bbox 3299 989 3533 1058; x_wconf 83' lang='lat' dir='ltr'>audivit,</span> 
     </span>
    </p>
   </div>
   <div class='ocr_carea' id='block_1_24' title="bbox 1943 1072 3538 1148">
    <p class='ocr_par' dir='ltr' id='par_1_24' title="bbox 1943 1072 3538 1148">
     <span class='ocr_line' id='line_1_24' title="bbox 1943 1072 3538 1148; baseline 0.004 -20"><span class='ocrx_word' id='word_1_162' title='bbox 1943 1072 2072 1129; x_wconf 86' lang='lat' dir='ltr'>dum</span> <span class='ocrx_word' id='word_1_163' title='bbox 2109 1074 2478 1142; x_wconf 89' lang='lat' dir='ltr'>obliviscitur,</span> <span class='ocrx_word' id='word_1_164' title='bbox 2511 1076 2704 1131; x_wconf 89' lang='lat' dir='ltr'>seriem</span> <span class='ocrx_word' id='word_1_165' title='bbox 2753 1076 3160 1148; x_wconf 78' lang='lat' dir='ltr'>praedicationis</span> <span class='ocrx_word' id='word_1_166' title='bbox 3189 1079 3444 1146; x_wconf 83' lang='lat' dir='ltr'>effundit,</span> <span class='ocrx_word' id='word_1_167' title='bbox 3485 1088 3538 1135; x_wconf 91' lang='lat' dir='ltr'>et</span> 
     </span>
    </p>
   </div>
   <div class='ocr_carea' id='block_1_25' title="bbox 1943 1163 3538 1240">
    <p class='ocr_par' dir='ltr' id='par_1_25' title="bbox 1943 1163 3538 1240">
     <span class='ocr_line' id='line_1_25' title="bbox 1943 1163 3538 1240; baseline 0.003 -21"><span class='ocrx_word' id='word_1_168' title='bbox 1943 1163 2019 1220; x_wconf 87' lang='lat' dir='ltr'>ita</span> <span class='ocrx_word' id='word_1_169' title='bbox 2067 1163 2290 1220; x_wconf 91' lang='lat' dir='ltr'>domum</span> <span class='ocrx_word' id='word_1_170' title='bbox 2344 1182 2552 1222; x_wconf 88' lang='lat' dir='ltr'>vacuus</span> <span class='ocrx_word' id='word_1_171' title='bbox 2593 1166 2815 1238; x_wconf 87' lang='lat' dir='ltr'>repedat</span> <span class='ocrx_word' id='word_1_172' title='bbox 2857 1167 2996 1239; x_wconf 88' lang='lat'>(36),</span> <span class='ocrx_word' id='word_1_173' title='bbox 3039 1169 3134 1240; x_wconf 90' lang='lat' dir='ltr'>qui</span> <span class='ocrx_word' id='word_1_174' title='bbox 3183 1168 3250 1224; x_wconf 92' lang='lat' dir='ltr'>de</span> <span class='ocrx_word' id='word_1_175' title='bbox 3291 1168 3538 1226; x_wconf 88' lang='lat' dir='ltr'>Ecclesia</span> 
     </span>
    </p>
   </div>
   <div class='ocr_carea' id='block_1_26' title="bbox 1941 1255 2432 1312">
    <p class='ocr_par' dir='ltr' id='par_1_26' title="bbox 1941 1255 2432 1312">
     <span class='ocr_line' id='line_1_26' title="bbox 1941 1255 2432 1312; baseline 0.002 -2"><span class='ocrx_word' id='word_1_176' title='bbox 1941 1263 2174 1312; x_wconf 91' lang='lat' dir='ltr'>onustus</span> <span class='ocrx_word' id='word_1_177' title='bbox 2203 1255 2432 1311; x_wconf 85' lang='lat' dir='ltr'>exierat.</span> 
     </span>
    </p>
   </div>
   <div class='ocr_carea' id='block_1_27' title="bbox 2013 1361 3537 1438">
    <p class='ocr_par' dir='ltr' id='par_1_27' title="bbox 2013 1361 3537 1438">
     <span class='ocr_line' id='line_1_27' title="bbox 2013 1361 3537 1438; baseline 0.004 -22"><span class='ocrx_word' id='word_1_178' title='bbox 2013 1361 2065 1416; x_wconf 86' lang='lat'>2.</span> <span class='ocrx_word' id='word_1_179' title='bbox 2119 1362 2295 1418; x_wconf 87' lang='lat' dir='ltr'>Dicite</span> <span class='ocrx_word' id='word_1_180' title='bbox 2336 1363 2482 1418; x_wconf 92' lang='lat' dir='ltr'>enim</span> <span class='ocrx_word' id='word_1_181' title='bbox 2517 1363 2675 1431; x_wconf 91' lang='lat' dir='ltr'>mihi,</span> <span class='ocrx_word' id='word_1_182' title='bbox 2709 1363 2832 1438; x_wconf 88' lang='lat' dir='ltr'>quis</span> <span class='ocrx_word' id='word_1_183' title='bbox 2875 1363 2941 1420; x_wconf 93' lang='lat' dir='ltr'>de</span> <span class='ocrx_word' id='word_1_184' title='bbox 2971 1363 3129 1421; x_wconf 84' lang='lat' dir='ltr'>vobis</span> <span class='ocrx_word' id='word_1_185' title='bbox 3166 1381 3290 1422; x_wconf 88' lang='lat' dir='ltr'>cum</span> <span class='ocrx_word' id='word_1_186' title='bbox 3325 1367 3389 1422; x_wconf 91' lang='lat' dir='ltr'>ad</span> <span class='ocrx_word' id='word_1_187' title='bbox 3425 1365 3537 1422; x_wconf 90' lang='lat' dir='ltr'>ho-</span> 
     </span>
    </p>
   </div>
   <div class='ocr_carea' id='block_1_28' title="bbox 1943 1448 3534 1526">
    <p class='ocr_par' dir='ltr' id='par_1_28' title="bbox 1943 1448 3534 1526">
     <span class='ocr_line' id='line_1_28' title="bbox 1943 1448 3534 1526; baseline 0.004 -23"><span class='ocrx_word' id='word_1_188' title='bbox 1943 1448 2168 1520; x_wconf 90' lang='lat' dir='ltr'>spitium</span> <span class='ocrx_word' id='word_1_189' title='bbox 2199 1450 2444 1519; x_wconf 90' lang='lat' dir='ltr'>redierit,</span> <span class='ocrx_word' id='word_1_190' title='bbox 2476 1451 2655 1507; x_wconf 91' lang='lat' dir='ltr'>dicet:</span> <span class='ocrx_word' id='word_1_191' title='bbox 2688 1452 2861 1509; x_wconf 86' lang='lat' dir='ltr'>Hodie</span> <span class='ocrx_word' id='word_1_192' title='bbox 2881 1453 3198 1510; x_wconf 90' lang='lat' dir='ltr'>audivimus</span> <span class='ocrx_word' id='word_1_193' title='bbox 3219 1453 3534 1526; x_wconf 88' lang='lat' dir='ltr'>episcopum</span> 
     </span>
    </p>
   </div>
   <div class='ocr_carea' id='block_1_29' title="bbox 1943 1537 3538 1616">
    <p class='ocr_par' dir='ltr' id='par_1_29' title="bbox 1943 1537 3538 1616">
     <span class='ocr_line' id='line_1_29' title="bbox 1943 1537 3538 1616; baseline 0.006 -25"><span class='ocrx_word' id='word_1_194' title='bbox 1943 1537 2010 1593; x_wconf 93' lang='lat' dir='ltr'>de</span> <span class='ocrx_word' id='word_1_195' title='bbox 2040 1538 2403 1612; x_wconf 91' lang='lat' dir='ltr'>eleemosynis</span> <span class='ocrx_word' id='word_1_196' title='bbox 2424 1540 2816 1612; x_wconf 88' lang='lat' dir='ltr'>disputantem,</span> <span class='ocrx_word' id='word_1_197' title='bbox 2850 1558 2962 1598; x_wconf 88' lang='lat' dir='ltr'>rem</span> <span class='ocrx_word' id='word_1_198' title='bbox 2977 1543 3170 1598; x_wconf 90' lang='lat' dir='ltr'>utilem</span> <span class='ocrx_word' id='word_1_199' title='bbox 3192 1543 3538 1616; x_wconf 74' lang='lat' dir='ltr'>praedicavit,</span> 
     </span>
    </p>
   </div>
   <div class='ocr_carea' id='block_1_30' title="bbox 1943 1625 3538 1700">
    <p class='ocr_par' dir='ltr' id='par_1_30' title="bbox 1943 1625 3538 1700">
     <span class='ocr_line' id='line_1_30' title="bbox 1943 1625 3538 1700; baseline 0.004 -20"><span class='ocrx_word' id='word_1_200' title='bbox 1943 1625 2206 1682; x_wconf 88' lang='lat' dir='ltr'>debemus</span> <span class='ocrx_word' id='word_1_201' title='bbox 2234 1628 2566 1700; x_wconf 89' lang='lat' dir='ltr'>pauperibus</span> <span class='ocrx_word' id='word_1_202' title='bbox 2593 1629 2837 1685; x_wconf 89' lang='lat' dir='ltr'>misereri</span> <span class='ocrx_word' id='word_1_203' title='bbox 2862 1630 2889 1685; x_wconf 74' lang='lat' dir='ltr'>‘P</span> <span class='ocrx_word' id='word_1_204' title='bbox 2908 1630 3236 1687; x_wconf 89' lang='lat' dir='ltr'>Prosecutus</span> <span class='ocrx_word' id='word_1_205' title='bbox 3265 1631 3430 1687; x_wconf 91' lang='lat' dir='ltr'>etiam</span> <span class='ocrx_word' id='word_1_206' title='bbox 3452 1639 3538 1688; x_wconf 89' lang='lat' dir='ltr'>est</span> 
     </span>
    </p>
   </div>
   <div class='ocr_carea' id='block_1_31' title="bbox 1941 1714 3540 1790">
    <p class='ocr_par' dir='ltr' id='par_1_31' title="bbox 1941 1714 3540 1790">
     <span class='ocr_line' id='line_1_31' title="bbox 1941 1714 3540 1790; baseline 0.002 -19"><span class='ocrx_word' id='word_1_207' title='bbox 1941 1714 2011 1771; x_wconf 89' lang='lat' dir='ltr'>de</span> <span class='ocrx_word' id='word_1_208' title='bbox 2075 1714 2352 1772; x_wconf 90' lang='lat' dir='ltr'>idolorum</span> <span class='ocrx_word' id='word_1_209' title='bbox 2406 1717 2737 1773; x_wconf 81' lang='lat' dir='ltr'>exsecranda</span> <span class='ocrx_word' id='word_1_210' title='bbox 2779 1717 3016 1786; x_wconf 88' lang='lat' dir='ltr'>cultura,</span> <span class='ocrx_word' id='word_1_211' title='bbox 3075 1717 3419 1790; x_wconf 90' lang='lat' dir='ltr'>requiramus</span> <span class='ocrx_word' id='word_1_212' title='bbox 3473 1734 3540 1774; x_wconf 90' lang='lat' dir='ltr'>ne</span> 
     </span>
    </p>
   </div>
   <div class='ocr_carea' id='block_1_32' title="bbox 1943 1804 3535 1881">
    <p class='ocr_par' dir='ltr' id='par_1_32' title="bbox 1943 1804 3535 1881">
     <span class='ocr_line' id='line_1_32' title="bbox 1943 1804 3535 1881; baseline 0.006 -22"><span class='ocrx_word' id='word_1_213' title='bbox 1943 1804 2330 1876; x_wconf 81' lang='lat' dir='ltr'>ignorantibus</span> <span class='ocrx_word' id='word_1_214' title='bbox 2351 1807 2512 1864; x_wconf 92' lang='lat' dir='ltr'>nobis</span> <span class='ocrx_word' id='word_1_215' title='bbox 2540 1809 2595 1864; x_wconf 93' lang='lat' dir='ltr'>in</span> <span class='ocrx_word' id='word_1_216' title='bbox 2628 1809 2970 1881; x_wconf 89' lang='lat' dir='ltr'>possessione</span> <span class='ocrx_word' id='word_1_217' title='bbox 2988 1818 3176 1867; x_wconf 86' lang='lat' dir='ltr'>nostra</span> <span class='ocrx_word' id='word_1_218' title='bbox 3201 1811 3272 1867; x_wconf 92' lang='lat' dir='ltr'>sit</span> <span class='ocrx_word' id='word_1_219' title='bbox 3301 1811 3535 1868; x_wconf 90' lang='lat' dir='ltr'>idolum.</span> 
     </span>
    </p>
   </div>
   <div class='ocr_carea' id='block_1_33' title="bbox 235 1881 3536 1970">
    <p class='ocr_par' dir='ltr' id='par_1_33' title="bbox 235 1881 3536 1970">
     <span class='ocr_line' id='line_1_33' title="bbox 235 1881 3536 1970; baseline 0.001 -28"><span class='ocrx_word' id='word_1_220' title='bbox 235 1886 400 1942; x_wconf 87' lang='lat' dir='ltr'>tescit</span> <span class='ocrx_word' id='word_1_221' title='bbox 425 1904 436 1942; x_wconf 92' lang='lat'>:</span> <span class='ocrx_word' id='word_1_222' title='bbox 470 1893 524 1940; x_wconf 92' lang='lat' dir='ltr'>et</span> <span class='ocrx_word' id='word_1_223' title='bbox 549 1883 692 1940; x_wconf 89' lang='lat' dir='ltr'>sicut</span> <span class='ocrx_word' id='word_1_224' title='bbox 714 1883 810 1938; x_wconf 88' lang='lat' dir='ltr'>illa</span> <span class='ocrx_word' id='word_1_225' title='bbox 826 1899 935 1939; x_wconf 92' lang='lat' dir='ltr'>non</span> <span class='ocrx_word' id='word_1_226' title='bbox 956 1882 1120 1939; x_wconf 87' lang='lat' dir='ltr'>audet</span> <span class='ocrx_word' id='word_1_227' title='bbox 1139 1882 1283 1940; x_wconf 90' lang='lat' dir='ltr'>inter</span> <span class='ocrx_word' id='word_1_228' title='bbox 1308 1883 1516 1940; x_wconf 87' lang='lat' dir='ltr'>medias</span> <span class='ocrx_word' id='word_1_229' title='bbox 1543 1881 1833 1938; x_wconf 89' lang='lat' dir='ltr'>hominum</span> <span class='ocrx_word' id='word_1_230' title='bbox 1865 1909 1911 1970; x_wconf 81' lang='grc' dir='ltr'>Β</span> <span class='ocrx_word' id='word_1_231' title='bbox 1944 1893 2250 1952; x_wconf 61' lang='lat' dir='ltr'>Admonuit</span> <span class='ocrx_word' id='word_1_232' title='bbox 2281 1895 2445 1952; x_wconf 60' lang='lat' dir='ltr'>etiam</span> <span class='ocrx_word' id='word_1_233' title='bbox 2476 1897 2735 1954; x_wconf 71' lang='lat' dir='ltr'>festinare</span> <span class='ocrx_word' id='word_1_234' title='bbox 2761 1897 2958 1955; x_wconf 68' lang='lat' dir='ltr'>debere</span> <span class='ocrx_word' id='word_1_235' title='bbox 2987 1898 3442 1956; x_wconf 62' lang='lat' dir='ltr'>catechumenum</span> <span class='ocrx_word' id='word_1_236' title='bbox 3468 1899 3536 1956; x_wconf 74' lang='lat' dir='ltr'>ad</span> 
     </span>
    </p>
   </div>
   <div class='ocr_carea' id='block_1_34' title="bbox 237 1972 1838 2040">
    <p class='ocr_par' dir='ltr' id='par_1_34' title="bbox 237 1972 1838 2040">
     <span class='ocr_line' id='line_1_34' title="bbox 237 1972 1838 2040; baseline -0.002 -10"><span class='ocrx_word' id='word_1_237' title='bbox 237 1974 429 2030; x_wconf 87' lang='lat' dir='ltr'>turbas</span> <span class='ocrx_word' id='word_1_238' title='bbox 474 1989 691 2029; x_wconf 92' lang='lat' dir='ltr'>morum</span> <span class='ocrx_word' id='word_1_239' title='bbox 732 1989 958 2029; x_wconf 88' lang='lat' dir='ltr'>suorum</span> <span class='ocrx_word' id='word_1_240' title='bbox 1001 1972 1287 2030; x_wconf 88' lang='lat' dir='ltr'>ostendere</span> <span class='ocrx_word' id='word_1_241' title='bbox 1326 1973 1636 2040; x_wconf 89' lang='lat' dir='ltr'>fallaciam;</span> <span class='ocrx_word' id='word_1_242' title='bbox 1679 1972 1756 2027; x_wconf 87' lang='lat' dir='ltr'>ita</span> <span class='ocrx_word' id='word_1_243' title='bbox 1783 1979 1838 2028; x_wconf 92' lang='lat' dir='ltr'>et</span> 
     </span>
    </p>
   </div>
   <div class='ocr_carea' id='block_1_35' title="bbox 235 2065 1835 2126">
    <p class='ocr_par' dir='ltr' id='par_1_35' title="bbox 235 2065 1835 2126">
     <span class='ocr_line' id='line_1_35' title="bbox 235 2065 1835 2126; baseline 0.001 -5"><span class='ocrx_word' id='word_1_244' title='bbox 235 2065 333 2124; x_wconf 89' lang='lat' dir='ltr'>hic</span> <span class='ocrx_word' id='word_1_245' title='bbox 361 2065 635 2124; x_wconf 88' lang='lat' dir='ltr'>erubescit</span> <span class='ocrx_word' id='word_1_246' title='bbox 670 2067 728 2122; x_wconf 91' lang='lat' dir='ltr'>in</span> <span class='ocrx_word' id='word_1_247' title='bbox 777 2066 956 2122; x_wconf 91' lang='lat' dir='ltr'>media</span> <span class='ocrx_word' id='word_1_248' title='bbox 984 2067 1230 2124; x_wconf 89' lang='lat' dir='ltr'>Ecclesia</span> <span class='ocrx_word' id='word_1_249' title='bbox 1266 2066 1699 2126; x_wconf 87' lang='lat' dir='ltr'>conversationis</span> <span class='ocrx_word' id='word_1_250' title='bbox 1726 2083 1835 2123; x_wconf 83' lang='lat' dir='ltr'>suae</span> 
     </span>
    </p>
   </div>
   <div class='ocr_carea' id='block_1_36' title="bbox 235 2157 1835 2232">
    <p class='ocr_par' dir='ltr' id='par_1_36' title="bbox 235 2157 1835 2232">
     <span class='ocr_line' id='line_1_36' title="bbox 235 2157 1835 2232; baseline -0.001 -18"><span class='ocrx_word' id='word_1_251' title='bbox 235 2158 544 2232; x_wconf 88' lang='lat' dir='ltr'>nequitiam</span> <span class='ocrx_word' id='word_1_252' title='bbox 598 2157 870 2215; x_wconf 90' lang='lat' dir='ltr'>conﬁteri.</span> <span class='ocrx_word' id='word_1_253' title='bbox 916 2163 1062 2222; x_wconf 85' lang='lat'>446</span> <span class='ocrx_word' id='word_1_254' title='bbox 1109 2158 1344 2231; x_wconf 86' lang='lat' dir='ltr'>Vulpem</span> <span class='ocrx_word' id='word_1_255' title='bbox 1393 2159 1550 2231; x_wconf 90' lang='lat' dir='ltr'>plane</span> <span class='ocrx_word' id='word_1_256' title='bbox 1597 2157 1835 2216; x_wconf 86' lang='lat' dir='ltr'>dixerim</span> 
     </span>
    </p>
   </div>
   <div class='ocr_carea' id='block_1_37' title="bbox 237 2254 1833 2331">
    <p class='ocr_par' dir='ltr' id='par_1_37' title="bbox 237 2254 1833 2331">
     <span class='ocr_line' id='line_1_37' title="bbox 237 2254 1833 2331; baseline 0 -17"><span class='ocrx_word' id='word_1_257' title='bbox 237 2273 459 2314; x_wconf 90' lang='lat' dir='ltr'>omnem</span> <span class='ocrx_word' id='word_1_258' title='bbox 491 2254 887 2326; x_wconf 90' lang='lat' dir='ltr'>Christianum,</span> <span class='ocrx_word' id='word_1_259' title='bbox 921 2259 1015 2331; x_wconf 90' lang='lat' dir='ltr'>qui</span> <span class='ocrx_word' id='word_1_260' title='bbox 1043 2275 1143 2314; x_wconf 93' lang='lat' dir='ltr'>suo</span> <span class='ocrx_word' id='word_1_261' title='bbox 1176 2257 1472 2315; x_wconf 89' lang='lat' dir='ltr'>insidiatur</span> <span class='ocrx_word' id='word_1_262' title='bbox 1503 2258 1708 2326; x_wconf 90' lang='lat' dir='ltr'>vicino,</span> <span class='ocrx_word' id='word_1_263' title='bbox 1741 2257 1833 2331; x_wconf 85' lang='lat' dir='ltr'>qui</span> 
     </span>
    </p>
   </div>
   <div class='ocr_carea' id='block_1_38' title="bbox 237 2347 1836 2422">
    <p class='ocr_par' dir='ltr' id='par_1_38' title="bbox 237 2347 1836 2422">
     <span class='ocr_line' id='line_1_38' title="bbox 237 2347 1836 2422; baseline -0.001 -18"><span class='ocrx_word' id='word_1_264' title='bbox 237 2347 491 2422; x_wconf 90' lang='lat' dir='ltr'>quotidie</span> <span class='ocrx_word' id='word_1_265' title='bbox 535 2347 737 2405; x_wconf 90' lang='lat' dir='ltr'>nititur</span> <span class='ocrx_word' id='word_1_266' title='bbox 777 2348 915 2405; x_wconf 89' lang='lat' dir='ltr'>fines</span> <span class='ocrx_word' id='word_1_267' title='bbox 943 2349 1156 2406; x_wconf 89' lang='lat' dir='ltr'>alienos</span> <span class='ocrx_word' id='word_1_268' title='bbox 1195 2349 1469 2418; x_wconf 89' lang='lat' dir='ltr'>arrodere,</span> <span class='ocrx_word' id='word_1_269' title='bbox 1502 2349 1712 2406; x_wconf 85' lang='lat' dir='ltr'>fructus</span> <span class='ocrx_word' id='word_1_270' title='bbox 1740 2349 1836 2404; x_wconf 92' lang='lat' dir='ltr'>in—</span> 
     </span>
    </p>
   </div>
   <div class='ocr_carea' id='block_1_39' title="bbox 236 2440 1837 2517">
    <p class='ocr_par' dir='ltr' id='par_1_39' title="bbox 236 2440 1837 2517">
     <span class='ocr_line' id='line_1_39' title="bbox 236 2440 1837 2517; baseline 0.001 -21"><span class='ocrx_word' id='word_1_271' title='bbox 236 2440 459 2510; x_wconf 83' lang='lat' dir='ltr'>vadere,</span> <span class='ocrx_word' id='word_1_272' title='bbox 501 2441 763 2498; x_wconf 87' lang='lat' dir='ltr'>animalia</span> <span class='ocrx_word' id='word_1_273' title='bbox 811 2441 1093 2512; x_wconf 89' lang='lat' dir='ltr'>devorare,</span> <span class='ocrx_word' id='word_1_274' title='bbox 1144 2451 1198 2498; x_wconf 94' lang='lat' dir='ltr'>et</span> <span class='ocrx_word' id='word_1_275' title='bbox 1243 2442 1389 2517; x_wconf 91' lang='lat' dir='ltr'>quod</span> <span class='ocrx_word' id='word_1_276' title='bbox 1439 2449 1519 2499; x_wconf 91' lang='lat' dir='ltr'>est</span> <span class='ocrx_word' id='word_1_277' title='bbox 1568 2442 1837 2498; x_wconf 89' lang='lat' dir='ltr'>familiare</span> 
     </span>
    </p>
   </div>
   <div class='ocr_carea' id='block_1_40' title="bbox 238 2529 1838 2607">
    <p class='ocr_par' dir='ltr' id='par_1_40' title="bbox 238 2529 1838 2607">
     <span class='ocr_line' id='line_1_40' title="bbox 238 2529 1838 2607; baseline 0.001 -21"><span class='ocrx_word' id='word_1_278' title='bbox 238 2529 371 2586; x_wconf 88' lang='lat' dir='ltr'>huic</span> <span class='ocrx_word' id='word_1_279' title='bbox 411 2530 666 2604; x_wconf 87' lang='lat' dir='ltr'>tempori,</span> <span class='ocrx_word' id='word_1_280' title='bbox 714 2548 823 2588; x_wconf 93' lang='lat' dir='ltr'>non</span> <span class='ocrx_word' id='word_1_281' title='bbox 855 2531 970 2604; x_wconf 90' lang='lat' dir='ltr'>jam</span> <span class='ocrx_word' id='word_1_282' title='bbox 1013 2534 1266 2607; x_wconf 87' lang='lat' dir='ltr'>vulpium</span> <span class='ocrx_word' id='word_1_283' title='bbox 1316 2551 1467 2590; x_wconf 89' lang='lat' dir='ltr'>more</span> <span class='ocrx_word' id='word_1_284' title='bbox 1505 2534 1701 2606; x_wconf 90' lang='lat' dir='ltr'>pullos,</span> <span class='ocrx_word' id='word_1_285' title='bbox 1744 2531 1838 2589; x_wconf 89' lang='lat' dir='ltr'>sed</span> 
     </span>
    </p>
   </div>
   <div class='ocr_carea' id='block_1_41' title="bbox 239 2621 1838 2698">
    <p class='ocr_par' dir='ltr' id='par_1_41' title="bbox 239 2621 1838 2698">
     <span class='ocr_line' id='line_1_41' title="bbox 239 2621 1838 2698; baseline 0.001 -22"><span class='ocrx_word' id='word_1_286' title='bbox 239 2621 497 2694; x_wconf 89' lang='lat' dir='ltr'>luporum</span> <span class='ocrx_word' id='word_1_287' title='bbox 530 2639 682 2678; x_wconf 90' lang='lat' dir='ltr'>more</span> <span class='ocrx_word' id='word_1_288' title='bbox 713 2639 900 2695; x_wconf 90' lang='lat' dir='ltr'>rapere</span> <span class='ocrx_word' id='word_1_289' title='bbox 948 2641 1177 2696; x_wconf 88' lang='lat' dir='ltr'>porcos:</span> <span class='ocrx_word' id='word_1_290' title='bbox 1225 2625 1320 2698; x_wconf 92' lang='lat' dir='ltr'>qui</span> <span class='ocrx_word' id='word_1_291' title='bbox 1361 2625 1492 2681; x_wconf 89' lang='lat' dir='ltr'>dum</span> <span class='ocrx_word' id='word_1_292' title='bbox 1523 2641 1622 2681; x_wconf 91' lang='lat' dir='ltr'>suo</span> <span class='ocrx_word' id='word_1_293' title='bbox 1653 2624 1838 2679; x_wconf 84' lang='lat' dir='ltr'>labore</span> 
     </span>
    </p>
   </div>
   <div class='ocr_carea' id='block_1_42' title="bbox 241 2709 1840 2787">
    <p class='ocr_par' dir='ltr' id='par_1_42' title="bbox 241 2709 1840 2787">
     <span class='ocr_line' id='line_1_42' title="bbox 241 2709 1840 2787; baseline 0.001 -21"><span class='ocrx_word' id='word_1_294' title='bbox 241 2709 414 2782; x_wconf 90' lang='lat' dir='ltr'>possit</span> <span class='ocrx_word' id='word_1_295' title='bbox 441 2726 498 2767; x_wconf 93' lang='lat' dir='ltr'>se</span> <span class='ocrx_word' id='word_1_296' title='bbox 536 2709 732 2782; x_wconf 89' lang='lat' dir='ltr'>juvare</span> <span class='ocrx_word' id='word_1_297' title='bbox 767 2712 908 2785; x_wconf 90' lang='lat'>(34),</span> <span class='ocrx_word' id='word_1_298' title='bbox 943 2714 1178 2771; x_wconf 90' lang='lat' dir='ltr'>ferarum</span> <span class='ocrx_word' id='word_1_299' title='bbox 1210 2714 1361 2771; x_wconf 89' lang='lat' dir='ltr'>rabie</span> <span class='ocrx_word' id='word_1_300' title='bbox 1391 2714 1629 2787; x_wconf 71' lang='lat' dir='ltr'>praedam</span> <span class='ocrx_word' id='word_1_301' title='bbox 1659 2720 1840 2786; x_wconf 82' lang='lat' dir='ltr'>captat</span> 
     </span>
    </p>
   </div>
   <div class='ocr_carea' id='block_1_43' title="bbox 240 2799 498 2856">
    <p class='ocr_par' dir='ltr' id='par_1_43' title="bbox 240 2799 498 2856">
     <span class='ocr_line' id='line_1_43' title="bbox 240 2799 498 2856; baseline 0.012 -3"><span class='ocrx_word' id='word_1_302' title='bbox 240 2799 498 2856; x_wconf 89' lang='lat' dir='ltr'>alienam.</span> 
     </span>
    </p>
   </div>
   <div class='ocr_carea' id='block_1_44' title="bbox 313 2890 1841 2968">
    <p class='ocr_par' dir='ltr' id='par_1_44' title="bbox 313 2890 1841 2968">
     <span class='ocr_line' id='line_1_44' title="bbox 313 2890 1841 2968; baseline 0.004 -22"><span class='ocrx_word' id='word_1_303' title='bbox 313 2890 366 2946; x_wconf 92' lang='lat'>8.</span> <span class='ocrx_word' id='word_1_304' title='bbox 401 2891 696 2950; x_wconf 69' lang='lat' dir='ltr'>Haereticos</span> <span class='ocrx_word' id='word_1_305' title='bbox 725 2894 888 2950; x_wconf 91' lang='lat' dir='ltr'>etiam</span> <span class='ocrx_word' id='word_1_306' title='bbox 912 2912 1102 2952; x_wconf 90' lang='lat' dir='ltr'>omnes</span> <span class='ocrx_word' id='word_1_307' title='bbox 1129 2895 1367 2952; x_wconf 89' lang='lat' dir='ltr'>arbitror</span> <span class='ocrx_word' id='word_1_308' title='bbox 1385 2895 1646 2968; x_wconf 89' lang='lat' dir='ltr'>vulpibus</span> <span class='ocrx_word' id='word_1_309' title='bbox 1679 2912 1841 2952; x_wconf 88' lang='lat' dir='ltr'>com-</span> 
     </span>
    </p>
   </div>
   <div class='ocr_carea' id='block_1_45' title="bbox 242 2981 1841 3056">
    <p class='ocr_par' dir='ltr' id='par_1_45' title="bbox 242 2981 1841 3056">
     <span class='ocr_line' id='line_1_45' title="bbox 242 2981 1841 3056; baseline 0.004 -20"><span class='ocrx_word' id='word_1_310' title='bbox 242 2981 534 3052; x_wconf 86' lang='lat' dir='ltr'>parandos,</span> <span class='ocrx_word' id='word_1_311' title='bbox 577 2985 673 3056; x_wconf 90' lang='lat' dir='ltr'>qui</span> <span class='ocrx_word' id='word_1_312' title='bbox 704 3001 827 3040; x_wconf 88' lang='lat' dir='ltr'>cum</span> <span class='ocrx_word' id='word_1_313' title='bbox 878 2986 935 3041; x_wconf 94' lang='lat' dir='ltr'>in</span> <span class='ocrx_word' id='word_1_314' title='bbox 967 2985 1132 3042; x_wconf 92' lang='lat' dir='ltr'>domo</span> <span class='ocrx_word' id='word_1_315' title='bbox 1181 2987 1406 3043; x_wconf 89' lang='lat' dir='ltr'>Domini</span> <span class='ocrx_word' id='word_1_316' title='bbox 1453 2986 1700 3044; x_wconf 87' lang='lat' dir='ltr'>habitare</span> <span class='ocrx_word' id='word_1_317' title='bbox 1729 3003 1841 3043; x_wconf 91' lang='lat' dir='ltr'>non</span> 
     </span>
    </p>
   </div>
   <div class='ocr_carea' id='block_1_46' title="bbox 243 3072 1841 3152">
    <p class='ocr_par' dir='ltr' id='par_1_46' title="bbox 243 3072 1841 3152">
     <span class='ocr_line' id='line_1_46' title="bbox 243 3072 1841 3152; baseline 0.005 -25"><span class='ocrx_word' id='word_1_318' title='bbox 243 3072 476 3144; x_wconf 89' lang='lat' dir='ltr'>possint,</span> <span class='ocrx_word' id='word_1_319' title='bbox 507 3076 895 3133; x_wconf 88' lang='lat' dir='ltr'>conventicula</span> <span class='ocrx_word' id='word_1_320' title='bbox 915 3077 1020 3134; x_wconf 91' lang='lat' dir='ltr'>sibi</span> <span class='ocrx_word' id='word_1_321' title='bbox 1050 3077 1298 3151; x_wconf 76' lang='lat' dir='ltr'>quaedam</span> <span class='ocrx_word' id='word_1_322' title='bbox 1322 3079 1475 3135; x_wconf 92' lang='lat' dir='ltr'>velut</span> <span class='ocrx_word' id='word_1_323' title='bbox 1503 3079 1687 3135; x_wconf 89' lang='lat' dir='ltr'>foveas</span> <span class='ocrx_word' id='word_1_324' title='bbox 1710 3097 1841 3152; x_wconf 69' lang='lat' dir='ltr'>prae-</span> 
     </span>
    </p>
   </div>
   <div class='ocr_carea' id='block_1_47' title="bbox 243 3164 1841 3240">
    <p class='ocr_par' dir='ltr' id='par_1_47' title="bbox 243 3164 1841 3240">
     <span class='ocr_line' id='line_1_47' title="bbox 243 3164 1841 3240; baseline 0.006 -25"><span class='ocrx_word' id='word_1_325' title='bbox 243 3170 437 3232; x_wconf 83' lang='lat' dir='ltr'>parant</span> <span class='ocrx_word' id='word_1_326' title='bbox 483 3164 815 3235; x_wconf 89' lang='lat' dir='ltr'>tenebrosas,</span> <span class='ocrx_word' id='word_1_327' title='bbox 857 3166 914 3222; x_wconf 91' lang='lat' dir='ltr'>in</span> <span class='ocrx_word' id='word_1_328' title='bbox 963 3167 1165 3240; x_wconf 89' lang='lat' dir='ltr'>quibus</span> <span class='ocrx_word' id='word_1_329' title='bbox 1202 3167 1558 3240; x_wconf 86' lang='lat' dir='ltr'>pertinaciter</span> <span class='ocrx_word' id='word_1_330' title='bbox 1589 3169 1841 3238; x_wconf 87' lang='lat' dir='ltr'>latentes,</span> 
     </span>
    </p>
   </div>
   <div class='ocr_carea' id='block_1_48' title="bbox 1947 1982 3536 2055">
    <p class='ocr_par' dir='ltr' id='par_1_48' title="bbox 1947 1982 3536 2055">
     <span class='ocr_line' id='line_1_48' title="bbox 1947 1982 3536 2055; baseline 0.005 -17"><span class='ocrx_word' id='word_1_331' title='bbox 1947 1983 2176 2055; x_wconf 86' lang='lat' dir='ltr'>gratiam</span> <span class='ocrx_word' id='word_1_332' title='bbox 2207 1982 2355 2053; x_wconf 90' lang='lat' dir='ltr'>ﬁdei,</span> <span class='ocrx_word' id='word_1_333' title='bbox 2390 1985 2684 2043; x_wconf 77' lang='lat' dir='ltr'>offeramus</span> <span class='ocrx_word' id='word_1_334' title='bbox 2710 1987 2992 2044; x_wconf 65' lang='lat' dir='ltr'>familiolze</span> <span class='ocrx_word' id='word_1_335' title='bbox 3021 1995 3220 2045; x_wconf 73' lang='lat' dir='ltr'>nostrae</span> <span class='ocrx_word' id='word_1_336' title='bbox 3265 1996 3327 2045; x_wconf 91' lang='lat' dir='ltr'>ut</span> <span class='ocrx_word' id='word_1_337' title='bbox 3371 1988 3536 2046; x_wconf 88' lang='lat' dir='ltr'>ﬁdem</span> 
     </span>
    </p>
   </div>
   <div class='ocr_carea' id='block_1_49' title="bbox 1945 2071 3541 2149">
    <p class='ocr_par' dir='ltr' id='par_1_49' title="bbox 1945 2071 3541 2149">
     <span class='ocr_line' id='line_1_49' title="bbox 1945 2071 3541 2149; baseline 0.005 -21"><span class='ocrx_word' id='word_1_338' title='bbox 1945 2071 2198 2145; x_wconf 88' lang='lat' dir='ltr'>quisquis</span> <span class='ocrx_word' id='word_1_339' title='bbox 2241 2081 2324 2130; x_wconf 89' lang='lat' dir='ltr'>est</span> <span class='ocrx_word' id='word_1_340' title='bbox 2363 2073 2564 2144; x_wconf 90' lang='lat' dir='ltr'>fidelis,</span> <span class='ocrx_word' id='word_1_341' title='bbox 2595 2076 2856 2149; x_wconf 89' lang='lat' dir='ltr'>accipiat;</span> <span class='ocrx_word' id='word_1_342' title='bbox 2890 2093 2958 2134; x_wconf 93' lang='lat' dir='ltr'>ne</span> <span class='ocrx_word' id='word_1_343' title='bbox 3005 2077 3145 2133; x_wconf 85' lang='lat' dir='ltr'>forte</span> <span class='ocrx_word' id='word_1_344' title='bbox 3175 2077 3316 2134; x_wconf 87' lang='lat' dir='ltr'>ratio</span> <span class='ocrx_word' id='word_1_345' title='bbox 3345 2079 3541 2136; x_wconf 90' lang='lat' dir='ltr'>salutis</span> 
     </span>
    </p>
   </div>
   <div class='ocr_carea' id='block_1_50' title="bbox 1945 2164 3541 2240">
    <p class='ocr_par' dir='ltr' id='par_1_50' title="bbox 1945 2164 3541 2240">
     <span class='ocr_line' id='line_1_50' title="bbox 1945 2164 3541 2240; baseline 0.006 -24"><span class='ocrx_word' id='word_1_346' title='bbox 1945 2176 2134 2218; x_wconf 91' lang='lat' dir='ltr'>eorum</span> <span class='ocrx_word' id='word_1_347' title='bbox 2168 2171 2444 2236; x_wconf 70' lang='lat' dir='ltr'>quaeratur</span> <span class='ocrx_word' id='word_1_348' title='bbox 2471 2181 2502 2220; x_wconf 91' lang='lat' dir='ltr'>a</span> <span class='ocrx_word' id='word_1_349' title='bbox 2526 2164 2706 2234; x_wconf 88' lang='lat' dir='ltr'>nobis,</span> <span class='ocrx_word' id='word_1_350' title='bbox 2738 2166 2868 2240; x_wconf 88' lang='lat' dir='ltr'>quia</span> <span class='ocrx_word' id='word_1_351' title='bbox 2893 2168 3008 2224; x_wconf 88' lang='lat' dir='ltr'>vita</span> <span class='ocrx_word' id='word_1_352' title='bbox 3036 2184 3224 2224; x_wconf 91' lang='lat' dir='ltr'>eorum</span> <span class='ocrx_word' id='word_1_353' title='bbox 3255 2184 3325 2225; x_wconf 86' lang='lat' dir='ltr'>ex</span> <span class='ocrx_word' id='word_1_354' title='bbox 3353 2176 3541 2227; x_wconf 90' lang='lat' dir='ltr'>nostro</span> 
     </span>
    </p>
   </div>
   <div class='ocr_carea' id='block_1_51' title="bbox 1946 2253 3540 2335">
    <p class='ocr_par' dir='ltr' id='par_1_51' title="bbox 1946 2253 3540 2335">
     <span class='ocr_line' id='line_1_51' title="bbox 1946 2253 3540 2335; baseline 0.005 -25"><span class='ocrx_word' id='word_1_355' title='bbox 1946 2253 2147 2326; x_wconf 91' lang='lat' dir='ltr'>pendet</span> <span class='ocrx_word' id='word_1_356' title='bbox 2175 2255 2430 2314; x_wconf 88' lang='lat' dir='ltr'>arbitrio.</span> <span class='ocrx_word' id='word_1_357' title='bbox 2459 2258 2631 2314; x_wconf 90' lang='lat' dir='ltr'>Nemo</span> <span class='ocrx_word' id='word_1_358' title='bbox 2678 2258 2744 2314; x_wconf 93' lang='lat' dir='ltr'>de</span> <span class='ocrx_word' id='word_1_359' title='bbox 2787 2259 2886 2316; x_wconf 92' lang='lat' dir='ltr'>Dei</span> <span class='ocrx_word' id='word_1_360' title='bbox 2918 2259 3080 2318; x_wconf 89' lang='lat' dir='ltr'>rebus</span> <span class='ocrx_word' id='word_1_361' title='bbox 3123 2261 3345 2335; x_wconf 80' lang='lat' dir='ltr'>cogitat,</span> <span class='ocrx_word' id='word_1_362' title='bbox 3378 2277 3540 2320; x_wconf 90' lang='lat' dir='ltr'>nemo</span> 
     </span>
    </p>
   </div>
   <div class='ocr_carea' id='block_1_52' title="bbox 1945 2343 3539 2422">
    <p class='ocr_par' dir='ltr' id='par_1_52' title="bbox 1945 2343 3539 2422">
     <span class='ocr_line' id='line_1_52' title="bbox 1945 2343 3539 2422; baseline 0.004 -22"><span class='ocrx_word' id='word_1_363' title='bbox 1945 2343 2012 2400; x_wconf 91' lang='lat' dir='ltr'>de</span> <span class='ocrx_word' id='word_1_364' title='bbox 2043 2343 2130 2400; x_wconf 91' lang='lat' dir='ltr'>die</span> <span class='ocrx_word' id='word_1_365' title='bbox 2156 2343 2358 2417; x_wconf 87' lang='lat' dir='ltr'>judicii</span> <span class='ocrx_word' id='word_1_366' title='bbox 2390 2347 2655 2420; x_wconf 91' lang='lat' dir='ltr'>loquitur,</span> <span class='ocrx_word' id='word_1_367' title='bbox 2681 2347 2834 2422; x_wconf 90' lang='lat' dir='ltr'>quasi</span> <span class='ocrx_word' id='word_1_368' title='bbox 2863 2356 2957 2406; x_wconf 90' lang='lat' dir='ltr'>aut</span> <span class='ocrx_word' id='word_1_369' title='bbox 2976 2367 3072 2422; x_wconf 93' lang='lat' dir='ltr'>per</span> <span class='ocrx_word' id='word_1_370' title='bbox 3098 2351 3285 2406; x_wconf 90' lang='lat' dir='ltr'>omnia</span> <span class='ocrx_word' id='word_1_371' title='bbox 3312 2349 3539 2421; x_wconf 86' lang='lat' dir='ltr'>victuri,</span> 
     </span>
    </p>
   </div>
   <div class='ocr_carea' id='block_1_53' title="bbox 1946 2437 3541 2510">
    <p class='ocr_par' dir='ltr' id='par_1_53' title="bbox 1946 2437 3541 2510">
     <span class='ocr_line' id='line_1_53' title="bbox 1946 2437 3541 2510; baseline 0.005 -20"><span class='ocrx_word' id='word_1_372' title='bbox 1946 2443 2040 2491; x_wconf 90' lang='lat' dir='ltr'>aut</span> <span class='ocrx_word' id='word_1_373' title='bbox 2081 2451 2176 2507; x_wconf 89' lang='lat' dir='ltr'>per</span> <span class='ocrx_word' id='word_1_374' title='bbox 2220 2437 2411 2492; x_wconf 88' lang='lat' dir='ltr'>omnia</span> <span class='ocrx_word' id='word_1_375' title='bbox 2445 2437 2722 2495; x_wconf 91' lang='lat' dir='ltr'>morituri.</span> <span class='ocrx_word' id='word_1_376' title='bbox 2763 2438 2902 2496; x_wconf 88' lang='lat' dir='ltr'>Mihi</span> <span class='ocrx_word' id='word_1_377' title='bbox 2934 2441 3160 2510; x_wconf 87' lang='lat' dir='ltr'>credite,</span> <span class='ocrx_word' id='word_1_378' title='bbox 3193 2443 3269 2498; x_wconf 90' lang='lat' dir='ltr'>ita</span> <span class='ocrx_word' id='word_1_379' title='bbox 3294 2442 3541 2498; x_wconf 88' lang='lat' dir='ltr'>vivimus</span> 
     </span>
    </p>
   </div>
   <div class='ocr_carea' id='block_1_54' title="bbox 1949 2524 3540 2601">
    <p class='ocr_par' dir='ltr' id='par_1_54' title="bbox 1949 2524 3540 2601">
     <span class='ocr_line' id='line_1_54' title="bbox 1949 2524 3540 2601; baseline 0.006 -23"><span class='ocrx_word' id='word_1_380' title='bbox 1949 2524 2007 2578; x_wconf 93' lang='lat' dir='ltr'>in</span> <span class='ocrx_word' id='word_1_381' title='bbox 2036 2524 2396 2595; x_wconf 72' lang='lat' dir='ltr'>hocsaeculo,</span> <span class='ocrx_word' id='word_1_382' title='bbox 2428 2534 2490 2582; x_wconf 93' lang='lat' dir='ltr'>ut</span> <span class='ocrx_word' id='word_1_383' title='bbox 2518 2543 2744 2599; x_wconf 90' lang='lat' dir='ltr'>corpore</span> <span class='ocrx_word' id='word_1_384' title='bbox 2773 2529 3076 2585; x_wconf 89' lang='lat' dir='ltr'>moriamur</span> <span class='ocrx_word' id='word_1_385' title='bbox 3101 2548 3112 2585; x_wconf 93' lang='lat'>:</span> <span class='ocrx_word' id='word_1_386' title='bbox 3143 2529 3220 2586; x_wconf 90' lang='lat' dir='ltr'>ita</span> <span class='ocrx_word' id='word_1_387' title='bbox 3249 2531 3540 2601; x_wconf 89' lang='lat' dir='ltr'>morimur,</span> 
     </span>
    </p>
   </div>
   <div class='ocr_carea' id='block_1_55' title="bbox 1947 2614 3540 2688">
    <p class='ocr_par' dir='ltr' id='par_1_55' title="bbox 1947 2614 3540 2688">
     <span class='ocr_line' id='line_1_55' title="bbox 1947 2614 3540 2688; baseline 0.004 -20"><span class='ocrx_word' id='word_1_388' title='bbox 1947 2621 2008 2669; x_wconf 92' lang='lat' dir='ltr'>ut</span> <span class='ocrx_word' id='word_1_389' title='bbox 2038 2614 2241 2670; x_wconf 90' lang='lat' dir='ltr'>rationi</span> <span class='ocrx_word' id='word_1_390' title='bbox 2262 2614 2551 2672; x_wconf 62' lang='lat' dir='ltr'>reddendae</span> <span class='ocrx_word' id='word_1_391' title='bbox 2569 2616 2839 2672; x_wconf 90' lang='lat' dir='ltr'>vivamus.</span> <span class='ocrx_word' id='word_1_392' title='bbox 2863 2618 3096 2675; x_wconf 89' lang='lat' dir='ltr'>Moritur</span> <span class='ocrx_word' id='word_1_393' title='bbox 3114 2619 3336 2675; x_wconf 89' lang='lat' dir='ltr'>interim</span> <span class='ocrx_word' id='word_1_394' title='bbox 3354 2619 3540 2688; x_wconf 92' lang='lat' dir='ltr'>homo,</span> 
     </span>
    </p>
   </div>
   <div class='ocr_carea' id='block_1_56' title="bbox 1947 2705 3540 2769">
    <p class='ocr_par' dir='ltr' id='par_1_56' title="bbox 1947 2705 3540 2769">
     <span class='ocr_line' id='line_1_56' title="bbox 1947 2705 3540 2769; baseline 0.005 -8"><span class='ocrx_word' id='word_1_395' title='bbox 1947 2705 2042 2761; x_wconf 90' lang='lat' dir='ltr'>sed</span> <span class='ocrx_word' id='word_1_396' title='bbox 2097 2714 2319 2762; x_wconf 90' lang='lat' dir='ltr'>actuum</span> <span class='ocrx_word' id='word_1_397' title='bbox 2377 2723 2539 2764; x_wconf 90' lang='lat' dir='ltr'>causa</span> <span class='ocrx_word' id='word_1_398' title='bbox 2584 2723 2695 2763; x_wconf 93' lang='lat' dir='ltr'>non</span> <span class='ocrx_word' id='word_1_399' title='bbox 2745 2709 2980 2765; x_wconf 89' lang='lat' dir='ltr'>moritur</span> <span class='ocrx_word' id='word_1_400' title='bbox 3022 2728 3034 2766; x_wconf 92' lang='lat'>:</span> <span class='ocrx_word' id='word_1_401' title='bbox 3086 2711 3309 2766; x_wconf 87' lang='lat' dir='ltr'>vivente</span> <span class='ocrx_word' id='word_1_402' title='bbox 3357 2720 3540 2769; x_wconf 90' lang='lat' dir='ltr'>autem</span> 
     </span>
    </p>
   </div>
   <div class='ocr_carea' id='block_1_57' title="bbox 1947 2800 3537 2871">
    <p class='ocr_par' dir='ltr' id='par_1_57' title="bbox 1947 2800 3537 2871">
     <span class='ocr_line' id='line_1_57' title="bbox 1947 2800 3537 2871; baseline 0.005 -21"><span class='ocrx_word' id='word_1_403' title='bbox 1947 2810 2130 2862; x_wconf 89' lang='lat' dir='ltr'>causa,</span> <span class='ocrx_word' id='word_1_404' title='bbox 2165 2811 2381 2852; x_wconf 90' lang='lat' dir='ltr'>necesse</span> <span class='ocrx_word' id='word_1_405' title='bbox 2419 2803 2500 2853; x_wconf 91' lang='lat' dir='ltr'>est</span> <span class='ocrx_word' id='word_1_406' title='bbox 2543 2805 2606 2855; x_wconf 91' lang='lat' dir='ltr'>ut</span> <span class='ocrx_word' id='word_1_407' title='bbox 2631 2813 2806 2854; x_wconf 75' lang='lat' dir='ltr'>causae</span> <span class='ocrx_word' id='word_1_408' title='bbox 2835 2815 2945 2854; x_wconf 68' lang='lat' dir='ltr'>sure</span> <span class='ocrx_word' id='word_1_409' title='bbox 2975 2815 3206 2871; x_wconf 90' lang='lat' dir='ltr'>persona</span> <span class='ocrx_word' id='word_1_410' title='bbox 3234 2816 3345 2856; x_wconf 92' lang='lat' dir='ltr'>non</span> <span class='ocrx_word' id='word_1_411' title='bbox 3374 2800 3537 2870; x_wconf 90' lang='lat' dir='ltr'>desit,</span> 
     </span>
    </p>
   </div>
   <div class='ocr_carea' id='block_1_58' title="bbox 1948 2884 3539 2964">
    <p class='ocr_par' dir='ltr' id='par_1_58' title="bbox 1948 2884 3539 2964">
     <span class='ocr_line' id='line_1_58' title="bbox 1948 2884 3539 2964; baseline 0.005 -24"><span class='ocrx_word' id='word_1_412' title='bbox 1948 2884 2092 2942; x_wconf 88' lang='lat' dir='ltr'>sicut</span> <span class='ocrx_word' id='word_1_413' title='bbox 2143 2884 2220 2941; x_wconf 89' lang='lat' dir='ltr'>ait</span> <span class='ocrx_word' id='word_1_414' title='bbox 2251 2885 2552 2958; x_wconf 88' lang='lat' dir='ltr'>propheta:</span> <span class='ocrx_word' id='word_1_415' title='bbox 2623 2912 2642 2936; x_wconf 79' lang='grc' dir='ltr'>ι</span> <span class='ocrx_word' id='word_1_416' title='bbox 2684 2889 2825 2946; x_wconf 90' lang='lat' dir='ltr'>Ecce</span> <span class='ocrx_word' id='word_1_417' title='bbox 2868 2889 3057 2960; x_wconf 89' lang='lat' dir='ltr'>homo,</span> <span class='ocrx_word' id='word_1_418' title='bbox 3104 2899 3159 2948; x_wconf 90' lang='lat' dir='ltr'>et</span> <span class='ocrx_word' id='word_1_419' title='bbox 3213 2907 3375 2964; x_wconf 90' lang='lat' dir='ltr'>opera</span> <span class='ocrx_word' id='word_1_420' title='bbox 3420 2892 3539 2964; x_wconf 89' lang='lat' dir='ltr'>ejus</span> 
     </span>
    </p>
   </div>
   <div class='ocr_carea' id='block_1_59' title="bbox 1952 2975 2433 3046">
    <p class='ocr_par' dir='ltr' id='par_1_59' title="bbox 1952 2975 2433 3046">
     <span class='ocr_line' id='line_1_59' title="bbox 1952 2975 2433 3046; baseline -0.008 -17"><span class='ocrx_word' id='word_1_421' title='bbox 1952 2975 2088 3046; x_wconf 74' lang='lat' dir='ltr'>(18a.</span> <span class='ocrx_word' id='word_1_422' title='bbox 2117 2990 2230 3042; x_wconf 79' lang='lat' dir='ltr'>xu,</span> <span class='ocrx_word' id='word_1_423' title='bbox 2265 2975 2378 3044; x_wconf 78' lang='lat'>24).</span> <span class='ocrx_word' id='word_1_424' title='bbox 2415 3001 2433 3025; x_wconf 73' lang='grc' dir='ltr'>ι</span> 
     </span>
    </p>
   </div>
   <div class='ocr_carea' id='block_1_60' title="bbox 2022 3082 3541 3156">
    <p class='ocr_par' dir='ltr' id='par_1_60' title="bbox 2022 3082 3541 3156">
     <span class='ocr_line' id='line_1_60' title="bbox 2022 3082 3541 3156; baseline 0.005 -18"><span class='ocrx_word' id='word_1_425' title='bbox 2022 3082 2073 3138; x_wconf 88' lang='grc'>3.</span> <span class='ocrx_word' id='word_1_426' title='bbox 2134 3082 2430 3139; x_wconf 84' lang='lat' dir='ltr'>Volueram</span> <span class='ocrx_word' id='word_1_427' title='bbox 2487 3099 2614 3156; x_wconf 89' lang='lat' dir='ltr'>ergo</span> <span class='ocrx_word' id='word_1_428' title='bbox 2661 3085 2981 3142; x_wconf 88' lang='lat' dir='ltr'>subtrahere</span> <span class='ocrx_word' id='word_1_429' title='bbox 3027 3087 3186 3145; x_wconf 89' lang='lat' dir='ltr'>vobis</span> <span class='ocrx_word' id='word_1_430' title='bbox 3237 3089 3541 3147; x_wconf 83' lang='lat' dir='ltr'>Dominicae</span> 
     </span>
    </p>
   </div>
   <div class='ocr_carea' id='block_1_61' title="bbox 1952 3169 3540 3248">
    <p class='ocr_par' dir='ltr' id='par_1_61' title="bbox 1952 3169 3540 3248">
     <span class='ocr_line' id='line_1_61' title="bbox 1952 3169 3540 3248; baseline 0.006 -23"><span class='ocrx_word' id='word_1_431' title='bbox 1952 3169 2362 3244; x_wconf 58' lang='lat' dir='ltr'>pradicationis</span> <span class='ocrx_word' id='word_1_432' title='bbox 2389 3171 2626 3244; x_wconf 89' lang='lat' dir='ltr'>eloquia,</span> <span class='ocrx_word' id='word_1_433' title='bbox 2663 3190 2774 3230; x_wconf 92' lang='lat' dir='ltr'>non</span> <span class='ocrx_word' id='word_1_434' title='bbox 2795 3174 2942 3248; x_wconf 88' lang='lat' dir='ltr'>quod</span> <span class='ocrx_word' id='word_1_435' title='bbox 2966 3175 3137 3233; x_wconf 90' lang='lat' dir='ltr'>iratus</span> <span class='ocrx_word' id='word_1_436' title='bbox 3158 3175 3264 3232; x_wconf 94' lang='lat' dir='ltr'>hoc</span> <span class='ocrx_word' id='word_1_437' title='bbox 3285 3177 3540 3246; x_wconf 80' lang='lat' dir='ltr'>facerem,</span> 
     </span>
    </p>
   </div>
   <div class='ocr_carea' id='block_1_62' title="bbox 245 3253 3546 3336">
    <p class='ocr_par' dir='ltr' id='par_1_62' title="bbox 245 3253 3546 3336">
     <span class='ocr_line' id='line_1_62' title="bbox 245 3253 3546 3336; baseline 0.004 -28"><span class='ocrx_word' id='word_1_438' title='bbox 245 3253 579 3312; x_wconf 84' lang='lat' dir='ltr'>insidiantur</span> <span class='ocrx_word' id='word_1_439' title='bbox 598 3259 894 3329; x_wconf 76' lang='lat' dir='ltr'>Ecclesiae;</span> <span class='ocrx_word' id='word_1_440' title='bbox 918 3268 981 3316; x_wconf 90' lang='lat' dir='ltr'>ut</span> <span class='ocrx_word' id='word_1_441' title='bbox 1011 3260 1055 3316; x_wconf 92' lang='lat' dir='ltr'>si</span> <span class='ocrx_word' id='word_1_442' title='bbox 1074 3277 1180 3334; x_wconf 91' lang='lat' dir='ltr'>qua</span> <span class='ocrx_word' id='word_1_443' title='bbox 1211 3262 1475 3319; x_wconf 90' lang='lat' dir='ltr'>innocens</span> <span class='ocrx_word' id='word_1_444' title='bbox 1505 3261 1687 3317; x_wconf 91' lang='lat' dir='ltr'>anima</span> <span class='ocrx_word' id='word_1_445' title='bbox 1705 3261 1845 3320; x_wconf 90' lang='lat' dir='ltr'>forte</span> <span class='ocrx_word' id='word_1_446' title='bbox 1872 3273 1922 3336; x_wconf 62' lang='grc' dir='ltr'>(ξ,</span> <span class='ocrx_word' id='word_1_447' title='bbox 1951 3261 2044 3316; x_wconf 91' lang='lat' dir='ltr'>sed</span> <span class='ocrx_word' id='word_1_448' title='bbox 2106 3270 2168 3318; x_wconf 93' lang='lat' dir='ltr'>ut</span> <span class='ocrx_word' id='word_1_449' title='bbox 2219 3261 2591 3333; x_wconf 85' lang='lat' dir='ltr'>evangelicam</span> <span class='ocrx_word' id='word_1_450' title='bbox 2647 3265 2974 3321; x_wconf 88' lang='lat' dir='ltr'>sententiam</span> <span class='ocrx_word' id='word_1_451' title='bbox 3029 3267 3382 3323; x_wconf 89' lang='lat' dir='ltr'>custodirem.</span> <span class='ocrx_word' id='word_1_452' title='bbox 3450 3267 3546 3322; x_wconf 83' lang='lat' dir='ltr'>Ait</span> 
     </span>
    </p>
   </div>
   <div class='ocr_carea' id='block_1_63' title="bbox 245 3351 1847 3427">
    <p class='ocr_par' dir='ltr' id='par_1_63' title="bbox 245 3351 1847 3427">
     <span class='ocr_line' id='line_1_63' title="bbox 245 3351 1847 3427; baseline 0.004 -23"><span class='ocrx_word' id='word_1_453' title='bbox 245 3351 591 3421; x_wconf 89' lang='lat' dir='ltr'>processerit,</span> <span class='ocrx_word' id='word_1_454' title='bbox 653 3352 806 3408; x_wconf 90' lang='lat' dir='ltr'>velut</span> <span class='ocrx_word' id='word_1_455' title='bbox 858 3353 1071 3425; x_wconf 87' lang='lat' dir='ltr'>pullum</span> <span class='ocrx_word' id='word_1_456' title='bbox 1128 3354 1346 3427; x_wconf 67' lang='lat' dir='ltr'>gallinae</span> <span class='ocrx_word' id='word_1_457' title='bbox 1403 3355 1595 3412; x_wconf 87' lang='lat' dir='ltr'>matris</span> <span class='ocrx_word' id='word_1_458' title='bbox 1647 3354 1847 3411; x_wconf 91' lang='lat' dir='ltr'>absor-</span> 
     </span>
    </p>
   </div>
   <div class='ocr_carea' id='block_1_64' title="bbox 246 3440 1848 3519">
    <p class='ocr_par' dir='ltr' id='par_1_64' title="bbox 246 3440 1848 3519">
     <span class='ocr_line' id='line_1_64' title="bbox 246 3440 1848 3519; baseline 0.002 -21"><span class='ocrx_word' id='word_1_459' title='bbox 246 3440 431 3499; x_wconf 90' lang='lat' dir='ltr'>beant.</span> <span class='ocrx_word' id='word_1_460' title='bbox 466 3444 824 3513; x_wconf 88' lang='lat' dir='ltr'>lnsidiantur,</span> <span class='ocrx_word' id='word_1_461' title='bbox 875 3446 1125 3519; x_wconf 89' lang='lat' dir='ltr'>inquam,</span> <span class='ocrx_word' id='word_1_462' title='bbox 1169 3447 1366 3519; x_wconf 91' lang='lat' dir='ltr'>vulpes</span> <span class='ocrx_word' id='word_1_463' title='bbox 1407 3446 1692 3511; x_wconf 66' lang='lat' dir='ltr'>Ecclesiae,</span> <span class='ocrx_word' id='word_1_464' title='bbox 1742 3446 1848 3502; x_wconf 93' lang='lat' dir='ltr'>hoc</span> 
     </span>
    </p>
   </div>
   <div class='ocr_carea' id='block_1_65' title="bbox 250 3533 1848 3610">
    <p class='ocr_par' dir='ltr' id='par_1_65' title="bbox 250 3533 1848 3610">
     <span class='ocr_line' id='line_1_65' title="bbox 250 3533 1848 3610; baseline 0.001 -20"><span class='ocrx_word' id='word_1_465' title='bbox 250 3541 354 3602; x_wconf 90' lang='lat' dir='ltr'>est,</span> <span class='ocrx_word' id='word_1_466' title='bbox 393 3533 640 3591; x_wconf 76' lang='lat' dir='ltr'>haeretici</span> <span class='ocrx_word' id='word_1_467' title='bbox 697 3536 1027 3608; x_wconf 62' lang='lat' dir='ltr'>evangelicae</span> <span class='ocrx_word' id='word_1_468' title='bbox 1076 3537 1162 3592; x_wconf 90' lang='lat' dir='ltr'>illi</span> <span class='ocrx_word' id='word_1_469' title='bbox 1208 3537 1446 3609; x_wconf 66' lang='lat' dir='ltr'>gallinae,</span> <span class='ocrx_word' id='word_1_470' title='bbox 1497 3537 1564 3592; x_wconf 92' lang='lat' dir='ltr'>de</span> <span class='ocrx_word' id='word_1_471' title='bbox 1616 3553 1722 3610; x_wconf 88' lang='lat' dir='ltr'>qua</span> <span class='ocrx_word' id='word_1_472' title='bbox 1769 3536 1848 3592; x_wconf 88' lang='lat' dir='ltr'>ait</span> 
     </span>
    </p>
   </div>
   <div class='ocr_carea' id='block_1_66' title="bbox 248 3623 1846 3700">
    <p class='ocr_par' dir='ltr' id='par_1_66' title="bbox 248 3623 1846 3700">
     <span class='ocr_line' id='line_1_66' title="bbox 248 3623 1846 3700; baseline 0.002 -20"><span class='ocrx_word' id='word_1_473' title='bbox 248 3623 554 3680; x_wconf 89' lang='lat' dir='ltr'>Dominus:</span> <span class='ocrx_word' id='word_1_474' title='bbox 616 3625 887 3692; x_wconf 71' lang='lat' dir='ltr'>«Quoties</span> <span class='ocrx_word' id='word_1_475' title='bbox 931 3627 1084 3682; x_wconf 89' lang='lat' dir='ltr'>volui</span> <span class='ocrx_word' id='word_1_476' title='bbox 1135 3643 1461 3700; x_wconf 84' lang='lat' dir='ltr'>congregare</span> <span class='ocrx_word' id='word_1_477' title='bbox 1509 3628 1653 3684; x_wconf 89' lang='lat' dir='ltr'>ﬁlios</span> <span class='ocrx_word' id='word_1_478' title='bbox 1702 3635 1846 3696; x_wconf 87' lang='lat' dir='ltr'>tuos,</span> 
     </span>
    </p>
   </div>
   <div class='ocr_carea' id='block_1_67' title="bbox 249 3712 1848 3788">
    <p class='ocr_par' dir='ltr' id='par_1_67' title="bbox 249 3712 1848 3788">
     <span class='ocr_line' id='line_1_67' title="bbox 249 3712 1848 3788; baseline 0.003 -20"><span class='ocrx_word' id='word_1_479' title='bbox 249 3712 394 3769; x_wconf 88' lang='lat' dir='ltr'>sicut</span> <span class='ocrx_word' id='word_1_480' title='bbox 453 3713 656 3785; x_wconf 87' lang='lat' dir='ltr'>gallina</span> <span class='ocrx_word' id='word_1_481' title='bbox 716 3715 928 3787; x_wconf 90' lang='lat' dir='ltr'>colligit</span> <span class='ocrx_word' id='word_1_482' title='bbox 984 3717 1167 3788; x_wconf 89' lang='lat' dir='ltr'>pullos</span> <span class='ocrx_word' id='word_1_483' title='bbox 1217 3735 1346 3774; x_wconf 92' lang='lat' dir='ltr'>suos</span> <span class='ocrx_word' id='word_1_484' title='bbox 1401 3717 1502 3774; x_wconf 91' lang='lat' dir='ltr'>sub</span> <span class='ocrx_word' id='word_1_485' title='bbox 1559 3719 1670 3774; x_wconf 90' lang='lat' dir='ltr'>alas</span> <span class='ocrx_word' id='word_1_486' title='bbox 1722 3733 1848 3773; x_wconf 88' lang='lat' dir='ltr'>suas</span> 
     </span>
    </p>
   </div>
   <div class='ocr_carea' id='block_1_68' title="bbox 253 3803 1849 3880">
    <p class='ocr_par' dir='ltr' id='par_1_68' title="bbox 253 3803 1849 3880">
     <span class='ocr_line' id='line_1_68' title="bbox 253 3803 1849 3880; baseline 0.003 -20"><span class='ocrx_word' id='word_1_487' title='bbox 253 3803 467 3873; x_wconf 79' lang='lat' dir='ltr'>(Matth.</span> <span class='ocrx_word' id='word_1_488' title='bbox 510 3820 675 3873; x_wconf 71' lang='grc' dir='ltr'>χχιιι,</span> <span class='ocrx_word' id='word_1_489' title='bbox 708 3805 800 3878; x_wconf 92' lang='grc'>37)</span> <span class='ocrx_word' id='word_1_490' title='bbox 827 3808 839 3862; x_wconf 88' lang='lat' dir='ltr'>l</span> <span class='ocrx_word' id='word_1_491' title='bbox 865 3832 884 3856; x_wconf 81' lang='grc' dir='ltr'><strong>ι</strong></span> <span class='ocrx_word' id='word_1_492' title='bbox 917 3807 1021 3864; x_wconf 93' lang='lat' dir='ltr'>Sed</span> <span class='ocrx_word' id='word_1_493' title='bbox 1055 3808 1170 3880; x_wconf 91' lang='lat' dir='ltr'>ipsa</span> <span class='ocrx_word' id='word_1_494' title='bbox 1187 3808 1328 3865; x_wconf 91' lang='lat' dir='ltr'>sicut</span> <span class='ocrx_word' id='word_1_495' title='bbox 1349 3808 1576 3864; x_wconf 89' lang='lat' dir='ltr'>Samson</span> <span class='ocrx_word' id='word_1_496' title='bbox 1595 3807 1849 3864; x_wconf 90' lang='lat' dir='ltr'>ardentes</span> 
     </span>
    </p>
   </div>
   <div class='ocr_carea' id='block_1_69' title="bbox 251 3897 985 3974">
    <p class='ocr_par' dir='ltr' id='par_1_69' title="bbox 251 3897 985 3974">
     <span class='ocr_line' id='line_1_69' title="bbox 251 3897 985 3974; baseline 0.011 -22"><span class='ocrx_word' id='word_1_497' title='bbox 251 3897 396 3955; x_wconf 88' lang='lat' dir='ltr'>faces</span> <span class='ocrx_word' id='word_1_498' title='bbox 419 3898 682 3973; x_wconf 89' lang='lat' dir='ltr'>vulpibus</span> <span class='ocrx_word' id='word_1_499' title='bbox 710 3901 985 3974; x_wconf 89' lang='lat' dir='ltr'>religavit.</span> 
     </span>
    </p>
   </div>
   <div class='ocr_carea' id='block_1_70' title="bbox 836 4020 1268 4078">
    <p class='ocr_par' dir='ltr' id='par_1_70' title="bbox 836 4020 1268 4078">
     <span class='ocr_line' id='line_1_70' title="bbox 836 4020 1268 4078; baseline 0.002 -2"><span class='ocrx_word' id='word_1_500' title='bbox 836 4020 1070 4078; x_wconf 79' lang='lat' dir='ltr'>SERMO</span> <span class='ocrx_word' id='word_1_501' title='bbox 1099 4021 1268 4077; x_wconf 83' lang='lat' dir='ltr'>XLII.</span> 
     </span>
    </p>
   </div>
   <div class='ocr_carea' id='block_1_71' title="bbox 253 4108 1848 4196">
    <p class='ocr_par' dir='ltr' id='par_1_71' title="bbox 253 4108 1848 4196">
     <span class='ocr_line' id='line_1_71' title="bbox 253 4108 1848 4196; baseline 0.003 -30"><span class='ocrx_word' id='word_1_502' title='bbox 253 4108 560 4196; x_wconf 73' lang='lat' dir='ltr'>Increpath</span> <span class='ocrx_word' id='word_1_503' title='bbox 604 4110 670 4167; x_wconf 89' lang='lat' dir='ltr'>ad</span> <span class='ocrx_word' id='word_1_504' title='bbox 700 4113 942 4196; x_wconf 40' lang='lat' dir='ltr'>plebem.</span> <span class='ocrx_word' id='word_1_505' title='bbox 976 4113 1058 4196; x_wconf 39' lang='lat' dir='ltr'>de.</span> <span class='ocrx_word' id='word_1_506' title='bbox 1088 4131 1151 4196; x_wconf 76' lang='lat' dir='ltr'>eo</span> <span class='ocrx_word' id='word_1_507' title='bbox 1182 4114 1327 4196; x_wconf 74' lang='lat' dir='ltr'>quod</span> <span class='ocrx_word' id='word_1_508' title='bbox 1374 4117 1639 4196; x_wconf 74' lang='lat' dir='ltr'>scriptum</span> <span class='ocrx_word' id='word_1_509' title='bbox 1681 4124 1763 4174; x_wconf 89' lang='lat' dir='ltr'>est</span> <span class='ocrx_word' id='word_1_510' title='bbox 1790 4115 1848 4172; x_wconf 92' lang='lat' dir='ltr'>in</span> 
     </span>
    </p>
   </div>
   <div class='ocr_carea' id='block_1_72' title="bbox 473 4183 1618 4256">
    <p class='ocr_par' dir='ltr' id='par_1_72' title="bbox 473 4183 1618 4256">
     <span class='ocr_line' id='line_1_72' title="bbox 473 4183 1618 4256; baseline 0.006 -18"><span class='ocrx_word' id='word_1_511' title='bbox 473 4183 810 4256; x_wconf 86' lang='lat' dir='ltr'>Evangelio:</span> <span class='ocrx_word' id='word_1_512' title='bbox 841 4185 942 4252; x_wconf 86' lang='lat' dir='ltr'>Qui</span> <span class='ocrx_word' id='word_1_513' title='bbox 971 4186 1140 4254; x_wconf 80' lang='lat' dir='ltr'>habet,</span> <span class='ocrx_word' id='word_1_514' title='bbox 1172 4186 1388 4242; x_wconf 80' lang='lat' dir='ltr'>dabitur</span> <span class='ocrx_word' id='word_1_515' title='bbox 1412 4183 1501 4254; x_wconf 69' lang='lat' dir='ltr'>ei}</span> <span class='ocrx_word' id='word_1_516' title='bbox 1529 4195 1618 4245; x_wconf 91' lang='lat' dir='ltr'>et:</span> 
     </span>
    </p>
   </div>
   <div class='ocr_carea' id='block_1_73' title="bbox 717 4273 1384 4344">
    <p class='ocr_par' dir='ltr' id='par_1_73' title="bbox 717 4273 1384 4344">
     <span class='ocr_line' id='line_1_73' title="bbox 717 4273 1384 4344; baseline 0.007 -16"><span class='ocrx_word' id='word_1_517' title='bbox 717 4273 1059 4330; x_wconf 85' lang='lat' dir='ltr'>Cantavimus</span> <span class='ocrx_word' id='word_1_518' title='bbox 1091 4275 1253 4344; x_wconf 86' lang='lat' dir='ltr'>vobis,</span> <span class='ocrx_word' id='word_1_519' title='bbox 1279 4285 1384 4333; x_wconf 89' lang='lat' dir='ltr'>etc.</span> 
     </span>
    </p>
   </div>
   <div class='ocr_carea' id='block_1_74' title="bbox 262 4362 1852 4438">
    <p class='ocr_par' dir='ltr' id='par_1_74' title="bbox 262 4362 1852 4438">
     <span class='ocr_line' id='line_1_74' title="bbox 262 4362 1852 4438; baseline 0.001 -19"><span class='ocrx_word' id='word_1_520' title='bbox 262 4362 374 4419; x_wconf 85' lang='lat' dir='ltr'>Cur</span> <span class='ocrx_word' id='word_1_521' title='bbox 404 4363 538 4417; x_wconf 85' lang='lat' dir='ltr'>hunc</span> <span class='ocrx_word' id='word_1_522' title='bbox 563 4379 855 4438; x_wconf 71' lang='lat' dir='ltr'>sermonem</span> <span class='ocrx_word' id='word_1_523' title='bbox 877 4365 1207 4438; x_wconf 70' lang='lat' dir='ltr'>nominatim</span> <span class='ocrx_word' id='word_1_524' title='bbox 1229 4366 1459 4438; x_wconf 75' lang='lat' dir='ltr'>cuipiam</span> <span class='ocrx_word' id='word_1_525' title='bbox 1491 4366 1649 4423; x_wconf 80' lang='lat' dir='ltr'>Patri</span> <span class='ocrx_word' id='word_1_526' title='bbox 1672 4367 1852 4438; x_wconf 80' lang='lat' dir='ltr'>potius</span> 
     </span>
    </p>
   </div>
   <div class='ocr_carea' id='block_1_75' title="bbox 330 4434 1851 4504">
    <p class='ocr_par' dir='ltr' id='par_1_75' title="bbox 330 4434 1851 4504">
     <span class='ocr_line' id='line_1_75' title="bbox 330 4434 1851 4504; baseline 0.005 -17"><span class='ocrx_word' id='word_1_527' title='bbox 330 4450 490 4504; x_wconf 83' lang='lat' dir='ltr'>quam</span> <span class='ocrx_word' id='word_1_528' title='bbox 537 4434 695 4488; x_wconf 78' lang='lat' dir='ltr'>alteri</span> <span class='ocrx_word' id='word_1_529' title='bbox 745 4435 1088 4504; x_wconf 77' lang='lat' dir='ltr'>assignemus,</span> <span class='ocrx_word' id='word_1_530' title='bbox 1133 4437 1267 4492; x_wconf 85' lang='lat' dir='ltr'>nihil</span> <span class='ocrx_word' id='word_1_531' title='bbox 1306 4434 1570 4494; x_wconf 73' lang='lat' dir='ltr'>occm&#39;ril:</span> <span class='ocrx_word' id='word_1_532' title='bbox 1625 4434 1690 4493; x_wconf 78' lang='lat' dir='ltr'>ne</span> <span class='ocrx_word' id='word_1_533' title='bbox 1728 4457 1851 4495; x_wconf 82' lang='lat' dir='ltr'>vero</span> 
     </span>
    </p>
   </div>
   <div class='ocr_carea' id='block_1_76' title="bbox 330 4505 1741 4577">
    <p class='ocr_par' dir='ltr' id='par_1_76' title="bbox 330 4505 1741 4577">
     <span class='ocr_line' id='line_1_76' title="bbox 330 4505 1741 4577; baseline 0.005 -17"><span class='ocrx_word' id='word_1_534' title='bbox 330 4505 742 4561; x_wconf 84' lang='lat' dir='ltr'>Ambrosianum</span> <span class='ocrx_word' id='word_1_535' title='bbox 761 4522 866 4561; x_wconf 81' lang='lat' dir='ltr'>esse</span> <span class='ocrx_word' id='word_1_536' title='bbox 885 4513 1146 4577; x_wconf 82' lang='lat' dir='ltr'>putemus,</span> <span class='ocrx_word' id='word_1_537' title='bbox 1179 4507 1312 4562; x_wconf 80' lang='lat' dir='ltr'>nihil</span> <span class='ocrx_word' id='word_1_538' title='bbox 1341 4525 1445 4563; x_wconf 86' lang='lat' dir='ltr'>non</span> <span class='ocrx_word' id='word_1_539' title='bbox 1471 4512 1741 4568; x_wconf 84' lang='lat' dir='ltr'>reclamat.</span> 
     </span>
    </p>
   </div>
   <div class='ocr_carea' id='block_1_77' title="bbox 1955 3351 3545 3424">
    <p class='ocr_par' dir='ltr' id='par_1_77' title="bbox 1955 3351 3545 3424">
     <span class='ocr_line' id='line_1_77' title="bbox 1955 3351 3545 3424; baseline 0.004 -19"><span class='ocrx_word' id='word_1_540' title='bbox 1955 3351 2099 3405; x_wconf 92' lang='lat' dir='ltr'>enim</span> <span class='ocrx_word' id='word_1_541' title='bbox 2132 3352 2436 3406; x_wconf 87' lang='lat' dir='ltr'>Dominus:</span> <span class='ocrx_word' id='word_1_542' title='bbox 2495 3376 2512 3398; x_wconf 79' lang='grc' dir='ltr'>ι</span> <span class='ocrx_word' id='word_1_543' title='bbox 2545 3351 2650 3419; x_wconf 89' lang='lat' dir='ltr'>Qui</span> <span class='ocrx_word' id='word_1_544' title='bbox 2694 3353 2876 3422; x_wconf 88' lang='lat' dir='ltr'>habet,</span> <span class='ocrx_word' id='word_1_545' title='bbox 2917 3354 3138 3411; x_wconf 90' lang='lat' dir='ltr'>dabitur</span> <span class='ocrx_word' id='word_1_546' title='bbox 3169 3356 3241 3424; x_wconf 89' lang='lat' dir='ltr'>ei,</span> <span class='ocrx_word' id='word_1_547' title='bbox 3275 3364 3329 3411; x_wconf 94' lang='lat' dir='ltr'>et</span> <span class='ocrx_word' id='word_1_548' title='bbox 3357 3354 3545 3411; x_wconf 84' lang='lat' dir='ltr'>abun—</span> 
     </span>
    </p>
   </div>
   <div class='ocr_carea' id='block_1_78' title="bbox 1955 3437 3546 3515">
    <p class='ocr_par' dir='ltr' id='par_1_78' title="bbox 1955 3437 3546 3515">
     <span class='ocr_line' id='line_1_78' title="bbox 1955 3437 3546 3515; baseline 0.004 -22"><span class='ocrx_word' id='word_1_549' title='bbox 1955 3437 2142 3495; x_wconf 92' lang='lat' dir='ltr'>dabit:</span> <span class='ocrx_word' id='word_1_550' title='bbox 2197 3448 2251 3495; x_wconf 92' lang='lat' dir='ltr'>et</span> <span class='ocrx_word' id='word_1_551' title='bbox 2280 3439 2374 3512; x_wconf 92' lang='lat' dir='ltr'>qui</span> <span class='ocrx_word' id='word_1_552' title='bbox 2413 3455 2523 3496; x_wconf 90' lang='lat' dir='ltr'>non</span> <span class='ocrx_word' id='word_1_553' title='bbox 2569 3440 2750 3509; x_wconf 90' lang='lat' dir='ltr'>habet,</span> <span class='ocrx_word' id='word_1_554' title='bbox 2784 3443 2841 3497; x_wconf 90' lang='lat' dir='ltr'>id</span> <span class='ocrx_word' id='word_1_555' title='bbox 2871 3443 3017 3515; x_wconf 89' lang='lat' dir='ltr'>quod</span> <span class='ocrx_word' id='word_1_556' title='bbox 3047 3443 3228 3511; x_wconf 90' lang='lat' dir='ltr'>habet,</span> <span class='ocrx_word' id='word_1_557' title='bbox 3261 3444 3546 3500; x_wconf 87' lang='lat' dir='ltr'>auferetur</span> 
     </span>
    </p>
   </div>
   <div class='ocr_carea' id='block_1_79' title="bbox 1955 3527 3544 3605">
    <p class='ocr_par' dir='ltr' id='par_1_79' title="bbox 1955 3527 3544 3605">
     <span class='ocr_line' id='line_1_79' title="bbox 1955 3527 3544 3605; baseline 0.003 -22"><span class='ocrx_word' id='word_1_558' title='bbox 1955 3527 2022 3584; x_wconf 89' lang='lat' dir='ltr'>ab</span> <span class='ocrx_word' id='word_1_559' title='bbox 2051 3544 2116 3584; x_wconf 93' lang='lat' dir='ltr'>eo</span> <span class='ocrx_word' id='word_1_560' title='bbox 2147 3530 2299 3602; x_wconf 89' lang='lat' dir='ltr'>(Luc.</span> <span class='ocrx_word' id='word_1_561' title='bbox 2334 3545 2452 3597; x_wconf 73' lang='lat' dir='ltr'>xxx,</span> <span class='ocrx_word' id='word_1_562' title='bbox 2487 3529 2602 3602; x_wconf 80' lang='lat'>26).</span> <span class='ocrx_word' id='word_1_563' title='bbox 2639 3557 2658 3578; x_wconf 81' lang='grc' dir='ltr'><strong>ι</strong></span> <span class='ocrx_word' id='word_1_564' title='bbox 2695 3532 2928 3588; x_wconf 86' lang='lat' dir='ltr'>Habenti</span> <span class='ocrx_word' id='word_1_565' title='bbox 2959 3549 3086 3605; x_wconf 88' lang='lat' dir='ltr'>ergo</span> <span class='ocrx_word' id='word_1_566' title='bbox 3115 3533 3233 3588; x_wconf 89' lang='lat' dir='ltr'>dari</span> <span class='ocrx_word' id='word_1_567' title='bbox 3257 3532 3456 3604; x_wconf 90' lang='lat' dir='ltr'>jussit;</span> <span class='ocrx_word' id='word_1_568' title='bbox 3491 3541 3544 3588; x_wconf 92' lang='lat' dir='ltr'>et</span> 
     </span>
    </p>
   </div>
   <div class='ocr_carea' id='block_1_80' title="bbox 1956 3617 3546 3694">
    <p class='ocr_par' dir='ltr' id='par_1_80' title="bbox 1956 3617 3546 3694">
     <span class='ocr_line' id='line_1_80' title="bbox 1956 3617 3546 3694; baseline 0.003 -21"><span class='ocrx_word' id='word_1_569' title='bbox 1956 3635 2067 3673; x_wconf 93' lang='lat' dir='ltr'>non</span> <span class='ocrx_word' id='word_1_570' title='bbox 2097 3617 2323 3674; x_wconf 90' lang='lat' dir='ltr'>habenti</span> <span class='ocrx_word' id='word_1_571' title='bbox 2353 3633 2464 3673; x_wconf 91' lang='lat' dir='ltr'>non</span> <span class='ocrx_word' id='word_1_572' title='bbox 2495 3619 2671 3675; x_wconf 91' lang='lat' dir='ltr'>solum</span> <span class='ocrx_word' id='word_1_573' title='bbox 2703 3637 2814 3676; x_wconf 93' lang='lat' dir='ltr'>non</span> <span class='ocrx_word' id='word_1_574' title='bbox 2841 3620 2980 3690; x_wconf 88' lang='lat' dir='ltr'>dari,</span> <span class='ocrx_word' id='word_1_575' title='bbox 3004 3621 3100 3678; x_wconf 91' lang='lat' dir='ltr'>sed</span> <span class='ocrx_word' id='word_1_576' title='bbox 3128 3623 3291 3677; x_wconf 88' lang='lat' dir='ltr'>etiam</span> <span class='ocrx_word' id='word_1_577' title='bbox 3317 3622 3373 3678; x_wconf 92' lang='lat' dir='ltr'>id</span> <span class='ocrx_word' id='word_1_578' title='bbox 3399 3621 3546 3694; x_wconf 86' lang='lat' dir='ltr'>quod</span> 
     </span>
    </p>
   </div>
   <div class='ocr_carea' id='block_1_81' title="bbox 1956 3708 3547 3784">
    <p class='ocr_par' dir='ltr' id='par_1_81' title="bbox 1956 3708 3547 3784">
     <span class='ocr_line' id='line_1_81' title="bbox 1956 3708 3547 3784; baseline 0.001 -20"><span class='ocrx_word' id='word_1_579' title='bbox 1956 3708 2142 3778; x_wconf 90' lang='lat' dir='ltr'>habet,</span> <span class='ocrx_word' id='word_1_580' title='bbox 2174 3708 2398 3764; x_wconf 89' lang='lat' dir='ltr'>auferri.</span> <span class='ocrx_word' id='word_1_581' title='bbox 2435 3709 2564 3777; x_wconf 85' lang='lat' dir='ltr'>Quae</span> <span class='ocrx_word' id='word_1_582' title='bbox 2595 3711 2868 3767; x_wconf 88' lang='lat' dir='ltr'>sententia</span> <span class='ocrx_word' id='word_1_583' title='bbox 2903 3711 3180 3784; x_wconf 86' lang='lat' dir='ltr'>superflua</span> <span class='ocrx_word' id='word_1_584' title='bbox 3205 3711 3364 3768; x_wconf 90' lang='lat' dir='ltr'>vobis</span> <span class='ocrx_word' id='word_1_585' title='bbox 3392 3712 3547 3768; x_wconf 88' lang='lat' dir='ltr'>forsi-</span> 
     </span>
    </p>
   </div>
   <div class='ocr_carea' id='block_1_82' title="bbox 1955 3798 3550 3876">
    <p class='ocr_par' dir='ltr' id='par_1_82' title="bbox 1955 3798 3550 3876">
     <span class='ocr_line' id='line_1_82' title="bbox 1955 3798 3550 3876; baseline 0.003 -23"><span class='ocrx_word' id='word_1_586' title='bbox 1955 3805 2048 3854; x_wconf 88' lang='lat' dir='ltr'>tan</span> <span class='ocrx_word' id='word_1_587' title='bbox 2094 3798 2346 3854; x_wconf 88' lang='lat' dir='ltr'>videtur:</span> <span class='ocrx_word' id='word_1_588' title='bbox 2391 3814 2488 3870; x_wconf 87' lang='lat' dir='ltr'>ego</span> <span class='ocrx_word' id='word_1_589' title='bbox 2547 3807 2728 3855; x_wconf 90' lang='lat' dir='ltr'>autem</span> <span class='ocrx_word' id='word_1_590' title='bbox 2785 3799 2910 3857; x_wconf 90' lang='lat' dir='ltr'>dico</span> <span class='ocrx_word' id='word_1_591' title='bbox 2964 3809 3111 3859; x_wconf 91' lang='lat' dir='ltr'>recte</span> <span class='ocrx_word' id='word_1_592' title='bbox 3163 3819 3225 3861; x_wconf 91' lang='lat' dir='ltr'>ac</span> <span class='ocrx_word' id='word_1_593' title='bbox 3277 3803 3550 3876; x_wconf 87' lang='lat' dir='ltr'>sapienter</span> 
     </span>
    </p>
   </div>
   <div class='ocr_carea' id='block_1_83' title="bbox 1956 3887 3546 3964">
    <p class='ocr_par' dir='ltr' id='par_1_83' title="bbox 1956 3887 3546 3964">
     <span class='ocr_line' id='line_1_83' title="bbox 1956 3887 3546 3964; baseline 0.003 -21"><span class='ocrx_word' id='word_1_594' title='bbox 1956 3887 2258 3943; x_wconf 91' lang='lat' dir='ltr'>Dominum</span> <span class='ocrx_word' id='word_1_595' title='bbox 2309 3887 2648 3960; x_wconf 75' lang='lat' dir='ltr'>praecepisse.</span> <span class='ocrx_word' id='word_1_596' title='bbox 2697 3888 2935 3946; x_wconf 88' lang='lat' dir='ltr'>Habenti</span> <span class='ocrx_word' id='word_1_597' title='bbox 2975 3907 3104 3964; x_wconf 89' lang='lat' dir='ltr'>ergo</span> <span class='ocrx_word' id='word_1_598' title='bbox 3137 3890 3365 3963; x_wconf 88' lang='lat' dir='ltr'>jubetur</span> <span class='ocrx_word' id='word_1_599' title='bbox 3406 3891 3546 3948; x_wconf 90' lang='lat' dir='ltr'>dari.</span> 
     </span>
    </p>
   </div>
   <div class='ocr_carea' id='block_1_84' title="bbox 1954 3977 3552 4053">
    <p class='ocr_par' dir='ltr' id='par_1_84' title="bbox 1954 3977 3552 4053">
     <span class='ocr_line' id='line_1_84' title="bbox 1954 3977 3552 4053; baseline 0.003 -21"><span class='ocrx_word' id='word_1_600' title='bbox 1954 3977 2195 4032; x_wconf 86' lang='lat' dir='ltr'>Meretur</span> <span class='ocrx_word' id='word_1_601' title='bbox 2224 3977 2384 4048; x_wconf 91' lang='lat' dir='ltr'>plane</span> <span class='ocrx_word' id='word_1_602' title='bbox 2405 3977 2672 4048; x_wconf 91' lang='lat' dir='ltr'>accipere,</span> <span class='ocrx_word' id='word_1_603' title='bbox 2701 3977 2796 4051; x_wconf 88' lang='lat' dir='ltr'>qui</span> <span class='ocrx_word' id='word_1_604' title='bbox 2819 3978 2895 4034; x_wconf 86' lang='lat' dir='ltr'>ita</span> <span class='ocrx_word' id='word_1_605' title='bbox 2921 3978 3210 4048; x_wconf 90' lang='lat' dir='ltr'>laboravit,</span> <span class='ocrx_word' id='word_1_606' title='bbox 3240 3988 3304 4036; x_wconf 89' lang='lat' dir='ltr'>ut</span> <span class='ocrx_word' id='word_1_607' title='bbox 3332 3981 3552 4053; x_wconf 86' lang='lat' dir='ltr'>prOpria</span> 
     </span>
    </p>
   </div>
   <div class='ocr_carea' id='block_1_85' title="bbox 1956 4067 3554 4148">
    <p class='ocr_par' dir='ltr' id='par_1_85' title="bbox 1956 4067 3554 4148">
     <span class='ocr_line' id='line_1_85' title="bbox 1956 4067 3554 4148; baseline 0.004 -24"><span class='ocrx_word' id='word_1_608' title='bbox 1956 4067 2332 4125; x_wconf 84' lang='lat' dir='ltr'>sollicitudine</span> <span class='ocrx_word' id='word_1_609' title='bbox 2370 4069 2569 4124; x_wconf 85' lang='lat' dir='ltr'>animae</span> <span class='ocrx_word' id='word_1_610' title='bbox 2599 4086 2710 4126; x_wconf 85' lang='lat' dir='ltr'>suae</span> <span class='ocrx_word' id='word_1_611' title='bbox 2737 4069 2961 4130; x_wconf 87' lang='lat' dir='ltr'>divitias</span> <span class='ocrx_word' id='word_1_612' title='bbox 2992 4073 3265 4145; x_wconf 90' lang='lat' dir='ltr'>spiritales</span> <span class='ocrx_word' id='word_1_613' title='bbox 3294 4074 3514 4148; x_wconf 88' lang='lat' dir='ltr'>acquire</span> <span class='ocrx_word' id='word_1_614' title='bbox 3534 4100 3554 4112; x_wconf 83' lang='lat'><strong>-</strong></span> 
     </span>
    </p>
   </div>
   <div class='ocr_carea' id='block_1_86' title="bbox 1957 4159 3554 4236">
    <p class='ocr_par' dir='ltr' id='par_1_86' title="bbox 1957 4159 3554 4236">
     <span class='ocr_line' id='line_1_86' title="bbox 1957 4159 3554 4236; baseline 0.006 -25"><span class='ocrx_word' id='word_1_615' title='bbox 1957 4163 2042 4212; x_wconf 91' lang='lat' dir='ltr'>ret</span> <span class='ocrx_word' id='word_1_616' title='bbox 2073 4174 2084 4212; x_wconf 79' lang='grc' dir='ltr'><strong>ε</strong></span> <span class='ocrx_word' id='word_1_617' title='bbox 2121 4167 2182 4214; x_wconf 90' lang='lat' dir='ltr'>ut</span> <span class='ocrx_word' id='word_1_618' title='bbox 2211 4166 2342 4230; x_wconf 90' lang='lat' dir='ltr'>puta</span> <span class='ocrx_word' id='word_1_619' title='bbox 2371 4159 2494 4232; x_wconf 90' lang='lat' dir='ltr'>quis</span> <span class='ocrx_word' id='word_1_620' title='bbox 2522 4159 2882 4218; x_wconf 68' lang='lat' dir='ltr'>continentiae</span> <span class='ocrx_word' id='word_1_621' title='bbox 2913 4162 3042 4218; x_wconf 88' lang='lat' dir='ltr'>forti</span> <span class='ocrx_word' id='word_1_622' title='bbox 3076 4163 3358 4236; x_wconf 89' lang='lat' dir='ltr'>proposito</span> <span class='ocrx_word' id='word_1_623' title='bbox 3387 4164 3554 4235; x_wconf 88' lang='lat' dir='ltr'>coepit</span> 
     </span>
    </p>
   </div>
   <div class='ocr_carea' id='block_1_87' title="bbox 1958 4249 3552 4328">
    <p class='ocr_par' dir='ltr' id='par_1_87' title="bbox 1958 4249 3552 4328">
     <span class='ocr_line' id='line_1_87' title="bbox 1958 4249 3552 4328; baseline 0.004 -24"><span class='ocrx_word' id='word_1_624' title='bbox 1958 4249 2296 4306; x_wconf 60' lang='lat' dir='ltr'>castimoniae</span> <span class='ocrx_word' id='word_1_625' title='bbox 2328 4250 2607 4307; x_wconf 92' lang='lat' dir='ltr'>custodire</span> <span class='ocrx_word' id='word_1_626' title='bbox 2628 4252 2912 4322; x_wconf 92' lang='lat' dir='ltr'>virtutem,</span> <span class='ocrx_word' id='word_1_627' title='bbox 2945 4263 3187 4311; x_wconf 91' lang='lat' dir='ltr'>meretur</span> <span class='ocrx_word' id='word_1_628' title='bbox 3213 4255 3404 4311; x_wconf 91' lang='lat' dir='ltr'>audire</span> <span class='ocrx_word' id='word_1_629' title='bbox 3432 4271 3552 4328; x_wconf 65' lang='lat' dir='ltr'>quae</span> 
     </span>
    </p>
   </div>
   <div class='ocr_carea' id='block_1_88' title="bbox 1959 4339 3555 4411">
    <p class='ocr_par' dir='ltr' id='par_1_88' title="bbox 1959 4339 3555 4411">
     <span class='ocr_line' id='line_1_88' title="bbox 1959 4339 3555 4411; baseline 0.003 -14"><span class='ocrx_word' id='word_1_630' title='bbox 1959 4339 2231 4397; x_wconf 89' lang='lat' dir='ltr'>castitatis</span> <span class='ocrx_word' id='word_1_631' title='bbox 2261 4342 2632 4397; x_wconf 88' lang='lat' dir='ltr'>remuneratio</span> <span class='ocrx_word' id='word_1_632' title='bbox 2662 4343 2734 4398; x_wconf 91' lang='lat' dir='ltr'>sit</span> <span class='ocrx_word' id='word_1_633' title='bbox 2757 4342 2974 4411; x_wconf 89' lang='lat' dir='ltr'>futura;</span> <span class='ocrx_word' id='word_1_634' title='bbox 3000 4351 3061 4400; x_wconf 89' lang='lat' dir='ltr'>ut</span> <span class='ocrx_word' id='word_1_635' title='bbox 3089 4344 3157 4401; x_wconf 94' lang='lat' dir='ltr'>ad</span> <span class='ocrx_word' id='word_1_636' title='bbox 3192 4345 3416 4401; x_wconf 87' lang='lat' dir='ltr'>virtutis</span> <span class='ocrx_word' id='word_1_637' title='bbox 3445 4344 3555 4401; x_wconf 85' lang='lat' dir='ltr'>ob-</span> 
     </span>
    </p>
   </div>
   <div class='ocr_carea' id='block_1_89' title="bbox 1959 4429 3553 4505">
    <p class='ocr_par' dir='ltr' id='par_1_89' title="bbox 1959 4429 3553 4505">
     <span class='ocr_line' id='line_1_89' title="bbox 1959 4429 3553 4505; baseline 0.003 -19"><span class='ocrx_word' id='word_1_638' title='bbox 1959 4429 2290 4486; x_wconf 89' lang='lat' dir='ltr'>servantiam</span> <span class='ocrx_word' id='word_1_639' title='bbox 2343 4430 2572 4488; x_wconf 88' lang='lat' dir='ltr'>audiens</span> <span class='ocrx_word' id='word_1_640' title='bbox 2618 4432 2735 4504; x_wconf 88' lang='lat'>(37)</span> <span class='ocrx_word' id='word_1_641' title='bbox 2792 4433 3254 4489; x_wconf 89' lang='lat' dir='ltr'>remunerationis</span> <span class='ocrx_word' id='word_1_642' title='bbox 3299 4435 3553 4505; x_wconf 86' lang='lat' dir='ltr'>gloriam,</span> 
     </span>
    </p>
   </div>
   <div class='ocr_carea' id='block_1_90' title="bbox 1959 4517 3555 4594">
    <p class='ocr_par' dir='ltr' id='par_1_90' title="bbox 1959 4517 3555 4594">
     <span class='ocr_line' id='line_1_90' title="bbox 1959 4517 3555 4594; baseline 0.005 -21"><span class='ocrx_word' id='word_1_643' title='bbox 1959 4517 2179 4575; x_wconf 90' lang='lat' dir='ltr'>facilius</span> <span class='ocrx_word' id='word_1_644' title='bbox 2205 4519 2377 4590; x_wconf 91' lang='lat' dir='ltr'>possit</span> <span class='ocrx_word' id='word_1_645' title='bbox 2409 4537 2668 4594; x_wconf 90' lang='lat' dir='ltr'>pugnam,</span> <span class='ocrx_word' id='word_1_646' title='bbox 2701 4538 2862 4594; x_wconf 90' lang='lat' dir='ltr'>quam</span> <span class='ocrx_word' id='word_1_647' title='bbox 2891 4524 3077 4594; x_wconf 88' lang='lat' dir='ltr'>coepit,</span> <span class='ocrx_word' id='word_1_648' title='bbox 3109 4531 3359 4580; x_wconf 91' lang='lat' dir='ltr'>atterere.</span> <span class='ocrx_word' id='word_1_649' title='bbox 3396 4523 3555 4581; x_wconf 84' lang='lat' dir='ltr'>Alius</span> 
     </span>
    </p>
   </div>
   <div class='ocr_carea' id='block_1_91' title="bbox 333 4608 3553 4700">
    <p class='ocr_par' dir='ltr' id='par_1_91' title="bbox 333 4608 3553 4700">
     <span class='ocr_line' id='line_1_91' title="bbox 333 4608 3553 4700; baseline 0.003 -26"><span class='ocrx_word' id='word_1_650' title='bbox 333 4617 384 4674; x_wconf 80' lang='grc'><strong>1.</strong></span> <span class='ocrx_word' id='word_1_651' title='bbox 420 4618 756 4689; x_wconf 88' lang='lat' dir='ltr'>Frequenter</span> <span class='ocrx_word' id='word_1_652' title='bbox 787 4617 1099 4673; x_wconf 89' lang='lat' dir='ltr'>studueram</span> <span class='ocrx_word' id='word_1_653' title='bbox 1120 4617 1262 4688; x_wconf 87' lang='lat' dir='ltr'>apud</span> <span class='ocrx_word' id='word_1_654' title='bbox 1295 4635 1381 4673; x_wconf 91' lang='lat' dir='ltr'>me</span> <span class='ocrx_word' id='word_1_655' title='bbox 1411 4619 1609 4691; x_wconf 88' lang='lat' dir='ltr'>ipsum,</span> <span class='ocrx_word' id='word_1_656' title='bbox 1635 4620 1848 4689; x_wconf 86' lang='lat' dir='ltr'>fratres,</span> <span class='ocrx_word' id='word_1_657' title='bbox 1877 4641 1928 4700; x_wconf 82' lang='lat' dir='ltr'><strong>D</strong></span> <span class='ocrx_word' id='word_1_658' title='bbox 1963 4609 2033 4700; x_wconf 70' lang='lat' dir='ltr'>ad</span> <span class='ocrx_word' id='word_1_659' title='bbox 2057 4608 2493 4666; x_wconf 65' lang='lat' dir='ltr'>misericordiam</span> <span class='ocrx_word' id='word_1_660' title='bbox 2539 4617 2824 4683; x_wconf 60' lang='lat' dir='ltr'>Promptus</span> <span class='ocrx_word' id='word_1_661' title='bbox 2865 4610 3026 4666; x_wconf 63' lang='lat' dir='ltr'>debet</span> <span class='ocrx_word' id='word_1_662' title='bbox 3055 4611 3243 4666; x_wconf 66' lang='grc' dir='ltr'>διιάίτθ</span> <span class='ocrx_word' id='word_1_663' title='bbox 3273 4611 3401 4684; x_wconf 71' lang='lat' dir='ltr'>quia</span> <span class='ocrx_word' id='word_1_664' title='bbox 3450 4612 3553 4684; x_wconf 70' lang='lat' dir='ltr'>ipsi</span> 
     </span>
    </p>
   </div>
   <div class='ocr_carea' id='block_1_92' title="bbox 259 4707 1850 4782">
    <p class='ocr_par' dir='ltr' id='par_1_92' title="bbox 259 4707 1850 4782">
     <span class='ocr_line' id='line_1_92' title="bbox 259 4707 1850 4782; baseline 0.001 -18"><span class='ocrx_word' id='word_1_665' title='bbox 259 4707 579 4764; x_wconf 86' lang='lat' dir='ltr'>subtrahere</span> <span class='ocrx_word' id='word_1_666' title='bbox 631 4707 789 4763; x_wconf 92' lang='lat' dir='ltr'>vobis</span> <span class='ocrx_word' id='word_1_667' title='bbox 830 4708 1132 4764; x_wconf 73' lang='lat' dir='ltr'>Dominicze</span> <span class='ocrx_word' id='word_1_668' title='bbox 1179 4709 1585 4781; x_wconf 72' lang='lat' dir='ltr'>praedicationis</span> <span class='ocrx_word' id='word_1_669' title='bbox 1613 4711 1850 4782; x_wconf 86' lang='lat' dir='ltr'>eloquia,</span> 
     </span>
    </p>
   </div>
   <div class='ocr_carea' id='block_1_93' title="bbox 261 4798 1852 4872">
    <p class='ocr_par' dir='ltr' id='par_1_93' title="bbox 261 4798 1852 4872">
     <span class='ocr_line' id='line_1_93' title="bbox 261 4798 1852 4872; baseline 0.002 -18"><span class='ocrx_word' id='word_1_670' title='bbox 261 4815 323 4856; x_wconf 90' lang='lat' dir='ltr'>ac</span> <span class='ocrx_word' id='word_1_671' title='bbox 351 4815 458 4855; x_wconf 91' lang='lat' dir='ltr'>non</span> <span class='ocrx_word' id='word_1_672' title='bbox 503 4798 723 4872; x_wconf 86' lang='lat' dir='ltr'>elargiri</span> <span class='ocrx_word' id='word_1_673' title='bbox 754 4798 953 4869; x_wconf 67' lang='lat' dir='ltr'>saepius</span> <span class='ocrx_word' id='word_1_674' title='bbox 980 4814 1296 4856; x_wconf 88' lang='lat' dir='ltr'>sermonum</span> <span class='ocrx_word' id='word_1_675' title='bbox 1326 4800 1631 4856; x_wconf 81' lang='lat' dir='ltr'>caelestium</span> <span class='ocrx_word' id='word_1_676' title='bbox 1665 4818 1852 4858; x_wconf 89' lang='lat' dir='ltr'>sacra-</span> 
     </span>
    </p>
   </div>
   <div class='ocr_carea' id='block_1_94' title="bbox 263 4886 1854 4964">
    <p class='ocr_par' dir='ltr' id='par_1_94' title="bbox 263 4886 1854 4964">
     <span class='ocr_line' id='line_1_94' title="bbox 263 4886 1854 4964; baseline 0.006 -22"><span class='ocrx_word' id='word_1_677' title='bbox 263 4893 466 4943; x_wconf 89' lang='lat' dir='ltr'>menta.</span> <span class='ocrx_word' id='word_1_678' title='bbox 512 4886 796 4960; x_wconf 90' lang='lat' dir='ltr'>Siquidem</span> <span class='ocrx_word' id='word_1_679' title='bbox 826 4887 969 4944; x_wconf 91' lang='lat' dir='ltr'>nihil</span> <span class='ocrx_word' id='word_1_680' title='bbox 1011 4889 1186 4962; x_wconf 90' lang='lat' dir='ltr'>prosit</span> <span class='ocrx_word' id='word_1_681' title='bbox 1216 4889 1410 4947; x_wconf 89' lang='lat' dir='ltr'>offerre</span> <span class='ocrx_word' id='word_1_682' title='bbox 1456 4889 1656 4964; x_wconf 87' lang='lat' dir='ltr'>pabula</span> <span class='ocrx_word' id='word_1_683' title='bbox 1687 4911 1854 4950; x_wconf 89' lang='lat' dir='ltr'>recu-</span> 
     </span>
    </p>
   </div>
   <div class='ocr_carea' id='block_1_95' title="bbox 262 4980 1855 5054">
    <p class='ocr_par' dir='ltr' id='par_1_95' title="bbox 262 4980 1855 5054">
     <span class='ocr_line' id='line_1_95' title="bbox 262 4980 1855 5054; baseline 0.003 -19"><span class='ocrx_word' id='word_1_684' title='bbox 262 4980 428 5049; x_wconf 89' lang='lat' dir='ltr'>santi,</span> <span class='ocrx_word' id='word_1_685' title='bbox 465 4989 518 5038; x_wconf 91' lang='lat' dir='ltr'>et</span> <span class='ocrx_word' id='word_1_686' title='bbox 549 4989 739 5053; x_wconf 91' lang='lat' dir='ltr'>potum</span> <span class='ocrx_word' id='word_1_687' title='bbox 776 4981 1051 5054; x_wconf 89' lang='lat' dir='ltr'>porrigere</span> <span class='ocrx_word' id='word_1_688' title='bbox 1098 4982 1328 5038; x_wconf 91' lang='lat' dir='ltr'>minime</span> <span class='ocrx_word' id='word_1_689' title='bbox 1368 4983 1614 5040; x_wconf 91' lang='lat' dir='ltr'>sitienti:</span> <span class='ocrx_word' id='word_1_690' title='bbox 1665 5001 1764 5040; x_wconf 90' lang='lat' dir='ltr'>cur</span> <span class='ocrx_word' id='word_1_691' title='bbox 1798 4984 1855 5040; x_wconf 92' lang='lat' dir='ltr'>id</span> 
     </span>
    </p>
   </div>
   <div class='ocr_carea' id='block_1_96' title="bbox 264 5069 1855 5148">
    <p class='ocr_par' dir='ltr' id='par_1_96' title="bbox 264 5069 1855 5148">
     <span class='ocr_line' id='line_1_96' title="bbox 264 5069 1855 5148; baseline 0.004 -23"><span class='ocrx_word' id='word_1_692' title='bbox 264 5069 409 5144; x_wconf 90' lang='lat' dir='ltr'>quod</span> <span class='ocrx_word' id='word_1_693' title='bbox 440 5070 652 5140; x_wconf 84' lang='lat' dir='ltr'>offeras,</span> <span class='ocrx_word' id='word_1_694' title='bbox 688 5087 801 5128; x_wconf 91' lang='lat' dir='ltr'>non</span> <span class='ocrx_word' id='word_1_695' title='bbox 833 5081 942 5129; x_wconf 88' lang='lat' dir='ltr'>tam</span> <span class='ocrx_word' id='word_1_696' title='bbox 973 5073 1207 5131; x_wconf 88' lang='lat' dir='ltr'>libenter</span> <span class='ocrx_word' id='word_1_697' title='bbox 1236 5073 1474 5143; x_wconf 89' lang='lat' dir='ltr'>hauriat,</span> <span class='ocrx_word' id='word_1_698' title='bbox 1514 5091 1675 5148; x_wconf 90' lang='lat' dir='ltr'>quam</span> <span class='ocrx_word' id='word_1_699' title='bbox 1707 5076 1855 5132; x_wconf 86' lang='lat' dir='ltr'>fasti-</span> 
     </span>
    </p>
   </div>
   <div class='ocr_carea' id='block_1_97' title="bbox 265 5159 1855 5238">
    <p class='ocr_par' dir='ltr' id='par_1_97' title="bbox 265 5159 1855 5238">
     <span class='ocr_line' id='line_1_97' title="bbox 265 5159 1855 5238; baseline 0.007 -23"><span class='ocrx_word' id='word_1_700' title='bbox 265 5159 414 5215; x_wconf 88' lang='lat' dir='ltr'>diose</span> <span class='ocrx_word' id='word_1_701' title='bbox 441 5161 593 5217; x_wconf 91' lang='lat' dir='ltr'>velut</span> <span class='ocrx_word' id='word_1_702' title='bbox 634 5163 1015 5218; x_wconf 88' lang='lat' dir='ltr'>turbulentum</span> <span class='ocrx_word' id='word_1_703' title='bbox 1054 5163 1286 5233; x_wconf 88' lang='lat' dir='ltr'>reddat;</span> <span class='ocrx_word' id='word_1_704' title='bbox 1320 5172 1483 5238; x_wconf 90' lang='lat' dir='ltr'>atque</span> <span class='ocrx_word' id='word_1_705' title='bbox 1513 5167 1590 5222; x_wconf 87' lang='lat' dir='ltr'>ita</span> <span class='ocrx_word' id='word_1_706' title='bbox 1632 5168 1776 5224; x_wconf 91' lang='lat' dir='ltr'>sicut</span> <span class='ocrx_word' id='word_1_707' title='bbox 1803 5177 1855 5225; x_wconf 93' lang='lat' dir='ltr'>et</span> 
     </span>
    </p>
   </div>
   <div class='ocr_carea' id='block_1_98' title="bbox 266 5252 1857 5326">
    <p class='ocr_par' dir='ltr' id='par_1_98' title="bbox 266 5252 1857 5326">
     <span class='ocr_line' id='line_1_98' title="bbox 266 5252 1857 5326; baseline 0.006 -19"><span class='ocrx_word' id='word_1_708' title='bbox 266 5252 449 5324; x_wconf 91' lang='lat' dir='ltr'>poculi</span> <span class='ocrx_word' id='word_1_709' title='bbox 503 5253 790 5311; x_wconf 89' lang='lat' dir='ltr'>sinceritas</span> <span class='ocrx_word' id='word_1_710' title='bbox 836 5255 1085 5326; x_wconf 89' lang='lat' dir='ltr'>vitietur,</span> <span class='ocrx_word' id='word_1_711' title='bbox 1132 5264 1186 5312; x_wconf 92' lang='lat' dir='ltr'>et</span> <span class='ocrx_word' id='word_1_712' title='bbox 1230 5274 1419 5315; x_wconf 87' lang='lat' dir='ltr'>causas</span> <span class='ocrx_word' id='word_1_713' title='bbox 1466 5258 1652 5316; x_wconf 90' lang='lat' dir='ltr'>delicti</span> <span class='ocrx_word' id='word_1_714' title='bbox 1693 5261 1857 5317; x_wconf 89' lang='lat' dir='ltr'>fasti—</span> 
     </span>
    </p>
   </div>
   <div class='ocr_carea' id='block_1_99' title="bbox 265 5347 1856 5425">
    <p class='ocr_par' dir='ltr' id='par_1_99' title="bbox 265 5347 1856 5425">
     <span class='ocr_line' id='line_1_99' title="bbox 265 5347 1856 5425; baseline 0.005 -20"><span class='ocrx_word' id='word_1_715' title='bbox 265 5347 454 5405; x_wconf 88' lang='lat' dir='ltr'>diosus</span> <span class='ocrx_word' id='word_1_716' title='bbox 487 5358 702 5421; x_wconf 88' lang='lat' dir='ltr'>potator</span> <span class='ocrx_word' id='word_1_717' title='bbox 731 5351 1027 5409; x_wconf 80' lang='lat' dir='ltr'>inveniat?</span> <span class='ocrx_word' id='word_1_718' title='bbox 1049 5352 1138 5409; x_wconf 90' lang='lat' dir='ltr'>Sic</span> <span class='ocrx_word' id='word_1_719' title='bbox 1157 5369 1285 5425; x_wconf 90' lang='lat' dir='ltr'>ergo</span> <span class='ocrx_word' id='word_1_720' title='bbox 1311 5364 1362 5411; x_wconf 92' lang='lat' dir='ltr'>et</span> <span class='ocrx_word' id='word_1_721' title='bbox 1383 5353 1638 5412; x_wconf 89' lang='lat' dir='ltr'>charitati</span> <span class='ocrx_word' id='word_1_722' title='bbox 1663 5365 1856 5413; x_wconf 62' lang='lat' dir='ltr'>vestra?</span> 
     </span>
    </p>
   </div>
   <div class='ocr_carea' id='block_1_100' title="bbox 267 5440 1858 5523">
    <p class='ocr_par' dir='ltr' id='par_1_100' title="bbox 267 5440 1858 5523">
     <span class='ocr_line' id='line_1_100' title="bbox 267 5440 1858 5523; baseline 0.005 -27"><span class='ocrx_word' id='word_1_723' title='bbox 267 5440 508 5514; x_wconf 88' lang='lat' dir='ltr'>ingerere</span> <span class='ocrx_word' id='word_1_724' title='bbox 530 5441 808 5501; x_wconf 91' lang='lat' dir='ltr'>Dominici</span> <span class='ocrx_word' id='word_1_725' title='bbox 825 5445 1009 5517; x_wconf 90' lang='lat' dir='ltr'>poculi</span> <span class='ocrx_word' id='word_1_726' title='bbox 1031 5446 1475 5518; x_wconf 67' lang='lat' dir='ltr'>prmdicationem</span> <span class='ocrx_word' id='word_1_727' title='bbox 1497 5448 1637 5505; x_wconf 89' lang='lat' dir='ltr'>forte</span> <span class='ocrx_word' id='word_1_728' title='bbox 1675 5466 1858 5523; x_wconf 86' lang='lat' dir='ltr'>super-</span> 
     </span>
    </p>
   </div>
   <div class='ocr_carea' id='block_1_101' title="bbox 369 5550 1636 5693">
    <p class='ocr_par' dir='ltr' id='par_1_101' title="bbox 369 5550 1636 5693">
     <span class='ocr_line' id='line_1_101' title="bbox 369 5550 1636 5693; baseline 0.006 -88"><span class='ocrx_word' id='word_1_729' title='bbox 369 5550 460 5693; x_wconf 44' lang='grc' dir='ltr'>ὥς</span> <span class='ocrx_word' id='word_1_730' title='bbox 491 5550 678 5608; x_wconf 84' lang='lat' dir='ltr'>Codex</span> <span class='ocrx_word' id='word_1_731' title='bbox 709 5551 906 5624; x_wconf 70' lang='lat' dir='ltr'>Lugd,</span> <span class='ocrx_word' id='word_1_732' title='bbox 938 5570 1031 5607; x_wconf 85' lang='lat' dir='ltr'>suo</span> <span class='ocrx_word' id='word_1_733' title='bbox 1061 5553 1237 5609; x_wconf 82' lang='lat' dir='ltr'>labore</span> <span class='ocrx_word' id='word_1_734' title='bbox 1257 5557 1424 5627; x_wconf 85' lang='lat' dir='ltr'>possit</span> <span class='ocrx_word' id='word_1_735' title='bbox 1447 5556 1636 5614; x_wconf 73' lang='lat' dir='ltr'>vivere.</span> 
     </span>
     <span class='ocr_line' id='line_1_102' title="bbox 369 5621 1636 5693; baseline 0.006 -16"><span class='ocrx_word' id='word_1_736' title='bbox 369 5621 435 5678; x_wconf 85' lang='lat'>35</span> <span class='ocrx_word' id='word_1_737' title='bbox 493 5623 570 5678; x_wconf 88' lang='lat' dir='ltr'>Ita</span> <span class='ocrx_word' id='word_1_738' title='bbox 599 5623 721 5679; x_wconf 90' lang='lat' dir='ltr'>cod.</span> <span class='ocrx_word' id='word_1_739' title='bbox 753 5624 925 5693; x_wconf 86' lang='lat' dir='ltr'>Lugd.</span> <span class='ocrx_word' id='word_1_740' title='bbox 954 5634 1008 5680; x_wconf 90' lang='lat' dir='ltr'>et</span> <span class='ocrx_word' id='word_1_741' title='bbox 1035 5626 1281 5684; x_wconf 83' lang='lat' dir='ltr'>Valliscl.</span> <span class='ocrx_word' id='word_1_742' title='bbox 1309 5646 1322 5693; x_wconf 92' lang='lat'>;</span> <span class='ocrx_word' id='word_1_743' title='bbox 1356 5629 1488 5686; x_wconf 90' lang='lat' dir='ltr'>edit.</span> <span class='ocrx_word' id='word_1_744' title='bbox 1519 5646 1636 5685; x_wconf 81' lang='lat' dir='ltr'>verc</span> 
     </span>
    </p>
   </div>
   <div class='ocr_carea' id='block_1_102' title="bbox 366 5621 1860 5702">
    <p class='ocr_par' dir='ltr' id='par_1_102' title="bbox 366 5621 1860 5702">
     <span class='ocr_line' id='line_1_103' title="bbox 366 5621 1860 5702; baseline 0.006 -24"><span class='ocrx_word' id='word_1_745' title='bbox 366 5621 459 5702; x_wconf 76' lang='lat'>35)</span> <span class='ocrx_word' id='word_1_746' title='bbox 493 5623 570 5702; x_wconf 68' lang='lat' dir='ltr'>ita</span> <span class='ocrx_word' id='word_1_747' title='bbox 596 5623 721 5702; x_wconf 80' lang='lat' dir='ltr'>cod.</span> <span class='ocrx_word' id='word_1_748' title='bbox 753 5621 925 5702; x_wconf 57' lang='lat' dir='ltr'>puga.</span> <span class='ocrx_word' id='word_1_749' title='bbox 954 5621 1281 5702; x_wconf 56' lang='lat' dir='ltr'>et_Valliscl&#39;.</span> <span class='ocrx_word' id='word_1_750' title='bbox 1309 5646 1322 5694; x_wconf 91' lang='lat'>;</span> <span class='ocrx_word' id='word_1_751' title='bbox 1356 5629 1488 5686; x_wconf 92' lang='lat' dir='ltr'>edit.</span> <span class='ocrx_word' id='word_1_752' title='bbox 1519 5646 1670 5700; x_wconf 90' lang='lat' dir='ltr'>vero,</span> <span class='ocrx_word' id='word_1_753' title='bbox 1701 5648 1860 5702; x_wconf 88' lang='lat' dir='ltr'>quam</span> 
     </span>
    </p>
   </div>
   <div class='ocr_carea' id='block_1_103' title="bbox 268 5693 1298 5764">
    <p class='ocr_par' dir='ltr' id='par_1_103' title="bbox 268 5693 1298 5764">
     <span class='ocr_line' id='line_1_104' title="bbox 268 5693 1298 5764; baseline 0.008 -16"><span class='ocrx_word' id='word_1_754' title='bbox 268 5693 662 5748; x_wconf 77' lang='lat' dir='ltr'>dissimulanter</span> <span class='ocrx_word' id='word_1_755' title='bbox 688 5693 956 5764; x_wconf 65' lang='lat' dir='ltr'>infundat.</span> <span class='ocrx_word' id='word_1_756' title='bbox 988 5697 1108 5752; x_wconf 84' lang='lat' dir='ltr'>Non</span> <span class='ocrx_word' id='word_1_757' title='bbox 1136 5708 1298 5756; x_wconf 88' lang='lat' dir='ltr'>recte.</span> 
     </span>
    </p>
   </div>
   <div class='ocr_carea' id='block_1_104' title="bbox 343 5764 1862 5846">
    <p class='ocr_par' dir='ltr' id='par_1_104' title="bbox 343 5764 1862 5846">
     <span class='ocr_line' id='line_1_105' title="bbox 343 5764 1862 5846; baseline 0.007 -25"><span class='ocrx_word' id='word_1_758' title='bbox 343 5764 459 5836; x_wconf 85' lang='lat'>(36)</span> <span class='ocrx_word' id='word_1_759' title='bbox 494 5764 664 5838; x_wconf 88' lang='lat' dir='ltr'>Lugd.</span> <span class='ocrx_word' id='word_1_760' title='bbox 697 5765 892 5835; x_wconf 83' lang='lat' dir='ltr'>codex,</span> <span class='ocrx_word' id='word_1_761' title='bbox 923 5769 1136 5825; x_wconf 85' lang='lat' dir='ltr'>domum</span> <span class='ocrx_word' id='word_1_762' title='bbox 1163 5788 1360 5829; x_wconf 85' lang='lat' dir='ltr'>vacuus</span> <span class='ocrx_word' id='word_1_763' title='bbox 1398 5779 1618 5846; x_wconf 84' lang='lat' dir='ltr'>repetat.</span> <span class='ocrx_word' id='word_1_764' title='bbox 1665 5774 1736 5830; x_wconf 90' lang='lat' dir='ltr'>Et</span> <span class='ocrx_word' id='word_1_765' title='bbox 1763 5774 1862 5831; x_wconf 90' lang='lat' dir='ltr'>in-</span> 
     </span>
    </p>
   </div>
   <div class='ocr_carea' id='block_1_105' title="bbox 1963 4699 3554 4773">
    <p class='ocr_par' dir='ltr' id='par_1_105' title="bbox 1963 4699 3554 4773">
     <span class='ocr_line' id='line_1_106' title="bbox 1963 4699 3554 4773; baseline 0.003 -18"><span class='ocrx_word' id='word_1_766' title='bbox 1963 4699 2315 4757; x_wconf 88' lang='lat' dir='ltr'>miserebitur</span> <span class='ocrx_word' id='word_1_767' title='bbox 2359 4703 2522 4769; x_wconf 90' lang='lat' dir='ltr'>Deus,</span> <span class='ocrx_word' id='word_1_768' title='bbox 2561 4709 2615 4756; x_wconf 92' lang='lat' dir='ltr'>et</span> <span class='ocrx_word' id='word_1_769' title='bbox 2661 4700 2755 4773; x_wconf 91' lang='lat' dir='ltr'>qui</span> <span class='ocrx_word' id='word_1_770' title='bbox 2797 4700 2939 4758; x_wconf 92' lang='lat' dir='ltr'>hanc</span> <span class='ocrx_word' id='word_1_771' title='bbox 2984 4710 3256 4757; x_wconf 90' lang='lat' dir='ltr'>terrenam</span> <span class='ocrx_word' id='word_1_772' title='bbox 3303 4703 3554 4760; x_wconf 87' lang='lat' dir='ltr'>substan-</span> 
     </span>
    </p>
   </div>
   <div class='ocr_carea' id='block_1_106' title="bbox 1961 4791 3556 4863">
    <p class='ocr_par' dir='ltr' id='par_1_106' title="bbox 1961 4791 3556 4863">
     <span class='ocr_line' id='line_1_107' title="bbox 1961 4791 3556 4863; baseline 0.002 -16"><span class='ocrx_word' id='word_1_773' title='bbox 1961 4791 2094 4847; x_wconf 92' lang='lat' dir='ltr'>tiam</span> <span class='ocrx_word' id='word_1_774' title='bbox 2123 4791 2438 4849; x_wconf 87' lang='lat' dir='ltr'>coelestibus</span> <span class='ocrx_word' id='word_1_775' title='bbox 2455 4791 2669 4848; x_wconf 89' lang='lat' dir='ltr'>divitiis</span> <span class='ocrx_word' id='word_1_776' title='bbox 2694 4791 3050 4863; x_wconf 90' lang='lat' dir='ltr'>respensabit,</span> <span class='ocrx_word' id='word_1_777' title='bbox 3071 4808 3289 4849; x_wconf 89' lang='lat' dir='ltr'>necesse</span> <span class='ocrx_word' id='word_1_778' title='bbox 3309 4801 3390 4849; x_wconf 91' lang='lat' dir='ltr'>est</span> <span class='ocrx_word' id='word_1_779' title='bbox 3407 4800 3556 4859; x_wconf 84' lang='lat'>447</span> 
     </span>
    </p>
   </div>
   <div class='ocr_carea' id='block_1_107' title="bbox 1960 4878 3554 4965">
    <p class='ocr_par' dir='ltr' id='par_1_107' title="bbox 1960 4878 3554 4965">
     <span class='ocr_line' id='line_1_108' title="bbox 1960 4878 3554 4965; baseline 0.003 -20"><span class='ocrx_word' id='word_1_780' title='bbox 1960 4896 2024 4946; x_wconf 91' lang='lat' dir='ltr'>ut</span> <span class='ocrx_word' id='word_1_781' title='bbox 2042 4891 2359 4947; x_wconf 89' lang='lat' dir='ltr'>auscultans</span> <span class='ocrx_word' id='word_1_782' title='bbox 2379 4889 2820 4946; x_wconf 90' lang='lat' dir='ltr'>vicissitudinem</span> <span class='ocrx_word' id='word_1_783' title='bbox 2847 4891 3153 4948; x_wconf 82' lang='lat' dir='ltr'>caelestium</span> <span class='ocrx_word' id='word_1_784' title='bbox 3177 4878 3554 4965; x_wconf 70' lang='lat' dir='ltr'>praemiorum,</span> 
     </span>
    </p>
   </div>
   <div class='ocr_carea' id='block_1_108' title="bbox 1962 4969 3557 5056">
    <p class='ocr_par' dir='ltr' id='par_1_108' title="bbox 1962 4969 3557 5056">
     <span class='ocr_line' id='line_1_109' title="bbox 1962 4969 3557 5056; baseline 0.006 -22"><span class='ocrx_word' id='word_1_785' title='bbox 1962 4981 2271 5052; x_wconf 90' lang='lat' dir='ltr'>promptior</span> <span class='ocrx_word' id='word_1_786' title='bbox 2299 4995 2362 5035; x_wconf 89' lang='lat' dir='ltr'>ac</span> <span class='ocrx_word' id='word_1_787' title='bbox 2389 4969 2649 5035; x_wconf 87' lang='lat' dir='ltr'>libentior</span> <span class='ocrx_word' id='word_1_788' title='bbox 2677 4996 2814 5052; x_wconf 88' lang='lat' dir='ltr'>opus</span> <span class='ocrx_word' id='word_1_789' title='bbox 2842 4981 3063 5038; x_wconf 92' lang='lat' dir='ltr'>Domini</span> <span class='ocrx_word' id='word_1_790' title='bbox 3096 4992 3472 5056; x_wconf 89' lang='lat' dir='ltr'>prosequatur,</span> <span class='ocrx_word' id='word_1_791' title='bbox 3502 4995 3557 5044; x_wconf 93' lang='lat' dir='ltr'>et</span> 
     </span>
    </p>
   </div>
   <div class='ocr_carea' id='block_1_109' title="bbox 1965 5067 3558 5146">
    <p class='ocr_par' dir='ltr' id='par_1_109' title="bbox 1965 5067 3558 5146">
     <span class='ocr_line' id='line_1_110' title="bbox 1965 5067 3558 5146; baseline 0.005 -23"><span class='ocrx_word' id='word_1_792' title='bbox 1965 5067 2034 5123; x_wconf 89' lang='lat' dir='ltr'>ad</span> <span class='ocrx_word' id='word_1_793' title='bbox 2061 5068 2450 5124; x_wconf 83' lang='lat' dir='ltr'>misericordiae</span> <span class='ocrx_word' id='word_1_794' title='bbox 2481 5067 2628 5140; x_wconf 92' lang='lat' dir='ltr'>quod</span> <span class='ocrx_word' id='word_1_795' title='bbox 2658 5067 2822 5124; x_wconf 92' lang='lat' dir='ltr'>habet</span> <span class='ocrx_word' id='word_1_796' title='bbox 2849 5070 3076 5140; x_wconf 91' lang='lat' dir='ltr'>bonum,</span> <span class='ocrx_word' id='word_1_797' title='bbox 3102 5073 3371 5146; x_wconf 89' lang='lat' dir='ltr'>largitatis</span> <span class='ocrx_word' id='word_1_798' title='bbox 3396 5074 3558 5132; x_wconf 89' lang='lat' dir='ltr'>addat</span> 
     </span>
    </p>
   </div>
   <div class='ocr_carea' id='block_1_110' title="bbox 1965 5159 3559 5233">
    <p class='ocr_par' dir='ltr' id='par_1_110' title="bbox 1965 5159 3559 5233">
     <span class='ocr_line' id='line_1_111' title="bbox 1965 5159 3559 5233; baseline 0.005 -19"><span class='ocrx_word' id='word_1_799' title='bbox 1965 5167 2339 5231; x_wconf 89' lang='lat' dir='ltr'>augmentum.</span> <span class='ocrx_word' id='word_1_800' title='bbox 2366 5159 2495 5216; x_wconf 92' lang='lat' dir='ltr'>Ideo</span> <span class='ocrx_word' id='word_1_801' title='bbox 2515 5161 2593 5216; x_wconf 91' lang='lat' dir='ltr'>ait</span> <span class='ocrx_word' id='word_1_802' title='bbox 2625 5161 2912 5219; x_wconf 88' lang='lat' dir='ltr'>Dominus:</span> <span class='ocrx_word' id='word_1_803' title='bbox 2961 5162 3089 5230; x_wconf 71' lang='lat' dir='ltr'>«Qui</span> <span class='ocrx_word' id='word_1_804' title='bbox 3117 5163 3304 5233; x_wconf 88' lang='lat' dir='ltr'>habet,</span> <span class='ocrx_word' id='word_1_805' title='bbox 3337 5165 3559 5222; x_wconf 81' lang='lat' dir='ltr'>dabitur</span> 
     </span>
    </p>
   </div>
   <div class='ocr_carea' id='block_1_111' title="bbox 1969 5249 3558 5328">
    <p class='ocr_par' dir='ltr' id='par_1_111' title="bbox 1969 5249 3558 5328">
     <span class='ocr_line' id='line_1_112' title="bbox 1969 5249 3558 5328; baseline 0.005 -24"><span class='ocrx_word' id='word_1_806' title='bbox 1969 5251 2040 5318; x_wconf 90' lang='lat' dir='ltr'>ei,</span> <span class='ocrx_word' id='word_1_807' title='bbox 2073 5275 2091 5298; x_wconf 76' lang='grc' dir='ltr'><strong><em>ι</em></strong></span> <span class='ocrx_word' id='word_1_808' title='bbox 2152 5249 2256 5306; x_wconf 93' lang='lat' dir='ltr'>hoc</span> <span class='ocrx_word' id='word_1_809' title='bbox 2283 5259 2382 5318; x_wconf 90' lang='lat' dir='ltr'>est,</span> <span class='ocrx_word' id='word_1_810' title='bbox 2432 5251 2528 5324; x_wconf 91' lang='lat' dir='ltr'>qui</span> <span class='ocrx_word' id='word_1_811' title='bbox 2558 5251 2714 5308; x_wconf 91' lang='lat' dir='ltr'>dives</span> <span class='ocrx_word' id='word_1_812' title='bbox 2760 5252 2929 5310; x_wconf 87' lang='lat' dir='ltr'>fuerit</span> <span class='ocrx_word' id='word_1_813' title='bbox 2959 5253 3120 5311; x_wconf 91' lang='lat' dir='ltr'>bonis</span> <span class='ocrx_word' id='word_1_814' title='bbox 3158 5255 3434 5328; x_wconf 90' lang='lat' dir='ltr'>operibus,</span> <span class='ocrx_word' id='word_1_815' title='bbox 3468 5255 3558 5312; x_wconf 92' lang='lat' dir='ltr'>hic</span> 
     </span>
    </p>
   </div>
   <div class='ocr_carea' id='block_1_112' title="bbox 1969 5339 3168 5416">
    <p class='ocr_par' dir='ltr' id='par_1_112' title="bbox 1969 5339 3168 5416">
     <span class='ocr_line' id='line_1_113' title="bbox 1969 5339 3168 5416; baseline 0.003 -18"><span class='ocrx_word' id='word_1_816' title='bbox 1969 5339 2144 5413; x_wconf 90' lang='lat' dir='ltr'>magis</span> <span class='ocrx_word' id='word_1_817' title='bbox 2175 5341 2490 5414; x_wconf 86' lang='lat' dir='ltr'>evangelica</span> <span class='ocrx_word' id='word_1_818' title='bbox 2520 5342 2909 5416; x_wconf 69' lang='lat' dir='ltr'>praedicatione</span> <span class='ocrx_word' id='word_1_819' title='bbox 2943 5345 3168 5402; x_wconf 90' lang='lat' dir='ltr'>ditetur.</span> 
     </span>
    </p>
   </div>
   <div class='ocr_carea' id='block_1_113' title="bbox 2039 5451 3558 5530">
    <p class='ocr_par' dir='ltr' id='par_1_113' title="bbox 2039 5451 3558 5530">
     <span class='ocr_line' id='line_1_114' title="bbox 2039 5451 3558 5530; baseline 0.003 -22"><span class='ocrx_word' id='word_1_820' title='bbox 2039 5451 2092 5509; x_wconf 91' lang='lat'>4.</span> <span class='ocrx_word' id='word_1_821' title='bbox 2117 5451 2386 5511; x_wconf 60' lang='lat' dir='ltr'>Casterum</span> <span class='ocrx_word' id='word_1_822' title='bbox 2410 5453 2457 5511; x_wconf 91' lang='lat' dir='ltr'>si</span> <span class='ocrx_word' id='word_1_823' title='bbox 2485 5454 2807 5512; x_wconf 90' lang='lat' dir='ltr'>fornicatori</span> <span class='ocrx_word' id='word_1_824' title='bbox 2843 5453 3122 5527; x_wconf 67' lang='lat' dir='ltr'>praedices,</span> <span class='ocrx_word' id='word_1_825' title='bbox 3145 5461 3198 5510; x_wconf 91' lang='lat' dir='ltr'>et</span> <span class='ocrx_word' id='word_1_826' title='bbox 3227 5452 3378 5511; x_wconf 88' lang='lat' dir='ltr'>dicas</span> <span class='ocrx_word' id='word_1_827' title='bbox 3411 5455 3558 5530; x_wconf 90' lang='lat' dir='ltr'>quod</span> 
     </span>
    </p>
   </div>
   <div class='ocr_carea' id='block_1_114' title="bbox 1971 5561 2793 5633">
    <p class='ocr_par' dir='ltr' id='par_1_114' title="bbox 1971 5561 2793 5633">
     <span class='ocr_line' id='line_1_115' title="bbox 1971 5561 2793 5633; baseline 0.005 -17"><span class='ocrx_word' id='word_1_828' title='bbox 1971 5561 2072 5627; x_wconf 88' lang='lat' dir='ltr'>fra,</span> <span class='ocrx_word' id='word_1_829' title='bbox 2105 5563 2196 5632; x_wconf 86' lang='lat' dir='ltr'>qui</span> <span class='ocrx_word' id='word_1_830' title='bbox 2223 5562 2284 5617; x_wconf 84' lang='lat' dir='ltr'>de</span> <span class='ocrx_word' id='word_1_831' title='bbox 2312 5562 2495 5618; x_wconf 81' lang='lat' dir='ltr'>vestris</span> <span class='ocrx_word' id='word_1_832' title='bbox 2521 5582 2658 5633; x_wconf 88' lang='lat' dir='ltr'>cum,</span> <span class='ocrx_word' id='word_1_833' title='bbox 2689 5571 2793 5620; x_wconf 89' lang='lat' dir='ltr'>etc.</span> 
     </span>
    </p>
   </div>
   <div class='ocr_carea' id='block_1_115' title="bbox 1970 5633 3560 5761">
    <p class='ocr_par' dir='ltr' id='par_1_115' title="bbox 1970 5633 3560 5761">
     <span class='ocr_line' id='line_1_116' title="bbox 1970 5633 3560 5761; baseline 0.001 -72"><span class='ocrx_word' id='word_1_834' title='bbox 1970 5633 2163 5761; x_wconf 42' lang='grc' dir='ltr'>ἀι,(37)</span> <span class='ocrx_word' id='word_1_835' title='bbox 2196 5633 2382 5692; x_wconf 86' lang='lat' dir='ltr'>Codex</span> <span class='ocrx_word' id='word_1_836' title='bbox 2410 5635 2684 5705; x_wconf 85' lang='lat' dir='ltr'>Valliscl.,</span> <span class='ocrx_word' id='word_1_837' title='bbox 2716 5635 2789 5692; x_wconf 86' lang='lat' dir='ltr'>ad</span> <span class='ocrx_word' id='word_1_838' title='bbox 2815 5633 3028 5691; x_wconf 70' lang='lat' dir='ltr'>virtutis</span> <span class='ocrx_word' id='word_1_839' title='bbox 3055 5633 3439 5693; x_wconf 82' lang='lat' dir='ltr'>observantiam</span> <span class='ocrx_word' id='word_1_840' title='bbox 3468 5637 3560 5692; x_wconf 82' lang='lat' dir='ltr'>ad-</span> 
     </span>
     <span class='ocr_line' id='line_1_117' title="bbox 2036 5722 2114 5761; baseline 0.013 -1"><span class='ocrx_word' id='word_1_841' title='bbox 2036 5722 2114 5761; x_wconf 85' lang='lat' dir='ltr'>ns.</span> 
     </span>
    </p>
   </div>
   <div class='ocr_carea' id='block_1_116' title="bbox 2036 5722 2114 5762">
    <p class='ocr_par' dir='ltr' id='par_1_116' title="bbox 2036 5722 2114 5762">
     <span class='ocr_line' id='line_1_118' title="bbox 2036 5722 2114 5762; baseline 0.026 -2"><span class='ocrx_word' id='word_1_842' title='bbox 2036 5722 2114 5762; x_wconf 84' lang='lat' dir='ltr'>ns.</span> 
     </span>
    </p>
   </div>
  </div>
