3972 6362
447 401 545 456 m
597 375 612 388 ’

1464 403 1558 456 AD
1599 401 1836 458 OPEBA
1873 401 1928 457 S.
1972 400 2306 459 AMBROSII
2345 401 2724 458 APPENDIX.

3637 396 3747 454 ’112

444 525 602 598 virgo
650 524 845 582 debeat
875 541 1232 597 permanere;
1272 533 1325 581 et
1354 543 1519 582 avaro
1555 527 1698 599 quod
1727 527 1913 583 omnia
1938 543 2037 583 sua
2066 545 2116 602 Α
2145 527 2322 584 facere
2389 526 2729 594 deberemus,
2788 541 2915 582 cum
2973 524 3068 581 ille
3127 532 3253 581 ante
3311 524 3533 596 nuptias
3592 529 3750 578 tanta

444 613 749 670 distrahere
796 613 990 669 debeat
1035 622 1197 687 atque
1237 614 1460 682 donare,
1505 615 1740 670 stultitia
1795 616 1878 670 illi
1935 624 2035 671 est.

443 703 598 760 Hanc
633 703 780 758 enim
807 702 1255 774 praedicationem
1288 703 1579 760 ridiculam
1605 712 1778 774 putat,
1802 704 1943 760 sicut
1962 703 2039 758 ait

442 793 779 865 Apostolus:
840 816 857 837 ε
884 791 1158 847 Animalis
1201 801 1381 848 autem
1434 791 1599 846 homo
1655 807 1763 846 non
1806 791 2039 864 percipit

444 898 565 954 quae
584 887 714 938 sunt
733 880 961 951 spiritus
981 879 1080 934 Dei
1109 897 1120 944 ;
1157 879 1396 934 stultitia
1423 879 1569 934 enim
1605 889 1686 934 est
1717 879 1798 935 illi
1824 881 1881 951 (Ι
1910 881 2034 936 Cor.

447 987 510 1040 ιι,
533 969 646 1041 lli).
679 995 697 1018 ι
739 969 866 1024 Tale
895 968 1042 1024 enim
1056 975 1136 1023 est
1165 967 1234 1022 iis
1255 967 1549 1039 praedicare
1569 967 1716 1040 quod
1737 968 2036 1040 perfectum

444 1069 548 1129 est,
579 1059 738 1132 quale
785 1057 832 1114 si
864 1057 1176 1112 mendicum
1217 1057 1414 1128 pannis
1459 1057 1700 1112 obsitum
1734 1057 2039 1114 holoserica

445 1148 584 1205 velis
613 1147 861 1214 induere,
895 1154 948 1201 et
977 1146 1308 1201 esurientem
1351 1145 1616 1202 rusticum
1646 1147 1896 1218 placento
1933 1147 2040 1202 de-

447 1242 676 1306 lectare;
713 1253 936 1294 necesse
967 1244 1048 1292 est
1077 1235 1225 1292 enim
1257 1243 1319 1291 ut
1343 1234 1411 1290 ab
1441 1243 1675 1308 utroque
1699 1244 2041 1292 recusaretur

444 1329 669 1385 oblatio.
711 1326 800 1382 Illi
837 1325 987 1381 enim
1034 1325 1288 1398 displicet
1342 1324 1666 1393 holoserica,
1715 1326 1809 1399 qui
1858 1342 2039 1382 neces-

445 1419 586 1477 saria
627 1417 800 1490 magis
831 1416 1024 1487 frigori
1057 1416 1384 1472 vestimenta
1411 1414 1718 1472 desiderat:
1756 1415 1888 1471 huic
1912 1417 2039 1488 pla-

445 1517 667 1568 centum
729 1522 1003 1574 amarum,
1070 1505 1201 1561 dum
1264 1521 1441 1562 escam
1501 1505 1673 1578 magis
1736 1505 2038 1562 saturitatis

445 1597 709 1672 exquirit.
745 1595 873 1652 Istis
916 1612 1043 1667 ergo
1075 1595 1325 1666 personis
1353 1595 1650 1652 auferenda
1675 1594 1857 1666 potius
1886 1602 2034 1663 sunt,

445 1703 566 1760 quae
587 1702 686 1742 sua
710 1692 860 1752 sunt,
883 1684 1027 1740 sicut
1046 1685 1124 1739 ait
1143 1684 1504 1756 Evangelium
1533 1703 1544 1740 :
1593 1683 1803 1739 «Etiam
1824 1683 1878 1738 id
1891 1683 2039 1756 quod

446 1775 630 1842 habet,
665 1773 942 1829 auferetur
970 1771 1038 1827 ab
1080 1789 1173 1839 eo;
1211 1798 1227 1819 -
1270 1772 1374 1830 hoc
1418 1781 1520 1842 est,
1550 1773 1825 1844 cogendus
1854 1772 2039 1828 forni—

444 1871 595 1922 cator
622 1878 832 1936 pannos
861 1878 974 1917 suae
1007 1861 1382 1934 corruptionis
1411 1860 1666 1933 abjicere,
1694 1863 2041 1934 compellen-

445 1955 549 2012 dus
575 1970 773 2010 avarus
800 1959 881 2008 est
911 1968 1105 2025 panem
1136 1969 1248 2008 suae
1279 1952 1598 2025 cupiditatis
1629 1969 1922 2026 exponere.

519 2062 574 2118 ὅ.
618 2060 824 2117 Vereor
871 2068 1076 2129 autem,
1120 2059 1334 2128 fratres,
1383 2076 1453 2116 ne
1509 2061 1824 2133 evangelica
1878 2059 2040 2116 lectio

450 2153 723 2224 plerisque
751 2149 818 2205 de
846 2149 1004 2205 vobis
1033 2156 1319 2220 congruat,
1351 2165 1472 2222 quae
1489 2150 1598 2206 ait:
1639 2173 1656 2196 ι
1686 2151 2042 2208 Cantavimus

450 2241 628 2309 vobis,
675 2248 729 2295 et
775 2255 885 2294 non
913 2238 1189 2295 saltastis:
1227 2239 1670 2308 lamentavimus,
1699 2247 1753 2295 et
1786 2256 1898 2296 non
1929 2241 2043 2311 plo-

449 2331 610 2388 rastis
658 2331 810 2400 (Luc.
860 2347 961 2398 vn,
1017 2329 1128 2401 32).
1180 2355 1198 2379 ›
1251 2331 1666 2386 Annuntiamus
1708 2347 1836 2402 ergo
1882 2330 2042 2386 vobis

451 2422 604 2495 regni
650 2421 887 2478 caelestis
930 2419 1214 2491 gaudium,
1278 2428 1331 2476 et
1375 2420 1605 2476 minime
1649 2420 1815 2476 corda
1862 2428 2043 2476 vestra

453 2520 606 2567 motu
662 2510 898 2583 quodam
963 2509 1260 2567 alacritatis
1316 2511 1620 2566 exsultant:
1681 2507 2043 2582 praedicamus

453 2603 608 2659 triste
631 2600 929 2673 judicium,
963 2608 1018 2655 et
1046 2617 1238 2656 sensus
1275 2601 1441 2656 vestri
1471 2600 1538 2656 ad
1573 2600 1948 2672 paenitentiam
1983 2600 2040 2656 in

453 2693 723 2762 lacrymas
752 2705 862 2744 non
894 2695 1296 2761 prorumpunt;
1325 2688 1673 2745 infidelitatis
1698 2690 1844 2745 enim
1874 2707 2043 2762 genus

453 2789 536 2837 est
563 2780 619 2834 in
655 2778 864 2834 divinis
890 2777 1053 2833 rebus
1081 2794 1183 2834 nec
1211 2777 1443 2849 gaudere
1476 2779 1770 2851 prosperis,
1794 2796 1895 2836 nec
1915 2779 2044 2835 ﬂere

453 2870 761 2928 contrariis.
793 2866 1148 2924 Saltationem
1179 2885 1307 2940 ergo
1345 2885 1376 2924 a
1406 2870 1568 2926 nobis
1598 2871 1830 2944 requirit
1859 2869 2043 2927 Domi-

456 2974 579 3026 nus,
609 2973 720 3012 non
746 2956 936 3028 utique
965 2955 1174 3011 sinuosi
1207 2956 1610 3015 volubilitatem
1642 2959 1908 3031 corporis,
1950 2958 2045 3015 sed

455 3046 773 3103 extollentis
797 3061 853 3100 se
887 3045 1014 3101 ﬁdei
1045 3045 1389 3102 sanctitatem
1421 3048 1561 3120 (38).
1595 3048 1747 3104 Sicut
1773 3049 1919 3103 enim
1951 3047 2047 3120 qui

455 3135 812 3208 corporaliter
852 3135 1036 3202 saltat,
1068 3151 1216 3190 nunc
1243 3151 1366 3191 aere
1394 3136 1769 3207 suspenditur,
1800 3153 1948 3193 nunc
1977 3135 2047 3192 ad

457 3226 654 3282 altiora
682 3225 945 3297 jactatur,
976 3241 1126 3280 nunc
1172 3224 1399 3280 alternis
1425 3224 1657 3281 saltibus
1688 3227 1804 3282 loca
1833 3225 2048 3282 diversa

457 3315 781 3372 collustrat:
830 3314 908 3370 ita
951 3320 1006 3369 et
1057 3313 1153 3386 qui
1210 3313 1533 3385 spiritaliter
1583 3314 1763 3381 saltat,
1816 3314 2051 3370 interve-

458 3404 645 3461 niente
663 3405 790 3473 ﬁde,
819 3402 983 3459 modo
1004 3402 1061 3458 in
1083 3403 1226 3459 aeris
1245 3403 1585 3460 sublimitate
1613 3403 1864 3475 erigitur,
1889 3403 2052 3460 modo

459 3493 528 3550 ad
557 3494 800 3550 siderum
831 3492 1030 3548 altiora
1054 3492 1383 3561 sustollitur,
1403 3491 1567 3547 modo
1592 3491 1824 3548 diversis
1853 3492 2052 3563 cogita-

458 3586 676 3640 tionum
727 3582 958 3639 saltibus
1019 3583 1334 3654 paradisum
1389 3582 1697 3653 coelumque
1743 3581 2050 3639 collustrat.

458 3672 531 3729 Et
552 3673 696 3727 sicut
715 3671 811 3743 qui
833 3670 1190 3741 corporaliter
1218 3670 1398 3737 saltat,
1422 3669 1770 3725 volubilitate
1786 3670 2055 3727 membro-

459 3778 582 3818 rum
631 3776 687 3815 se
728 3775 1008 3827 exercens,
1062 3776 1258 3831 gyrum
1296 3759 1402 3815 sibi
1449 3759 1755 3817 saltationis
1798 3762 2053 3835 acquirit,

460 3851 538 3907 ita
565 3858 619 3906 et
661 3849 756 3922 qui
785 3846 1109 3920 spiritaliter
1154 3848 1334 3917 saltat,
1368 3847 1497 3904 fidei
1525 3850 1806 3907 alacritate
1843 3868 2057 3926 semper

463 3958 519 3998 se
548 3956 796 4008 movens,
829 3955 1026 4012 gyrum
1056 3937 1162 3994 sibi
1192 3939 1363 3995 totius
1393 3939 1544 3997 orbis
1570 3942 1822 3999 assumit.

533 4050 586 4108 6.
619 4049 809 4107 Solent
836 4058 1018 4106 autem
1064 4048 1334 4119 homines,
1381 4050 1523 4107 sicut
1565 4069 1683 4110 mos
1710 4062 1812 4122 est,
1845 4053 1903 4110 in
1944 4054 2058 4111 suis

462 4140 628 4208 votis,
661 4139 766 4196 hoc
797 4148 899 4206 est,
929 4139 1159 4211 nuptiis,
1187 4141 1460 4213 praecipue
1489 4143 1686 4200 saltare
1715 4145 1803 4200 vel
1832 4159 2052 4214 canere;

463 4227 610 4284 unde
639 4237 694 4284 et
720 4244 821 4284 nos
847 4226 1115 4284 habemus
1131 4229 1347 4286 votivas
1376 4231 1618 4303 nuptias,
1640 4231 1842 4305 quibus
1861 4235 2058 4291 saltare

464 4318 551 4374 vel
581 4333 774 4374 canere
804 4316 1119 4374 debeamus.
1167 4319 1310 4376 Vota
1353 4320 1502 4376 enim
1540 4331 1729 4380 nostra
1767 4324 2058 4381 celebran—

464 4415 576 4474 tur,
625 4405 844 4479 quando
889 4406 1110 4463 Cbristo
1159 4408 1406 4465 Ecclesia
1435 4412 1745 4483 copulatur,
1796 4413 1940 4469 sicut
1983 4414 2059 4470 ait

465 4496 735 4552 Joannes:
787 4521 805 4544 ‹
849 4495 956 4562 Qui
999 4495 1165 4552 habet
1192 4514 1467 4570 sponsam,
1501 4516 1732 4572 sponsus
1761 4508 1844 4556 est
1875 4503 2055 4574 (Joan.

466 4604 549 4656 III,
581 4586 697 4658 29).
730 4611 747 4634 ι
792 4586 1021 4658 Propter
1049 4586 1148 4642 has
1177 4604 1303 4660 ergo
1336 4589 1557 4661 nuptias
1585 4591 1780 4646 saltare
1803 4607 1904 4647 nos
1931 4608 2058 4648 con-

467 4676 638 4732 venit.
662 4675 945 4749 Siquidem
979 4676 1157 4733 David
1174 4694 1271 4732 rex
1302 4678 1508 4750 pariter
1535 4687 1589 4734 et
1617 4679 1904 4752 propheta,
1933 4699 2060 4737 cum

465 4768 642 4824 multa
669 4767 954 4835 cecinerit,
988 4775 1114 4824 ante
1157 4785 1338 4825 arcam
1387 4769 1718 4827 Testamenti
1747 4771 1911 4827 etiam
1959 4774 2060 4829 sal-

466 4867 607 4915 tasse
643 4857 853 4915 dicitur
894 4859 984 4930 (II
1018 4860 1143 4930 Reg.
1175 4877 1254 4928 v1,
1291 4859 1416 4932 lli);
1452 4860 1626 4916 elatus
1664 4861 1810 4917 enim
1842 4863 2058 4934 gaudio,

467 4947 524 5003 in
553 4947 903 5003 saltationem
935 4949 1277 5020 prorumpit:
1312 4949 1646 5020 praevidebat
1679 4951 1823 5008 enim
1857 4952 1916 5008 in
1943 4953 2065 5026 spi-

469 5037 581 5092 ritu
627 5037 857 5092 Mariam
898 5035 964 5090 de
1011 5038 1261 5109 germine
1303 5056 1401 5094 suo
1445 5038 1652 5096 Christi
1697 5041 1939 5097 thalamo
1983 5059 2064 5098 so-

468 5125 743 5186 ciandam.
771 5125 927 5182 Unde
957 5126 1033 5180 ait
1062 5126 1209 5198 ipse:
1254 5152 1272 5176 ι
1301 5129 1372 5184 Et
1402 5128 1516 5201 ipse
1545 5137 1807 5203 tanquam
1837 5149 2068 5203 sponsus

470 5214 774 5291 procedens
804 5213 871 5270 de
916 5213 1162 5271 thalamo
1209 5233 1307 5272 suo
1341 5217 1514 5288 (Psal.
1554 5236 1718 5289 xvm,
1749 5221 1829 5292 6).
1863 5247 1882 5269 ι
1941 5222 2068 5278 Ideo

471 5305 586 5380 ipse
656 5321 766 5378 prae
833 5304 1046 5360 caeteris
1102 5305 1518 5377 prophetiarum
1570 5311 1885 5368 auctoribus
1946 5313 2069 5384 plus

471 5396 753 5464 cantavit;
798 5396 928 5469 quia
963 5395 1142 5452 laetior
1188 5395 1403 5453 cunctis
1434 5414 1531 5469 per
1573 5399 1690 5459 haec
1721 5402 1918 5473 gaudia
1946 5420 2072 5459 suos

473 5491 719 5554 posteros
763 5483 1093 5557 conjugabat
1147 5500 1160 5539 :
1224 5491 1277 5539 et
1329 5484 1398 5542 ad
1454 5487 1674 5558 propria
1719 5497 1850 5544 vota
1909 5490 2073 5546 solito

475 5571 694 5631 dulcius
725 5575 997 5646 invitans,
1040 5575 1230 5633 docuit
1266 5591 1366 5632 nos
1409 5575 1543 5649 quid
1589 5576 1647 5632 in
1682 5577 1816 5651 ipsis
1863 5580 2074 5651 nuptiis

2067 1913 2113 1975 B

2148 617 2515 673 exsultatione
2569 617 2870 672 saltaverit.
2923 617 3066 670 Ante
3114 631 3294 671 arcam
3345 629 3474 684 ergo
3516 612 3752 668 saltavit

2148 706 2413 778 propheta
2457 705 2672 762 David:
2721 721 2900 762 arcam
2951 714 3132 761 autem
3185 705 3320 778 quid
3358 705 3466 760 nisi
3495 711 3749 760 sanctam

2148 794 2370 850 Mariam
2407 793 2714 849 dixerimus
2744 794 2772 849 ‘l
2801 793 3081 866 Siquidem
3105 810 3231 850 arca
3262 792 3594 848 intrinsecus
3621 806 3753 862 por-

2149 882 2298 938 tabat
2326 883 2657 938 Testamenti
2680 883 2914 950 tabulas,
2947 883 3117 939 Maria
3145 890 3327 938 autem
3359 881 3530 953 ipsius
3561 882 3753 936 Testa—

2149 971 2322 1027 menti
2353 972 2595 1043 gestabat
2635 971 2947 1027 hieredem:
3004 971 3099 1028 illa
3141 973 3287 1028 intra
3325 979 3496 1028 semet
3543 972 3753 1042 legem,

2149 1060 2266 1117 haec
2287 1061 2654 1133 Evangelium
2683 1060 2952 1117 retinebat
2977 1078 2989 1127 ;
3019 1061 3115 1116 illa
3143 1061 3243 1116 Dei
3263 1076 3454 1117 vocem
3483 1057 3754 1125 habebat,

2148 1148 2266 1205 haec
2327 1150 2590 1208 Verbum.
2651 1150 3042 1206 Verumtamen
3114 1165 3239 1206 arca
3297 1149 3445 1204 intus
3502 1148 3757 1219 forisque

2147 1238 2265 1294 auri
2297 1239 2474 1294 nitore
2497 1238 2762 1307 radiabat,
2797 1238 2892 1295 sed
2922 1248 2975 1295 et
3003 1248 3189 1296 sancta
3210 1239 3380 1296 Maria
3410 1239 3560 1293 intus
3588 1236 3758 1292 foris-

2147 1343 2253 1400 que
2281 1328 2617 1401 virginitatis
2645 1329 2934 1400 splendore
2961 1329 3205 1401 fulgebat
3234 1346 3247 1385 :
3281 1329 3379 1384 illa
3407 1335 3630 1384 terreno
3661 1340 3757 1380 or-

2147 1416 2379 1474 nabatur
2407 1434 2562 1487 auro,
2595 1417 2702 1473 ista
2727 1416 2956 1474 caelesti.

2630 1558 2777 1616 448
2803 1554 3036 1611 SERMO
3070 1554 3263 1611 XLIII.

2146 1650 2453 1722 Increpatio
2495 1650 2563 1706 ad
2613 1651 2877 1724 populum
2927 1649 3075 1779 qutiotd
3128 1651 3434 1709 Ecclesiam
3480 1664 3596 1705 non
3644 1644 3758 1703 fre-

2817 1738 2962 1779 auen
2989 1739 3018 1778 e
3051 1767 3063 1779 .

2817 1738 3063 1794 quentet.

2147 1828 2330 1899 Magni
2357 1826 2466 1882 viri
2501 1829 2637 1882 hunc
2661 1845 2947 1884 sermonem
2987 1829 3258 1885 Ambrosii
3295 1845 3400 1884 esse
3427 1829 3762 1884 existiman-

2220 1907 2309 1968 tes,
2339 1899 2637 1967 concilium,
2674 1899 2824 1969 cujus
2853 1901 2911 1954 in
2937 1918 2994 1955 eo
3040 1901 3232 1956 ine-ratio
3275 1907 3470 1968 exstat,
3509 1918 3616 1956 non
3644 1900 3762 1955 nisi

2223 1971 2556 2044 Aquileiense
2600 1971 2814 2044 ropinati
2869 1979 3007 2027 sunt.
3063 1973 3163 2028 Sed
3217 1979 3276 2028 ut
3308 1973 3486 2044 potius
3531 1973 3594 2027 de
3657 1973 3762 2026 hoc

2223 2059 2382 2113 quam
2429 2043 2490 2098 de
2530 2043 2640 2097 alio
2677 2043 2767 2114 agi
2806 2044 3075 2112 credatur,
3123 2044 3260 2099 nihil
3302 2043 3552 2099 occurrit.
3600 2045 3759 2110 Quod

2222 2121 2397 2170 autent
2461 2115 2692 2168 eumdem
2748 2131 3036 2169 sermonem
3103 2132 3207 2186 pro
3255 2116 3610 2171 Ambrosiam
3667 2115 3760 2171 illi

2224 2186 2538 2253 habuerunt,
2575 2186 2729 2256 ﬁdem
2766 2187 3052 2241 editionum
3090 2188 3189 2241 hac
3216 2187 3274 2242 in
3319 2205 3377 2242 re
3413 2187 3572 2242 secuti
3607 2194 3756 2244 sunt.

2227 2258 2482 2312 Cceterum
2519 2263 2579 2310 ut
2620 2274 2724 2328 non
2769 2258 3004 2312 dicamus
3035 2258 3190 2312 illum
3219 2259 3449 2314 inveniri
3487 2259 3541 2312 in
3578 2258 3757 2328 antiq.

2221 2329 2334 2384 cod.
2371 2329 2514 2383 Gall.
2558 2327 2708 2398 cujus
2735 2346 2994 2384 sermones
3022 2347 3195 2384 omnes
3225 2331 3533 2385 tribuuntur
3557 2327 3762 2400 Augu-

2222 2400 2379 2474 stino,
2409 2400 2545 2474 nihil
2590 2402 2637 2474 ei
2659 2417 2822 2474 neque
2850 2401 2906 2454 in
2949 2403 3084 2471 stylo
3125 2419 3288 2472 neque
3337 2403 3393 2457 in
3437 2409 3757 2474 argumento

2221 2471 2372 2540 inest,
2404 2471 2544 2541 quod
2571 2471 2852 2527 Ambrosio
2871 2480 3052 2528 nostro
3067 2471 3357 2531 conveniat.

2227 2603 2276 2656 1.
2325 2600 2613 2670 Deberem,
2671 2601 2886 2670 fratres,
2943 2609 3066 2674 post
3109 2602 3212 2658 hos
3275 2601 3588 2673 complures
3636 2600 3763 2657 dies

2153 2690 2364 2764 aliquid
2395 2690 2617 2746 uberius
2646 2690 2965 2762 praedicare,
2997 2701 3050 2747 et
3076 2700 3356 2748 revertens
3384 2707 3416 2745 a
3447 2697 3597 2746 tanto
3628 2706 3763 2746 exa-

2155 2781 2304 2836 mine
2334 2780 2885 2848 sacerdotum,_dulci
2916 2797 3016 2837 vos
3050 2797 3302 2837 sermone
3333 2779 3573 2836 reficere.
3606 2780 3759 2835 Bene

2155 2870 2296 2938 dixi,
2326 2869 2580 2926 examine
2609 2868 2954 2925 sacerdotum
2981 2888 2992 2925 :
3025 2869 3152 2941 quia
3182 2869 3324 2926 sicut
3362 2884 3487 2940 apes
3515 2869 3584 2925 de
3611 2867 3760 2922 divi-

2156 2976 2352 3015 narum
2397 2960 2805 3031 Scripturarum
2858 2961 3100 3016 ﬂosculis
3129 2961 3320 3016 suavia
3364 2959 3526 3015 mella
3567 2959 3761 3017 conﬁ—

2156 3051 2332 3120 ciunt,
2381 3060 2436 3106 et
2465 3052 2737 3124 quidquid
2785 3051 2853 3106 ad
2893 3052 3222 3108 medicinam
3269 3051 3505 3124 pertinet
3545 3052 3759 3107 anima-

2158 3156 2302 3208 rum,
2334 3141 2444 3195 oris
2487 3141 2573 3196 sui
2613 3149 2727 3195 arte
2756 3149 3117 3213 componunt.
3158 3142 3321 3198 Recte
3369 3148 3763 3214 comparantur

2083 3274 2126 3334 Ο
2160 3231 2357 3304 apibus
2404 3231 2730 3300 sacerdotes,
2765 3233 2895 3305 quia
2938 3234 3083 3290 sicut
3125 3249 3251 3306 apes
3281 3233 3586 3289 castitatem
3622 3247 3763 3287 cor-

2161 3319 2310 3391 poris
2369 3320 2690 3392 praeferunt,
2747 3321 2932 3378 cibum
2989 3322 3119 3378 vitae
3173 3322 3408 3378 caelestis
3464 3318 3760 3387 exhibent,

2160 3410 2410 3465 aculeum
2446 3411 2577 3482 legis
2628 3420 2916 3480 exercent;
2969 3412 3095 3484 puri
3141 3413 3288 3468 enim
3336 3412 3405 3468 ad
3441 3409 3755 3468 sanctiﬁca-

2161 3503 2391 3573 tionem,
2446 3520 2639 3560 suaves
2712 3506 2780 3561 ad
2835 3506 3212 3575 refectionem,
3270 3506 3444 3562 severi
3503 3510 3632 3560 sunt
3688 3502 3764 3559 ad

2162 3593 2451 3649 ultionem.
2483 3594 2698 3667 Apibus
2720 3595 2883 3668 plane
2912 3604 3042 3653 sunt
3072 3594 3448 3668 comparandi,
3482 3595 3576 3668 qui
3605 3593 3766 3648 velut

2163 3682 2404 3738 alveario
2435 3683 2674 3756 quodam
2712 3684 2884 3755 gratia
2931 3685 3124 3741 matris
3169 3685 3428 3742 Ecclesiae
3473 3681 3764 3740 continen-

2164 3780 2274 3841 tur,
2305 3774 2363 3829 in
2408 3791 2517 3846 qua
2561 3776 2907 3831 diversorum
2939 3777 3262 3832 meritorum
3293 3775 3517 3832 cellulas
3543 3773 3766 3831 dulcis-

2164 3861 2320 3919 simis
2350 3863 2836 3934 przedicationibus
2880 3873 3289 3937 componentes,
3325 3864 3391 3920 de
3435 3881 3548 3919 uno
3576 3862 3764 3919 Salva-

2163 3951 2302 4008 toris
2338 3953 2592 4009 examine
2633 3952 3074 4011 Christianorum
3111 3952 3368 4009 examina
3414 3954 3589 4009 multa
3639 3968 3767 4025 pro-

2165 4041 2394 4099 ducunt.
2739 4049 2741 4051 ’

2234 4130 2286 4187 2.
2331 4129 2468 4189 Cum
2500 4144 2734 4202 semper,
2766 4127 2980 4198 fratres,
3024 4142 3136 4184 non
3165 4124 3490 4214 cessaverim
3535 4145 3637 4186 vos
3667 4144 3765 4203 pan

2165 4229 2320 4277 terna
2357 4217 2562 4291 pietate
2605 4218 2899 4290 corripere,
2949 4219 3122 4274 miror
3151 4218 3296 4274 nihil
3345 4235 3443 4275 vos
3497 4226 3581 4275 tot
3623 4221 3768 4278 meis

2166 4305 2694 4368 commonitionibus
2724 4306 3040 4380 profecisse,
3073 4316 3127 4365 et
3155 4307 3314 4364 doleo
3331 4307 3479 4382 quod
3505 4307 3767 4381 frequens

2168 4397 2486 4472 praedicatio
2539 4413 2658 4454 mea
2706 4413 2817 4454 non
2873 4413 2973 4454 vos
3025 4398 3274 4470 profectu
3327 4398 3514 4471 aliquo
3567 4399 3766 4456 salutis

2167 4487 2424 4560 corrigat,
2455 4487 2551 4543 sed
2590 4487 2824 4560 quadam
2855 4488 3274 4544 contestationis
3306 4503 3466 4560 pcena
3493 4488 3766 4544 constrin-

2167 4585 2273 4652 gat.
2324 4576 2649 4634 Praedicatio
2681 4577 2828 4633 enim
2877 4578 3175 4634 sacerdotis
3204 4577 3262 4634 in
3299 4578 3457 4650 plebe
3485 4577 3768 4634 salvandis

2169 4674 2250 4724 est
2295 4667 2586 4736 correctio,
2631 4675 2684 4723 et
2735 4668 3062 4725 contestatio
3105 4667 3454 4740 judicandis;
3491 4674 3769 4724 contesta-

2171 4773 2296 4814 mur
2343 4757 2491 4813 enim
2540 4757 2652 4814 illis
2697 4765 2823 4814 ante
2847 4758 3148 4830 judicium,
3199 4758 3346 4830 quod
3386 4757 3513 4813 illos
3551 4763 3770 4813 maneat

2172 4848 2230 4904 in
2260 4847 2379 4920 ipso
2395 4846 2636 4919 judicio;
2669 4857 2732 4904 ut
2764 4856 2899 4904 tunc
2927 4847 3081 4904 omni
3107 4848 3463 4905 excusatione
3493 4846 3770 4916 submota,

2173 4947 2227 4994 et
2271 4938 2351 4994 rei
2400 4939 2510 4995 sint
2545 4939 2613 4994 de
2650 4939 2905 5010 peccatis,
2957 4948 3011 4996 et
3055 4938 3284 4995 obnoxii
3333 4938 3399 4994 de
3427 4945 3768 5010 contemptu.

2174 5027 2329 5084 Unde
2355 5035 2408 5083 et
2438 5044 2536 5100 ego
2565 5028 2846 5085 interdum
2894 5044 3121 5101 parcens
3150 5028 3308 5084 vobis
3350 5035 3528 5084 tacere
3558 5027 3726 5082 velim
3755 5045 3768 5084 :

2175 5116 2273 5173 sed
2306 5119 2450 5174 malo
2480 5135 2579 5174 vos
2607 5118 2966 5175 contumaciae
2995 5135 3182 5175 causas
3210 5117 3456 5186 reddere,
3490 5133 3653 5190 quam
3685 5131 3774 5172 me

2177 5204 2523 5277 negligentiae
2549 5207 2818 5263 sustinere
2843 5205 3140 5278 judicium.

2250 5308 2301 5364 3.
2360 5308 2615 5381 Comperi
2657 5310 2826 5378 enim,
2881 5309 3093 5376 fratres,
3141 5305 3289 5380 quod
3324 5323 3420 5378 per
3468 5302 3775 5362 absentiam

2181 5416 2356 5456 meam
2405 5399 2481 5456 ita
2521 5402 2630 5458 rari
2681 5403 2883 5475 quique
2939 5400 3006 5455 ad
3053 5399 3360 5455 Ecclesiam
3403 5397 3660 5466 veniatis,
3700 5399 3778 5455 ita

2182 5491 2339 5563 pauci
2371 5490 2673 5547 admodum
2703 5489 3031 5564 procedatis,
3064 5488 3221 5561 quasi
3249 5504 3335 5544 me
3362 5487 3768 5561 proﬁciscente,

2184 5597 2399 5638 mecum
2445 5582 2652 5655 pariter
2695 5580 2980 5650 veneritis,
3012 5587 3067 5637 et
3113 5579 3268 5654 quasi
3305 5597 3431 5639 cum
3487 5579 3780 5640 necessita-

548 5755 670 5829 (38)
699 5755 952 5816 Valliscl.
981 5757 1132 5828 cod.,
1161 5759 1250 5816 sed
1278 5757 1725 5818 extollentissimae
1749 5757 1874 5833 ﬁdei
1902 5759 2244 5818 sanctitatem.
