3972 6390
149 450 254 507 713

969 451 1339 509 SERMONES
1376 451 1431 508 S.
1474 451 1829 511 AMBROSIO
1869 453 2237 512 HACTENUS
2274 454 2610 513 ASCBIPTI.

3334 458 3438 514 714

142 575 296 632 tibus
325 591 424 648 ego
458 575 764 649 pertrahor,
817 592 916 632 vos
947 592 1160 633 mecum
1187 577 1420 634 traxerit
1467 577 1585 650 ipsa
1625 593 1734 634 ne-
1761 581 1811 640 A
1839 577 2095 651 religiosa
2137 579 2446 652 castigatio,
2503 595 2666 652 quam
2709 578 2912 638 blanda
2963 581 3234 639 remissio.
3283 582 3440 641 Unde

146 665 391 721 cessitas.
448 664 661 721 Pariter
688 682 815 738 ergo
843 682 874 722 a
901 666 1066 723 domo
1103 666 1201 722 Dei
1232 666 1483 722 absentes
1526 682 1738 737 sumus,

147 751 243 808 sed
304 752 409 810 hoc
463 752 709 820 interest,
757 753 904 828 quod
960 770 1046 810 me
1101 754 1381 811 absentem
1448 756 1740 812 necessitas

147 841 340 910 efﬁcit,
398 859 496 899 vos
556 845 833 900 voluntas.
891 844 1124 900 Nescitis
1183 845 1313 917 quia
1362 844 1463 901 etsi
1520 861 1618 918 ego
1671 845 1740 901 ab

150 931 399 988 Ecclesia
446 932 662 1002 desum,
713 932 964 989 Christus
989 933 1056 988 ab
1093 933 1338 990 Ecclesia
1361 951 1478 1003 sua,
1526 933 1620 1006 qui
1659 940 1742 989 est

149 1021 377 1095 ubique,
432 1040 542 1080 non
570 1024 770 1080 deest?
817 1025 1007 1093 Venis,
1065 1025 1253 1094 frater,
1302 1025 1368 1081 ad
1417 1025 1739 1095 Ecclesiam,

150 1127 263 1167 non
295 1113 514 1171 invenis
558 1114 637 1171 ibi
687 1115 1041 1188 episcopum:
1089 1116 1182 1172 sed
1223 1117 1268 1172 si
1298 1115 1535 1172 ﬁdeliter
1564 1117 1738 1184 venis,

149 1202 401 1259 invenies
448 1204 525 1259 ibi
567 1204 946 1278 episcoporum
998 1206 1314 1278 episcopum
1378 1206 1737 1262 Salvatorem.

149 1295 287 1350 Nam
341 1295 690 1352 Christianus
761 1296 855 1368 qui
910 1303 1044 1352 tunc
1094 1303 1307 1352 tantum
1379 1298 1626 1370 procedit
1673 1296 1742 1353 ad

151 1384 476 1454 Ecclesiam,
509 1384 728 1457 quando
756 1385 1044 1456 episcopus
1068 1401 1305 1457 praesens
1334 1393 1434 1456 est,
1490 1403 1601 1442 non
1629 1393 1742 1442 tam

147 1472 253 1528 Dei
282 1489 444 1528 causa
488 1473 709 1528 videtur
737 1473 1064 1545 processisse
1108 1489 1270 1546 quam
1311 1473 1588 1532 hominis:
1643 1489 1745 1530 nec

151 1561 407 1634 implesse
437 1562 727 1619 christiani
758 1563 1009 1620 timentis
1038 1561 1305 1632 oﬂicium,
1335 1563 1430 1620 sed
1459 1563 1625 1620 amici
1655 1562 1744 1619 de-

149 1649 382 1707 ferentis
409 1651 754 1724 obsequium.

224 1739 276 1796 4.
319 1740 464 1808 Quid
494 1750 676 1797 autem
717 1758 816 1814 ego
867 1759 967 1798 vos
1011 1758 1202 1814 arguo,
1243 1758 1366 1798 cum
1409 1743 1629 1815 possitis
1658 1758 1746 1800 me

147 1845 264 1884 uno
291 1846 542 1886 sermone
581 1831 909 1888 convincere
957 1831 1036 1904 (q.
1087 1848 1150 1901 1.,
1193 1847 1243 1888 c.
1302 1831 1441 1899 Quid
1488 1831 1746 1903 autem)?

1849 665 1923 724 ait
1955 666 2219 740 propheta
2251 686 2263 725 :
2310 693 2328 718 ι
2361 669 2622 726 Dulciora
2650 677 2779 726 sunt
2798 669 3030 726 vulnera
3057 670 3243 741 amici,
3273 688 3439 745 quam

1849 757 2164 814 voluntaria
2191 761 2379 816 oscula
2406 761 2621 818 inimici
2652 762 2838 834 (Prov.
2871 778 3051 832 xxvn,
3083 761 3164 834 6).
3199 786 3218 812 ι

1921 847 1972 902 3.
2023 849 2216 920 Igitur,
2273 851 2485 920 fratres,
2550 852 2679 924 quia
2741 861 2863 925 post
2913 861 2998 910 tot
3052 853 3442 926 increpationis

1853 951 1984 991 mea;
2032 938 2195 993 utilia
2247 940 2414 996 verba
2457 941 2620 998 credo
2675 959 2772 999 vos
2798 942 3136 1016 benignitate
3183 959 3442 1000 sensuum

1852 1024 2167 1095 profecisse,
2229 1028 2297 1085 de
2350 1030 2518 1086 sacris
2590 1031 2790 1088 litteris
2836 1031 3022 1108 aliqua
3074 1034 3441 1090 conferamus.

1852 1112 2004 1170 Sicut
2033 1115 2181 1171 enim
2239 1117 2383 1183 fons,
2441 1119 2536 1192 qui
2595 1136 2706 1177 non
2735 1120 2900 1178 solito
2928 1121 3160 1179 humore
3189 1122 3443 1191 distillat,

1852 1203 2162 1275 exagitatur
2215 1207 2471 1276 surculis,
2524 1215 2578 1263 et
2635 1209 2714 1265 ita
2765 1211 2969 1284 largior
3027 1211 3334 1282 invenitur,
3382 1227 3447 1268 ac

1853 1292 2090 1363 primum
2122 1311 2192 1350 ex
2245 1312 2308 1352 eo
2360 1297 2582 1354 turbida
2625 1315 2768 1373 aqua
2817 1300 3157 1373 producitur,
3206 1309 3270 1358 ut
3297 1300 3447 1358 unda

1853 1382 2043 1453 purior
2087 1384 2490 1460 subsequatur:
2546 1389 2628 1447 sic
2682 1407 2810 1465 ergo
2852 1399 2907 1448 et
2951 1392 3212 1450 sanctitas
3265 1399 3447 1450 vestra

1854 1481 2173 1545 exasperata
2203 1475 2426 1548 quidem
2459 1477 2638 1536 fuerat
2688 1481 3006 1538 austeritate
3033 1480 3325 1550 sermonis,
3351 1480 3448 1538 sed

1852 1561 2105 1620 devotior
2134 1564 2278 1622 facta
2305 1573 2387 1622 est
2430 1565 2724 1626 dulcedine
2770 1571 3010 1643 pietatis.
3043 1572 3447 1629 Turbulentum

1854 1652 2002 1708 enim
2061 1653 2325 1726 quiddam
2372 1656 2542 1713 vestri
2594 1657 2766 1714 animi
2823 1659 3057 1717 forsitan
3112 1661 3444 1731 retinebant,

1853 1741 1947 1798 sed
1971 1741 2086 1814 jam
2108 1759 2179 1800 ex.
2208 1745 2407 1802 vestris
2436 1746 2682 1805 moribus
2703 1747 2928 1823 proﬂuit
2952 1766 3117 1808 omne
3148 1751 3297 1824 quod
3336 1769 3448 1825 pu—

1854 1846 1976 1887 rum
1998 1838 2100 1888 est.

148 1920 468 2012 Convincor
509 1922 658 1978 enim
696 1939 833 2012 cum
877 1922 934 1978 in
971 1921 1073 2012 hac
1121 1931 1273 2012 parte
1313 1922 1544 1982 clericos
1587 1923 1746 1981 vobis
1774 1949 1821 2010 Β
1926 1928 1978 1985 4.
2011 1929 2312 1989 Videamus
2349 1949 2476 2006 ergo
2506 1933 2638 2008 quid
2667 1935 2740 1992 sit
2764 1935 2912 2010 quod
2940 1936 3019 1994 ait
3042 1936 3112 1995 ad
3146 1936 3448 2012 discipulos

145 2012 326 2083 magis
381 2011 544 2068 video
587 2011 942 2083 negligentes.
990 2010 1276 2078 Quomodo
1331 2011 1478 2070 enim
1522 2029 1744 2085 possum

144 2102 429 2174 corrigere
459 2101 624 2172 ﬁlios,
657 2118 784 2159 cum
816 2102 1010 2159 fratres
1040 2102 1329 2160 emendare
1356 2121 1463 2160 non
1497 2106 1698 2178 possim
1716 2105 1745 2162 εἰ

147 2197 248 2246 aut
277 2206 386 2262 qua
417 2189 620 2248 ﬁducia
648 2206 996 2248 succenseam
1029 2191 1206 2262 laicis,
1254 2210 1382 2250 cum
1433 2210 1464 2249 a
1509 2211 1748 2251 consor-

146 2281 303 2336 tibus
333 2278 558 2351 pudoris
586 2279 919 2336 verecundia
946 2280 1308 2338 conticescam
1330 2283 1358 2338 ?
1390 2284 1506 2355 Ego
1536 2289 1749 2352 autem,

147 2370 370 2438 fratres,
399 2385 510 2424 non
535 2368 604 2424 de
631 2368 890 2425 omnibus
919 2370 1131 2442 loquor.
1174 2370 1316 2427 Sunt
1344 2379 1491 2430 certe
1517 2371 1745 2444 quidam

149 2461 364 2528 devoti,
416 2467 544 2516 sunt
573 2467 626 2515 et
655 2459 750 2515 alii
785 2460 1118 2532 negligentes
1143 2480 1154 2518 :
1203 2479 1300 2535 ego
1330 2463 1605 2520 neminem
1636 2480 1747 2520 no-

151 2551 330 2620 mino,
361 2548 701 2609 conscientia
723 2566 821 2606 sua
848 2565 1296 2624 unumquemque
1325 2553 1636 2612 conveniat.

719 2675 954 2734 SERMO
993 2676 1186 2735 XLIV.

320 2774 446 2833 Post
480 2774 910 2848 increpationem
942 2775 1162 2832 allectio
1193 2775 1260 2832 ad
1294 2777 1578 2850 populum.

156 2896 403 2953 Habetur
432 2895 514 2949 hic
543 2913 711 2950 sermo
741 2895 834 2949 sub
864 2895 959 2949 hac
987 2894 1326 2953 inscriptione
1356 2895 1414 2948 in
1440 2911 1564 2948 mss.
1603 2893 1744 2950 Gali.

227 2975 389 3037 atque
421 2968 625 3037 Lugd;
667 2967 724 3021 in
752 2972 850 3021 vet.
898 2972 1072 3020 autem
1102 2964 1223 3021 edit.
1265 2983 1364 3036 pro
1401 2964 1619 3037 allectio
1655 2981 1748 3036 po-

225 3036 382 3094 nitur
409 3036 748 3095 consolatio:
801 3044 858 3092 at
887 3038 1041 3093 Rom.
1101 3038 1222 3093 edit.
1270 3038 1479 3092 titulum
1521 3036 1612 3106 qui
1645 3053 1749 3090 non

227 3117 337 3166 tam
363 3127 517 3165 sensu
545 3127 705 3180 quam
738 3109 910 3163 verbis
931 3109 1173 3188 distaret,
1204 3109 1552 3163 concinnavit.
1594 3107 1748 3188 Hanc

222 3199 349 3236 vero
373 3183 666 3236 concionem
695 3181 1097 3251 pronuntiatam
1143 3197 1247 3234 esse
1285 3186 1402 3251 post
1426 3181 1748 3250 superiorem

222 3271 333 3308 non
385 3254 696 3323 ambigimus
724 3271 744 3318 ;
789 3251 1000 3322 ejusque
1045 3259 1311 3306 auctorem
1365 3252 1626 3306 nonnulla
1655 3267 1747 3323 ea:

225 3321 548 3406 Hieronymo
573 3341 710 3406 cap.
739 3323 807 3379 62
851 3321 1264 3392 in’Mattheum,
1303 3324 1475 3450 stu-ra
1519 3339 1582 3376 ea:
1626 3321 1749 3376 Am-

225 3397 401 3450 brosio
459 3397 547 3450 ill).
590 3412 650 3450 χι
698 3411 755 3450 in
802 3395 1027 3450 Lucam.
1071 3412 1216 3450 num.
1269 3396 1302 3450 9
1385 3400 1432 3448 et
1475 3394 1565 3450 97.
1622 3409 1749 3447 mu-

223 3397 401 3451 brosio
435 3394 547 3451 Vlib.
590 3394 650 3450 xi
698 3395 755 3450 in
802 3395 1027 3462 Lucam,
1071 3412 1216 3450 num.
1269 3394 1338 3450 96
1385 3400 1432 3448 et
1475 3394 1565 3460 97,
1622 3409 1752 3447 mu-

227 3474 436 3546 tuatum
464 3467 744 3546 cernimus,
791 3483 939 3546 quem
985 3472 1043 3546 ut
1085 3466 1252 3521 alium
1286 3465 1639 3520 existimemus
1683 3464 1749 3520 ab

237 3539 544 3607 Ambrosio,
577 3544 761 3593 cuncta
790 3537 1060 3593 inducunt.

224 3648 278 3704 1.
318 3647 574 3704 Amarior
603 3646 834 3702 fortasse
865 3645 1032 3701 fuerit
1057 3643 1362 3718 increpatio
1410 3660 1531 3700 mea
1576 3660 1748 3719 supe-

143 3737 398 3794 rioribus
423 3733 928 3809 praedicationibus,
987 3733 1135 3808 quod
1185 3733 1476 3807 plerosque
1521 3733 1589 3790 de
1633 3751 1744 3791 vo-

143 3827 237 3884 bis
271 3827 388 3899 (39)
421 3827 603 3883 acrius
633 3823 930 3897 magisterii
962 3823 1254 3881 severitate
1283 3823 1660 3892 convenerim,
1691 3830 1746 3880 et

144 3916 257 3972 sim
287 3924 612 3988 prosecutus
649 3929 770 3988 quae
815 3917 960 3975 449
1014 3913 1313 3986 aliquantis
1359 3928 1471 3968 non
1516 3910 1746 3968 blandi-

144 4023 340 4072 menta
381 4013 676 4082 deferrent,
706 4013 800 4070 sed
851 4010 1132 4069 tristitiam
1181 4012 1503 4084 irrogarent.
1535 4010 1742 4070 Verum

145 4104 297 4162 nihil
331 4122 452 4161 mea
477 4095 740 4171 interest;
791 4119 890 4176 ego
929 4102 1079 4160 enim
1109 4101 1316 4174 gaudeo
1362 4100 1541 4158 sciens
1566 4100 1741 4160 disci-

142 4197 272 4270 puli
301 4197 583 4253 tristitiam
616 4195 861 4270 magistri
905 4211 1021 4252 esse
1062 4193 1333 4251 laetitiam.
1389 4193 1544 4252 Tunc
1593 4196 1742 4251 enim

141 4285 374 4344 auditor
403 4287 642 4358 prolicit,
685 4285 905 4359 quando
934 4285 1237 4341 austeriora
1263 4284 1559 4341 annuntiat
1593 4300 1742 4357 prae-

141 4378 367 4435 dicator
396 4395 407 4431 :
441 4383 574 4432 tunc
633 4375 684 4430 ei
741 4377 890 4431 salus
945 4375 1207 4448 gignitur,
1243 4375 1462 4448 quando
1517 4375 1743 4432 tristitia

142 4462 557 4524 emendationis
585 4462 854 4535 ingeritur
881 4480 894 4530 ;
927 4461 1066 4518 dicit
1095 4463 1244 4518 enim
1269 4462 1462 4520 beatus
1492 4465 1741 4536 Aposto-

143 4557 283 4613 lus:
359 4578 377 4602 ι
402 4553 538 4609 Nam
590 4569 711 4626 qua)
766 4551 1069 4607 secundum
1127 4553 1303 4608 Deum
1361 4559 1444 4609 est
1494 4553 1738 4622 tristitia,

1853 2033 1981 2074 suos
2011 2019 2282 2078 Dominus
2315 2039 2328 2078 :
2371 2046 2389 2072 ι
2427 2022 2541 2080 Vos
2571 2033 2752 2082 autem
2800 2041 2962 2100 quem
3000 2043 3089 2083 me
3117 2042 3231 2084 esse
3260 2027 3448 2086 dicitis

1857 2105 2069 2177 (Matth.
2099 2124 2218 2177 xvr,
2271 2109 2416 2182 ιδῃ
2445 2134 2462 2159 ι
2521 2112 2639 2168 Non
2689 2113 2860 2186 igitur
2911 2123 3173 2188 tauquam
3227 2117 3448 2189 ignarus

1856 2195 2158 2270 interrogat
2190 2198 2481 2269 Dominus,
2511 2200 2647 2275 quid
2671 2202 2739 2258 de
2766 2219 2830 2260 eo
2859 2205 3048 2278 populi
3079 2204 3448 2280 discipulique

1855 2289 2125 2346 sentirent
2154 2309 2166 2346 :
2199 2291 2293 2348 sed
2320 2299 2584 2368 tanquam
2615 2295 2794 2353 sciens
2848 2297 3234 2354 universorum
3281 2314 3448 2356 men-

1855 2385 1955 2448 tes,
1989 2378 2151 2436 ﬁdem
2184 2382 2536 2440 manifestare
2564 2385 2742 2442 voluit
2771 2385 3114 2458 singulorum
3141 2405 3156 2455 ;
3207 2395 3268 2444 ut
3300 2387 3449 2462 quod

1854 2467 2019 2524 corde
2073 2469 2370 2528 credebant
2416 2473 2738 2544 Dominum,
2807 2475 2903 2531 alii
2978 2475 3293 2543 Jeremiam,
3351 2477 3447 2535 alii

1855 2557 2120 2617 Joannem
2179 2562 2504 2635 Baptistam,
2551 2565 2742 2622 Petrus
2804 2567 2954 2623 solus
3005 2566 3290 2624 Christum
3347 2568 3447 2626 Dei

1857 2649 2062 2706 Filium
2109 2652 2422 2710 conﬁtetur.
2471 2655 2684 2712 Gradus
2731 2655 2955 2729 quidam
3012 2666 3142 2715 sunt
3187 2659 3339 2730 ﬁdei,
3392 2667 3448 2718 et

1857 2740 1956 2812 qui
1983 2739 2240 2798 devotius
2267 2743 2464 2813 credit,
2492 2744 2803 2817 religiosius
2830 2747 3144 2805 confitetur.

1926 2837 1980 2894 5.
2014 2837 2119 2894 Pro
2150 2838 2253 2895 hac
2288 2839 2584 2897 devotione
2635 2841 2840 2899 dicitur
2894 2845 3054 2902 Petro
3089 2865 3101 2902 :
3178 2871 3194 2894 ε
3250 2847 3448 2904 Beatus

1855 2940 1914 2981 es
1957 2935 2040 2996 tu,
2080 2928 2270 2984 Simon
2323 2928 2578 3002 Barjona,
2639 2932 2898 3004 quoniam
2949 2950 3077 2990 caro
3113 2941 3167 3008 et
3227 2936 3449 3008 sanguis

1857 3030 1967 3070 non
2025 3017 2293 3073 revelavit
2350 3018 2475 3086 tibi,
2530 3018 2626 3075 sed
2680 3019 2840 3076 Pater
2899 3037 3072 3090 meus,
3131 3023 3226 3095 qui
3279 3025 3448 3082 estin

1856 3105 2027 3161 coelis.
2078 3107 2150 3163 Et
2193 3123 2291 3178 ego
2343 3106 2467 3163 dico
2499 3107 2634 3164 tibi:
2699 3108 2780 3163 Tu
2827 3125 2892 3164 'es
2939 3111 3150 3180 Petrus,
3205 3119 3260 3168 et
3287 3129 3451 3186 super

1855 3193 1999 3250 hanc
2032 3203 2240 3268 petram
2271 3195 2554 3253 aediﬁcabo
2594 3197 2900 3254 Ecclesiam
2949 3215 3126 3256 meam
3160 3202 3324 3275 (Ibid.
3359 3204 3448 3275 17,

1781 3306 1824 3367 C
1858 3283 1968 3354 18).
2001 3308 2019 3331 ι
2069 3283 2208 3342 Cum
2252 3294 2542 3343 vocaretur
2589 3302 2716 3358 ergo
2771 3286 2986 3358 Simon,
3029 3306 3126 3361 per
3174 3290 3316 3347 hanc
3342 3293 3450 3348 de-

1859 3373 2142 3429 votionem
2199 3383 2428 3431 vocatus
2483 3385 2566 3432 est
2632 3376 2844 3432 Petrus.
2907 3377 3182 3450 Legimus,
3231 3379 3449 3438 dicente

1858 3463 2125 3535 Apostolo
2153 3462 2220 3518 de
2248 3464 2368 3534 ipso
2399 3464 2636 3521 Domino
2669 3483 2681 3522 :
2745 3490 2764 3514 ι
2795 3465 3065 3522 Bibebant
3100 3469 3169 3525 de
3208 3469 3447 3542 spiritali

1857 3559 2223 3624 consequente
2257 3567 2350 3608 eos
2393 3559 2565 3624 petra,
2610 3559 2764 3624 petra
2804 3561 2986 3610 autem
3027 3563 3142 3610 erat
3196 3554 3449 3614 Christus

1859 3639 1918 3711 (I
1947 3641 2072 3697 Cor.
2107 3657 2164 3710 χ,
2216 3641 2296 3712 4).
2329 3665 2347 3689 ι
2414 3641 2579 3700 Recte
2599 3641 2769 3714 igitur
2810 3642 2940 3715 quia
2980 3651 3133 3716 petra
3170 3644 3444 3718 Christus,

1855 3730 2047 3787 Simon
2078 3739 2428 3805 nuncupatus
2462 3740 2544 3789 est
2570 3733 2799 3802 Petrus;
2826 3742 2889 3791 ut
2917 3734 3010 3808 qui
3040 3751 3167 3792 cum
3207 3737 3447 3796 Domino

1855 3821 1984 3878 ﬁdei
2009 3823 2325 3902 societatem
2373 3821 2624 3892 habebat,
2673 3840 2801 3881 cum
2843 3825 3082 3882 Domino
3139 3825 3365 3886 haberet
3393 3838 3448 3886 et

1855 3912 2098 3968 nominis
2147 3913 2430 3970 Dominici
2475 3913 2789 3972 unitatem:
2859 3922 2922 3972 ut
2961 3915 3106 3973 sicut
3152 3933 3186 3973 a
3223 3917 3448 3976 Christo

1855 3999 2199 4060 Christianus
2231 4002 2472 4073 dicitur,
2512 4004 2590 4061 ita
2633 4013 2687 4062 et
2737 4020 2770 4060 a
2805 4011 2958 4079 petra
3002 4005 3223 4066 Christo
3253 4007 3447 4066 Petrus

1852 4091 2131 4163 apostolus
2160 4100 2470 4170 vocaretur.

1924 4189 1977 4246 6.
2019 4190 2125 4248 Sed
2163 4209 2266 4249 nec
2304 4193 2632 4265 populorum
2679 4192 2997 4265 opinionem
3042 4211 3333 4267 possumus
3363 4214 3447 4255 re-

1852 4278 2104 4351 probare,
2149 4281 2244 4354 qui
2297 4297 2472 4338 unum
2527 4282 2596 4338 de
2644 4281 2929 4355 prophetis
2965 4283 3266 4340 Dominum
3288 4287 3447 4343 esti-

1852 4367 2076 4428 mabant
2106 4371 2319 4444 (Matth.
2353 4388 2472 4441 xvi,
2506 4371 2620 4445 14).
2663 4373 2796 4430 Nam
2831 4372 2956 4430 ideo
2983 4376 3240 4432 nonnulli
3291 4377 3445 4434 velut

1851 4459 2031 4515 Eliam
2080 4460 2418 4518 Salvatorem
2483 4461 2717 4519 forsitan
2773 4471 3126 4535 putaverunt,
3183 4465 3312 4537 quia

1850 4549 2018 4606 caelos
2046 4549 2198 4607 Elias
2257 4550 2402 4608 sicut
2449 4549 2702 4609 Salvator
2755 4551 3004 4608 ascendit
3057 4552 3166 4624 (IV
3211 4555 3335 4625 Reg.
3377 4572 3439 4624 ιι,

145 4643 535 4720 paenitentiam
567 4641 626 4698 in
654 4641 887 4699 salutem
915 4640 1168 4699 stabilem
1194 4648 1450 4714 operatur
1490 4642 1579 4715 (II
1611 4641 1737 4700 Cor.
1768 4664 1819 4724 ι)
1852 4639 1965 4712 11).
2003 4640 2109 4698 Sed
2135 4658 2247 4697 non
2275 4641 2417 4699 sicut
2454 4641 2606 4698 Elias
2633 4640 2888 4698 Christus
2916 4648 3035 4710 est;
3079 4641 3173 4698 ille
3201 4642 3349 4699 enim
3370 4643 3438 4700 ad

143 4757 256 4808 vn,
289 4737 403 4809 10).
436 4762 456 4787 ι

222 4831 279 4887 2.
324 4830 488 4886 Recte
517 4843 644 4900 ergo
675 4827 850 4894 lator,
901 4825 1031 4900 quia
1068 4825 1301 4882 salutem
1331 4840 1557 4897 operor:
1614 4841 1740 4882 cum

144 4918 404 4992 objurgo,
454 4924 680 4972 maereat
708 4915 838 4972 licet
865 4913 1014 4971 ﬁlius
1048 4914 1155 4970 mei
1183 4914 1474 4986 asperitate
1523 4929 1741 4970 sermo-

144 5009 276 5076 nis;
330 5022 418 5062 me
441 5013 626 5062 tamen
657 5005 912 5073 delectat,
945 5003 1039 5076 qui
1071 5003 1332 5076 proficere
1362 5003 1522 5058 illum
1565 5002 1741 5058 intel-

144 5099 262 5172 ligo
320 5113 416 5168 per
450 5109 758 5150 maerorem.
793 5093 889 5148 Ait
932 5101 1152 5150 sanctus
1192 5093 1520 5164 Apostolus:
1570 5091 1739 5159 «Quis

142 5196 232 5246 est
262 5185 408 5242 enim
451 5181 622 5252 ﬁlius,
673 5199 835 5255 quem
885 5197 994 5237 non
1041 5179 1292 5237 verberat
1339 5189 1493 5252 pater
1549 5180 1733 5252 (Hebr.

142 5295 253 5346 xu,
284 5276 339 5348 7)
364 5275 392 5331 ‘l
421 5299 438 5322 ι
494 5274 615 5329 Non
639 5273 786 5329 enim
817 5273 1092 5328 osculatur
1117 5287 1330 5342 semper
1353 5278 1504 5343 pater
1533 5270 1733 5341 ﬁlium,

142 5366 242 5425 sed
270 5376 326 5424 et
354 5363 652 5438 aliquando
680 5363 928 5436 castigat.
980 5363 1126 5434 Ergo
1155 5361 1374 5436 quando
1415 5361 1730 5434 castigatur,

141 5459 241 5534 qui
297 5457 571 5529 diligitur,
637 5462 771 5512 tunc
820 5455 967 5512 circa
1011 5470 1138 5510 eum
1196 5452 1370 5526 pietas
1423 5461 1730 5515 exercetur.

142 5551 322 5610 Habet
368 5549 517 5605 enim
565 5555 620 5604 et
665 5565 818 5605 amor
838 5549 1022 5621 plagas
1081 5562 1226 5616 suas,
1281 5562 1401 5619 quae
1456 5543 1732 5603 dulciores

138 5649 273 5700 sunt
323 5653 451 5698 cum
497 5637 738 5696 amarius
789 5638 1136 5706 inferuntur;
1186 5636 1404 5696 dulcior
1453 5636 1604 5695 enim
1649 5643 1732 5693 est

1852 4731 2018 4788 caelos
2046 4731 2278 4803 rapitur,
2323 4731 2425 4787 iste
2472 4729 2819 4802 regreditur:
2862 4728 2958 4785 ille
2998 4738 3257 4802 tanquam
3287 4731 3440 4788 inﬁr-

1850 4837 1974 4876 mus
2002 4820 2161 4893 ignea
2190 4819 2453 4893 quadriga
2481 4818 2833 4887 subvehitur,
2858 4817 2951 4876 hic
2987 4825 3248 4892 tanquam
3291 4821 3464 4878 Deus.

1849 4910 2069 4983 propria
2097 4910 2304 4966 virtute
2333 4915 2582 4983 portatur
2613 4927 2625 4964 :
2669 4906 2762 4963 ille
2807 4907 2952 4966 sicut
2987 4908 3153 4964 homo
3192 4908 3435 4982 ducitur,

1849 4999 1942 5056 hic
1972 4999 2116 5056 sicut
2143 4998 2392 5055 Salvator
2427 4996 2676 5054 ascendit
2707 5015 2719 5053 :
2757 4997 2851 5052 ille
2880 4995 3144 5055 ducentes
3189 5000 3440 5072 sequitur

1847 5089 2091 5162 angelos,
2145 5087 2471 5144 comitantes
2529 5086 2634 5143 sibi
2688 5086 2910 5159 angelos
2983 5087 3086 5145 iste
3155 5089 3434 5163 pracedit.

1847 5179 2093 5252 Denique
2133 5177 2299 5234 iidem
2353 5176 2534 5250 angeli
2581 5185 2887 5234 remeantes
2933 5179 2990 5234 in
3030 5187 3230 5236 terram
3259 5196 3292 5236 a
3316 5183 3437 5237 Do—

1848 5269 1999 5324 mino
2043 5267 2325 5324 Salvatore
2372 5266 2637 5326 dixerunt
2699 5267 2769 5324 ad
2822 5269 3145 5340 apostolos:
3238 5295 3256 5318 ι
3313 5269 3435 5327 Viri

1845 5359 2082 5429 Galilaei,
2137 5358 2272 5432 quid
2313 5359 2472 5416 statis
2534 5358 2862 5432 aspicientes
2903 5359 2963 5416 in
3029 5360 3228 5416 caelum
3258 5359 3286 5416 7
3332 5359 3436 5418 Hic

1841 5453 1995 5508 Iesus
2023 5451 2119 5525 qui
2150 5458 2402 5523 receptus
2430 5457 2512 5508 est
2540 5466 2573 5506 a
2600 5449 2778 5521 vobis,
2822 5449 2904 5507 sic
2947 5449 3131 5505 veniet
3159 5449 3436 5523 quemad-

1841 5543 2067 5602 modum
2097 5541 2318 5599 vidistis
2373 5557 2500 5600 eum
2558 5548 2777 5599 euntem
2830 5539 2888 5598 in
2943 5539 3143 5598 caslum
3202 5537 3346 5610 (Act.
3387 5557 3429 5610 ι,

1841 5637 2003 5709 11).-

213 5831 339 5908 (39)
359 5829 543 5890 Codex
565 5827 1070 5901 Lugd.,prazdicatio
1088 5829 1441 5903 mea....quod
1456 5827 1733 5898 plerosque
1761 5822 1826 5880 de
1855 5822 2063 5881 vestris.

461 5928 700 5988 PATROL.
742 5927 918 5988 XVII.

3113 5913 3184 5974 23
