3972 6388
539 431 646 489 718

1105 555 1341 614 SERMO
1370 557 1564 616 .XLV.

898 643 978 700 De
1005 643 1186 716 primo
1216 644 1393 702 Adam
1429 653 1486 703 et
1519 647 1780 705 secundo.

536 749 692 825 Hunc
722 765 1019 825 sermonem
1057 752 1154 825 vel
1177 753 1358 824 potius
1400 755 1656 810 sermonis
1708 753 2084 825 fragmentum,
2112 773 2139 812 e

617 821 734 892 Vat.
765 821 878 876 cod.
911 821 1108 892 scripto
1123 821 1284 892 jussu
1329 825 1623 881 cardinalis
1653 821 2000 882 Bononiensis
2039 821 2132 884 an.

575 891 747 948 '1470
769 891 1097 969 desumptum
1125 895 1442 969 ea:_hibemus,
1488 913 1618 969 non_
1641 895 1850 969 quidem
1895 899 2034 969 quod
2078 899 2135 953 in

607 980 666 1019 eo
695 963 984 1040 quidquam
1020 964 1467 1040 deprehendamus
1496 963 1860 1040 Ambrosiam,
1889 963 1977 1024 sed
2006 970 2135 1040 quia

611 1034 830 1108 scriptio
860 1051 966 1090 non
1008 1034 1294 1108 inelegans,
1344 1043 1390 1093 et
1437 1039 1606 1093 sancti
1644 1040 1888 1094 Doctoris
1928 1034 2137 1097 nomine

607 1105 669 1161 in
694 1105 794 1162 ms.
823 1105 1291 1182 prmotala,vcum
1317 1109 1525 1180 alioqui
1549 1127 1807 1180 nusquam
1837 1113 1977 1182 quod
2001 1113 2132 1169 scia-

609 1193 748 1255 mus.
780 1177 918 1234 edita
968 1177 1154 1250 fuerit,
1200 1181 1385 1255 saltem
1438 1177 1507 1255 ut
1529 1181 1600 1255 in
1647 1177 1928 1255 appendices
1963 1185 2135 1242 locum

609 1248 816 1318 habeat,
847 1248 1182 1322 nequaquam
1208 1252 1428 1325 indigna
1454 1248 1716 1310 videatur.

611 1393 663 1450 ι.
685 1392 911 1462 Audite,
941 1393 1139 1451 fratres
1169 1395 1499 1464 charissimi,
1523 1396 1684 1468 quale
1714 1404 1795 1454 est
1824 1397 1959 1469 legis
1988 1413 2133 1471 mysc

535 1481 762 1540 terium.
795 1483 1015 1540 Primus
1053 1483 1220 1541 homo
1260 1483 1327 1541 de
1364 1493 1512 1542 terra
1557 1493 1610 1541 et
1633 1487 1808 1555 coelo;
1861 1486 2132 1544 secundus

537 1568 607 1626 de
633 1571 776 1628 coelo
802 1577 856 1627 et
885 1579 1064 1630 terra:
1099 1570 1192 1628 hic
1221 1587 1290 1628 ex
1318 1573 1430 1629 Deo
1452 1581 1507 1629 et
1525 1573 1714 1642 Maria,
1739 1573 1834 1648 qui
1855 1575 1923 1632 de
1950 1581 2129 1644 terra;

536 1661 633 1718 ille
661 1659 730 1717 de
758 1669 906 1718 terra
948 1669 1001 1718 et
1033 1661 1262 1736 Spiritu,
1293 1664 1389 1737 qui
1447 1663 1514 1720 de
1563 1665 1700 1721 caalo
1747 1671 1846 1722 est.
1896 1665 2133 1740 Uterque

535 1759 720 1810 tamen
748 1769 820 1810 ex
865 1753 1100 1826 virgine,
1161 1761 1215 1811 et
1251 1753 1369 1812 sine
1412 1754 1590 1811 coitus
1623 1755 1980 1828 permistione
2005 1763 2086 1814 est
2117 1773 2130 1814 :

536 1841 630 1901 hic
649 1859 720 1900 ex
752 1843 1090 1916 incorrupta,
1126 1843 1220 1900 ille
1249 1859 1319 1900 ex
1355 1844 1563 1900 intacta
1595 1861 1608 1899 :
1641 1850 1787 1907 450
1817 1845 1947 1918 quia
1975 1846 2133 1902 nullo

537 1939 719 1998 adhuc
761 1939 990 2011 semine,
1063 1957 1166 2000 nec
1237 1958 1462 2000 vomere
1515 1943 1694 2001 fuerat
1739 1944 1983 2002 sauciata
2031 1962 2132 2003 nec

536 2026 736 2086 imbre.
785 2029 888 2086 Per
940 2029 1182 2102 primum
1227 2031 1344 2088 vita
1403 2032 1622 2102 amissa,
1691 2049 1787 2108 per
1828 2035 2130 2092 secundum

537 2117 774 2175 reddita.
808 2117 1026 2176 Primus
1089 2127 1366 2194 acceptam
1422 2121 1666 2195 perdidit
1725 2125 1978 2196 gratiam,
2036 2143 2132 2182 se-

537 2205 757 2265 cundus
787 2223 912 2264 cum
960 2207 1077 2265 vita
1121 2209 1322 2267 tribuit
1375 2211 1604 2284 gratiam
1639 2229 1652 2268 :
1702 2213 1914 2286 primus
1967 2230 2134 2271 suasu

538 2295 776 2368 virginis
801 2296 1022 2368 cecidit,
1055 2299 1329 2356 secundus
1359 2309 1521 2372 partu
1561 2300 1814 2374 virginis,
1851 2301 1997 2375 quod
2037 2301 2134 2374 ja-

539 2385 718 2454 cebat,
777 2387 998 2444 erexit:
1066 2388 1279 2461 primus
1336 2389 1610 2461 peccando
1665 2390 1860 2446 mortis
1915 2407 2132 2463 poenam

539 2475 794 2548 protulit,
826 2476 1102 2535 secundus
1131 2478 1392 2551 patiendo
1423 2479 1823 2554 indulgentiam
1855 2481 2126 2539 contulit:

539 2566 752 2640 primus
785 2583 885 2640 pro
907 2567 1070 2640 culpa
1097 2567 1164 2624 de
1191 2569 1442 2642 paradiso
1467 2569 1694 2643 ejectus,
1726 2571 2000 2629 secundus
2033 2587 2132 2646 pro

540 2656 712 2730 gloria
734 2657 885 2716 cruci
915 2657 1124 2714 mundo
1142 2659 1359 2717 afﬁxus.

610 2747 663 2804 2.
702 2749 848 2822 Ergo
886 2749 1094 2806 malum
1136 2765 1232 2822 per
1274 2751 1560 2821 feminam,
1596 2751 1710 2808 imo
1748 2767 1845 2825 per
1872 2751 2132 2810 feminam

541 2835 784 2908 bonum;
849 2839 980 2913 quia
1023 2856 1120 2912 per
1169 2841 1345 2896 Evam
1392 2841 1714 2912 cecidimus,
1763 2859 1860 2916 per
1907 2843 2132 2900 Mariam

537 2934 748 2986 stamus
783 2947 796 2986 :
857 2945 954 3002 per
991 2929 1168 2986 Evam
1215 2931 1494 3003 prostrati,
1526 2933 1692 2990 erecti
1719 2941 1824 3004 per
1859 2933 2087 2990 Mariam
2117 2951 2130 2990 :

537 3035 636 3092 per
693 3021 868 3076 Evam
925 3019 1182 3078 servituti
1235 3021 1462 3090 addicti,
1533 3039 1630 3094 per
1689 3022 1917 3078 Mariam
1976 3022 2130 3080 liberi

542 3111 744 3168 effecti.
793 3111 914 3168 Eva
961 3108 1122 3166 nobis
1170 3111 1394 3167 sustulit
1460 3110 1906 3180 diuturnitatem,
1964 3112 2134 3169 Maria

540 3200 702 3260 nobis
755 3199 998 3258 reddidit
1051 3199 1518 3272 perpetuitatem:
1578 3201 1699 3256 Eva
1745 3217 1846 3257 nos
1875 3199 2131 3258 damnari

536 3292 670 3350 fecit
725 3307 837 3365 per.
874 3289 1086 3347 arboris
1122 3304 1372 3364 pomum,
1420 3289 1592 3346 Maria
1627 3290 1866 3348 absolvit
1905 3308 2004 3365 per
2029 3308 2128 3349 ar—
2164 3287 2207 3347 C

531 3381 684 3440 boris
722 3381 967 3450 donum;
998 3380 1128 3455 quia
1169 3385 1224 3435 et
1252 3376 1506 3436 Christus
1555 3379 1613 3436 in
1667 3379 1819 3454 ligno
1847 3381 2127 3454 pependit,

531 3481 596 3532 ut
621 3474 853 3531 fructus.
1168 3516 1177 3524 .

603 3564 656 3621 3.
686 3563 861 3636 Igitur
887 3561 1032 3620 sicut
1061 3575 1158 3634 per
1186 3557 1438 3618 arborem
1477 3560 1702 3631 mortui,
1733 3560 1814 3617 ita
1847 3576 1944 3634 per
1971 3561 2127 3620 arbo-

531 3670 648 3712 rem
679 3651 970 3710 viviﬁcati.
1003 3652 1184 3710 Arbor
1213 3650 1376 3710 nobis
1403 3651 1710 3710 nuditatem
1740 3653 2002 3724 ostendit,
2029 3671 2129 3710 ar-

530 3745 634 3802 bor
662 3742 1021 3814 indulgentiae
1067 3743 1218 3800 foliis
1250 3741 1478 3800 vestivit
1509 3761 1521 3800 :
1578 3743 1742 3800 arbor
1780 3753 2126 3817 peccatorum

531 3831 766 3890 incussit
813 3831 1086 3902 ardorem,
1117 3831 1468 3904 refrigerium
1521 3832 1851 3890 delictorum
1880 3833 2130 3892 vestibus

530 3920 861 3996 praeparavit
883 3921 1046 3978 arbor
1071 3921 1316 3980 scientiae
1353 3939 1366 3979 :
1391 3921 1552 3978 arbor
1581 3921 1766 3996 spinas
1797 3930 1850 3979 et
1890 3923 2129 3980 tribulos

532 3995 741 4084 genuit,
801 3995 951 4085 spem
1003 4019 1076 4070 et-
1109 4012 1343 4069 salutem
1395 4011 1558 4069 arbor
1595 3995 1838 4070 scientiae
1868 4013 2080 4086 peperit
2110 4031 2124 4070 :

533 4101 698 4160 arbor
738 4103 1016 4174 sudorem,
1063 4105 1251 4162 attulit
1295 4111 1350 4161 et
1395 4103 1660 4174 laborem,
1701 4105 1866 4162 arbor
1893 4104 2130 4162 contulit

531 4209 724 4268 pacem
754 4201 810 4250 et
839 4195 1076 4252 salutem
1118 4212 1130 4252 :
1169 4195 1333 4252 arbor
1361 4193 1550 4251 lumen
1575 4194 1822 4267 corporis
1849 4194 2128 4266 patefecit,

534 4285 698 4343 arbor
741 4288 930 4344 oculos
973 4287 1156 4346 cordis
1200 4287 1493 4345 disclusit:
1526 4286 1690 4343 arbor
1746 4284 1943 4342 mundi
1985 4284 2126 4341 insi-

535 4375 733 4434 nuavit
759 4379 1040 4448 astutiam,
1069 4377 1320 4436 divinam
1355 4377 1521 4435 arbor
1547 4375 1948 4434 demonstravit
1985 4391 2128 4448 pru-

535 4467 780 4530 dentiam
809 4487 821 4526 :
854 4469 1062 4526 malum
1092 4468 1276 4539 arbor,
1306 4469 1518 4526 bonum
1561 4467 1724 4524 arbor
1754 4466 2030 4534 ostendit;
2073 4471 2130 4524 et

535 4563 599 4614 ut
625 4557 695 4614 ad
721 4555 911 4615 delicti
963 4558 1233 4632 originem
1265 4557 1508 4627 redeam,
1564 4564 1618 4613 et
1663 4557 1776 4613 Deo
1830 4563 2124 4626 annuente,

1555 433 1654 490 AD
1690 432 1926 492 OPERA
1961 435 2019 490 S.
2058 433 2394 522 AMBROSII
2431 435 2812 494 APPENDIX.

3737 441 3846 499 716

2157 563 2208 620 Α
2242 575 2354 615 non
2385 559 2710 618 lmtiﬁcasset
2740 560 2966 617 Mariam
2999 560 3273 633 Christus,
3330 563 3441 620 nisi
3477 564 3658 620 Evam
3691 564 3847 637 prio-

2244 663 2379 728 rem,
2432 649 2500 706 de
2527 665 2636 723 qua
2665 656 2796 705 nata
2815 655 2898 706 est
2927 649 3044 723 ipsa
3071 650 3264 722 Maria,
3319 651 3682 722 deﬁnxisset;
3739 666 3850 710 nec

2243 737 2484 794 venisset
2507 737 2576 794 ad
2606 740 2892 812 populum,
2941 739 3048 796 nisi
3075 741 3242 813 prius
3285 741 3383 798 illa
3411 741 3742 816 deliquisset
3786 741 3848 798 in

2244 830 2464 888 saeculo.
2507 831 2634 887 Haec
2679 839 2856 888 mater
2901 829 3130 888 humani
3183 834 3397 906 generis
3449 833 3682 904 dicitur,
3745 833 3850 892 illa

2243 919 2470 986 salutis;
2502 920 2622 975 Eva
2651 935 2752 976 nos
2779 919 3020 987 edocuit,
3050 922 3333 980 roboravit
3359 930 3415 980 et
3439 923 3634 982 Maria.

2313 1007 2365 1064 5.
2407 1008 2508 1064 Per
2534 1009 2706 1066 Evam
2737 1009 3052 1080 crescimus,
3103 1028 3198 1084 per
3232 1011 3460 1069 Mariam
3491 1028 3798 1086 regnamus
3830 1031 3845 1083 ;

2243 1111 2340 1166 per
2363 1096 2538 1154 Evam
2567 1098 2780 1156 seducti
2809 1101 2879 1158 ad
2907 1107 3129 1168 terram,
3156 1117 3252 1174 per
3279 1101 3507 1159 Mariam
3537 1101 3748 1159 elevati
3777 1103 3848 1160 ad

2241 1187 2474 1255 cmlum;
2521 1197 2574 1245 et
2617 1197 2681 1245 ut
2713 1197 2888 1246 totum
2925 1191 3171 1247 breviter
3199 1193 3335 1264 legis
3378 1192 3708 1266 patefaciam
3755 1209 3848 1250 sa-

2242 1285 2605 1348 cramentum,
2651 1287 2705 1335 et
2731 1278 2866 1336 duas
2897 1279 2955 1334 in
2983 1296 3149 1337 unam
3181 1281 3373 1348 fuisse,
3423 1282 3590 1339 sicuti
3641 1299 3850 1340 omnes

2241 1381 2356 1422 esse
2384 1367 2666 1424 ostendam
2688 1386 2714 1425 :-
2765 1369 2822 1424 in
2847 1369 2966 1426 Eva
2991 1377 3124 1427 tunc
3148 1371 3320 1431 Maria
3348 1371 3546 1442 inerat,
3602 1388 3706 1446 per
3730 1373 3849 1430 Ma-

2242 1453 2378 1511 riam
2403 1463 2591 1528 postea
2615 1457 2855 1514 revelata
2881 1466 2964 1516 est
2992 1458 3130 1518 Eva.

2310 1544 2364 1600 6.
2404 1544 2619 1602 Gratias
2645 1548 2906 1618 Domino,
2933 1549 3131 1607 fratres
3156 1549 3492 1618 charissimi,
3539 1549 3696 1624 quod
3717 1567 3847 1625 qua

2241 1633 2314 1690 sit
2346 1634 2456 1692 diei
2483 1637 2774 1706 festivitas,
2829 1637 3016 1695 doceri
3054 1656 3155 1698 nos
3176 1656 3288 1698 non
3316 1655 3537 1698 necesse
3567 1647 3694 1708 est;
3747 1645 3848 1716 qui

2242 1725 2561 1798 praevenitis
2589 1727 2885 1784 devotione
2919 1729 3088 1786 docti.
3145 1729 3283 1786 Nam
3336 1737 3690 1787 accesserunt
3734 1730 3850 1793 huc

2243 1814 2410 1874 hodie
2436 1817 2771 1890 prophetica;
2809 1827 2972 1893 atque
3007 1820 3336 1894 evangelica
3381 1821 3650 1880 lectiones
3695 1837 3850 1882 earn-

2165 1924 2212 1985 B
2242 1905 2368 1962 dem
2397 1922 2513 1964 rem
2551 1907 2829 1978 docentes,
2879 1924 3043 1982 quam
3087 1909 3224 1968 ﬁdes
3252 1917 3432 1968 vestra
3472 1927 3575 1969 nos
3623 1911 3848 1972 docuit.

2240 1997 2418 2054 Donet
2459 2013 2587 2071 ergo
2627 1999 2775 2056 Deus
2823 2008 3028 2070 noster,
3078 2007 3142 2056 ut
3181 1999 3651 2060 concordantibus
3694 2002 3851 2062 sicut

2241 2089 2426 2164 hodie,
2477 2093 2556 2152 ita
2581 2095 2734 2152 omni
2762 2101 3010 2170 tempore
3034 2111 3160 2154 cum
3190 2096 3426 2156 lectione
3466 2097 3662 2158 divina
3705 2101 3849 2160 acti-

2238 2180 2364 2250 bus,
2397 2181 2504 2242 hoc
2533 2199 2634 2241 vos
2661 2183 2908 2242 habeatis
2937 2183 2997 2241 in
3025 2185 3294 2246 moribus.

2794 2307 3028 2367 SERMO
3068 2309 3264 2369 XLVI.

2815 2399 2895 2454 De
2933 2398 3246 2457 Salomone.

2241 2503 2306 2558 In
2350 2500 2590 2556 omnibus
2623 2501 2994 2559 Ambrosiam's
3041 2507 3361 2562 editionibus
3414 2507 3578 2566 libelli
3625 2509 3844 2570 titulum

2310 2572 2366 2627 in
2393 2571 2570 2647 fronte
2601 2575 2722 2628 tulit
2748 2575 2854 2630 haec
2880 2577 3095 2647 opella;
3144 2595 3262 2633 cum
3305 2585 3477 2634 tamen
3509 2598 3668 2637 uerus
3714 2601 3846 2640 ser-

2308 2660 2394 2699 mo
2435 2643 2537 2724 sit,
2598 2661 2701 2715 quo
2749 2647 2856 2702 tria
2909 2643 3227 2724 'Sal_o_monis
3295 2651 3430 2724 scitu
3476 2651 3842 2724 impossibilia

2310 2715 2528 2799 mystice
2575 2726 2930 2799 exponuntur.
3180 2721 3516 2799 elegantiam,
3547 2715 3622 2780 ἐτ
3673 2727 3844 2785 simul

2310 2787 2376 2844 ab
2403 2786 2681 2842 Ambrosii.
2701 2791 2836 2868 stle
2869 2786 3223 2868 diversitatem
3254 2786 3535 2850 'Erasmu's
3579 2799 3836 2868 agnovit:

2314 2875 2496 2914 verum
2532 2861 2812 2939 secundum
2861 2861 3013 2918 illam
3062 2864 3400 2939 Hermann!“
3449 2861 3638 2939 putat'
3653 2869 3842 2927 obsessa

2309 2947 2432 3011 ram
2481 2946 2624 3011 esse,_
2653 2931 2764 3011 ipsi
2825 2939 2998 3011 tamen
3025 2953 3157 3011 _voa:
3216 2931 3697 3011 Psalmographus,
3753 2943 3844 2998 cui

2313 3002 2468 3078 etiam
2497 3001 2848 3078 Archipirata
2873 3005 3036 3077 jungi
3065 3014 3294 3078 poterat,
3325 3001 3590 3066 non'sat'is
3621 3001 3844 3070 videtur

2312 3073 2712 3155 Ambrosiana’:
2739 3077 2827 3132 sed
2972 3073 3196 3155 Erasmi
3211 3073 3482 3155 judicium
3504 3088 3746 3155 utraque
3773 3103 3845 3142 ea:

2307 3151 2462 3216 parte
2519 3163 2701 3218 uerum
2745 3148 3023 3205 credimus.
3076 3151 3227 3218 Quod
3269 3158 3444 3208 autem
3491 3148 3844 3214 Herniannus

2311 3216 2620 3272 sententiam
2651 3234 2755 3287 qua
2799 3219 2881 3274 hic
2916 3216 3115 3276 dicitur
3155 3223 3373 3281 Martha
3413 3225 3620 3282 Lazari
3673 3244 3842 3284 soror

2305 3305 2343 3368 (ξ
2389 3288 2598 3343 Christo
2647 3290 2866 3346 liberata
2898 3293 3073 3368 ﬂuam
3127 3295 3421 3368 sanguinis,
3470 3313 3675 3368 parum
3718 3317 3836 3356 esse

2308 3359 2541 3432 ﬁrmam,
2597 3376 2843 3432 quaenam
2883 3359 3052 3432 fuerit
3083 3359 3278 3422 mulier
3319 3359 3510 3425 sanata
3555 3373 3842 3428 consulere

2311 3431 2426 3510 licet
2452 3431 2676 3510 Eusebii
2703 3433 2792 3490 lib.
2835 3431 2915 3490 vir
2964 3435 3102 3510 Hist.
3145 3438 3400 3510 capslS,
3440 3439 3566 3498 edit.
3613 3442 3843 3510 Vales.;

2311 3503 2588 3586 Sozomeni
2617 3504 2707 3586 lib.
2750 3522 2953 3586 _v"cap.
2983 3509 3073 3586 ες,
3105 3513 3154 3586 e_t
3188 3503 3534 3582 Philoslorgii
3585 3512 3682 3586 lib.
3731 3503 3844 3586 vu’,

2307 3591 2452 3654 num.
2473 3575 2526 3654 3.
2548 3576 2688 3642 Quin
2713 3581 2762 3654 et
2786 3575 3098 3654 Ambrosius
3120 3580 3254 3654 hanc
3281 3575 3486 3654 quoque
3505 3575 3844 3643 curationem

2307 3646 2582 3722 diligenter
2605 3649 2836 3719 explicat
2854 3649 3162 3708 Comment.
3196 3652 3254 3709 in
3287 3646 3419 3710 Luc'.
3454 3654 3544 3711 lib.
3575 3672 3658 3722 vr,
3681 3673 3842 3716 num.

2305 3718 2375 3774 63
2402 3725 2449 3774 et
2477 3719 2566 3787 58,
2589 3718 2680 3774 nec
2713 3726 2884 3776 tamen
2912 3722 2986 3779 ibi
3011 3723 3240 3784 Marthae
3271 3724 3526 3782 meminit.

2310 3826 2538 3884 CAPUT
2578 3828 2868 3886 PRIMUM.
2925 3861 2996 3873 --
3049 3832 3098 3888 1.
3147 3833 3352 3890 Mirum
3385 3833 3519 3891 satis
3546 3844 3652 3906 est,
3702 3837 3849 3898 dile-

2237 3916 2471 3972 ctissimi
2498 3917 2712 3986 fratres,
2761 3919 2907 3991 quod
2954 3919 3014 3976 in
3059 3919 3166 3978 hoc
3202 3921 3446 3994 capitulo
3494 3925 3849 3998 sapientissi-

2238 4022 2361 4062 mus
2397 4006 2648 4062 omnium
2683 4007 2974 4064 hominum
3021 4009 3282 4067 Salomon
3323 4012 3593 4084 propheta
3634 4031 3849 4092 propo-

2236 4096 2348 4151 suit
2373 4096 2480 4152 tria
2513 4096 2878 4167 impossibilia
2923 4115 3058 4169 esse,
3107 4115 3228 4172 quas
3281 4101 3420 4158 scire
3466 4118 3580 4159 non
3625 4118 3845 4181 posset,

2235 4189 2374 4246 451
2418 4191 2671 4256 quartum
2715 4185 2897 4263 adhuc
2925 4204 3039 4245 esse
3076 4189 3224 4262 quod
3264 4205 3377 4247 non
3420 4191 3632 4250 valeret
3673 4215 3846 4272 agno-

2236 4298 2412 4341 scere:
2482 4306 2500 4329 ι
2530 4281 2776 4356 Vestigia
2826 4283 3024 4357 aquilas
3071 4287 3332 4358 volantis,
3389 4289 3507 4347 vias
3563 4297 3849 4368 serpentis

2235 4389 2400 4446 super
2428 4379 2658 4445 petram,
2707 4379 2760 4428 et
2791 4373 3017 4431 semitas
3043 4375 3205 4434 navis
3233 4377 3567 4452 navigantis,
3623 4388 3681 4439 et
3719 4385 3850 4444 vias

2235 4461 2344 4518 viri
2378 4461 2436 4518 in
2459 4461 2750 4534 juventute
2781 4462 2970 4536 (Prov.
3002 4479 3143 4534 xxx,
3179 4465 3292 4538 19).
3323 4490 3344 4516 ι
3386 4467 3514 4526 Haec
3540 4485 3599 4526 se
3623 4473 3848 4533 nescire

2235 4560 2468 4610 testatur
2523 4553 2618 4610 ille
2675 4553 2944 4626 propheta
2987 4554 3268 4628 Salomon,
3325 4557 3422 4632 qui
3472 4564 3537 4616 ut
3589 4561 3845 4634 primum

536 4649 684 4722 quod
714 4651 916 4708 sentire
945 4652 1258 4710 conciditns
1300 4651 1517 4717 dicam;
1562 4649 1740 4706 Adam
1782 4647 1892 4705 nisi
1922 4665 2126 4722 corpo-
2152 4657 2202 4716 1)
2235 4644 2525 4702 transactis
2554 4643 2804 4702 infantiae
2836 4644 3186 4717 rudimentis,
3210 4664 3383 4706 annos
3397 4646 3717 4722 juventutis
3739 4653 3846 4711 in-

536 4740 728 4796 raliter
755 4740 1079 4810 cecidisset,
1111 4740 1364 4800 Christus
1392 4757 1493 4798 nos
1519 4739 1579 4796 in
1617 4739 1723 4795 ista
1741 4737 1856 4795 vita
1874 4754 1987 4795 non
2007 4737 2132 4813 spi-

541 4828 780 4887 ritaliter
806 4831 1071 4890 suscitare
1101 4830 1403 4888 debuisset.

610 4919 664 4976 li.
688 4919 734 4977 Ο
753 4929 1218 4980 sacramentorum
1237 4922 1564 4990 maximum,
1581 4925 1645 4976 ut
1659 4917 1926 4988 diximus,
1949 4914 2134 4974 Maria:

544 5009 894 5081 mysterium,
913 5029 946 5068 ο
966 5013 1283 5070 conclusam
1306 5011 1619 5085 perﬁdis,et
1637 5009 1984 5066 manifestam
2005 5007 2134 5065 ﬁde-

543 5097 694 5154 libus
703 5097 1156 5170 disciplinamllm
1164 5101 1414 5158 mortalis
1430 5101 1718 5158 mortalem
1731 5097 2134 5167 aedificat,mor-

543 5185 673 5244 talis
701 5187 844 5260 parit
872 5186 1239 5246 immortalem
1266 5208 1280 5258 ;
1305 5189 1667 5263 incorporalis
1685 5195 1833 5245 terra
1857 5185 2137 5246 concludi-

544 5283 658 5347 tur,
673 5275 976 5350 corporalis
989 5277 1159 5336 casio:
1181 5280 1328 5335 Deus
1346 5277 1511 5335 homo
1527 5277 1786 5344 efﬁcitur,
1801 5279 1894 5335 sed
1911 5275 2136 5334 exhibe-

543 5373 638 5424 tur
662 5367 842 5436 Deus;
875 5374 932 5424 et
957 5367 1066 5426 hoc
1097 5375 1278 5426 totum
1317 5385 1414 5442 per
1459 5369 1636 5427 Adam
1663 5369 2050 5437 committitur,
2083 5373 2138 5424 et

545 5457 762 5514 lavatur
789 5475 885 5534 per
902 5457 1153 5518 Mariam.
1187 5459 1334 5532 Ergo
1371 5458 1510 5516 felix
1535 5460 1674 5529 Eva,
1703 5475 1801 5532 per
1827 5475 1988 5533 quam
2012 5458 2138 5516 data

546 5553 628 5602 est
654 5549 906 5606 occasio:
967 5547 1081 5606 imo
1127 5547 1266 5606 felix
1309 5547 1502 5616 Maria,
1556 5564 1654 5621 per
1709 5564 1873 5622 quam
1927 5548 2138 5606 tributa

547 5643 628 5692 est
655 5638 903 5696 curatio:
939 5639 1078 5697 felix
1100 5640 1240 5710 Eva,
1270 5655 1368 5713 per
1387 5654 1552 5712 quam
1583 5645 1746 5695 natus
1765 5645 1848 5696 est
1865 5638 2132 5711 populus;

547 5725 762 5783 felicior
795 5727 988 5798 Maria,
1027 5746 1126 5802 per
1168 5746 1334 5804 quam
1383 5737 1546 5788 natus
1591 5736 1674 5786 est
1714 5726 1988 5786 Christus.
2019 5727 2139 5801 Igi-

543 5818 638 5871 tur
663 5814 835 5874 altera
871 5816 1088 5898 melior,
1119 5820 1234 5877 imo
1275 5827 1332 5878 et
1389 5819 1640 5894 gloriosae
1687 5825 1955 5892 utraeque,
2007 5817 2140 5892 quia

2238 4753 2452 4809 gressus
2491 4743 2591 4805 est,
2649 4736 2708 4792 in
2751 4737 2952 4810 quibus
2997 4739 3177 4811 posita
3217 4740 3400 4798 adhuc
3445 4741 3664 4801 infirma
3705 4753 3846 4804 aetas

2243 4842 2406 4900 quem
2454 4843 2676 4884 cursum
2731 4827 2862 4886 vitae
2909 4827 3134 4902 deligat,
3190 4839 3353 4889 nutat
3401 4831 3648 4903 incerta;
3683 4835 3841 4894 nihil

2243 4914 2394 4972 aliud
2423 4931 2455 4972 a
2507 4917 2642 4984 Deo,
2700 4931 2863 4990 quam
2920 4918 3244 4991 sapientiam
3301 4920 3643 4996 postulavit:
3690 4923 3846 4982 inter

2245 5003 2381 5078 ipsa,
2412 5013 2475 5060 ut
2503 5004 2646 5074 dixi,
2697 5005 2826 5062 vitae
2855 5013 3193 5066 tentamenta
3215 5008 3330 5082 jam
3360 5009 3596 5084 sapiens,
3649 5011 3750 5084 qui
3763 5011 3845 5084 ‘in

2243 5094 2551 5153 delectione
2579 5111 2785 5166 rerum,
2815 5097 2963 5172 quod
2989 5099 3248 5156 omnibus
3276 5100 3514 5172 praeiret,
3537 5099 3724 5174 elegit.
3747 5102 3849 5161 Sic

2243 5184 2392 5243 enim
2430 5185 2545 5258 ipse
2574 5185 2634 5242 in
2664 5184 2808 5244 libro
2835 5188 3128 5260 Sapientiae
3155 5205 3268 5246 suae
3301 5205 3359 5246 se
3387 5187 3689 5247 Dominum
3719 5205 3845 5248 om-

2244 5274 2583 5347 nipotentem
2618 5277 2970 5350 deprecatum
2998 5276 3168 5334 fuisse
3198 5287 3624 5337 commemorat:
3695 5305 3717 5330 ι
3757 5281 3846 5340 Da

2245 5362 2621 5438 mihi,inquit,
2654 5365 2864 5422 sedium
2897 5374 3115 5422 tuarum
3147 5366 3476 5425 assistricem
3506 5365 3840 5442 sapientiam

2248 5453 2401 5526 (Sap.
2437 5471 2514 5524 ιχ,
2547 5453 2628 5525 4),
2661 5479 2680 5502 ›
2736 5463 2800 5512 ut
2828 5453 2996 5512 sciam
3031 5455 3449 5528 dispositionem
3487 5454 3643 5512 orbis
3670 5464 3844 5518 terra-

2245 5560 2389 5614 rum,
2419 5545 2656 5603 virtutes
2683 5545 3105 5616 elementorum,
3153 5547 3380 5604 initium
3409 5553 3467 5605 et
3489 5563 3843 5606 consumma-

2243 5637 2452 5694 tionem
2481 5643 2537 5694 et
2581 5635 2928 5693 medietatem
2984 5637 3234 5694 omnium
3265 5651 3474 5708 rerum,
3531 5634 3847 5696 divisiones

2245 5737 2301 5787 et
2328 5728 2662 5786 mutationes
2686 5734 3028 5802 temporum,
3045 5729 3178 5788 anni
3205 5746 3419 5800 cursus,
3445 5735 3500 5786 et
3522 5727 3846 5803 dispositio-

2244 5833 2342 5878 nes
2369 5817 2679 5891 stellarum,
2737 5824 2970 5878 naturas
2993 5817 3340 5890 animalium,
3398 5825 3454 5878 et
3499 5816 3614 5876 iras
3639 5817 3846 5878 bestia-
