3972 6376
174 390 276 444 717

1011 388 1391 447 SERMONES
1431 389 1487 446 S.
1531 388 1889 448 AMBROSIO
1929 389 2296 448 HACTENUS
2333 391 2669 449 ASCRIPTl.

3381 367 3487 470 718

172 528 316 582 rum,
352 514 466 570 vim
498 522 810 583 ventorum,
839 522 894 571 et
921 514 1282 587 cogitationes
1319 514 1629 582 hominum,
1659 515 1764 572 dif—
1798 523 1848 582 Α
1879 515 2097 587 fratres,
2131 518 2309 590 potuit
2340 520 2448 576 ista
2476 534 2803 590 cognoscere
2825 520 2853 576 ?
2891 519 3059 588 Quasi
3102 536 3235 578 vero
3277 521 3351 579 sit
3392 522 3489 579 fa-

175 599 435 658 ferentias
483 603 763 673 arborum,
798 612 851 660 et
875 604 1109 662 virtutes
1141 604 1387 660 radicum
1417 623 1428 661 :
1477 630 1495 654 ι
1525 606 1775 661 omnium

172 691 323 747 enim
355 692 574 763 artifex,
603 693 699 763 ait,
719 694 908 752 docuit
927 712 1013 751 me
1033 694 1471 768 Sapientia(Sap.
1497 713 1598 763 vn,
1622 695 1766 768 21).»

171 783 248 838 Et
270 782 404 838 alibi
434 783 549 856 ipse
578 785 636 840 in
666 785 857 842 eodem
890 785 1069 842 libro:
1127 809 1145 833 ‹
1177 784 1461 854 Invocavi,
1493 785 1699 858 inquit,
1727 792 1781 841 et

175 872 410 929 venitin
445 889 531 930 me
561 875 789 946 spiritus
818 875 1102 948 sapientiae
1133 874 1287 946 (Sap.
1314 892 1415 943 v11,
1455 875 1533 948 7).
1568 901 1586 923 ι

249 972 302 1028 2.
334 972 404 1028 Et
434 972 568 1044 quid
595 982 694 1042 est,
733 973 1080 1030 dilectissimi
1110 974 1326 1044 fratres,
1363 973 1511 1047 quod
1540 981 1652 1030 tam
1685 975 1782 1031 lo-

175 1061 367 1133 cuples
413 1077 688 1133 possessor
734 1063 1354 1134 sapientiaa'Salomon,
1412 1079 1537 1119 cum
1596 1064 1784 1120 omnia

178 1151 546 1222 cognovisset,
592 1168 712 1224 quae
740 1151 797 1207 in
827 1152 1046 1210 arcanis
1093 1153 1406 1209 abditarum
1455 1152 1785 1225 dispositio-

179 1255 318 1295 num
379 1240 707 1298 tenebantur
755 1241 1037 1312 absconsa,
1097 1242 1214 1301 haec
1265 1243 1370 1299 sibi
1420 1243 1788 1314 impossibilia

182 1345 301 1387 esse
341 1331 682 1404 praetendit?
711 1331 924 1406 Quippe
964 1333 1059 1407 qui
1085 1350 1116 1390 a
1153 1336 1266 1390 Deo
1294 1341 1435 1390 esset
1463 1333 1785 1406 sapientiam

181 1430 510 1478 consecutus
542 1464 558 1490 ,
619 1421 713 1495 qui
770 1429 999 1481 noverat
1058 1424 1349 1480 mundanas
1404 1421 1788 1495 dispositionis

183 1508 499 1580 introitum,
545 1512 782 1586 qualiter
828 1521 971 1570 esset
1023 1513 1129 1571 hoc
1171 1514 1372 1571 coelum
1419 1529 1583 1570 omne
1640 1511 1789 1586 quod

183 1600 486 1670 cernimus,
531 1602 701 1658 ardua
745 1603 1086 1659 sublimitate
1130 1619 1479 1675 suspensum,
1523 1601 1788 1675 quemad-

185 1692 414 1749 modum
474 1691 629 1749 fieret
679 1693 821 1748 aeris
875 1693 1034 1749 istius
1089 1692 1478 1764 circumjectus
1529 1701 1582 1748 et
1636 1691 1792 1748 fusus

182 1796 344 1853 aequo
376 1781 750 1838 moderamine
779 1781 1010 1838 libratus
1039 1781 1098 1837 in
1138 1781 1341 1849 medio,
1373 1780 1577 1853 quibus
1607 1778 1792 1836 modis

1887 606 1992 664 cile
2027 614 2090 662 ut
2136 624 2396 681 suspensa
2444 608 2628 682 aquila
2682 608 2742 664 in
2808 608 2980 664 altum
3039 609 3204 666 celeri
3250 610 3489 668 elatione

1889 712 2212 769 pennarum,
2263 700 2488 770 plausus
2524 699 2610 755 sui
2641 705 2694 754 et
2729 699 2914 771 lapsus
2944 697 3174 770 vestigia
3199 700 3492 758 manifesta

1889 786 2209 856 constituat,
2237 795 2332 843 aut
2361 788 2508 843 viam
2540 788 2720 860 signet
2749 787 2807 844 in
2839 805 3034 858 vacuo,
3083 796 3138 844 et
3171 787 3373 845 lineam
3402 789 3491 846 sui

1891 878 2109 933 volatus
2165 877 2348 947 ducat,
2400 879 2636 952 ﬁgatque
2671 878 2731 934 in
2780 877 3044 951 liquido?
3092 877 3227 946 Quis
3269 895 3492 936 cursum

1892 967 2050 1023 navis
2078 968 2452 1040 deprehendat
2477 970 2536 1025 in
2565 969 2826 1026 ﬂuctibus
2848 968 2876 1025 ?
2905 969 3029 1042 quis
3058 967 3327 1026 indicium
3353 967 3490 1041 ejus,

1892 1073 1987 1129 per
2039 1074 2176 1130 quos
2223 1074 2438 1130 aggeres
2489 1066 2543 1114 et
2609 1058 2816 1114 limites
2879 1058 3105 1129 feratur,
3166 1057 3496 1131 intelligat?

1894 1147 2096 1205 Crebra
2121 1163 2333 1220 semper
2363 1156 2416 1204 et
2445 1148 2697 1222 inquieta
2724 1148 2976 1220 mutatio,
3018 1166 3146 1207 cum
3184 1149 3352 1206 undis
3399 1165 3496 1207 se—

1893 1237 2181 1310 quacibus,
2213 1245 2308 1296 aut
2337 1239 2592 1296 obruitur
2625 1241 2771 1314 quod
2817 1241 3114 1313 praecessit,
3159 1249 3254 1298 aut
3300 1241 3498 1313 oppri-

1895 1326 2070 1381 mitur
2119 1327 2269 1399 quod
2317 1335 2564 1385 secutum
2622 1336 2722 1385 est.
2773 1329 2910 1398 Quis
2955 1331 3013 1386 in
3069 1338 3223 1403 petra
3279 1328 3496 1402 signum

1895 1415 2122 1488 aliquod
2150 1418 2421 1489 serpentis
2451 1418 2696 1492 agnovit,
2729 1435 2854 1476 cum
2897 1427 2951 1476 et
2993 1419 3223 1476 materia
3259 1419 3332 1477 sit
3360 1419 3500 1476 dura

1896 1521 2178 1575 saxorum,
2210 1513 2263 1563 et
2287 1505 2500 1563 lubrica
2541 1515 2740 1564 natura
2777 1516 3096 1582 serpentum
3119 1509 3147 1566 ?
3194 1511 3307 1567 Aut
3353 1525 3502 1584 quo-

1898 1593 2064 1651 modo
2108 1602 2339 1666 possunt
2388 1596 2494 1652 vias
2541 1595 2650 1652 viri
2689 1597 2748 1652 in
2778 1595 3072 1669 juventnte
3099 1598 3374 1672 cognosci,
3405 1598 3502 1672 qui

1898 1685 2047 1741 unde
2075 1686 2279 1755 veniat,
2323 1693 2378 1743 et
2416 1703 2524 1760 quo
2573 1694 2679 1757 eat,
2737 1704 2850 1744 non
2897 1697 3077 1762 potest
3113 1690 3449 1764 deprehendi
3473 1687 3504 1748 ?

1901 1775 2029 1833 Hac
2073 1783 2202 1833 sunt
2260 1793 2381 1850 quae
2437 1777 2878 1850 sapientissimus
2927 1779 3186 1836 Salomon
3237 1779 3505 1854 propheta

184 1870 345 1943 pigro
384 1871 451 1926 ad
491 1871 666 1926 imum
720 1871 932 1942 dilapsa
982 1871 1223 1943 pondere
1260 1878 1405 1927 terra
1448 1869 1791 1938 subsisteret,
1819 1891 1868 1952 Β
1902 1865 2050 1923 dixit
2076 1882 2132 1922 se
2165 1883 2276 1923 non
2305 1872 2452 1930 452
2480 1883 2637 1940 posse
2664 1884 3008 1941 cognoscere.
3058 1869 3218 1927 Nunc
3261 1884 3389 1942 ergo
3436 1869 3505 1928 de

183 1975 299 2032 qua
328 1959 540 2015 ratione
583 1959 728 2015 intra
764 1969 939 2016 certas
980 1959 1230 2015 littorum
1260 1966 1432 2015 metas
1461 1957 1657 2031 liquidi
1688 1957 1793 2014 ele-

182 2046 366 2103 menti
431 2047 722 2119 impatiens
783 2047 982 2105 ﬂuctus
1033 2049 1217 2121 lapsus
1271 2055 1580 2106 exaestuet:
1646 2048 1794 2122 quod

185 2135 530 2210 principium
559 2153 767 2206 rerum,
800 2138 924 2210 quis
951 2136 1100 2207 ﬁnis,
1131 2146 1184 2194 et
1210 2154 1331 2211 quae
1368 2146 1548 2195 essent
1589 2139 1790 2196 media.

187 2228 367 2296 Quem
406 2228 605 2284 iterum
657 2228 959 2284 divisiones
1006 2237 1059 2285 et
1105 2230 1438 2287 mutationes
1487 2238 1792 2302 temporum

187 2333 307 2374 non
366 2317 646 2385 latebant,
705 2318 798 2389 qui
855 2318 1344 2390 comprehenderat
1396 2320 1633 2391 qualiter
1686 2319 1792 2377 sibi

188 2421 466 2463 annorum
498 2413 691 2462 mutua
719 2406 1069 2475 vicissitudo,
1111 2407 1372 2464 redeunte
1406 2408 1557 2478 orbe,
1597 2425 1794 2466 succe-

191 2495 369 2564 deret,
418 2512 525 2569 qua
570 2512 733 2552 causa
779 2497 962 2553 varios
1013 2497 1296 2555 stellarum
1345 2507 1527 2571 ageret
1578 2515 1790 2568 cursus,

191 2585 554 2659 prmoedendo
609 2602 666 2642 se
721 2602 1140 2660 nonnunquam,
1200 2595 1294 2644 aut
1355 2588 1540 2645 subito
1594 2589 1794 2646 subse—

192 2674 438 2748 quendo,
468 2674 613 2730 unde
646 2691 834 2731 earum
862 2683 1003 2732 esset
1033 2683 1188 2732 ortus
1217 2684 1312 2732 aut
1339 2677 1542 2746 obitus,
1592 2685 1646 2733 et
1687 2678 1794 2734 alia

193 2767 394 2835 multa,
425 2783 568 2839 quas,
598 2767 868 2839 sapientia
903 2766 1154 2834 docente,
1195 2774 1544 2838 cognoverat.
1588 2767 1792 2824 Mirum

190 2854 341 2929 quod
373 2854 476 2910 ista
504 2872 624 2928 qua
655 2855 760 2911 sibi
791 2855 1158 2928 impossibilia
1196 2872 1309 2913 esse
1339 2857 1495 2925 dicit,
1532 2866 1626 2915 aut
1653 2858 1793 2914 scire

189 2961 307 3002 non
335 2946 538 3018 potuit,
571 2953 664 3001 aut
689 2945 896 3002 videre.

266 3043 319 3100 3.
352 3043 456 3101 Sed
486 3043 614 3116 quia
642 3043 828 3099 omnia
867 3059 986 3116 quae
1017 3042 1076 3098 in
1105 3043 1264 3100 libris
1300 3044 1508 3101 divinis
1547 3044 1795 3118 prophe-

189 3142 375 3190 tarum
408 3133 833 3191 annuntiatione
857 3141 1112 3206 congesta
1150 3142 1297 3202 sunt,
1332 3134 1446 3192 suis
1478 3144 1607 3191 sunt
1643 3143 1796 3190 tem-

1903 1961 2140 2034 singulis
2161 1963 2324 2020 rebus
2355 1964 2476 2022 istis
2502 1965 2636 2039 quid
2665 1966 2937 2034 dicamus,
2968 1965 3174 2024 audite.

1973 2052 2028 2110 ὅ.
2061 2053 2319 2126 Aquilam
2351 2054 2410 2110 in
2439 2054 2546 2111 hoc
2591 2057 2709 2114 loco
2748 2055 3032 2114 Christum
3063 2055 3362 2112 Dominum
3393 2067 3506 2111 no-

1903 2149 2076 2198 strum
2147 2143 2408 2202 debemus
2471 2145 2736 2219 accipere,
2807 2147 2902 2220 qui
2958 2153 3081 2219 post
3135 2145 3504 2203 venerandam

1902 2233 2384 2305 resurrectionem,
2445 2251 2552 2308 qua
2605 2235 2795 2292 docuit
2856 2235 3161 2292 humanum
3220 2251 3388 2307 genus
3442 2233 3501 2292 in

1903 2321 2079 2378 vitam
2111 2323 2290 2380 redire
2317 2341 2477 2397 posse
2515 2333 2638 2399 post
2679 2333 2933 2395 mortem,
2985 2326 3140 2382 velut
3185 2325 3370 2398 aquila
3410 2339 3506 2381 re-

1904 2412 2117 2469 volavit
2173 2413 2241 2470 ad
2297 2415 2536 2485 Patrem,
2595 2415 2834 2489 praedam
2887 2431 3072 2474 secum
3131 2415 3394 2484 referens,
3450 2416 3507 2474 id

1903 2511 2005 2572 est,
2049 2503 2356 2574 hominem,
2393 2524 2556 2581 quem
2592 2518 2846 2582 rapuerat
2877 2509 2943 2564 de
2972 2507 3223 2565 faucibus
3264 2507 3502 2566 inimici.

1904 2595 2031 2652 Haec
2073 2604 2154 2653 est
2182 2597 2385 2669 aquila,
2436 2613 2599 2671 quam
2646 2599 2899 2656 Ezechiel
2954 2599 3222 2672 propheta
3260 2599 3319 2655 in
3354 2598 3507 2655 illam

1903 2684 2337 2757 quadriformem
2367 2687 2549 2744 sedem
2580 2696 2634 2744 et
2675 2687 2972 2746 Cherubim
3002 2688 3207 2744 vidisse
3253 2706 3308 2746 se
3361 2697 3504 2747 retu.

1903 2774 1969 2829 lit
2011 2774 2156 2830 inter
2193 2776 2456 2832 animalia
2490 2793 2610 2850 quae
2658 2778 2954 2851 mysticum
3001 2777 3321 2834 vehiculum
3371 2778 3507 2835 rotis

1897 2862 2092 2934 juncta
2123 2865 2451 2937 portabant;
2483 2884 2655 2923 unum
2688 2867 2836 2922 enim
2869 2867 3071 2923 animal
3101 2868 3282 2923 simile
3313 2869 3500 2939 vituli,

1903 2952 2057 3008 aliud
2111 2953 2319 3023 leonis,
2374 2955 2602 3012 tertium
2661 2955 2944 3026 hominis,
2995 2967 3252 3029 quartum
3307 2958 3505 3031 aquilas

1906 3041 2122 3112 (Ezech.
2154 3057 2192 3110 ι,
2229 3042 2342 3115 10),
2377 3043 2519 3100 sicut
2567 3044 2627 3100 in
2681 3044 3015 3117 Apocalypsi
3051 3045 3286 3102 Joannes
3322 3063 3378 3102 se
3417 3047 3506 3102 vi-

1904 3129 2049 3186 disse
2072 3131 2419 3203 conscripsit.
2465 3156 2484 3180 ι
2516 3133 2785 3203 Primum,
2829 3134 3030 3207 inquit,
3072 3135 3276 3190 animal
3325 3135 3505 3192 simile

190 3224 422 3297 poribus
458 3233 750 3292 reservata,
792 3225 989 3280 merito
1029 3225 1288 3281 Salomon
1336 3234 1462 3282 ante
1492 3226 1792 3284 adventum
1829 3258 1872 3320 Ο
1903 3221 2092 3290 vituli,
2117 3223 2421 3280 secundum
2454 3224 2648 3294 leonis,
2691 3225 2915 3282 tertium
2946 3225 3210 3296 hominis,
3247 3235 3301 3284 et
3332 3245 3506 3300 quar-

189 3314 418 3370 Domini
474 3316 649 3370 nostri
701 3315 828 3370 Jesu
888 3313 1115 3382 Christi,
1173 3314 1306 3387 quid
1353 3316 1536 3387 aquila
1578 3317 1791 3387 volans,

191 3403 332 3477 quid
361 3420 584 3477 serpens
632 3405 687 3459 in
731 3411 904 3476 petra,
947 3404 1082 3476 quid
1135 3405 1293 3460 navis
1341 3405 1625 3477 navigans,
1675 3422 1795 3478 quas

186 3494 414 3568 juvenis
442 3495 534 3552 via
583 3497 643 3552 in
681 3495 975 3568 juventute
1016 3503 1175 3564 esset,
1225 3494 1364 3552 scire
1411 3511 1522 3551 non
1564 3498 1745 3568 potuit
1779 3516 1791 3555 :

188 3584 376 3642 adhuc
404 3601 517 3642 non
546 3592 662 3640 erat
689 3593 926 3656 tempus,
958 3599 1066 3657 quo
1085 3584 1153 3641 de
1172 3584 1368 3640 umbra
1393 3601 1591 3658 corpus
1617 3585 1793 3658 ﬁeret,

191 3681 292 3731 aut
317 3675 522 3730 veritas
551 3674 618 3730 de
647 3674 839 3746 ﬁgura.
879 3673 1049 3730 Nobis
1094 3690 1248 3742 vero,
1285 3674 1486 3746 quibus
1525 3675 1796 3732 Dominus

191 3777 383 3826 noster
409 3769 564 3825 Iesus
590 3768 846 3827 Christus
866 3767 1106 3825 ostendit
1147 3767 1294 3842 quod
1337 3767 1522 3824 omnia
1567 3767 1634 3824 de
1677 3767 1795 3841 ipso

191 3865 376 3915 essent
404 3858 464 3914 in
487 3859 601 3932 lege
633 3859 960 3930 conscripta,
993 3859 1194 3932 quibus
1222 3857 1366 3914 nihil
1401 3864 1483 3914 est
1512 3860 1794 3916 occultum

193 3948 345 4022 quod
374 3964 485 4005 non
515 3949 826 4017 reveletur;
860 3955 914 4005 et
952 3957 1303 4022 posteaquam
1330 3947 1605 4020 signatum
1633 3947 1794 4004 illum

194 4046 406 4112 septem
435 4039 634 4113 sigillis
674 4039 878 4096 librum
918 4055 1081 4096 nemo
1123 4040 1262 4094 alter
1307 4037 1488 4110 potuit
1533 4053 1794 4106 reserare,

195 4143 363 4202 quam
394 4127 683 4198 Christus;
717 4129 1042 4202 permissum
1088 4135 1144 4185 et
1178 4127 1458 4183 indultum
1488 4133 1570 4183 est
1613 4126 1794 4196 nobis,

194 4224 261 4273 ut
289 4217 478 4274 omnia
515 4226 570 4275 et
614 4217 802 4274 videre
847 4219 1121 4291 possimus
1167 4224 1221 4274 et
1264 4231 1441 4284 nosse,
1492 4214 1636 4272 sicut
1684 4215 1798 4288 ipse

195 4307 468 4365 Dominus
497 4307 606 4364 ait:
655 4330 674 4356 ι
719 4309 897 4375 Pater,
937 4308 1205 4365 conﬁteor
1235 4307 1360 4375 tibi,
1402 4307 1531 4381 quia
1561 4306 1800 4363 abscon-

198 4394 333 4450 disti
382 4393 501 4450 haec
552 4410 583 4449 a
628 4395 989 4466 sapientibus,
1045 4405 1100 4452 et
1150 4395 1407 4452 revelasti
1451 4413 1513 4453 ea
1556 4395 1801 4468 parvulis

201 4483 418 4557 (Matth.
449 4499 530 4552 xr,
559 4483 675 4556 25).
716 4509 736 4533 ι
776 4486 848 4541 Et
875 4485 1113 4541 iterum:
1153 4509 1172 4532 ι
1204 4484 1398 4553 Vobis,
1427 4485 1635 4557 inquit,
1668 4502 1799 4557 per—

197 4572 432 4629 missum
463 4581 546 4630 est
590 4573 730 4630 scire
776 4574 1106 4646 mysterium
1144 4573 1250 4632 hoc
1284 4576 1436 4648 (Luc.
1473 4592 1596 4643 vm,
1632 4575 1744 4647 10).
1769 4601 1787 4625 ι

197 4661 332 4729 Quae
364 4661 488 4718 ideo
522 4663 707 4732 retuli,
735 4671 798 4720 ut
827 4679 938 4719 non
967 4670 1080 4720 tam
1118 4663 1468 4720 Salomonem
1508 4663 1655 4737 quod
1689 4681 1801 4721 non

200 4749 468 4824 potuisset
531 4752 671 4808 scire
735 4751 1204 4825 reprehenderim,
1258 4769 1422 4827 quam
1484 4753 1631 4826 quod
1691 4769 1804 4810 non

202 4839 396 4895 fuisset
422 4839 706 4912 temporis,
732 4851 795 4899 ut
819 4841 1004 4899 sciret.

276 4941 504 4998 CAPUT
532 4942 600 4998 ΙΙ.
628 4973 698 4984 -
743 4942 794 4998 li.
851 4942 959 4999 Sed
1005 4941 1118 5014 jam
1182 4959 1250 4998 ne
1307 4942 1586 5016 proposita
1641 4943 1804 5000 lectio

142 5061 161 5080 -
203 5029 415 5088 diutius
443 5031 748 5102 differatur,
792 5049 965 5105 pauca
992 5033 1152 5089 vobis
1181 5050 1302 5106 quae
1338 5034 1416 5089 ita
1446 5033 1505 5089 in
1537 5033 1804 5106 quaestio-

205 5134 331 5175 nem
361 5121 614 5191 veniunt,
645 5121 884 5193 propitio
933 5123 1046 5178 Deo
1092 5128 1302 5191 nostro,
1347 5123 1582 5196 cogitavi
1625 5139 1804 5196 eXpo-

203 5223 334 5264 nere
363 5227 374 5264 :
419 5234 437 5256 ι
467 5210 593 5266 Tria
618 5217 767 5279 sunt,
801 5209 1005 5282 inquit,
1033 5210 1399 5282 impossibilia
1448 5213 1588 5268 mihi
1641 5213 1800 5282 scire,

205 5305 260 5354 et
308 5305 562 5370 quartum
619 5299 766 5373 quod
827 5315 937 5355 non
997 5316 1303 5372 cognosco:
1337 5301 1569 5373 vestigia
1607 5301 1804 5376 aquilae

206 5387 470 5454 volantis,
514 5397 568 5445 et
605 5389 722 5444 vias
752 5387 1020 5461 serpentis
1049 5405 1212 5462 super
1239 5398 1469 5462 petram,
1502 5400 1556 5448 et
1584 5394 1804 5450 semitas

207 5476 365 5533 navis
394 5477 722 5550 navigantis,
782 5485 835 5533 et
872 5478 992 5534 vias
1027 5477 1135 5536 viri
1192 5479 1247 5534 in
1288 5478 1581 5551 juventute
1617 5482 1803 5555 (Prov.

207 5581 348 5638 xxx,
381 5565 619 5640 18,19).
669 5592 689 5618 ι
748 5566 882 5636 Quis
932 5566 1080 5624 enim
1137 5583 1404 5644 unquam,
1459 5569 1805 5629 dilectissimi

284 5756 403 5831 (40)
439 5757 521 5817 Ita
547 5773 679 5815 mss.
711 5763 765 5814 et
807 5757 965 5828 edit.,
1005 5766 1204 5832 praeter
1240 5761 1398 5822 Rom.
1431 5762 1529 5820 ubi
1559 5762 1793 5837 legitur:

1826 4630 1875 4690 D

1908 3317 2026 3366 tum
2057 3311 2253 3384 aquilae
2296 3313 2484 3385 (Apoc.
2517 3331 2597 3382 rv,
2631 3315 2708 3386 7).
2753 3339 2773 3364 ι
2821 3313 2926 3370 Sed
2955 3314 3021 3371 de
3051 3315 3155 3372 hac
3181 3316 3505 3374 animalium

1908 3400 2219 3472 aequalitate
2247 3402 2386 3457 alter
2415 3401 2568 3459 locus
2600 3401 2716 3475 (40)
2763 3402 2831 3458 ad
2860 3403 3206 3460 tractandum
3246 3421 3506 3462 necessa-

1909 3488 2024 3544 rius
2072 3496 2172 3547 est.
2225 3489 2386 3549 Nunc
2440 3491 2661 3549 interim
2718 3490 2866 3564 quod
2921 3491 3206 3565 ccepimus,
3253 3493 3506 3568 explice-

1910 3594 2052 3635 mus.

1977 3669 2058 3727 δ’.
2096 3670 2226 3727 Haec
2253 3677 2335 3726 est
2365 3670 2568 3744 aquila,
2600 3670 2668 3728 de
2699 3686 2807 3745 qua
2834 3672 3097 3745 scriptum
3129 3681 3242 3732 est:
3289 3698 3309 3725 ι
3357 3676 3513 3747 Sicut

1908 3759 2092 3832 aquila
2127 3760 2264 3833 tegit
2321 3761 2518 3818 nidum
2568 3779 2730 3820 suum
2789 3764 2969 3836 (Deut.
3001 3780 3184 3835 xxxii,
3218 3765 3332 3839 11),
3382 3791 3402 3817 ι
3455 3769 3514 3826 id

1908 3857 2010 3918 est,
2058 3848 2312 3906 Christus
2357 3851 2682 3909 Ecclesiam.
2731 3852 2804 3908 Et
2843 3853 3044 3911 iterum
3092 3853 3319 3929 inquit:
3375 3880 3394 3904 ι
3446 3859 3510 3914 In

1909 3938 2106 3996 umbra
2147 3939 2357 3997 alarum
2387 3949 2607 3999 tuarum
2650 3942 2881 4016 sperabo
2912 3944 3086 4017 (Psal.
3119 3961 3232 4016 Lvr,
3268 3945 3349 4020 2).
3379 3971 3398 3996 ι
3440 3949 3514 4005 Et

1911 4025 2111 4084 iterum
2147 4046 2159 4085 :
2203 4055 2221 4079 ι
2261 4032 2637 4090 Renovabitur
2679 4036 2826 4093 sicut
2867 4037 3066 4111 aquila:
3105 4036 3373 4110 juventus
3419 4049 3515 4097 tua

1912 4117 2088 4190 (Psal.
2118 4137 2211 4192 cn,
2241 4122 2321 4194 5).
2356 4148 2376 4172 ι
2415 4125 2554 4181 Nam
2579 4132 2642 4181 ut
2667 4126 2853 4200 aquila
2880 4129 3096 4198 colona,
3120 4129 3274 4204 quasi
3302 4131 3380 4187 ita
3400 4147 3513 4188 ma-

1910 4221 1994 4270 ter
2022 4215 2142 4272 nidi
2172 4233 2384 4291 semper
2420 4221 2587 4276 unius
2627 4230 2729 4291 est,
2764 4238 2865 4280 nec
2892 4221 2961 4278 ad
2992 4223 3383 4296 procreandam
3429 4241 3513 4281 so-

1910 4303 2093 4360 bolem
2151 4306 2304 4362 aliud
2350 4308 2647 4382 aliquando
2704 4310 2888 4368 cubile
2934 4314 3224 4387 perquirit,
3280 4321 3334 4370 et
3385 4330 3512 4371 curn

1911 4394 2153 4466 primum
2196 4397 2391 4454 calidis
2433 4399 2555 4455 ovis
2583 4407 2802 4457 maturo
2831 4408 2956 4458 ortu
2983 4402 3128 4459 fetus
3157 4403 3402 4476 eruperit
3429 4403 3510 4459 in-

1911 4485 2104 4554 terior,
2135 4486 2315 4559 pullos
2344 4487 2529 4546 educit
2570 4489 2886 4562 implumes,
2933 4490 3034 4548 hos
3078 4499 3270 4549 contra
3313 4491 3510 4548 faciem

1914 4574 2116 4630 fervidi
2165 4575 2296 4632 solis
2328 4579 2578 4650 opponit,
2627 4587 2680 4635 et
2731 4579 2826 4652 qni
2867 4596 3066 4652 aagram
3108 4588 3162 4636 et
3207 4579 3509 4637 invalidam

1915 4682 2142 4724 corusco
2172 4667 2453 4724 radiorum
2483 4669 2716 4741 appulsu
2747 4669 2919 4725 aciem
2965 4668 3283 4725 submiserit
3325 4671 3512 4728 oculo-

1913 4773 2059 4823 rum,
2090 4765 2338 4815 materno
2363 4759 2657 4818 damnatus
2688 4760 2940 4829 arbitrio,
2965 4768 3019 4817 et
3046 4777 3079 4819 a
3115 4761 3348 4818 fratrum
3379 4779 3509 4819 con-

1913 4846 2084 4903 sortio
2115 4855 2396 4920 separatus
2427 4847 2686 4920 dejicitur
2722 4849 2782 4904 in
2825 4856 3048 4907 terram.
3089 4851 3163 4907 Et
3206 4850 3350 4909 sicut
3392 4850 3512 4908 avis

1914 4938 2021 4994 ista
2050 4936 2278 4995 inimica
2306 4945 2620 5010 serpentum
2648 4945 2749 5008 est,
2783 4955 2919 5012 quos
2947 4939 3080 4996 dum
3125 4941 3183 4997 in
3239 4956 3362 4998 aere
3403 4942 3510 4998 ala.

1915 5043 2037 5085 rum
2093 5026 2323 5099 remigio
2379 5025 2754 5083 subvectando
2798 5036 3106 5102 supportat,
3155 5029 3256 5086 hos
3294 5028 3512 5088 obunco

1913 5125 2112 5186 rostro,
2143 5126 2198 5173 et
2223 5115 2448 5173 armatis
2494 5115 2649 5188 quasi
2707 5117 3040 5190 quibusdam
3087 5118 3234 5189 telis,
3282 5119 3513 5194 pedibus

1913 5208 2028 5264 suis
2075 5208 2276 5262 lacerat
2302 5221 2366 5262 ac
2389 5204 2648 5274 divellit;
2687 5223 2826 5282 quos
2871 5225 2997 5265 cum
3037 5207 3284 5278 devorat,
3331 5210 3511 5266 calore

1913 5315 2012 5355 suo
2037 5298 2256 5353 interno
2285 5297 2518 5353 noxium
2547 5295 2688 5353 illud
2715 5298 2868 5355 virus
2897 5298 3200 5372 exstinguit
3225 5317 3237 5355 :
3270 5298 3348 5355 ita
3383 5315 3512 5373 ergo

1914 5395 1968 5444 et
2018 5386 2271 5445 Christus
2321 5385 2594 5444 Dominus
2640 5403 2807 5444 unam
2845 5389 3029 5461 diligit
3072 5387 3399 5457 Ecclesiam,
3448 5396 3514 5448 ut

1915 5477 2098 5552 aquila
2133 5475 2327 5533 nidum
2367 5493 2527 5534 suum
2552 5494 2567 5545 ;
2617 5493 2782 5551 quam
2809 5477 2878 5534 ab
2905 5485 3038 5534 aastu
3067 5478 3510 5550 persecutionum

1914 5570 2127 5627 alarum
2175 5585 2400 5628 suarum
2456 5568 2703 5627 defendit
2761 5569 3122 5629 umbraculo:
3174 5569 3254 5630 sic
3294 5587 3512 5648 quoque

1917 5766 2015 5824 Sed
2037 5769 2100 5824 de
2128 5769 2316 5826 horum
2339 5769 2655 5827 animalium
2679 5769 2935 5841 qualitate
2961 5771 3101 5829 alter
3137 5771 3301 5842 locus,
3329 5778 3435 5833 etc.
