3972 6364
469 388 570 446 719

1468 388 1565 442 ΑΙ)
1599 386 1832 443 OPERA
1870 385 1927 442 S.
1969 384 2302 443 AMBROSII
2339 383 2721 441 APPENDIX.

3670 378 3781 435 720

461 519 618 567 extra
644 509 945 566 Ecclesiam
985 510 1224 582 projicit,
1257 509 1316 564 in
1345 509 1546 582 quibus
1583 511 1708 566 ﬁdei
1751 513 1935 566 lumen
1969 512 2025 566 in
2087 515 2138 572 Α
2166 510 2291 582 gelii
2323 510 2670 579 suavitatem,
2723 517 2817 566 aut
2865 509 3133 582 Spiritum
3186 517 3440 566 sanctum
3480 522 3576 580 per
3625 504 3782 564 chri-

461 597 684 654 ﬁrmum
709 604 810 665 est,
841 597 936 669 qui
966 597 1178 669 igneam
1219 597 1644 668 Evangeliorum
1690 599 1866 655 lucem
1907 596 2082 654 vitiis'

460 686 817 744 saecularibus
845 686 1118 759 inquinati
1150 687 1292 743 ferre
1322 705 1432 744 non
1464 695 1712 759 possunt.

532 777 586 834 6.
615 779 684 832 Et
714 784 775 831 ut
800 776 985 848 aquila
1015 785 1291 848 serpentes
1318 778 1564 838 devorat.
1593 785 1646 832 et
1675 794 1862 832 eorum
1903 794 2061 833 vene-

461 882 532 922 na
561 867 740 922 calore
769 865 956 937 coquit
992 865 1230 933 interno,
1268 866 1343 920 ita
1389 875 1442 922 et
1491 866 1743 922 Christus
1792 866 2062 922 Dominus

461 964 669 1024 noster,
703 971 958 1027 percusso
987 955 1244 1022 dracone,
1286 954 1342 1008 id
1385 964 1488 1022 est,
1532 953 1754 1010 diabolo
1804 956 2058 1024 lacerato,

462 1045 609 1118 quod
672 1045 977 1099 humanum
1041 1043 1147 1099 sibi
1199 1059 1399 1116 corpus
1462 1044 1714 1111 assumit,
1778 1053 2058 1116 peccatum

463 1135 603 1192 illud
643 1135 788 1207 quod
831 1132 1113 1188 hominem
1159 1133 1377 1190 tenebat
1424 1132 1750 1200 obnoxium,
1801 1141 2057 1206 tanquam

462 1224 833 1299 perniciosum
875 1222 1032 1278 virus
1078 1222 1363 1288 exstinxit,
1412 1223 1554 1279 sicut
1603 1225 1897 1295 Apostolus
1944 1223 2058 1280 ait:

479 1339 499 1364 ε
526 1316 597 1370 Et
625 1313 693 1370 de
723 1319 944 1386 peccato
990 1311 1274 1367 damnavit
1320 1319 1601 1382 peccatum
1652 1313 1709 1367 in
1755 1328 1917 1368 carne
1967 1329 2064 1368 sua

467 1405 643 1476 (Rom.
676 1419 800 1470 vm,
835 1402 890 1473 3)
917 1419 930 1468 ;
965 1426 984 1448 ι
1026 1409 1080 1457 et
1106 1400 1276 1456 alibi:
1326 1425 1342 1446 ι
1374 1401 1478 1467 Qui
1510 1418 1633 1457 cum
1662 1409 1913 1472 peccator
1953 1417 2062 1456 non

463 1500 622 1559 esset,
667 1507 764 1564 pro
813 1489 972 1546 nobis
1020 1499 1299 1562 peccatum
1349 1490 1483 1546 fecit
1516 1490 1604 1560 (II
1635 1492 1759 1547 Cor.
1797 1509 1850 1560 v,
1882 1491 2002 1561 21).
2031 1516 2049 1540 ›

463 1583 550 1639 Ad
576 1582 680 1638 hoc
708 1597 924 1654 quoque
961 1581 1181 1653 Moyses
1211 1589 1512 1652 serpentem
1549 1599 1761 1638 aeneum
1795 1582 1852 1638 in
1879 1599 2062 1639 eremo

463 1671 750 1743 suspendit
801 1670 860 1724 in
908 1669 1077 1741 ligno,
1127 1671 1223 1743 qui
1270 1671 1522 1743 proprius
1569 1679 1684 1727 erat
1721 1681 1885 1744 typus
1931 1689 2066 1728 cor-

464 1762 615 1832 poris
668 1759 900 1826 Christi,
931 1765 993 1814 ut
1022 1759 1337 1831 quicunque
1367 1760 1423 1814 in
1454 1775 1578 1814 eum
1621 1761 1904 1832 aspiceret,
1951 1776 2062 1815 non

2171 600 2361 656 smatis
2393 601 2732 657 unctionem.
2779 599 2850 654 Et
2895 597 3029 654 alibi
3080 597 3194 654 ait:
3251 623 3269 645 ι
3317 595 3515 654 Beatus
3552 595 3650 670 qui
3697 602 3786 651 te-

2172 699 2285 758 net,
2352 698 2405 745 et
2469 689 2659 746 allidet
2720 689 2958 744 infantes
3025 695 3149 743 tuos
3205 687 3273 744 ad
3326 695 3532 758 petram
3592 682 3782 753 (Psal.

2173 795 2402 847 cxxxvr,
2435 779 2492 850 9)
2519 797 2530 833 :
2565 803 2583 826 ι
2623 777 2771 849 quod
2801 776 2993 849 utique
3024 777 3080 832 in
3112 775 3382 847 religiosis
3412 773 3784 846 parricidium

2172 877 2307 936 erat,
2351 868 2398 924 si
2456 875 2607 939 petra
2661 867 2766 923 ista
2825 867 3057 939 ﬁguram
3119 865 3326 924 Christi
3379 864 3626 937 corporis
3661 878 3788 920 non

2172 954 2415 1012 haberet.
2450 957 2624 1012 Nemo
2664 955 2811 1012 enim
2850 955 3042 1011 beatus
3091 955 3148 1010 in
3195 955 3385 1010 funere
3431 962 3530 1023 est,
3564 953 3661 1028 qui
3693 953 3789 1010 in-

2174 1045 2349 1099 fantes
2378 1061 2506 1099 suos
2534 1043 2718 1099 allidit
2748 1044 2816 1099 ad
2856 1051 3068 1114 petram
3099 1060 3110 1098 :
3151 1042 3242 1098 sed
3281 1042 3404 1098 ideo
3445 1043 3637 1098 beatus
3671 1047 3786 1108 est,

2173 1133 2319 1205 quod
2346 1134 2469 1189 illos
2499 1133 2786 1205 conjungit
2816 1133 2882 1188 ad
2912 1140 3144 1204 petram.

2243 1223 2296 1279 9.
2333 1224 2462 1278 Dixi
2493 1240 2618 1295 ergo
2648 1232 2855 1295 petram
2899 1221 3202 1278 Dominum
3233 1229 3286 1277 et
3315 1221 3653 1277 Salvatorem
3682 1235 3790 1274 no-

2174 1320 2347 1367 strum
2391 1311 2450 1365 in
2491 1311 2789 1383 Scripturis
2827 1311 3087 1366 omnibus
3125 1309 3389 1366 inveniri.
3425 1309 3664 1380 Serpens
3687 1323 3792 1363 au-

2173 1410 2284 1457 tem
2342 1417 2415 1456 ex
2473 1401 2592 1472 ipso
2642 1401 2887 1468 nomine,
2942 1399 3089 1472 quod
3127 1400 3199 1456 sit
3246 1399 3518 1466 diabolus,
3553 1403 3792 1470 apparet

2172 1491 2314 1548 sicut
2341 1490 2594 1548 callidior
2621 1491 2868 1547 omnium
2901 1490 3221 1560 bestiarum,
3271 1506 3391 1563 quae
3434 1496 3566 1546 sunt
3613 1503 3793 1559 supra

2173 1591 2394 1651 terram,
2453 1581 2509 1638 id
2558 1590 2660 1650 est,
2711 1581 2966 1638 diabolus
3018 1579 3166 1653 (42):
3221 1578 3316 1652 qui
3369 1578 3495 1635 ideo
3553 1592 3790 1648 serpens

2173 1671 2398 1739 dicitur,
2431 1671 2576 1744 quod
2606 1672 2820 1727 occulte
2859 1678 3061 1744 serpat,
3107 1677 3163 1726 et
3204 1669 3352 1742 quod
3377 1684 3572 1724 sensus
3600 1666 3788 1723 homi-

2174 1763 2260 1818 nis
2303 1763 2544 1820 tenuiter
2589 1763 2866 1819 illabendo
2897 1769 3204 1837 pertentet:
3255 1777 3392 1834 quos
3428 1760 3476 1816 si
3528 1762 3792 1818 convice-

462 1851 695 1923 periret;
738 1865 936 1922 corpus
980 1849 1129 1905 enim
1169 1849 1414 1906 hominis
1444 1866 1542 1921 per
1575 1851 2062 1923 transgressionem
2097 1871 2144 1932 Β
2175 1854 2267 1922 rit,
2302 1851 2563 1908 medullis
2608 1868 2665 1908 se
2707 1851 3001 1908 hominum
3049 1859 3213 1923 atque
3266 1849 3480 1905 ossibus
3531 1849 3792 1921 implicat

464 1956 563 1996 vas
620 1940 799 1996 fuerat
861 1939 1130 2010 serpentis
1182 1939 1456 1996 effectum.
1509 1940 1599 1997 Sic
1651 1949 1706 1996 et
1761 1941 1894 1996 alibi
1951 1941 2064 2012 ipse

463 2030 680 2101 Moyses
708 2028 918 2100 virgam
957 2027 1187 2100 projecit
1220 2027 1277 2083 in
1307 2036 1534 2097 terram,
1585 2044 1704 2100 quae
1755 2030 1814 2085 in
1851 2031 2064 2086 simili-

463 2118 714 2175 tudinem
743 2125 824 2174 est
852 2124 1138 2189 corporata
1165 2119 1470 2189 serpentis:
1508 2134 1628 2191 quae
1672 2127 1726 2174 et
1755 2118 1872 2190 ipsa
1917 2119 2065 2174 ima-

466 2224 532 2280 go
562 2215 676 2263 erat
704 2206 949 2278 corporis
978 2206 1223 2276 Domini,
1257 2207 1381 2263 ideo
1425 2214 1591 2262 tantae
1637 2207 1863 2263 virtutis
1908 2208 1966 2263 in
2007 2224 2065 2264 se

464 2309 658 2372 typum
689 2299 925 2372 gerebat,
958 2299 1004 2354 is
1025 2299 1121 2371 qui
1151 2298 1435 2357 absorbuit
1467 2299 1585 2371 (41)
1613 2298 1865 2354 omnium
1898 2300 2067 2372 [Εεν-

463 2390 703 2464 ptiorum
727 2396 1072 2460 potestatem.
1459 2458 1476 2472 ι

539 2481 589 2534 7.
625 2479 740 2534 Hoc
763 2486 844 2533 est
873 2494 999 2549 ergo
1031 2476 1178 2548 quod
1217 2477 1329 2532 ait:
1379 2498 1396 2523 ι
1433 2477 1676 2548 Vestigia
1713 2477 1910 2549 aquilas
1956 2493 2066 2531 vo-

466 2567 632 2624 lantis
659 2569 845 2639 (Prov.
877 2582 1015 2632 xxx,
1049 2565 1173 2636 19):
1223 2589 1240 2613 ι
1286 2565 1416 2638 quia
1449 2567 1550 2621 etsi
1596 2574 1717 2638 post
1758 2565 2063 2637 passionem

465 2666 519 2714 et
580 2657 1032 2713 resurrectionem
1098 2673 1274 2725 suam,
1343 2655 1703 2728 prasentibus
1775 2654 2063 2726 apostolis,

468 2746 741 2802 Dominus
787 2753 974 2800 noster
1015 2745 1263 2801 ascendit
1317 2745 1371 2799 in
1423 2746 1642 2812 cmlum,
1687 2751 1868 2798 tamen
1909 2742 2070 2813 cujus

470 2835 716 2891 hominis
749 2843 862 2890 tam
893 2837 1036 2890 altus
1069 2852 1261 2891 sensus
1307 2845 1360 2891 et
1409 2843 1593 2891 tantus
1634 2841 1736 2902 est,
1780 2841 1841 2888 ut
1880 2833 2072 2904 expli-

467 2925 818 2996 care'possit,
855 2923 1131 2996 quomodo
1175 2925 1270 2978 illa
1313 2931 1464 2978 tanta
1513 2921 1765 2992 majestas
1814 2921 1880 2976 de
1929 2921 2068 2976 ccelo

468 3020 563 3068 aut
600 3013 789 3068 venire
839 3012 1060 3083 dignata
1119 3012 1314 3078 fuerat,
1363 3019 1456 3066 aut
1507 3010 1730 3076 redire;
1793 3027 1919 3064 cum
1965 3008 2071 3064 hoc

468 3101 649 3157 solum
681 3100 842 3155 nobis
871 3100 1010 3154 scire
1038 3099 1218 3166 liceat,
1251 3099 1398 3170 quod
1418 3106 1514 3153 aut
1543 3099 1714 3165 venit,
1754 3105 1848 3152 aut
1880 3096 2069 3152 redit?

468 3188 605 3256 Quis
650 3190 799 3244 enim
851 3203 1174 3260 cognoscere
1217 3195 1394 3259 potest
1432 3186 1894 3259 quemadmodum
1937 3187 2069 3242 Ver-

468 3278 602 3334 bum
630 3277 688 3334 in
720 3277 1002 3349 Virginem
1034 3275 1267 3342 venerit,
1300 3283 1360 3330 ut
1393 3283 1615 3346 repente
1644 3275 1975 3346 conciperet,
2006 3282 2070 3330 ut

471 3379 582 3426 tam
618 3369 833 3424 felicem
870 3365 1044 3421 fetum
1086 3372 1272 3437 partus
1311 3364 1598 3434 virginalis
1639 3363 1961 3431 effunderet,
2009 3371 2069 3420 ut

471 3457 755 3512 hominem
786 3457 932 3512 Deus
975 3454 1249 3521 indueret,
1291 3469 1451 3525 quem
1484 3459 1633 3510 totus
1678 3452 1916 3508 mundus
1957 3468 2069 3508 non

471 3553 669 3621 potest,
703 3562 804 3602 nec
827 3544 1075 3612 sufferre,
1113 3558 1213 3597 nec
1240 3556 1427 3612 capere
1449 3541 1476 3596 ?
1510 3539 1563 3595 id
1611 3548 1711 3607 est,
1757 3541 1903 3612 quod
1944 3540 2021 3595 ait
2053 3558 2066 3598 :

486 3669 505 3692 ι
534 3641 780 3711 Vestigia
807 3639 1006 3710 aquila)
1035 3637 1311 3704 volantis;
1344 3663 1361 3686 ι
1407 3638 1463 3693 id
1495 3647 1596 3705 est,
1628 3637 1836 3694 Christi
1868 3639 2070 3694 Domi-

472 3731 532 3788 ni
553 3727 899 3785 advenientis
923 3726 992 3781 ad
1022 3735 1246 3793 terram,
1269 3743 1332 3782 ac
1357 3726 1638 3781 redeuntis
1666 3726 1732 3782 ad
1763 3727 1929 3784 coelos
1953 3744 2068 3784 ves-

472 3818 608 3890 tigia
635 3813 1026 3886 comprehendi
1056 3813 1408 3886 enarrarique
1428 3831 1539 3870 non
1570 3831 1746 3886 posse.

545 3917 771 3976 CAPUT
802 3917 895 3972 III.
926 3945 996 3956 ——
1019 3916 1072 3971 8.
1121 3939 1138 3961 ι
1166 3916 1235 3970 Et
1266 3915 1403 3983 vias,
1448 3915 1650 3989 inquit,
1688 3919 1956 3989 serpentis
1985 3936 2072 3976 su-

472 4023 570 4081 per
597 4013 827 4077 petram.
860 4029 878 4054 ι
917 4003 1048 4059 Dixi
1059 4002 1172 4074 jam
1202 4003 1455 4059 charitati
1486 4011 1678 4059 vestrae
1711 4006 1855 4076 quod
1886 4006 2072 4063 sinuo-

474 4097 550 4153 sis
607 4094 796 4151 lahens
839 4094 1102 4150 membris
1159 4094 1370 4149 nitidus
1424 4101 1478 4150 et
1532 4095 1796 4151 volubilis
1846 4096 2074 4152 coluber

473 4185 740 4242 tractibus
772 4183 886 4240 suis
913 4183 1206 4256 vestigium
1243 4183 1465 4256 aliquod
1498 4185 1552 4239 in
1594 4194 1766 4256 petra,
1811 4186 1940 4257 quia
1988 4202 2073 4242 res

475 4283 555 4330 est
585 4273 742 4343 dura,
777 4290 889 4329 non
918 4273 1098 4330 faciat.
1140 4272 1414 4329 Indicium
1459 4272 1606 4328 enim
1649 4275 1879 4330 monstri
1908 4273 2074 4344 hujus

475 4382 586 4421 non
615 4364 721 4420 nisi
746 4362 900 4418 molli
927 4362 1286 4434 impressione
1314 4361 1560 4434 signatur
1590 4363 1646 4417 in
1668 4363 2076 4434 pulvere.Nunc

475 4472 600 4527 ergo
630 4453 915 4510 videamus
957 4447 1081 4524 quis
1118 4451 1189 4506 sit
1239 4451 1340 4506 iste
1385 4467 1626 4523 serpens,
1674 4459 1768 4506 aut
1817 4469 1936 4524 qua
1985 4469 2072 4523 pe-

474 4552 578 4614 tra,
614 4545 669 4600 in
701 4560 805 4615 qua
837 4541 1104 4613 serpentis
1135 4540 1428 4611 vestigium
1470 4557 1581 4595 non
1633 4549 1872 4611 apparet.
1921 4542 2074 4598 Hanc

474 4642 682 4706 petram
715 4630 1016 4687 Dominum
1062 4637 1312 4684 nostrum
1355 4645 1468 4684 esse
1501 4628 1773 4699 ambigere
1813 4646 1923 4684 non
1972 4629 2078 4685 de-

471 4723 685 4781 bemus.
719 4721 810 4778 Sic
838 4721 987 4776 enim
1023 4719 1320 4791 Apostolus
1349 4718 1463 4773 ait:
1515 4744 1531 4766 ι
1580 4718 1848 4774 Bibebant
1890 4726 2073 4774 autem

474 4810 541 4866 de
569 4809 805 4881 spiritali
837 4808 1087 4881 sequenti
1119 4817 1292 4879 petra,
1328 4815 1480 4878 petra
1525 4813 1706 4861 autem
1743 4816 1858 4863 erat
1903 4807 2076 4864 Chri-

477 4908 592 4955 stus
615 4899 671 4970 (I
700 4898 828 4953 Cor.
863 4915 919 4966 x,
955 4897 1050 4967 li);
1082 4923 1100 4945 ι
1144 4903 1198 4950 et
1227 4894 1724 4966 Psalmographus:
1774 4897 1873 4950 ιΙη
1900 4904 2073 4967 petra,

477 5001 680 5073 inquit,
719 5001 975 5056 exaltasti
1013 5016 1100 5054 me
1135 5000 1308 5068 (Psal.
1343 5016 1434 5069 Lx,
1471 4999 1527 5070 3)
1557 5018 1568 5064 ;
1603 5023 1621 5046 ι
1663 4991 1810 5048 453
1843 5001 1895 5049 et
1926 4995 2076 5065 Moy-

478 5107 563 5147 ses
589 5091 647 5144 in
675 5090 890 5146 cantico
942 5088 1394 5145 Deuteronomii:
1457 5113 1475 5135 ε
1518 5084 1766 5144 Lactavit
1824 5101 1916 5140 eos
1969 5083 2074 5138 mel

478 5198 554 5238 ex
599 5187 772 5252 petra,
811 5187 864 5234 et
893 5179 1073 5233 oleum
1121 5177 1189 5232 de
1223 5177 1398 5232 solida
1444 5185 1595 5249 petra
1658 5178 1832 5247 (Deut.
1892 5189 2074 5241 xxxn,

482 5271 595 5344 13),
627 5295 645 5317 ι
690 5267 748 5323 id
775 5275 878 5336 est,
911 5265 1056 5339 quod
1088 5264 1305 5321 dulcem
1335 5268 1564 5324 daturus
1609 5265 1678 5322 iis
1725 5273 1866 5321 esset
1897 5265 2077 5319 Evan-

556 5456 1066 5532 (M)7Ro‘m._ed_it.,
1120 5456 1246 5521 Quae
1302 5453 1430 5532 quia
1463 5460 1522 5532 et
1558 5453 1692 5532 _ipsa
1730 5453 1908 5532 imago
1965 5458 2081 5507 erat

482 5525 722 5602 corporis
757 5529 990 5602 Christi,
1024 5533 1072 5581 et
1097 5532 1269 5602 tanta:
1306 5525 1518 5578 virtutis
1548 5525 1604 5578 in
1633 5531 1898 5602 selypum
1925 5541 2079 5602 gere—

484 5596 591 5670 bat,
625 5601 857 5656 omnium
885 5596 1262 5671 [Egyptiorum
1301 5602 1605 5671 potestatem
1630 5596 2079 5671 Δ(ιὸεονζὶᾳὶεκῇἳρς)

482 5665 722 5728 multum
741 5672 824 5744 _ab
853 5688 914 5744 ea
945 5665 1074 5744 mss.
1106 5677 1268 5744 atque
1301 5665 1425 5725 aliae
1459 5667 1591 5744 edit.
1625 5667 1683 5722 in
1715 5666 1898 5722 verbis
1925 5665 2078 5722 diﬁ‘e-

481 5751 635 5813 runt,
668 5741 762 5799 sed
790 5742 974 5814 potius
1003 5742 1062 5798 in
1099 5738 1398 5799 verborum
1439 5738 1652 5808 ordine,
1703 5754 1864 5812 quem
1903 5744 1957 5794 et
1997 5751 2078 5794 se-

2177 1952 2229 2000 et
2256 1942 2554 2014 immergit.
2586 1941 2692 2009 Qui
2732 1941 2790 1996 in
2837 1956 3066 2014 corpore
3114 1938 3378 2007 hominis,
3425 1937 3572 2011 quod
3601 1937 3791 1994 omni-

2176 2041 2369 2103 potens
2400 2030 2654 2090 Christus
2688 2032 2832 2086 Deus
2872 2029 3145 2098 induerat,
3193 2027 3348 2084 nulla
3394 2025 3620 2083 malitiae
3667 2042 3790 2083 sua

2177 2124 2357 2195 potuit
2425 2125 2740 2196 imprimere
2797 2123 3049 2196 vestigia,
3107 2121 3362 2196 quamvis
3415 2120 3556 2177 illud
3615 2136 3791 2177 ausus

2176 2212 2344 2268 fuerit
2373 2229 2512 2284 saepe
2546 2221 2777 2282 tentare,
2805 2213 2951 2269 sicut
2979 2212 3094 2283 ipse
3124 2210 3396 2266 Dominus
3428 2209 3485 2264 in
3513 2209 3787 2280 Evange-

2176 2302 2254 2358 lio
2292 2304 2400 2359 ait:
2464 2327 2482 2349 ι
2532 2304 2672 2359 Ecce
2731 2302 2885 2357 venit
2934 2299 3190 2372 princeps
3241 2297 3438 2354 mundi
3486 2295 3676 2369 hujus,
3733 2305 3791 2354 et

2178 2393 2316 2448 nihil
2351 2393 2405 2448 in
2440 2409 2524 2448 me
2565 2392 2780 2448 invenit
2825 2391 3006 2463 (Joan.
3068 2405 3186 2458 xxv,
3243 2389 3377 2459 50);
3424 2414 3442 2438 ι
3492 2399 3544 2445 et
3595 2389 3734 2445 alibi
3772 2406 3785 2445 :

2192 2507 2209 2528 ι
2240 2482 2390 2538 Nihil
2422 2482 2677 2554 proﬁciet
2715 2481 2974 2537 inimicus
3006 2481 3063 2535 in
3095 2496 3182 2548 eo,
3227 2488 3282 2534 et
3321 2477 3472 2534 ﬁlius
3511 2477 3788 2551 iniquita-

2179 2573 2249 2629 tis
2276 2589 2384 2628 non
2417 2572 2637 2629 nocebit
2670 2571 2719 2626 ei
2747 2571 2920 2643 (Psal.
2959 2585 3239 2637 Lxxxvm,
3276 2567 3393 2639 23).
3444 2592 3462 2615 ι
3526 2567 3652 2623 Haec
3702 2575 3791 2624 est

2179 2680 2305 2733 ergo
2336 2671 2506 2733 petra,
2549 2660 2606 2716 id
2645 2667 2744 2727 est,
2789 2676 2915 2716 caro
2964 2658 3172 2716 Christi
3220 2658 3374 2713 nulla
3414 2655 3628 2712 inimici
3676 2657 3788 2713 ini-

2179 2753 2387 2824 quitate
2419 2766 2679 2821 respersa,
2713 2749 2770 2804 in
2810 2765 2918 2821 qua
2964 2745 3254 2819 serpentis,
3305 2745 3364 2801 id
3419 2752 3521 2814 est,
3570 2747 3788 2818 peccati

2179 2838 2415 2910 alicujus
2454 2838 2746 2910 vestigium
2795 2854 2908 2892 non
2949 2843 3190 2909 apparet,
3239 2841 3299 2891 ut
3343 2833 3610 2906 scriptum
3659 2841 3784 2890 est:

2193 2952 2211 2974 ι
2249 2929 2354 2995 Qui
2389 2935 2670 3000 peccatum
2703 2943 2812 2982 non
2846 2926 2994 2994 fecit,
3047 2941 3147 2982 nec
3194 2923 3356 2980 dolus
3394 2923 3657 2980 inventus
3699 2933 3790 2981 est

2183 3018 2239 3072 in
2267 3034 2357 3072 ore
2383 3016 2500 3088 ejus
2532 3018 2590 3087 (Ι
2613 3018 2757 3072 Petr.
2794 3034 2856 3084 II,
2888 3015 3004 3087 22).
3039 3041 3057 3065 ›

2253 3107 2479 3163 CAPUT
2510 3105 2604 3162 IV.
2637 3135 2708 3146 —
2747 3106 2840 3162 10.
2879 3105 3079 3162 Adhuc
3107 3103 3241 3178 quid
3265 3102 3582 3175 subjungat,
3612 3101 3790 3158 audi-

2099 3227 2142 3289 c
2180 3203 2232 3250 te
2258 3213 2267 3250 :
2316 3219 2333 3242 ι
2364 3196 2435 3250 Et
2463 3194 2706 3262 semitas,
2737 3194 2940 3266 inquit,
2969 3193 3127 3249 navis
3155 3191 3484 3264 navigantis.
3511 3215 3529 3240 ι
3571 3192 3787 3250 Navem

2179 3284 2405 3357 adwque
2435 3284 2735 3340 Ecclesiam
2770 3283 3034 3340 debemus
3058 3284 3304 3356 accipere
3342 3283 3400 3338 in
3440 3283 3554 3339 salo
3584 3282 3788 3339 mundi

2180 3375 2341 3430 istius
2387 3374 2766 3442 constitutam,
2815 3391 2935 3447 quae
2979 3373 3184 3431 crebris
3213 3381 3505 3430 ventorum
3535 3371 3787 3443 ﬂatibus,

2181 3464 2236 3519 id
2262 3472 2361 3530 est,
2395 3463 2764 3519 tentationum
2798 3464 2973 3536 plagis
3017 3471 3070 3519 et
3113 3462 3437 3520 verberibus
3475 3463 3784 3535 fatigatur:

2181 3569 2341 3626 quam
2373 3552 2580 3608 turbidi
2611 3553 2830 3621 ﬂuctus,
2863 3553 2918 3609 id
2949 3562 3048 3621 est,
3098 3549 3262 3624 hujus
3291 3552 3478 3609 δεουιὶ
3517 3559 3792 3624 potestas,

2181 3654 2451 3701 conantur
2478 3644 2545 3699 ad
2573 3661 2704 3700 saxa
2736 3644 3049 3716 perducere.
3082 3643 3213 3710 Qum
3242 3644 3342 3700 etsi
3378 3643 3647 3700 undarum
3679 3641 3788 3698 ﬁu-

2180 3734 2362 3790 ctibus
2391 3743 2484 3790 aut
2526 3733 2782 3804 procellis
2827 3749 2968 3805 saepe
2997 3740 3250 3800 vexatur,
3281 3740 3466 3788 tamen
3495 3747 3789 3804 nunquam

2182 3836 2358 3900 potest
2385 3828 2653 3882 sustinere
2686 3826 3051 3897 naufragium,
3103 3825 3232 3896 quia
3274 3823 3332 3878 in
3362 3823 3553 3880 arbore
3577 3822 3696 3895 ejus
3722 3821 3793 3879 id

2181 3925 2283 3986 est,
2315 3917 2373 3971 in
2405 3933 2584 3983 cruce,
2612 3915 2866 3971 Christus
2896 3913 3143 3984 erigitur,
3177 3913 3234 3966 in
3265 3912 3435 3984 puppi
3464 3913 3623 3967 Pater
3651 3912 3793 3968 resi-

2182 4007 2292 4074 det,
2325 4006 2658 4078 gubernator
2703 4019 2920 4074 proram
2953 4001 3258 4072 paracletus
3301 4009 3483 4056 servat
3511 4001 3792 4071 Spiritus.

2184 4097 2334 4150 Hanc
2388 4111 2482 4164 per
2532 4099 2760 4163 angusta
2815 4089 2980 4160 hujus
3028 4088 3223 4166 mundi
3273 4088 3411 4143 freta
3439 4086 3682 4143 duodeni
3725 4088 3794 4145 in

2184 4191 2400 4254 portum
2434 4179 2665 4250 remiges
2691 4177 2924 4244 ducunt,
2971 4175 3027 4231 id
3065 4185 3168 4244 est,
3196 4174 3486 4232 duodecim
3517 4176 3788 4246 apostoli,

2184 4278 2235 4325 et
2263 4268 2462 4323 similis
2501 4282 2763 4322 numerus
2802 4264 3216 4338 prophetarum.

2257 4359 2342 4413 ll.
2374 4357 2504 4413 Inde
2531 4356 2774 4412 Montani
2801 4363 2959 4412 antra
2996 4355 3199 4409 latratu
3229 4351 3353 4408 falsi
3401 4351 3665 4409 carminis
3696 4371 3786 4410 re-

2183 4455 2398 4514 sonant,
2432 4447 2528 4519 qui
2567 4445 2781 4502 duabus
2817 4444 3040 4500 feminis
3088 4441 3470 4516 prophetissis,
3512 4442 3786 4500 Priscillae

2183 4549 2236 4596 et
2261 4539 2576 4606 Maximilze,
2615 4546 2877 4610 tanquam
2918 4534 3152 4607 alicujus
3197 4535 3396 4607 Scyllas
3427 4533 3632 4590 rabidis
3660 4551 3788 4592 suc-

2185 4631 2400 4687 cinctus
2428 4636 2510 4684 est
2537 4627 2784 4684 canibus.
2816 4629 2878 4683 In
2907 4626 3012 4681 ista
3040 4640 3178 4680 nave
3206 4624 3466 4680 Ecclesiae
3499 4641 3560 4680 ea
3588 4623 3785 4680 felici-

2184 4730 2266 4777 ter
2311 4721 2672 4793 praeterimus.
2726 4718 2857 4774 Inde
2905 4718 2963 4772 in
3007 4715 3394 4770 Photinianam
3441 4713 3781 4786 Charybdim

2184 4827 2295 4865 non
2327 4809 2643 4864 incidimus.
2663 4806 2795 4862 Inde
2823 4807 2978 4860 nullo
3008 4803 3247 4859 modoin
3271 4802 3415 4858 illud
3435 4802 3779 4871 barathrum,

2185 4898 2340 4971 quasi
2369 4898 2582 4954 Dathan
2613 4904 2666 4952 et
2692 4895 2924 4963 Ahiron,
2949 4894 3006 4950 id
3029 4901 3132 4961 est,
3153 4893 3209 4948 in
3227 4890 3563 4964 profundum
3584 4891 3781 4948 mortis

2189 4989 2394 5044 Ursacii
2440 4997 2493 5044 et
2540 4985 2787 5044 Valentis
2849 5001 2958 5040 non
3007 4983 3360 5040 incurrimus.
3409 4979 3542 5035 Inde
3580 4979 3780 5036 Arium

2185 5077 2594 5149 archipiratam,
2645 5074 2738 5147 qui
2784 5091 2884 5130 nos
2936 5090 3030 5145 per
3074 5088 3221 5127 mare
3267 5069 3452 5126 saeculi
3499 5069 3567 5124 ad
3606 5069 3782 5124 instar

2186 5165 2485 5222 Pharaonis
2526 5163 2854 5236 insequitur,
2895 5179 3006 5218 non
3046 5163 3338 5227 timemus;
3373 5159 3525 5214 illam
3557 5158 3782 5215 stellam

2187 5265 2466 5315 servantes
2486 5257 2543 5312 in
2565 5256 2722 5323 ccelo,
2743 5271 2864 5327 quae
2883 5255 3069 5327 Magos
3095 5251 3356 5326 perduxit
3381 5249 3449 5306 ad
3469 5248 3779 5318 Christum,

2187 5449 2429 5522 (tuimur:

2259 5521 2376 5590 (12)
2412 5518 2506 5574 Sic
2533 5525 2645 5573 vet.
2698 5515 2830 5572 edit.
2863 5532 3084 5590 acgmss.
3114 5532 3125 5590 ς
3166 5513 3299 5590 edit.
3322 5529 3477 5590 _vero
3501 5511 3661 5590 Rom.
3695 5508 3783 5567 lo-

2186 5583 2308 5649 cum
2342 5583 2418 5647 i'ta
2447 5597 2870 5660 transposuerat,
2905 5587 3052 5653 Quod
3079 5585 3148 5660 sit
3175 5585 3424 5642 callidior
3471 5583 3778 5641 omnium...

2185 5669 2408 5735 apparet
2435 5661 2576 5733 quod
2601 5658 2676 5718 est
2699 5661 2976 5718 diabolus:
2995 5658 3108 5729 qui,
3139 5665 3244 5716 etc.
