3972 6386
190 473 294 535 721

1020 472 1389 530 SERMONES
1427 471 1483 529 S.
1530 470 1887 530 AMBROSIO
1926 472 2297 531 HACTENUS
2332 472 2675 531 ASCRIPTI.

3391 474 3494 532 722

187 614 286 671 per
317 614 480 672 quam
510 615 612 657 nos
649 613 877 671 regnum
919 595 1039 665 Dei,
1079 596 1176 669 qui
1221 595 1489 651 malorum
1533 595 1785 651 omnium
1817 595 1869 656 Α
1899 603 2049 652 ctum
2080 603 2181 663 est,
2201 612 2321 667 qua
2342 594 2595 651 siomnia
2613 592 2817 665 scripta
2831 601 3029 661 essent,
3055 592 3300 651 mundus
3325 610 3493 653 caca-

185 685 412 745 futurus
431 694 514 745 est
542 694 755 760 portus,
780 692 1080 758 exspectat.
1112 683 1246 741 Inde
1277 698 1561 757 nunquam
1589 699 1693 739 nos
1719 682 1788 739 de

186 773 295 833 hac
338 777 467 833 navi
506 776 768 833 Ecclesia
797 774 1167 848 pracipitatos
1199 774 1445 831 Marcion
1494 772 1587 828 ille
1631 778 1787 828 cetus

184 864 492 923 absorbuit.
527 865 662 922 Inde
689 864 959 921 Sabellius
990 863 1168 936 pirata
1185 879 1299 919 non
1325 861 1486 934 cepit.
1524 861 1658 918 Inde
1689 877 1786 917 no-

167 954 276 1011 'bis
320 954 508 1029 aquilo
558 970 754 1010 nocere
798 970 909 1009 non
950 952 1175 1024 poterit,
1228 948 1483 1024 quamvis
1515 948 1644 1004 inde
1673 949 1789 1004 sint

184 1043 502 1103 antichristi
549 1043 797 1099 violenta
840 1041 1009 1097 ﬂabra
1040 1048 1293 1108 ventura,
1345 1039 1488 1095 sicut
1518 1037 1786 1110 scriptum

184 1141 306 1192 est:
363 1159 382 1183 ι
427 1135 515 1191 Ex
552 1133 811 1207 aquilone
854 1130 1213 1188 exardescent
1261 1130 1406 1185 mala
1464 1129 1683 1201 (Jerem.
1743 1145 1783 1196 1,

187 1222 305 1297 14).
335 1247 355 1272 ι
397 1222 532 1281 Inde
568 1231 746 1297 syrtes
775 1221 1087 1295 gentilium,
1118 1227 1173 1276 et
1215 1218 1550 1291 periculosas
1596 1217 1787 1273 hare-

183 1332 274 1374 ses
312 1323 369 1373 et
412 1317 667 1387 scopulos
705 1315 1001 1380 evitamus,
1048 1329 1186 1386 quos
1231 1310 1579 1384 superjacens
1629 1324 1785 1384 aqua

185 1405 373 1462 tenuis
399 1405 639 1462 occultat
667 1404 926 1476 allapsus,
955 1402 1084 1476 quia
1113 1400 1360 1458 haretici
1389 1401 1491 1457 sub
1514 1406 1789 1472 pratextu

185 1495 433 1553 nominis
480 1494 805 1563 Christiani,
854 1493 1120 1551 absconsa
1155 1491 1399 1565 perﬁdia
1431 1507 1563 1547 saxa
1600 1489 1787 1547 fallaci

185 1585 532 1643 confessione
578 1584 692 1642 oris
728 1584 1037 1649 obducunt,
1090 1583 1147 1638 in
1196 1599 1316 1656 qua
1348 1582 1622 1649 homines,
1654 1580 1784 1636 dum

185 1674 304 1732 illis
335 1674 483 1749 quod
518 1673 822 1732 Christiani
845 1672 979 1741 sint,
1011 1672 1147 1728 ﬁdes
1167 1671 1423 1740 habetur,
1449 1671 1784 1742 impingunt.

263 1783 350 1840 12.
388 1784 516 1840 Hac
546 1799 674 1855 ergo
705 1781 863 1837 navis
891 1780 1135 1837 Ecclesia
1177 1787 1279 1848 est,
1311 1795 1433 1851 qua
1463 1778 1563 1834 etsi
1592 1777 1788 1851 quoti-

184 1870 279 1929 die
302 1874 567 1930 saculum
594 1870 742 1928 istud
772 1878 1031 1944 tanquam
1063 1869 1287 1942 aliquod
1307 1870 1529 1941 pelagus
1557 1868 1788 1924 sortitur

1894 701 2021 757 pere
2050 701 2164 741 non
2193 694 2374 758 posset
2407 685 2588 757 (Joau.
2623 701 2743 753 xxi,
2768 683 2885 755 25).
2917 684 3030 741 Aut
3058 683 3195 757 quid
3213 694 3493 757 postremo

1894 774 2185 832 descensus
2212 776 2281 832 ad
2314 775 2537 843 inferos,
2570 782 2665 831 aut
2693 789 2950 830 ascensus
2976 772 3046 829 ad
3076 774 3279 831 coelum
3296 776 3325 831 ?
3348 775 3494 844 Quid

1894 862 2037 919 illud
2076 865 2223 937 quod
2261 864 2319 919 in
2363 863 2612 936 passione
2660 863 2837 935 ipsius
2867 863 3137 935 integram
3174 862 3316 920 lucis
3352 881 3495 922 con-

1894 955 2245 1012 suetudinem
2264 957 2345 1011 sol
2362 955 2562 1012 habere
2585 971 2697 1011 non
2719 955 2899 1027 potuit
2922 973 2935 1023 ;
2960 964 3023 1012 ut
3038 963 3247 1013 taceam
3267 965 3494 1029 ruptum

1893 1048 2081 1103 velum
2128 1046 2367 1118 lapidem
2413 1046 2727 1103 revolutum
2750 1046 2778 1102 ?
2819 1045 2914 1101 Ha
2951 1061 3081 1119 ergo
3110 1045 3216 1105 via
3262 1056 3393 1105 sunt
3430 1049 3492 1105 in

1890 1138 2204 1210 juventute,
2244 1152 2379 1210 quas
2424 1153 2537 1193 non
2578 1144 2693 1193 tam
2744 1135 3157 1209 deprehendere
3201 1138 3490 1212 propheta,

1895 1244 2059 1303 quam
2091 1242 2347 1283 enarrare
2380 1242 2437 1282 se
2466 1243 2580 1282 nou
2610 1242 2769 1299 posse
2796 1233 3028 1284 testatus
3054 1236 3154 1285 est.

1968 1316 2055 1373 15.
2090 1316 2248 1370 Tales
2299 1314 2393 1373 hic
2433 1316 2599 1372 etiam
2630 1315 2767 1371 dicit
2818 1338 2837 1362 ι
2866 1315 2986 1371 vias
3015 1317 3339 1387 meretricis,
3372 1335 3493 1392 qua

1896 1412 2260 1479 posteaquam
2298 1404 2487 1460 abluta
2514 1413 2614 1473 est,
2650 1404 2787 1460 dicit
2832 1421 2889 1461 se
2936 1404 3079 1461 nihil
3122 1406 3255 1462 mali
3301 1407 3493 1465 fecisse

1898 1495 2088 1568 (Prov.
2122 1511 2260 1563 xxx,
2290 1494 2409 1565 20).
2441 1518 2459 1541 ι
2505 1494 2767 1550 Meretrix
2787 1493 2893 1550 ista
2917 1495 3178 1553 Ecclesia
3195 1505 3361 1571 typus
3388 1506 3490 1565 est,

1895 1581 2193 1656 aliquando
2223 1582 2283 1637 in
2313 1582 2568 1655 gentibus
2596 1583 2916 1653 constituta,
2945 1584 3221 1644 idolorum
3250 1586 3493 1645 cultibus

1896 1674 2113 1741 vitiata,
2138 1688 2301 1745 quam
2322 1688 2477 1728 vanae
2498 1672 2910 1744 superstitionis
2936 1681 3127 1748 stupra
3154 1678 3488 1748 polluerant;

1895 1778 2060 1836 quam
2119 1760 2384 1817 falsorum
2424 1760 2653 1816 deorum
2709 1761 3013 1818 adulteram
3060 1763 3264 1821 fecerat
3291 1764 3493 1820 multi-

1894 1853 2065 1910 tudo:
2121 1853 2465 1929 lascivosque
2514 1871 2578 1912 ac
2606 1862 2793 1927 turpes
2832 1854 3214 1928 incompositis
3249 1857 3494 1913 motibus

181 1959 477 2030 infestum,
505 1976 791 2033 nunquam
831 1959 1059 2015 eliditur
1104 1958 1172 2015 ad
1200 1974 1416 2025 saxum,
1449 1974 1551 2013 nec
1578 1956 1791 2029 mergi-
1818 1951 1865 2013 Β
1897 1944 2075 2033 saltus
2103 1959 2388 2001 nemorum
2418 1952 2472 2000 et
2510 1945 2763 2002 lucorum
2806 1944 3019 2002 inculta
3060 1944 3351 2014 lustrabat,
3383 1945 3493 2003 de-

180 2057 281 2106 tur
329 2050 397 2106 ab
448 2048 808 2122 profundum.
863 2049 1066 2105 Navem
1114 2056 1297 2104 autem
1336 2047 1640 2104 Ecclesiam
1670 2062 1785 2103 esse

180 2137 400 2195 divinis
426 2136 759 2193 testimoniis
780 2136 1097 2208 probamus,
1131 2136 1276 2192 sicut
1302 2135 1398 2192 ait:
1434 2160 1452 2184 ι
1474 2135 1597 2191 Illic
1610 2144 1786 2192 trans-

183 2224 376 2283 ierunt
414 2242 580 2281 naves
624 2224 847 2281 Tharsis
895 2225 1072 2295 (Psal.
1127 2241 1302 2292 van,
1348 2224 1432 2295 8),
1468 2249 1486 2271 ι
1526 2233 1580 2279 et
1612 2223 1778 2280 alibi:

196 2337 219 2362 ι
259 2313 539 2370 Adversus
558 2329 777 2369 omnem
799 2329 993 2369 navem
1019 2313 1185 2369 maris
1209 2313 1344 2384 (Isa.
1368 2330 1431 2381 ιι,
1457 2314 1571 2384 16),
1604 2338 1623 2361 ι
1657 2314 1785 2387 quia

182 2411 319 2460 sunt
360 2401 620 2458 Ecclesiae
667 2401 876 2470 saculi,
927 2418 1049 2475 qua
1097 2409 1267 2459 totam
1297 2401 1404 2457 sibi
1435 2418 1610 2474 spem,
1637 2401 1784 2475 quod

182 2491 252 2548 ﬁt
280 2492 339 2548 in
369 2490 475 2548 hoc
497 2500 762 2564 tempore,
793 2507 906 2547 non
929 2497 1042 2545 tam
1072 2490 1138 2547 de
1169 2493 1302 2559 Deo,
1336 2506 1498 2563 quam
1527 2490 1596 2547 de
1617 2499 1784 2564 pote-

182 2581 422 2639 statibus
449 2578 620 2651 hujus
653 2579 840 2636 saculi
870 2578 1282 2652 repromittunt.

262 2687 346 2745 13.
377 2687 482 2745 Sed
522 2686 672 2761 quod
701 2686 799 2755 ait,
842 2707 863 2733 ι
884 2686 1020 2743 Vias
1036 2686 1195 2742 navis
1224 2686 1557 2761 navigantis,
1584 2711 1604 2735 ι
1646 2702 1783 2759 pro-

184 2776 306 2852 prie
334 2775 610 2850 signiﬁcat
639 2774 787 2849 quod
814 2775 874 2831 in
901 2782 1149 2847 tempore
1169 2776 1314 2832 miro
1348 2775 1514 2832 modo
1533 2791 1781 2848 persecu-

183 2866 359 2923 tionis
407 2863 800 2939 comprehendi
839 2865 1069 2921 omnino
1115 2881 1227 2921 non
1273 2873 1476 2938 posset,
1508 2864 1784 2939 quemad-

182 2958 415 3015 modum
443 2955 635 3013 vivida
662 2973 760 3029 per
804 2956 1115 3025 interitum,
1163 2964 1217 3013 et
1252 2957 1409 3015 dives
1453 2975 1548 3031 per
1583 2958 1784 3016 damna

182 3046 467 3116 reddatur,
490 3046 633 3103 sicut
660 3046 739 3102 ait
753 3062 823 3103 ex
844 3061 1074 3117 persona
1094 3046 1268 3122 ipsius
1287 3046 1776 3121 Psalmographus:

194 3159 218 3185 ι
250 3138 315 3193 In
344 3134 701 3192 tribulatione
729 3133 973 3192 dilatasti
1013 3150 1100 3191 me
1135 3136 1310 3207 (Psal.
1353 3154 1433 3206 Iv,
1467 3136 1549 3210 2).
1582 3161 1602 3187 ι
1648 3137 1782 3205 Qua

182 3226 258 3283 ob
289 3225 397 3284 hoc
424 3226 616 3284 multis
644 3227 704 3283 in
733 3226 872 3283 locis
898 3235 994 3283 aut
1018 3226 1125 3282 soli
1158 3236 1529 3300 comparatur,
1560 3237 1656 3286 aut
1684 3230 1781 3285 lu-

172 3331 296 3373 na:
331 3332 451 3389 qua
481 3315 585 3373 etsi
613 3315 889 3385 tunditur,
920 3332 1036 3372 non
1066 3322 1362 3375 movetur:
1395 3324 1451 3374 et
1478 3317 1525 3375 si
1555 3334 1776 3375 movea-
1808 3312 1851 3372 C

167 3411 285 3473 tur,
316 3404 572 3478 resurgit.

251 3511 336 3570 14.
381 3535 402 3560 ι
438 3512 511 3569 Et
539 3512 677 3582 vias,
712 3514 810 3583 ait,
843 3512 952 3570 viri
984 3514 1045 3570 in
1080 3512 1395 3587 juventute.
1445 3537 1465 3562 ι
1517 3513 1620 3572 Vir
1651 3513 1773 3583 iste,

170 3600 430 3662 Christus
456 3602 728 3661 Dominus
762 3610 948 3660 noster
980 3610 1083 3669 est,
1108 3602 1253 3661 sicut
1280 3603 1339 3660 in
1367 3602 1606 3660 Actibus
1633 3618 1777 3675 apo-

171 3699 446 3757 stolorum
477 3698 744 3771 scriptum
774 3708 892 3757 est:
924 3698 1074 3755 454
1113 3724 1132 3748 ι
1164 3700 1288 3758 Viri
1335 3699 1616 3767 Israelita,
1666 3714 1777 3755 au-

172 3785 295 3845 dite
336 3787 455 3846 hac
500 3787 706 3845 verba:
755 3789 943 3846 Iesum
986 3790 1326 3847 Nazarenam
1368 3789 1553 3845 virum
1590 3804 1623 3843 a
1661 3788 1775 3845 Deo

170 3877 413 3936 electum
455 3876 515 3933 in
561 3876 739 3947 vobis,
785 3878 1088 3936 virtutibus
1133 3886 1188 3935 et
1217 3878 1390 3950 signis
1419 3884 1474 3934 et
1504 3875 1776 3949 portentis

171 3968 541 4043 approbatum
559 3968 700 4043 (Act.
725 3986 788 4039 ιι,
816 3969 933 4043 22),
956 3994 976 4019 ι
1005 3977 1060 4026 et
1086 3970 1421 4043 Apostolus:
1454 3990 1474 4016 ι
1497 3968 1567 4024 Ut
1585 3982 1777 4024 omnes

175 4058 238 4118 in
263 4059 446 4115 virum
470 4058 772 4131 perfectum
806 4071 1096 4117 occurrere
1136 4058 1429 4131 possimus,
1465 4056 1525 4113 in
1559 4071 1775 4112 mensu-

172 4164 295 4207 ram
324 4147 531 4207 Christi
557 4148 779 4220 (pres.
811 4165 889 4217 IV,
920 4148 1009 4221 13)
1035 4166 1049 4217 ;
1082 4173 1101 4197 ι
1140 4155 1195 4205 et
1224 4146 1389 4204 alibi:
1436 4169 1454 4193 ι
1486 4143 1775 4202 Destinavi

173 4253 278 4294 vos
303 4237 403 4295 uni
431 4237 556 4293 viro
594 4236 868 4309 virginem
897 4247 1103 4295 castam
1140 4236 1404 4295 exhibere
1433 4234 1659 4295 Christo
1691 4232 1781 4306 (II

177 4326 310 4384 Cor.
366 4341 448 4393 χι,
479 4324 560 4395 2).
607 4347 626 4373 ι
683 4324 786 4382 Hic
831 4332 914 4381 est
958 4326 1047 4382 vir
1092 4324 1250 4398 cujus
1295 4325 1400 4381 via
1427 4322 1686 4396 cognosci
1714 4322 1776 4378 in

166 4415 469 4487 juventute
504 4427 616 4469 non
664 4422 911 4484 possunt.
946 4413 1082 4481 Quis
1109 4413 1259 4470 enim
1287 4413 1560 4470 astimare
1589 4411 1776 4469 animo

174 4500 376 4576 possit,
404 4507 501 4557 aut
528 4515 723 4571 capere
751 4508 953 4573 quanta
978 4500 1074 4557 ille
1103 4517 1266 4573 opera
1295 4501 1624 4569 exercuerit,
1647 4516 1774 4558 cum

174 4587 483 4648 secundum
514 4586 798 4644 hominem
827 4596 1135 4645 moraretur
1172 4588 1231 4645 in
1272 4589 1437 4644 terris
1455 4590 1484 4645 ?
1512 4605 1633 4662 qua
1669 4590 1776 4646 iti—

177 4694 314 4737 nera
342 4676 617 4734 virtutum
644 4676 919 4735 duxerit?
952 4676 1011 4733 in
1039 4692 1174 4751 quas
1212 4676 1334 4734 vias
1378 4677 1773 4735 beneﬁciorum
1806 4679 1855 4739 D

175 4767 328 4826 circa
372 4765 678 4823 humanum
731 4783 901 4839 genus
928 4767 1099 4822 fuerit
1127 4766 1425 4838 ingressus,
1463 4766 1598 4823 dum
1627 4767 1774 4825 clau-

177 4856 268 4915 dis
296 4855 496 4930 pedum
538 4856 782 4913 restituit
808 4856 1147 4925 ﬁrmitatem,
1193 4856 1327 4913 dum
1358 4857 1517 4913 cacis
1564 4855 1777 4912 lumina

177 4947 380 5005 amissa
404 4946 607 5013 reddit,
649 4954 744 5003 aut
773 4946 1011 5020 imponit
1040 4946 1282 5014 condita,
1313 4946 1446 5003 dum
1488 4947 1775 5020 eloquium

180 5045 408 5111 prastat
450 5037 640 5105 mutis,
688 5046 743 5094 et
791 5036 974 5094 surdis
1027 5038 1274 5094 insinuat
1313 5035 1588 5105 auditum,
1643 5035 1776 5093 dum

179 5129 395 5200 largum
441 5126 726 5199 sanguinis
772 5127 985 5183 ﬂuxum
1034 5127 1202 5185 siccat
1257 5127 1316 5183 in
1361 5124 1595 5194 Martha,
1642 5124 1775 5182 dum

181 5217 466 5275 damones
494 5218 652 5290 pellit
679 5234 748 5273 ex
776 5218 967 5287 Maria,
998 5217 1128 5273 dum
1162 5233 1360 5289 corpus
1389 5217 1625 5274 redivivi
1669 5217 1777 5289 spi-

180 5307 326 5366 ritus
382 5307 560 5365 calore
596 5306 928 5381 constringit
977 5308 1033 5362 in
1073 5307 1293 5375 Lazaro,
1337 5314 1391 5362 et
1434 5306 1581 5380 quod
1628 5323 1777 5364 mors

178 5397 291 5455 sibi
341 5397 648 5455 vindicaret
689 5397 759 5454 ad
804 5413 1042 5470 panum,
1099 5397 1197 5451 lux
1238 5396 1421 5452 denuo
1453 5395 1658 5468 recepit
1707 5395 1776 5452 ad

180 5489 356 5547 vitam
376 5490 404 5545 ?
431 5488 577 5557 Quid
603 5488 700 5546 ille
736 5488 947 5546 solidus
976 5505 1191 5561 gressus
1231 5488 1287 5543 in
1328 5486 1609 5556 ﬂuctibus,
1641 5487 1775 5561 quid

181 5578 432 5651 reliquiae
461 5577 530 5635 de
550 5580 740 5651 paucis
768 5578 1002 5651 panibus
1032 5579 1154 5650 plus
1184 5593 1485 5649 superesse,
1535 5584 1777 5643 saturata

183 5669 565 5736 multitudine,
616 5685 779 5741 quam
826 5669 1041 5725 fuisse?
1083 5668 1229 5737 Quid
1271 5668 1489 5740 inopem
1545 5667 1601 5723 in
1641 5667 1774 5723 vino

181 5757 397 5818 Galilai
442 5756 693 5830 conjugis
739 5766 1081 5829 apparatum,
1123 5758 1217 5815 sed
1251 5757 1476 5814 Domini
1515 5755 1775 5829 operibus

182 5847 485 5923 pretiosum
507 5845 536 5904 7
579 5848 652 5905 Et
696 5847 807 5905 alia
843 5848 1038 5917 multa,
1080 5847 1226 5906 sicut
1252 5847 1311 5905 in
1348 5845 1652 5921 Evangelio
1678 5844 1776 5904 di-

1899 2030 2015 2088 dita
2057 2032 2313 2103 luxuria,
2362 2050 2574 2107 pompa
2621 2033 2909 2106 gentilium
2956 2034 3285 2108 mancipata.
3340 2036 3493 2095 Hanc

1893 2130 2246 2195 posteaquam
2287 2123 2560 2180 Dominus
2606 2132 2792 2180 noster
2838 2124 2992 2182 Iesus
3042 2123 3298 2183 Christus
3352 2141 3491 2197 puro

1892 2212 2240 2286 baptismatis
2289 2215 2442 2292 fonte
2488 2215 2754 2288 perfudit,
2786 2214 3124 2273 ablutionem
3154 2224 3210 2273 et
3238 2216 3490 2274 criminis

1893 2303 2103 2375 accepit
2130 2310 2186 2359 et
2235 2304 2480 2360 nominis
2518 2320 2614 2377 per
2642 2304 2873 2378 gratiam
2903 2305 3054 2362 ﬁdei.
3088 2305 3217 2362 Post
3244 2304 3489 2362 meretri-

1893 2407 2012 2448 cem
2042 2391 2106 2447 ﬁt
2145 2391 2322 2465 virgo,
2354 2394 2484 2467 quia
2515 2394 2614 2451 uni
2655 2411 2712 2450 se
2740 2393 3039 2452 destinavit
3080 2395 3313 2469 Sponso.
3349 2395 3487 2453 Nam

1892 2487 1947 2536 et
1974 2481 2122 2538 Raab
2153 2481 2255 2537 illa
2283 2484 2546 2540 meretrix
2594 2483 2994 2555 Hierichuntis,
3022 2502 3142 2559 qua
3170 2485 3489 2557 speculato-

1892 2585 1978 2627 res
2010 2570 2136 2626 Jesu
2165 2572 2313 2628 Nave
2342 2571 2560 2644 excepit
2598 2571 2862 2645 hospitio,
2895 2580 2949 2629 et
2976 2573 3122 2646 quod
3151 2571 3307 2647 signo
3335 2573 3485 2632 cocci

1892 2660 2104 2732 signata
2150 2668 2251 2729 est,
2307 2661 2401 2734 qui
2458 2662 2611 2718 color
2663 2662 2894 2735 ﬁguram
2951 2661 3159 2721 Christi
3202 2663 3487 2735 sanguinis

1892 2748 2191 2819 indicabat,
2222 2758 2275 2807 et
2299 2751 2446 2824 quod
2463 2752 2804 2810 eversionem
2835 2752 3082 2810 civitatis
3100 2753 3281 2810 evasit
3303 2754 3487 2825 (Iosue

1892 2854 1970 2907 v1,
2003 2838 2118 2910 25),
2150 2839 2410 2895 Ecclesia
2437 2848 2632 2913 typum
2663 2840 2880 2909 habuit,
2902 2857 3022 2914 qua
3038 2857 3134 2913 per
3162 2841 3483 2914 sanguinem

1891 2925 2099 2986 Christi
2151 2927 2369 2984 ruinam
2416 2928 2609 2984 mundi
2657 2928 2819 2986 istius
2866 2946 3055 2987 secura
3096 2946 3208 2986 non
3264 2930 3482 2987 metuit.

1890 3014 1981 3071 Sic
2010 3015 2158 3070 enim
2189 3015 2265 3071 ait
2290 3016 2587 3088 propheta:
2646 3039 2665 3064 ι
2692 3016 2915 3090 Accipe,
2953 3018 3156 3091 inquit,
3186 3017 3290 3074 tibi
3332 3035 3485 3075 uxo-

1890 3121 2005 3162 rem
2037 3104 2414 3175 fornicariam,
2455 3114 2509 3162 et
2538 3106 2624 3163 fac
2652 3106 2797 3163 ﬁlios
2839 3107 3225 3165 fornicationis
3264 3109 3413 3181 (Osee
3440 3127 3482 3178 ι,

1888 3194 1970 3267 2).
2007 3220 2025 3244 ι
2078 3194 2296 3268 Ubique
2315 3194 2487 3265 enim,
2507 3194 2857 3253 dilectissimi
2879 3196 3093 3266 fratres,
3124 3198 3341 3256 cultura
3367 3197 3482 3255 ido-

1890 3283 2070 3340 lorum
2119 3284 2413 3342 fornicatio
2461 3292 2776 3357 nuncupata
2818 3292 2919 3354 est,
2960 3294 3023 3342 ut
3052 3286 3110 3341 in
3144 3287 3479 3360 Apocalypsi

1887 3373 2152 3446 scriptum
2193 3381 2305 3431 est:
2353 3396 2371 3420 ι
2406 3374 2478 3429 Et
2515 3372 2656 3429 sinis
2696 3373 2961 3430 fornicari
3005 3390 3192 3431 servos
3222 3391 3392 3442 meos,
3424 3385 3478 3433 et

1887 3462 2217 3519 manducare
2255 3462 2420 3517 idolis
2453 3462 2737 3518 immolata
2768 3463 2957 3534 (Apoc.
2996 3479 3060 3531 ιι,
3091 3462 3208 3534 20).
3242 3488 3262 3512 ι
3312 3461 3477 3520 Deni-

1886 3566 1991 3625 que
2019 3550 2317 3606 Jerusalem
2348 3549 2545 3606 civitas
2565 3549 2661 3605 illa
2682 3549 2958 3623 quondam
2990 3548 3195 3606 nobilis
3225 3549 3475 3608 Hebrao-

1886 3658 2031 3710 rum,
2081 3640 2513 3712 quotiescunque
2551 3655 2581 3694 a
2619 3638 2851 3695 veritate
2878 3638 3198 3709 deﬂexerat,
3230 3648 3285 3697 et
3312 3640 3478 3697 idolis

1886 3728 2178 3797 serviebat,
2215 3728 2399 3784 statim
2423 3726 2729 3784 meretricis
2764 3727 3034 3785 vocabulo
3062 3728 3473 3799 nominabatur,

1885 3818 2030 3877 sicut
2064 3819 2264 3876 clamat
2310 3817 2510 3875 Isaias:
2561 3842 2578 3863 ι
2610 3816 2899 3885 Quomodo
2928 3817 3072 3875 facta
3105 3826 3187 3875 est
3215 3819 3477 3876 meretrix

1883 3908 2082 3965 civitas
2110 3907 2290 3963 ﬁdelis
2316 3907 2450 3963 Sion
2481 3908 2615 3978 (Isa.
2641 3924 2680 3975 ι,
2702 3907 2795 3980 21)
2815 3908 2843 3964 ?
2865 3933 2883 3955 ι
2918 3907 3052 3964 Inde
3072 3916 3154 3965 est
3178 3923 3305 3982 ergo
3330 3907 3478 3982 quod

1885 3997 1962 4054 ait
1990 3996 2248 4053 Salomon
2278 4012 2289 4050 :
2338 4018 2357 4042 ι
2396 3995 2543 4052 Talis
2575 4003 2760 4053 autem
2804 3996 2897 4053 via
2926 3996 3176 4054 mulieris
3213 3996 3477 4054 meretri-

1882 4091 1985 4157 cis,
2016 4105 2138 4163 qua
2174 4094 2531 4161 posteaquam
2559 4087 2747 4144 abluta
2775 4096 2877 4157 est,
2913 4086 3051 4147 dicit
3078 4104 3136 4146 se
3173 4087 3317 4145 nihil
3346 4088 3478 4147 mali

1885 4180 2077 4237 fecisse
2107 4180 2297 4253 (Prov.
2336 4194 2474 4247 xxx,
2505 4177 2621 4250 20).
2666 4202 2686 4229 ι

2424 4303 2659 4362 SERMO
2704 4303 2927 4362 XLVII.

1884 4407 1945 4464 In
1987 4422 2107 4479 cap.
2139 4420 2260 4461 xxx
2310 4403 2572 4479 Proverb.
2624 4402 2692 4460 de
2730 4402 3045 4479 differentia
3078 4402 3389 4461 Salomonis
3424 4411 3480 4460 et

2347 4476 2584 4532 aliorum
2614 4475 3028 4548 prophetarum.

1884 4586 1993 4643 Hoc
2021 4582 2275 4640 sermonis
2297 4581 2674 4653 fragmentum,
2705 4581 2886 4653 statim
2898 4587 3055 4650 atque
3081 4580 3139 4635 in
3159 4580 3285 4635 edit.
3318 4582 3474 4637 Rom.

1950 4656 2158 4729 prodiit
2208 4655 2265 4709 in
2306 4652 2507 4729 lucem,_
2544 4652 2814 4707 Ambrosii
2849 4668 2956 4729 non
3002 4666 3119 4729 esse
3161 4667 3309 4705 nemo
3368 4668 3479 4706 non

1954 4721 2182 4783 advertit
2203 4745 2216 4793 ;
2249 4732 2306 4781 at
2327 4743 2443 4781 vero
2461 4724 2571 4794 ejus
2591 4729 2856 4794 auctorem
2874 4739 2900 4778 θ
2925 4721 3144 4777 tenebris
3172 4738 3353 4777 eruere
3369 4738 3477 4777 non

1956 4806 2065 4855 tam
2106 4814 2335 4869 pronum
2380 4793 2491 4863 est,
2519 4795 2626 4869 nisi
2675 4793 2794 4865 quis
2826 4810 2989 4869 exeo
3034 4794 3175 4863 quod
3225 4794 3367 4869 locus
3414 4794 3478 4869 de

1952 4863 2223 4925 mereirice
2272 4869 2329 4922 in
2356 4870 2449 4921 hoc
2490 4873 2538 4920 et
2577 4866 2634 4920 in
2663 4863 2928 4935 superiori
2966 4880 3203 4919 sermone
3231 4864 3479 4920 Emtesiw

1957 4941 2397 5005 accommodatus,
2429 4937 2603 4991 eodem
2640 4953 2843 5007 quoque
2876 4935 3031 4990 modo
3070 4935 3340 5007 expositus
3381 4952 3479 4990 re-

1950 5014 2197 5085 periatur
2222 5011 2279 5065 in
2296 5025 2539 5085 sermone
2585 5007 2638 5075 2,
2694 5006 2759 5063 de
2786 5006 3170 5085 Eleemosyna,
3194 5024 3345 5078 quem
3364 5008 3478 5065 Ma-

1954 5079 2090 5140 Ecimi
2141 5100 2246 5137 esse
2286 5082 2341 5135 in
2389 5096 2687 5133 sermonum
2732 5079 3217 5140 pratermissorum
3258 5095 3479 5135 censura

1949 5155 2311 5228 probavimus,
2337 5166 2525 5228 omnes
2554 5168 2637 5228 e_o_s_
2665 5150 2836 5228 eidem
2850 5151 3349 5228 auctoricoujectet
3375 5167 3478 5228 as-_

1954 5220 2257 5299 signandos.
2308 5222 2393 5299 Ad
2436 5223 2541 5299 hac
2574 5221 3054 5299 illud_adjiciemus
3081 5220 3209 5299 huic
3248 5220 3481 5299 sermoni

1954 5291 2272 5355 {Romanis
2301 5294 2587 5350 editoribus
2612 5296 2793 5350 multa
2822 5293 2989 5364 fuisse
3011 5294 3211 5365 partim
3247 5291 3477 5365 adjecta,

1949 5369 2154 5443 partim
2192 5372 2417 5431 mutata,
2455 5382 2571 5436 qua
2606 5382 2702 5420 nos
2743 5383 2768 5421 e
2805 5366 2920 5423 Vat.
2969 5363 3083 5421 cod.
3131 5363 3475 5419 restituimus.

1959 5479 2010 5535 1.
2044 5478 2187 5533 Ante
2218 5473 2517 5531 adventum
2549 5472 2757 5530 Christi
2798 5471 3098 5530 Salvatoris
3127 5468 3324 5538 nostri,
3356 5486 3479 5543 pro-

1885 5566 2062 5640 pheta
2101 5563 2283 5631 multi,
2337 5570 2600 5633 concepto
2629 5560 2839 5632 Spiritu
2874 5566 3082 5626 sancto,
3112 5558 3299 5615 futura
3327 5574 3483 5617 nun-

1884 5651 2312 5725 tiarunt,'inter
2353 5670 2490 5729 quos
2535 5660 2588 5708 et
2617 5651 2875 5708 Salomon
2904 5648 3027 5706 loco
3067 5664 3167 5705 suo
3206 5655 3262 5705 et
3288 5649 3485 5708 ordine

1887 5767 1985 5825 pro
2057 5746 2400 5821 temporibus
2468 5748 2824 5801 numeratur:
2882 5739 2978 5798 sed
3035 5741 3184 5798 inter
3237 5741 3377 5799 alios
3431 5750 3485 5798 et

1883 5843 2063 5916 ipsum
2109 5847 2192 5897 est
2218 5838 2405 5912 aliqua
2445 5832 2730 5893 distantia.
2771 5831 3011 5908 Ideoque
3052 5832 3241 5894 cateri
3263 5832 3332 5890 de
3363 5832 3483 5890 solo
