3972 6362
494 439 599 502 723

1513 439 1610 496 ΑΙ)
1647 439 1887 500 OPERA
1924 441 1984 498 S.
2027 441 2361 502 AMBROSII
2391 443 2772 504 APPENDIX.

3702 442 3812 504 724

492 563 704 640 Spiritu
753 563 925 624 locuti
971 572 1122 636 sunt,
1165 564 1427 625 Salomon
1474 571 1658 624 autem
1687 573 1745 624 et
1771 565 1840 625 de
1874 567 2090 642 Spiritu
2115 567 2170 631 A
2198 571 2483 642 pressione
2564 572 2815 648 corporis
2893 575 2979 632 sui
3053 575 3113 631 in
3163 582 3310 632 terra
3375 583 3636 650 corrupta
3710 592 3810 651 po.

493 673 549 724 et
572 665 642 724 de
669 663 929 739 adjuncta
951 663 1224 740 sapientia
1257 671 1342 722 est
1386 664 1622 722 locutus.
1652 663 1905 740 Denique
1945 664 2094 724 455

493 754 602 815 hoc
645 762 878 815 testatur
925 755 1156 823 locutio,
1205 770 1370 829 quam
1397 770 1468 812 ex
1497 753 1682 812 verbis
1711 753 1831 828 ejus
1859 756 2090 814 audivi-

495 860 621 904 mus
633 843 941 916 recitatam,
953 843 1088 902 dum
1103 843 1249 902 inter
1260 843 1588 918 sapientiam
1605 852 1659 902 et
1675 844 1945 917 Spiritum
1970 846 2088 921 (43)

497 937 788 1012 proﬁtetur
804 935 1170 1010 ignorantiam
1189 950 1367 1004 suam,
1395 950 1522 993 cum
1543 932 1682 992 dicit
1701 952 1714 992 :
1755 957 1775 983 α
1797 934 1924 992 Tria
1938 944 2088 1008 sunt,

496 1026 700 1100 inquit,
731 1041 853 1101 qua
880 1040 993 1082 non
1021 1023 1294 1098 intelligo,
1339 1023 1490 1080 viam
1528 1023 1689 1081 navis
1726 1023 1786 1082 in
1828 1026 1990 1096 mari,
2011 1043 2091 1085 se-

497 1119 693 1178 mitam
739 1119 1009 1194 serpentis
1053 1119 1113 1178 in
1159 1125 1395 1193 petram,
1445 1125 1500 1175 et
1545 1118 1844 1193 vestigium
1881 1121 2089 1196 aquilas

497 1210 740 1268 volantis
808 1209 1040 1268 inaera:
1095 1217 1354 1285 quartum
1402 1207 1553 1282 quod
1593 1207 1925 1284 investigare
1975 1227 2088 1268 non

497 1315 741 1376 possum,
791 1299 898 1359 hoc
941 1307 1045 1369 est,
1094 1298 1387 1356 mulierem
1432 1297 1726 1370 moecham,
1785 1315 1906 1374 quas
1960 1317 2085 1358 cum

497 1391 667 1449 semel
708 1388 898 1448 abluta
923 1389 1114 1460 fuerit,
1145 1387 1323 1448 credit
1374 1403 1432 1445 se
1460 1386 1520 1445 in
1547 1395 1664 1447 toto
1693 1405 1806 1447 non
1838 1407 2088 1464 peccasse

500 1481 688 1554 (Prov.
734 1495 874 1550 xxx,
924 1481 1011 1550 19,
1041 1479 1157 1552 20).
1190 1502 1210 1530 ι
1252 1478 1381 1538 Haec
1407 1477 1577 1537 verba
1608 1481 1892 1538 communi
1924 1497 2088 1539 sensu

497 1569 654 1646 quasi
696 1567 767 1628 de
810 1569 978 1642 vulgo
1023 1567 1286 1627 videntur
1331 1568 1582 1638 collecta,
1615 1569 1711 1626 sed
1741 1567 1801 1627 in
1829 1569 2089 1630 omnibus

496 1666 626 1718 sunt
653 1665 842 1717 sancta
867 1657 1167 1733 mysteria:
1215 1657 1323 1716 tria
1366 1656 1427 1716 in
1463 1655 1704 1730 Christo,
1745 1666 1801 1717 et
1823 1675 2000 1718 unum
2029 1661 2088 1718 in

493 1747 765 1808 Ecclesia.

566 1844 620 1902 2.
649 1843 789 1902 Nam
819 1841 968 1918 quod
1005 1842 1154 1902 dixit
1198 1843 1349 1902 viam
1377 1843 1538 1902 navis
1567 1844 1626 1902 in
1668 1844 1808 1902 mari
1834 1861 1892 1904 se
1921 1845 2091 1905 inve-

2201 664 2307 716 test
2351 660 2640 736 designare
2685 661 2982 720 semitam:
3015 663 3112 721 sed
3161 681 3287 722 cum
3329 664 3399 722 ad
3426 675 3638 740 petram
3669 682 3814 740 per-

2202 753 2438 820 venerit,
2482 770 2596 810 non
2639 755 2773 814 facit
2801 756 2860 812 in
2892 755 3095 830 lapide,
3123 755 3270 831 quod
3298 757 3431 814 fecit
3459 757 3519 815 in
3547 758 3810 832 pulvere.

2201 840 2292 898 Sic
2336 849 2392 898 et
2435 858 2660 915 serpens
2706 843 2961 902 diabolus
3004 845 3064 902 in
3096 845 3232 918 ipsis
3275 847 3552 904 natalibus
3603 844 3814 903 mundi

2201 927 2420 988 invenis
2448 932 2868 1006 corruptibilem
2890 941 3112 1004 terram,
3141 935 3320 992 Adam
3349 945 3404 994 et
3421 937 3597 993 Evam
3624 935 3811 992 liben-

2201 1025 2286 1075 ter
2308 1019 2625 1078 audientem
2654 1038 2775 1096 quae
2807 1024 3022 1081 locutus
3051 1033 3131 1082 est
3163 1026 3319 1096 (Gen.
3359 1043 3440 1095 iu,
3475 1026 3612 1098 1-5).
3647 1023 3813 1083 Fecit

2200 1107 2260 1164 in
2287 1109 2514 1166 auribus
2541 1111 2820 1181 semitam,
2853 1113 2983 1170 fecit
3015 1121 3068 1170 et
3107 1113 3164 1170 in
3186 1113 3438 1188 pedibus,
3469 1114 3676 1190 quibus
3705 1115 3813 1171 in-

2199 1197 2494 1256 terdictum
2518 1199 2697 1257 fuerat
2725 1201 2832 1258 iter
2854 1202 2922 1260 ad
2950 1202 3203 1260 arborem
3229 1223 3244 1273 ;
3278 1205 3411 1262 fecit
3439 1213 3494 1264 et
3517 1205 3578 1262 in
3608 1204 3814 1263 mani-

2197 1289 2319 1358 bus,
2366 1288 2570 1362 quibus
2625 1298 2964 1350 contrectata
3009 1301 3140 1350 sunt
3179 1310 3383 1368 poma:
3414 1295 3547 1354 fecit
3578 1297 3638 1354 in
3669 1297 3812 1353 late-

2197 1375 2370 1448 ribus,
2421 1379 2624 1453 quibus
2688 1381 2923 1438 necdum
2991 1399 3263 1440 concessie
3317 1383 3459 1458 (47),
3513 1383 3812 1442 celebratae

2197 1475 2326 1524 sunt
2372 1467 2602 1540 nuptiae.
2656 1469 2810 1528 Tunc
2849 1486 3072 1544 serpens
3117 1473 3299 1546 potuit
3353 1473 3413 1530 in
3446 1473 3812 1547 primitivum

2198 1555 2483 1614 hominem
2523 1558 2682 1632 quasi
2715 1558 2774 1616 in
2803 1561 3088 1632 pulverem
3117 1561 3414 1636 vestigium
3444 1563 3647 1634 facere,
3687 1580 3812 1638 per-

2198 1645 2354 1704 venit
2381 1645 2452 1703 ad
2477 1653 2709 1719 petram,
2741 1664 2862 1722 quae
2883 1657 2965 1706 est
2994 1647 3248 1707 Christus
3279 1650 3593 1722 (talisenim
3624 1652 3814 1712 factus

2197 1744 2314 1793 erat
2357 1736 2556 1806 Adam,
2596 1735 2774 1810 qualis
2824 1745 2880 1794 et
2918 1736 3173 1796 Christus
3200 1747 3282 1796 est
3309 1755 3380 1796 ex
3417 1739 3628 1814 utero),
3659 1741 3811 1802 vidit

2199 1826 2624 1884 similitudinem
2669 1835 2987 1901 coopertam
3029 1844 3293 1902 corpore:
3343 1828 3439 1886 sed
3471 1845 3814 1904 cognoscere

495 1937 617 1996 nire
645 1953 757 1996 non
787 1915 964 2013 pesse,
996 1937 1104 1996 hoc
1130 1951 1245 1994 non
1271 1943 1354 1993 est
1381 1935 1500 1993 sine
1529 1936 1797 2010 mysterio
1836 1938 2090 1997 verbum.
2121 1938 2169 2002 B
2199 1932 2326 2013 n°n_
2345 1916 2526 1990 Ροωίί
2577 1915 3089 2013 ωὲιξθεῐδαῖω-(ἀτδλ
3119 1917 3307 1975 Ροεαίί
3351 1926 3428 2013 θί,
3451 1918 3633 1992 ipsum
3685 1929 3812 2013 ῖθξιο

493 2027 629 2086 Nam
659 2027 786 2103 quis
827 2027 973 2086 inter
999 2026 1202 2085 ﬂuctus
1245 2025 1537 2098 colligebat
1577 2025 1748 2096 viam,
1783 2043 1948 2102 quam
1993 2045 2087 2086 na-

495 2117 582 2174 vis
609 2115 846 2175 transire
880 2115 1177 2191 potuerat?
1211 2113 1382 2172 Navis
1407 2113 1557 2170 enim
1584 2115 1823 2172 transitu
1849 2132 1951 2174 suo
1971 2133 2088 2174 un-

495 2205 592 2264 das
633 2207 859 2274 scindit,
891 2213 946 2263 et
973 2203 1246 2278 coagulat,
1275 2210 1340 2259 ut
1369 2203 1576 2260 sciatur
1615 2204 1747 2279 quia
1783 2207 2002 2276 transit,
2032 2216 2086 2266 et

494 2311 608 2355 non
649 2295 904 2354 videatur
947 2309 1056 2368 qua
1099 2289 1400 2350 transierit.
1451 2292 1650 2351 Visum
1695 2293 1844 2350 enim
1885 2293 2086 2353 habere

495 2397 696 2466 potest,
734 2385 1032 2460 vestigium
1073 2385 1254 2443 facere
1285 2401 1400 2442 non
1444 2392 1642 2461 potest.
1697 2386 1951 2446 Christus
2005 2399 2088 2447 est

493 2481 676 2552 navis,
707 2481 768 2538 in
804 2495 914 2555 qua
940 2478 1244 2536 ascendunt
1281 2479 1531 2536 omnium
1569 2480 1912 2538 credentium
1954 2482 2088 2540 ani-

495 2587 622 2640 mae,
667 2585 790 2644 qua
829 2574 894 2624 ut
917 2573 1032 2624 tota
1061 2566 1294 2625 ﬁrmitas
1323 2567 1382 2624 in
1409 2567 1668 2626 ﬂuctibus
1695 2567 1982 2642 habeatur,
2018 2571 2086 2629 de

495 2660 650 2733 ligno
673 2657 790 2732 (44)
821 2655 1145 2727 fabricatur,
1177 2664 1232 2714 et
1250 2657 1318 2716 de
1346 2657 1493 2716 ferro
1520 2658 1837 2733 conﬁgitur,
1870 2661 1977 2720 hoc
2007 2670 2090 2720 est

495 2746 749 2808 Christus
769 2747 827 2804 in
843 2763 1026 2807 cruce.
1057 2747 1165 2805 Sed
1195 2747 1344 2823 quod
1364 2745 1502 2805 dicit
1532 2763 1732 2806 navem
1760 2749 1879 2806 sine
1908 2749 2089 2808 vesti-

493 2837 606 2912 gio,
654 2835 779 2894 ideo
821 2837 952 2913 quia
993 2836 1237 2896 Verbum
1283 2837 1385 2894 Dei
1422 2837 1719 2896 vehemens
1768 2855 1864 2912 per
1901 2856 2088 2896 aurem

492 2927 802 3004 penetravit
846 2926 916 2985 ad
961 2927 1176 2986 viscera
1222 2927 1457 2986 collecto
1501 2927 1729 2986 homine
1789 2945 1890 2984 suo
1944 2929 2089 2987 inter

493 3020 747 3081 homines
775 3019 1042 3090 nascitur,
1071 3021 1245 3079 Maria
1270 3023 1430 3096 virgo
1459 3029 1699 3095 generat.
1731 3022 1951 3081 Transit
1979 3040 2088 3079 na—

493 3114 582 3171 vis
609 3129 706 3188 per
737 3127 908 3182 mare,
937 3119 992 3168 et
1019 3111 1176 3168 nulla
1201 3110 1260 3167 in
1289 3111 1456 3168 undis
1483 3111 1744 3185 vestigia:
1782 3111 1936 3169 venit
1968 3113 2085 3186 (45)

493 3201 746 3261 Christus
786 3199 854 3258 de
880 3199 1040 3269 creto,
1091 3213 1221 3256 aure
1267 3199 1598 3272 concipitur,
1634 3208 1794 3256 utero
1844 3207 2090 3276 tempore

493 3299 647 3350 certo
692 3297 964 3365 portatur.
1014 3288 1164 3346 Talis
1207 3287 1380 3346 Maria
1417 3287 1574 3361 virgo
1611 3289 1899 3356 remansit,
1929 3298 2090 3363 post—
2117 3308 2161 3370 ο

493 3398 656 3457 quam
695 3379 928 3456 peperit,
978 3377 1158 3454 qualis
1214 3377 1324 3435 fuit
1350 3384 1644 3452 antequam
1681 3378 1927 3436 Verbum
1956 3397 2087 3439 aure

491 3471 764 3548 concepit.
793 3469 992 3530 Merito
1025 3469 1287 3527 Salomon
1332 3468 1478 3525 inter
1518 3467 1784 3542 Spiritum
1832 3477 2085 3528 sanctum

493 3569 548 3620 et
593 3559 921 3636 sapientiam
959 3558 1212 3632 ignorare
1253 3573 1313 3616 se
1353 3556 1514 3628 dicit,
1546 3564 1602 3614 et
1629 3557 1957 3632 mysterium
1988 3559 2087 3616 in-

491 3651 642 3710 dicat
663 3649 812 3724 quod
840 3649 1057 3722 ignorat
1085 3647 1228 3720 (46).

566 3749 620 3806 3.
662 3745 875 3805 Deinde
909 3745 1201 3819 proﬁtetur
1236 3759 1294 3802 se
1321 3760 1435 3802 non
1463 3743 1654 3803 videre
1681 3744 1934 3804 semitam
1963 3763 2088 3805 ser-

493 3837 674 3914 pentis
703 3836 762 3894 in
783 3842 972 3910 petra:
996 3834 1144 3910 quod
1173 3835 1543 3894 communiter
1585 3836 1845 3894 omnibus
1890 3837 2084 3895 homi-

495 3929 662 3988 nibus
671 3933 855 4002 patet;
884 3925 1014 4001 quia
1040 3926 1245 3984 aestatis
1263 3933 1510 4001 tempore
1536 3944 1663 3984 cum
1691 3937 1836 3986 terra
1849 3929 2087 3986 solvitur

496 4021 556 4078 in
583 4020 888 4094 pulverem,
919 4014 988 4074 de
1017 4015 1252 4074 latibulo
1297 4033 1398 4075 suo
1427 4032 1676 4091 egressus
1709 4033 1955 4093 serpens,
1984 4018 2085 4075 im-

569 4173 688 4247 (43)
728 4173 887 4232 Rom.
919 4171 1077 4247 edit.,
1121 4178 1342 4230 testatur
1371 4172 1610 4247 lectio....
1641 4173 1784 4247 Nam
1802 4173 1929 4247 dum
1956 4191 2086 4246 quo-

493 4245 743 4303 rumdam
787 4245 1160 4318 mysteriorum
1201 4245 1484 4318 propriam
1526 4246 1806 4318 proﬁtetur
1832 4245 2084 4318 ignoran-

497 4319 647 4388 tiam,
686 4317 1000 4390 rassignare'
1025 4316 1338 4390 distantiam
1360 4316 1572 4390 videtur
1597 4316 1738 4390 in_ter
1765 4316 2084 4390 sapientiam

496 4390 598 4446 sibi
616 4387 869 4460 collatam
897 4393 955 4460 et
971 4387 1240 4460 spiritum.
1269 4387 1412 4444 Dicit
1439 4404 1562 4460 ergo
1573 4405 1598 4460 4:
1631 4387 1761 4444 Tria
1785 4387 1917 4446 sunt
1944 4388 2084 4444 mihi

498 4459 861 4540 impossibilia
881 4458 1043 4540 scire,
1074 4467 1128 4540 et
1157 4467 1414 4540 quartum
1444 4458 1592 4532 quod
1621 4475 1735 4540 non
1773 4475 2042 4532 cognosco
2069 4477 2080 4515 :

495 4530 728 4590 Semitas
771 4531 930 4604 navis
954 4530 1306 4604 navigantis,
1334 4530 1478 4604 vias:
1498 4530 1768 4602 serpentis
1795 4530 1960 4602 super
1997 4548 2086 4604 pe;

495 4613 659 4673 tram,
681 4611 738 4661 et
769 4602 1002 4676 vestigia
1038 4600 1236 4684 aquilas
1259 4600 1524 4684 volantis,
1552 4600 1627 4684 et_
1652 4600 1910 4684 quartum
1939 4600 2086 4684 quod

2197 2005 2428 2064 tandum
2471 2005 2726 2080 aggredi:
2773 2006 2870 2065 sed
2916 2007 3178 2066 Christus
3227 2023 3331 2066 nec
3376 2007 3812 2083 obtemperavit,

2195 2113 2298 2154 nec
2326 2096 2503 2154 iratus
2529 2104 2650 2165 est;
2704 2098 2835 2170 quia
2861 2098 2945 2154 ira
2969 2115 3110 2173 opus
3155 2105 3240 2156 est
3272 2097 3518 2156 diaboli:
3551 2098 3649 2156 sed
3671 2116 3809 2159 cum

2193 2188 2401 2246 diaboli
2449 2197 2763 2263 contempta
2828 2196 2959 2247 sunt
3016 2189 3208 2260 verba,
3255 2204 3480 2262 serpens
3532 2188 3592 2246 in
3648 2199 3812 2264 petra

2192 2280 2495 2355 vestigium
2524 2298 2636 2338 non
2666 2281 2822 2340 fecit.

2261 2379 2318 2440 4.
2348 2380 2598 2438 Tertium
2626 2397 2758 2438 vero
2786 2397 2843 2438 se
2864 2396 2975 2438 non
3003 2381 3344 2440 intellexisse
3388 2389 3624 2442 testatur
3653 2385 3809 2463 (49).

2192 2473 2396 2548 Aquila
2444 2473 2782 2546 intelligitur
2829 2473 3109 2544 Christus,
3162 2474 3261 2549 qui
3309 2475 3502 2534 volatu
3552 2493 3654 2536 suo
3711 2479 3810 2537 de-

2193 2561 2410 2620 scendit
2428 2562 2496 2619 ad
2516 2570 2710 2620 terras.
2733 2563 2896 2632 Quod
2919 2563 3178 2622 animalis
3200 2580 3370 2638 genus
3393 2581 3507 2622 non
3525 2567 3808 2638 nutritur,

2194 2651 2303 2709 nisi
2333 2651 2577 2725 primum
2615 2652 2839 2710 castitas
2865 2653 3255 2725 comprobetur
3300 2655 3514 2725 matris,
3546 2662 3610 2712 ut
3639 2673 3808 2730 aper-

2194 2739 2267 2796 tis
2325 2739 2522 2808 oculis,
2604 2739 2809 2814 absque
2885 2741 3244 2814 palpitatione
3319 2748 3499 2799 totum
3567 2744 3809 2818 aspiciat

2193 2829 2386 2886 solem.
2415 2827 2614 2886 Merito
2631 2829 2780 2885 enim
2811 2827 2918 2887 hoc
2941 2830 3147 2887 animal
3179 2838 3531 2904 comparatur
3550 2832 3806 2891 Salvato-

2201 2918 2290 2986 ri;
2319 2920 2580 2992 quoniam
2611 2935 2738 2977 cum
2769 2919 2982 2995 aliquid
3012 2936 3202 2993 rapere
3230 2920 3490 2990 voluerit,
3541 2939 3656 2980 non
3682 2941 3810 2982 ves-

2196 3006 2352 3080 tigiis
2377 3005 2627 3064 ambulat
2673 3014 2865 3077 terras,
2905 3007 3001 3066 sed
3047 3008 3327 3066 excelsum
3374 3009 3530 3083 eligit
3580 3011 3809 3072 locum:

2196 3096 2277 3154 sic
2315 3105 2368 3154 et
2416 3096 2670 3156 Christus
2699 3098 2812 3155 alta
2853 3113 3018 3156 cruce
3069 3114 3388 3171 suspensus,
3415 3107 3642 3158 tonante
3669 3109 3810 3160 stre-

2198 3191 2321 3265 pitu
2367 3197 2423 3247 et
2459 3191 2698 3249 terribili
2745 3193 2939 3250 volatu
2994 3193 3270 3268 impetum
3311 3194 3382 3253 ad
3409 3195 3616 3254 inferos
3646 3196 3806 3268 fecit,

2198 3287 2528 3354 sanctosque
2551 3279 2771 3355 rapiens
2797 3280 2867 3339 ad
2890 3299 3127 3357 superna
3159 3284 3452 3342 remeavit.

2267 3380 2322 3437 5.
2354 3379 2623 3448 Quartum
2673 3379 2823 3454 quod
2867 3379 3005 3438 dicit
3045 3380 3113 3438 de
3155 3381 3390 3440 muliere
3439 3381 3676 3454 mmcba,
3707 3383 3810 3443 hic

2197 3469 2400 3528 mulier
2443 3469 2693 3528 Ecclesia
2733 3467 3094 3544 intelligitur,
3145 3487 3267 3544 quas
3313 3471 3525 3530 dudum
3567 3488 3811 3548 sequens

2197 3560 2368 3632 idola,
2414 3561 2688 3618 fornicata
2738 3560 2855 3618 ibat
2903 3561 3023 3636 (50)
3082 3569 3208 3636 post
3261 3561 3393 3620 deos
3437 3562 3676 3621 alienos:
3706 3559 3814 3624 sed

2196 3653 2316 3723 ubi,
2347 3653 2568 3727 cognita
2595 3652 2851 3724 veritate,
2883 3653 3038 3711 sedes
3060 3670 3198 3728 quas
3239 3653 3452 3712 dudum
3483 3655 3812 3729 collegerat,

2195 3760 2322 3802 cum
2364 3745 2533 3803 semel
2573 3742 2744 3800 fuerit
2778 3743 3055 3818 baptismo
3102 3745 3234 3814 lota,
3281 3761 3495 3816 carens,
3537 3745 3717 3804 credit
3745 3763 3812 3806 se

2197 3849 2479 3908 nunquam
2508 3848 2760 3906 peccasse
2791 3832 2933 3905 (5t),
2964 3832 3028 3890 ﬁt
3057 3831 3298 3902 munda,
3343 3833 3410 3892 ﬁt
3437 3851 3603 3905 nova,
3633 3835 3812 3910 depo-

2195 3927 2304 3986 sita
2343 3925 2760 3984 conversatione
2803 3924 3024 3982 saculi:
3073 3924 3311 3983 moritur
3363 3925 3609 3996 diabolo,
3641 3941 3810 3985 rem.

2196 4019 2368 4078 scitur
2398 4019 2518 4092 (52)
2549 4020 2682 4076 Deo.

2194 4175 2340 4232 rium
2377 4172 2599 4245 indicat,
2630 4171 2769 4243 quod
2808 4187 2908 4244 per
2933 4171 3182 4245 collatam
3211 4171 3527 4243 sapientiam
3563 4173 3810 4245 ignora-

2194 4247 2302 4304 bat.
2332 4243 2638 4315 Denique...
2665 4243 2828 4316 super
2849 4249 3077 4316 petram.
3127 4243 3410 4300 Commune
3455 4251 3551 4310 est,
3591 4243 3650 4302 et
3689 4265 3805 4304 om-

2193 4317 2369 4384 nibus,
2400 4324 2502 4372 etc.

2269 4388 2388 4460 (47)
2413 4386 2618 4443 Eadem
2647 4384 2805 4454 edit.,
2835 4386 2895 4442 in
2937 4386 3208 4456 lateribus,
3243 4387 3370 4442 dum
3393 4387 3458 4444 ab
3493 4388 3566 4444 eis
3589 4405 3700 4445 non
3740 4400 3808 4448 ut

2194 4459 2701 4532 fueranticoncessce,
2728 4465 2835 4532 etc.

2270 4531 2387 4605 (48)
2419 4531 2576 4612 item:
2609 4530 2765 4612 edit.,
2799 4528 3062 4612 Adam‘de
3093 4529 3239 4612 limo,
3271 4530 3450 4612 qualis
3472 4530 3802 4612 etLCliristus

2195 4601 2373 4659 estea}
2423 4602 2653 4674 Virginis
2700 4608 2870 4669 utero,
2906 4601 3040 4656 vidit
3088 4601 3316 4657 hominis
3363 4602 3794 4674 similitudinem,

495 4671 954 4757 ηοιξζορειιοδοό,
999 4671 1127 4756 ﬁliis
1164 4673 1274 4728 Viri
1326 4671 1385 4728 in
1434 4671 1747 4757 iuventute.
1796 4671 2086 4757 Talis'via
2119 4673 2166 4732 D
2197 4675 2298 4757 sed
2331 4671 2628 4746 coopertam
2665 4690 2882 4746 corpore
2931 4689 3231 4745 cognoscere
3281 4690 3386 4730 non
3423 4674 3602 4747 potuit
3633 4671 3795 4748 mqjc'.

496 4742 759 4826 mulieris
792 4742 1288 4826 meretricis,nquaa
1339 4742 1466 4826 quin
1510 4742 1720 4826 fecerit,
1795 4751 2084 4818 postquam

495 4817 684 4874 abluta
709 4817 898 4886 fuerit,
927 4816 1074 4873 nihil
1101 4814 1240 4872 dicit
1267 4831 1324 4872 se
1353 4814 1544 4872 fecisse
1583 4815 1736 4872 mali.

570 4888 686 4962 (44)
719 4888 878 4962 Rom.
911 4888 1069 4955 edit.,
1097 4887 1237 4944 inter
1250 4889 1452 4962 fluctus
1479 4887 1785 4962 ostenderet,
1828 4888 1910 4962 vel
1928 4905 2086 4962 prie-

495 4957 721 5032 scribere
759 4960 925 5026 uiam,
971 4977 1079 5032 qua
1131 4957 1288 5032 navis
1349 4957 1621 5032 transierit
1641 4960 1669 5016 7
1725 4959 1893 5032 Navis
1928 4957 2087 5016 enim

497 5030 730 5086 transitu
770 5047 866 5088 suo
910 5030 1081 5088 undas
1123 5031 1333 5098 scindit,
1362 5037 1410 5086 et
1439 5030 1583 5088 illico
1616 5047 1668 5086 se
1693 5031 1839 5087 unda
1867 5033 2084 5088 conden-

495 5107 582 5158 sat
601 5107 682 5176 _ut
718 5101 969 5176 pideatur
1011 5101 1140 5174 quia
1181 5102 1394 5171 transit,
1425 5108 1474 5158 et
1497 5103 1927 5176 non_sciatur....
1967 5121 2086 5176 qua:

494 5179 557 5230 ut
819 5174 958 5255 inter
983 5173 1170 5255 ﬂuctus
1194 5174 1558 5255 epeliaturkde
1585 5173 1868 5255 ligno,etc_.

591 5244 686 5320 45)
728 5245 936 5304 Eadem
983 5244 1162 5320 edit.,_
1194 5246 1414 5320 Verbum
1457 5244 1772 5320 Deioiqum
1807 5252 1858 5302 et
1887 5247 2085 5320 elficaa;

487 5315 588 5390 per
613 5315 803 5375 aurem
827 5322 1066 5391 penetrat
1090 5317 1164 5391 ad
1189 5317 1393 5391 viscera
1420 5315 1532 5391 sine
1560 5316 1786 5391 hesione,
1807 5324 1856 5374 et
1880 5315 2086 5391 [uimine

492 5387 782 5464 assumpto.
828 5387 1061 5464 Verbum
1110 5389 1264 5464 inter_
1293 5387 1524 5443 homines
1566 5389 1805 5464 nascitur
1850 5389 1962 5446 sine
2000 5391 2086 5464 sui

491 5457 860 5532 diminutione,
903 5467 954 5518 et
983 5460 1168 5521 Maria
1193 5457 1360 5533 _virgo
1406 5464 1621 5533 generat
1647 5459 1758 5516 sine
1786 5461 2082 5533 corruptio-

492 5547 576 5588 ne.
602 5603 612 5607 _
635 5529 854 5591 Transit
907 5549 1029 5607 ergo
1075 5529 1313 5588 navis";
1357 5529 1574 5602 vestigia
1626 5539 1900 5588 remanent
1942 5529 2083 5605 quia

492 5603 653 5662 venit.
675 5611 786 5662 etc.

900 5673 1060 5746 edit.,
1088 5691 1221 5732 aure
1249 5672 1538 5756 conceperit
1577 5679 1626 5756 et
1669 5679 1828 5756 utero.
1857 5681 2077 5756 gestave-

565 5759 586 5800 ς.
703 5752 903 5802 erito...
963 5754 1012 5801 et
1078 5746 1316 5802 infusam
1381 5751 1696 5802 sapientiam
1771 5747 2077 5801 distantiam

494 5744 586 5800 rit.
645 5744 903 5817 Merito...
963 5754 1012 5801 et
1045 5744 1316 5816 infusam
1381 5744 1696 5817 sapientiam
1771 5744 2078 5801 distantiam

2194 4751 2399 4803 statam.

2263 4817 2575 4946 giQtﬂiom.
2607 4815 2769 4887 edit.,
2809 4821 3050 4885 testatur,
3096 4833 3275 4889 nempe
3315 4817 3534 4890 vestigia
3595 4819 3799 4890 aquila:

2317 4908 2352 4944 n
2378 4906 2441 4946 is.

2194 4891 2441 4946 volantis.

2269 4961 2385 5034 (50)
2410 4960 2622 5034 Eadem
2642 4961 2800 5034 Bom.
2821 4958 2990 5034 edit.,
3004 4958 3249 5032 impetum
3265 4960 3332 5016 ab
3357 4959 3548 5032 inferis
3574 4959 3791 5031 fecit....

2193 5031 2334 5104 quod
2362 5031 2492 5088 dicit
2516 5033 2578 5087 de
2601 5032 2702 5088 viis
2726 5031 2836 5086 viri
2872 5032 2930 5104 in
2962 5031 3233 5101 jiwentute
3275 5038 3322 5086 et
3364 5031 3584 5089 muliere
3629 5049 3795 5089 mere-

2197 5102 2342 5172 trice,
2375 5105 2475 5160 hac
2499 5105 2786 5160 mulier....
2808 5109 2872 5160 ut
2900 5102 3208 5173 fornicaria
3235 5104 3364 5160 ibat.

2267 5177 2384 5248 (51)
2421 5175 2770 5249 Romxeditq
2789 5191 2936 5249 quas
2967 5175 3167 5230 dudum
3195 5177 3438 5246 elegerat,
3463 5178 3792 5249 relinquens,

2193 5245 2311 5302 cum
2362 5245 2516 5318 semel
2570 5245 2736 5316 fuerit
2785 5245 3044 5318 baptismo
3087 5265 3122 5302 a
3161 5245 3371 5318 peccato
3421 5250 3550 5316 lota,
3606 5245 3793 5306 carens

2193 5318 2414 5386 delictis,
2454 5317 2583 5373 dicit
2628 5336 2680 5373 se
2724 5317 2997 5388 nunquam
3033 5317 3304 5388 peccasse:
3359 5325 3414 5374 at
3460 5335 3564 5375 ms.
3611 5328 3675 5376 ut
3732 5321 3791 5379 in

2194 5397 2372 5462 textu,
2402 5388 2497 5462 ubi
2529 5397 2714 5462 tamen
2744 5406 2842 5462 pro
2873 5390 3034 5462 sedes,
3066 5390 3504 5462 m_allemisordes.

2267 5461 2382 5532 (52)
2415 5461 2549 5532 Post
2571 5459 3064 5532 verba—renascitur
3091 5459 3222 5524 Deo,
3253 5461 3380 5518 Vat.
3429 5462 3604 5523 codex
3649 5461 3792 5520 desi-

2195 5529 2320 5600 nit;
2348 5529 2405 5589 at
2432 5531 2717 5604 subjungit
2740 5533 2902 5604 Boni.
2936 5529 3068 5604 edit.
3099 5536 3161 5604 ut
3189 5531 3375 5604 scribit
3399 5533 3691 5604 Apostolus
3719 5536 3794 5591 ad

2197 5601 2547 5660 Corinthiosz'
2571 5601 2782 5674 Siquis
2831 5617 2959 5673 ergo
2997 5601 3058 5657 in
3087 5601 3308 5660 Christo
3356 5601 3500 5661 nova
3539 5613 3792 5663 creatura

2191 5681 2292 5744 est,
2349 5683 2534 5730 vetera
2584 5673 2963 5744 transierunt,
2999 5688 3121 5730 ecce
3179 5674 3324 5731 facta
3394 5684 3527 5733 sunt
3597 5677 3790 5735 omnia

2193 5762 2354 5802 nova.
2386 5746 2622 5820 Denique
2647 5744 2832 5820 merito
2861 5743 2988 5800 dicit
3010 5761 3063 5800 se
3089 5745 3227 5820 nihil
3254 5746 3437 5818 fecisse
3464 5747 3635 5820 mali,
3658 5749 3790 5820 quia

485 5817 656 5888 ponit,
687 5817 815 5872 dum
842 5816 1092 5888 ignorare
1117 5815 1168 5874 se
1192 5835 1290 5890 per
1319 5815 1578 5890 Spiritum
1616 5823 1853 5873 sanctum
1892 5817 2082 5890 Μυσία·
2183 5815 2689 5890 perregeuerationis
2729 5822 3116 5876 sacramentum
3154 5817 3234 5875 ita
3255 5815 3404 5876 sunt
3441 5818 3558 5891 ejus
3583 5815 3789 5878 dbélita
