3972 6366
230 358 344 420 725

1056 366 1427 424 SERMONES
1464 367 1523 425 S.
1562 367 1917 428 AMBROSIO
1956 371 2327 431 HACTENUS
2365 375 2705 435 ASCRIPTI.

3434 382 3541 442 726

232 502 3534 542 _____________..._.____._______________________

1042 665 1770 754 SERMONES
1857 667 2023 753 DE
2114 668 2726 759 SANCTIS.

678 943 824 1004 456
852 940 1087 999 SERMO
1123 941 1372 1000 XLVIII.

344 1034 407 1090 In
434 1034 572 1091 festo
594 1046 795 1096 sanctae
839 1038 1069 1110 Agnetis
1097 1037 1332 1111 virginis
1359 1045 1413 1093 et
1442 1036 1722 1110 martyris.

226 1145 389 1204 Hunc
434 1163 723 1205 sermonem
767 1151 1012 1207 hactenus
1070 1150 1327 1206 ineditum
1398 1169 1424 1207 e
1482 1151 1650 1207 tribus
1706 1167 1831 1208 mss.

296 1220 470 1291 prato
502 1222 873 1291 commisimus,
915 1224 1173 1278 nimirum
1234 1223 1623 1290 Valliclarensi,
1662 1223 1833 1280 Remi-

301 1292 462 1365 giano
515 1299 671 1363 atque
734 1296 912 1365 Regio,
966 1295 1023 1349 in
1056 1296 1245 1365 quibus
1300 1296 1540 1351 omnibus
1589 1296 1833 1351 Ambro-

303 1364 447 1418 sium
492 1372 759 1438 nostrum,
793 1364 1015 1438 prarfert
1054 1364 1340 1424 auctorem.
1398 1368 1624 1424 Tametsi
1659 1374 1835 1423 autem

301 1452 617 1509 persuasum
670 1437 952 1493 habeamus
1002 1440 1169 1493 sancti
1218 1439 1460 1494 Doctoris
1516 1439 1679 1509 fetum
1727 1456 1834 1495 non

306 1523 431 1574 esse,
459 1508 757 1584 elegantior
777 1516 947 1565 tamen
975 1510 1124 1584 nobis
1152 1511 1265 1565 visa
1294 1517 1371 1566 est
1423 1510 1602 1566 eadem
1639 1512 1830 1584 opella,

303 1593 465 1650 quam
482 1586 544 1634 ut
567 1598 602 1637 a
631 1581 784 1636 tineis
813 1599 919 1637 non
948 1582 1260 1637 vindicetur.

306 1701 357 1758 1.
390 1701 527 1761 Cum
560 1704 618 1761 in
644 1712 762 1762 toto
787 1704 996 1762 mundo
1035 1705 1319 1778 virgineus
1349 1704 1451 1760 ﬂos
1502 1703 1686 1761 Mariae
1716 1703 1834 1760 im-

227 1792 636 1849 marcescibiles
704 1811 933 1850 coronas
990 1793 1255 1861 innectat,
1322 1801 1375 1848 et
1447 1794 1832 1866 sceptrigeram

226 1877 461 1952 pudoris
528 1883 709 1937 aulam
785 1880 1138 1938 immaculato
1205 1890 1492 1938 conservet
1571 1882 1829 1952 affectu;

225 1983 471 2042 eousque
512 1969 797 2043 integritas
841 1970 1210 2043 perseveravit
1256 1972 1323 2028 ad
1371 1972 1629 2044 palmam,
1675 1971 1826 2029 utin

225 2057 435 2131 puellis
470 2066 736 2132 tropaum
769 2061 1075 2118 sanctitatis
1104 2062 1387 2133 arriperet,
1445 2070 1499 2118 et
1547 2079 1641 2134 per
1670 2063 1830 2119 vesti-

228 2146 322 2220 gia
350 2148 545 2205 matris
592 2150 826 2224 virginis
872 2150 941 2207 ad
996 2152 1270 2207 caelestem
1313 2151 1618 2207 thalamum
1646 2168 1831 2224 perve-

228 2236 399 2295 niret.
434 2237 576 2297 Hinc
602 2249 684 2296 est
719 2240 868 2314 quod
912 2241 1118 2297 annulo
1147 2239 1274 2295 ﬁdei
1310 2240 1493 2313 Agnes
1540 2259 1597 2297 se
1634 2242 1830 2302 asserit
1870 2284 1905 2314 _-

1866 944 1918 1005 A
2017 944 2070 1003 4.
2104 945 2281 1021 Hujus
2303 947 2458 1023 pedis
2486 964 2627 1024 equa
2653 950 2837 1024 Agnes
2863 950 3181 1011 beatissima
3203 951 3274 1012 de
3326 971 3384 1013 se
3426 973 3536 1015 ma-

1942 1052 2110 1110 gnum
2125 1038 2405 1111 pudicitia
2426 1040 2692 1098 excitavit
2714 1044 3053 1117 exemplum,
3087 1060 3216 1103 cum
3245 1045 3536 1121 virginita-

1941 1134 2051 1185 tem
2070 1128 2312 1202 pratulit
2333 1129 2483 1199 vita,
2507 1146 2836 1206 omnemque
2855 1149 2887 1189 a
2905 1149 2963 1191 se
2983 1148 3227 1192 amorem
3247 1142 3535 1195 terrenum

1940 1234 2038 1291 per
2064 1236 2304 1277 amorem
2357 1222 2632 1278 caelestem
2664 1224 2963 1296 expellens,
3023 1233 3293 1298 tropaum
3351 1226 3535 1285 crucis

1943 1308 2150 1367 Christi
2177 1310 2438 1383 arripuit;
2470 1317 2523 1366 et
2541 1319 2654 1368 tam
2675 1322 2867 1371 contra
2896 1313 3156 1372 libidines
3183 1331 3348 1389 quam
3366 1317 3533 1375 etiam

1940 1405 2130 1456 contra
2154 1400 2413 1457 universa
2441 1402 2711 1475 supplicia
2739 1402 2847 1460 ﬁde
2888 1404 3075 1476 potius
3113 1413 3325 1463 armata
3365 1422 3533 1480 quam

1942 1488 2108 1557 ferro,
2140 1488 2354 1546 fortiter
2383 1490 2672 1549 dimicavit
2697 1500 2754 1549 et
2807 1492 2965 1550 vicit.
3023 1494 3239 1566 Aspicit
3293 1494 3534 1570 denique

1940 1576 2313 1635 blandientem
2335 1589 2389 1638 et
2421 1582 2641 1638 renuit:
2670 1581 2995 1652 minantem,
3030 1591 3086 1640 et
3114 1584 3351 1659 despicit
3388 1603 3400 1643 :
3435 1586 3561 1643 in-r

1941 1667 2200 1725 cendium
2237 1670 2491 1740 attendit,
2542 1678 2597 1727 et
2641 1671 2805 1729 ridet.
2835 1671 3021 1729 Nescit
3065 1674 3277 1748 aliquid
3327 1690 3529 1744 amare,

1941 1762 2087 1820 457
2113 1757 2260 1833 quod
2290 1760 2517 1828 transit;
2549 1768 2605 1817 et
2644 1760 2776 1817 dum
2805 1760 2976 1817 nimis
2999 1762 3381 1834 virginitatem
3405 1764 3531 1822 dili-

1943 1856 2041 1930 git,
2072 1872 2173 1913 nec
2227 1856 2484 1925 ludibria,
2534 1874 2635 1915 nec
2663 1858 2930 1927 ﬂammas,
2957 1873 3060 1918 nec
3104 1861 3398 1934 supplicia,
3431 1878 3534 1921 nec

1940 1947 2226 2005 carniﬁces
2275 1948 2503 2005 metuit:
2555 1957 2831 2020 postremo
2860 1965 2961 2007 nec
3010 1949 3254 2023 gladium
3296 1950 3533 2008 furentis

1908 2080 1915 2087 .
1941 2036 2303 2110 persecutoris
2352 2036 2595 2109 expavit.
2629 2037 2993 2111 Compellitur
3020 2040 3179 2113 virgo
3210 2047 3534 2098 ornamenta

1941 2126 2215 2198 suscipere
2237 2126 2501 2200 corporis,
2531 2127 2626 2184 sed
2659 2128 2879 2197 renuit;
2912 2129 3174 2202 quoniam
3196 2128 3312 2203 jam
3338 2144 3534 2189 susce-

1939 2225 2093 2290 perat
2120 2216 2351 2273 mentis:
2380 2225 2435 2273 et
2466 2216 2596 2290 quia
2612 2232 2725 2275 non
2753 2217 2820 2273 de
2858 2218 3127 2291 elegantia
3154 2218 3405 2293 corporis
3433 2218 3535 2277 hu-

227 2326 591 2395 subarratam,
648 2336 703 2385 et
733 2306 955 2385 -clamat
1019 2345 1075 2385 se
1122 2343 1307 2384 amore
1350 2306 1726 2386 constrictam.
1784 2330 1828 2388 Ο
1869 2306 2091 2371 Βωδηί
2129 2307 2342 2380 Placere
2400 2307 2673 2376 Studebat,
2721 2306 2851 2381 quia
2899 2307 3130 2366 timebat
3174 2306 3241 2365 de
3289 2308 3536 2367 Ῑωάίίδῖθ

227 2431 394 2490 quam
425 2416 694 2473 imitabile
730 2419 847 2491 (53)
899 2416 1211 2490 virginibus
1244 2418 1401 2490 virgo
1430 2417 1512 2474 tui
1551 2419 1827 2477 tradidisti

225 2506 433 2563 amoris
459 2507 810 2581 exemplum!
846 2524 879 2563 ο
938 2522 1101 2582 quam
1140 2514 1391 2564 sanctum
1448 2508 1826 2581 peccatoribus

226 2594 496 2669 virgineis
528 2596 777 2654 tribuisti
809 2613 1157 2670 responsum,
1186 2600 1591 2656 contemnendo
1623 2600 1823 2657 mundi

227 2682 477 2755 divitias,
508 2686 846 2744 exsecrando
874 2686 1056 2743 carnis
1107 2687 1601 2759 concupiscentias,
1653 2696 1707 2746 et
1744 2706 1827 2747 so-

225 2775 339 2834 lam
366 2775 572 2836 Christi
605 2777 1080 2851 pulchritudinem
1112 2778 1453 2834 adamandol

300 2863 355 2923 2.
385 2865 648 2924 Accedite
680 2867 750 2924 ad
778 2868 1045 2941 puellam,
1084 2866 1302 2940 puellae,
1332 2874 1387 2922 et
1422 2866 1619 2924 discite
1647 2866 1702 2924 in
1731 2883 1823 2925 an-

225 2951 317 3010 nis
368 2952 617 3010 infantia
652 2954 841 3028 quales
886 2954 946 3011 in
994 2963 1213 3028 pectore
1260 2971 1360 3012 suo
1395 2954 1541 3014 circa
1583 2973 1824 3015 amorem

224 3040 438 3101 Christi
468 3041 717 3100 ﬂammas
736 3042 1072 3101 accenderit.
1097 3044 1246 3102 Dicit
1266 3059 1322 3101 se
1340 3045 1571 3101 amatori
1597 3062 1697 3103 suo
1718 3063 1825 3104 ser-

222 3145 358 3189 vare
385 3130 573 3200 ﬁdem,
605 3137 661 3189 et
706 3131 826 3205 ejus
855 3147 1054 3206 corpus
1081 3133 1467 3207 concupiscere
1495 3135 1696 3205 solum,
1730 3136 1825 3210 qui

225 3235 330 3295 pro
385 3235 572 3277 amore
620 3220 871 3277 omnium
936 3222 1132 3277 mortis
1176 3237 1289 3278 non
1318 3224 1593 3280 recusavit
1621 3224 1825 3281 interi-

221 3317 368 3368 tum.
398 3309 628 3379 Discite,
677 3309 923 3383 virgines
957 3310 1188 3381 Christi,
1238 3328 1481 3369 amorem
1534 3312 1594 3371 in
1643 3316 1827 3387 puella

224 3400 557 3471 ferventem,
583 3408 638 3459 et
666 3417 859 3459 omnes
896 3402 1092 3459 mundi
1121 3401 1348 3459 divitias
1389 3405 1543 3460 velut
1589 3413 1826 3463 stercora

223 3498 592 3549 recusantem.
624 3490 754 3549 Ideo
784 3492 934 3549 enim
971 3500 1287 3550 sanctorum
1324 3509 1422 3566 per
1451 3494 1663 3551 litteras
1704 3504 1826 3552 tra-

225 3580 439 3640 duntur
466 3582 740 3654 exempla,
760 3590 823 3639 ut
841 3582 1222 3656 unusquisque
1236 3598 1336 3655 pro
1356 3582 1621 3655 qualitate
1640 3599 1822 3656 sexus,

1937 2400 2135 2455 anima
2164 2399 2404 2456 Domino
2425 2398 2736 2471 displicere,
2768 2397 2935 2457 dabat
2974 2398 3207 2457 interius
3234 2415 3331 2474 per
3365 2399 3533 2457 ﬁdem

1937 2505 2049 2546 sua
2084 2490 2281 2545 mentis
2309 2489 2624 2557 candorem,
2656 2496 2818 2562 atque
2869 2484 3346 2562 pulchritudinem
3402 2488 3535 2546 ani-

1938 2595 2060 2648 ma,
2093 2595 2258 2653 quam
2282 2578 2601 2646 excolebat;
2635 2586 2688 2635 et
2711 2587 2978 2652 quantum
3007 2578 3216 2637 sciebat
3240 2578 3389 2653 quod
3416 2578 3531 2637 ani-

1938 2685 2082 2725 mam
2114 2684 2267 2725 suam
2297 2667 2583 2741 pulchram
2619 2667 2841 2736 faceret,
2890 2674 3106 2724 tantum
3137 2666 3197 2724 in
3244 2684 3343 2724 sua
3369 2683 3533 2726 carne

1938 2758 2289 2817 erubescebat
2316 2774 2374 2814 se
2409 2774 2523 2815 esse
2562 2758 2859 2814 formosam
2894 2775 2906 2815 :
2958 2764 3283 2833 tantumque
3312 2758 3528 2816 studuit

1937 2849 2228 2923 displicere
2283 2847 2595 2905 carnalibus
2664 2847 2723 2904 in
2778 2847 2959 2905 carnis
3015 2855 3259 2920 aspectu,
3324 2855 3531 2922 quanto

1937 2939 2157 2997 Christo
2189 2938 2411 3008 institit,
2435 2945 2489 2995 et
2518 2937 2634 3009 ejus
2660 2936 2866 3011 angelis
2903 2937 3266 3009 complacere.

2006 3030 2060 3087 ὕ.
2091 3029 2367 3085 Turbatur
2408 3028 2634 3101 juvenis
2666 3044 2699 3083 a
2746 3028 2929 3101 puella
2976 3020 3348 3102 contemptus,
3395 3034 3451 3085 et
3477 3043 3537 3086 se

1936 3118 2259 3178 muneribus
2314 3119 2655 3191 complacere
2709 3132 2867 3190 posse
2903 3115 3253 3186 existimans,
3314 3132 3531 3187 aurum,

1935 3226 2175 3287 gemmas
2202 3208 2615 3282 congeminans,
2656 3214 2856 3275 vestes,
2894 3205 3102 3279 pradia
3131 3206 3369 3280 pretiosa
3394 3223 3536 3263 con-

1935 3307 2133 3359 vectat.
2166 3299 2273 3359 Sed
2323 3298 2454 3373 quia
2483 3295 2689 3357 Christi
2718 3296 2957 3353 charitas
2998 3295 3237 3369 pretium
3278 3296 3534 3369 pecunia-

1935 3410 2058 3451 rum
2094 3408 2206 3448 non
2226 3389 2409 3457 habet,
2440 3388 2596 3462 virgo
2625 3385 2995 3443 sacratissima
3022 3386 3081 3442 in
3109 3401 3211 3442 suo
3239 3385 3411 3458 gradu
3440 3402 3532 3442 us-

1934 3500 2040 3559 que
2080 3481 2149 3538 ad
2200 3478 2482 3551 sanguinis
2528 3477 2854 3533 effusionem
2891 3475 3232 3548 permansit;
3266 3474 3531 3550 quoniam

1933 3591 2033 3632 suo
2057 3576 2207 3633 illam
2233 3572 2500 3644 sanguine
2538 3568 2919 3625 subarraverat
2948 3564 3224 3625 Christus.
3282 3565 3371 3623 Ad
3404 3581 3530 3622 con-

224 3675 282 3727 et
308 3685 409 3744 pro
436 3677 596 3728 atate
642 3685 915 3727 annorum
941 3654 1171 3728 modum
1213 3654 1298 3728 sui
1318 3654 1585 3746 propositi
1616 3654 1818 3741 teneat,
1854 3676 1898 3737 c
1931 3667 2300 3740 cupiscentem
2324 3660 2494 3735 igitur
2525 3656 2823 3746 revertitur
2851 3672 3066 3725 census,
3096 3662 3167 3746 et.
3202 3654 3533 3746 inconcussa

225 3770 284 3821 et
318 3762 464 3821 sicut
482 3778 580 3836 per
606 3761 878 3836 virginem
910 3762 1174 3836 virgines,
1205 3764 1284 3820 ita
1321 3771 1376 3821 et
1404 3781 1501 3837 per
1527 3764 1817 3838 conjugem

224 3850 486 3926 conjuges
515 3852 737 3910 vincere
765 3852 1029 3909 saculum
1076 3870 1176 3927 pro
1209 3853 1416 3913 Christi
1463 3871 1649 3911 amore
1691 3862 1820 3911 stu-

225 3939 411 4011 deant,
442 3957 506 3999 ac
534 3943 934 4016 repugnatione
953 3943 1125 3999 animi
1148 3943 1341 4000 mundi
1363 3943 1547 4001 dulcia
1569 3960 1818 4001 recusan-

227 4039 332 4099 tes,
364 4039 419 4088 et
447 4030 565 4105 ejus
594 4048 706 4090 non
737 4040 1052 4092 recusantes
1079 4041 1292 4091 austera
1324 4032 1466 4105 (54),
1491 4033 1559 4090 ad
1588 4033 1820 4091 delecta-

224 4117 406 4175 tiones
434 4128 723 4192 perpetuas
759 4128 814 4179 et
841 4121 911 4178 ad
941 4121 1138 4195 gaudia
1167 4130 1372 4180 atema
1395 4124 1728 4196 pertingant.

298 4208 352 4265 3.
384 4208 513 4266 Hac
541 4207 785 4266 dicentes
804 4227 915 4266 non
940 4210 1317 4284 vituperamus
1350 4211 1647 4286 conjugum
1674 4218 1822 4269 casta

224 4296 583 4366 commercia,
627 4298 723 4354 sed
773 4298 1055 4371 virginum
1105 4301 1565 4373 perseverantiam
1595 4301 1820 4359 adorna-

227 4400 382 4452 mus;
410 4399 523 4441 non
538 4384 687 4441 enim
715 4385 1008 4459 virginitas
1036 4389 1197 4446 malis
1218 4390 1383 4448 rebus
1400 4393 1817 4467 superponenda

226 4480 312 4531 est
348 4472 489 4547 (55),
522 4471 617 4529 sed
663 4480 745 4530 est
797 4474 961 4531 rebus
1009 4476 1236 4549 Optimis
1285 4480 1640 4551 praferenda.
1691 4484 1822 4552 Qua

226 4564 378 4623 enim
406 4562 631 4621 mundis
660 4563 939 4635 mundior,
990 4574 1045 4624 et
1073 4567 1276 4624 sanctis
1304 4570 1545 4627 sanctior
1577 4579 1677 4642 est,
1712 4589 1823 4630 non

230 4656 441 4730 indiget
471 4656 740 4714 malarum
772 4673 955 4714 rerum
1006 4657 1411 4730 vituperatione
1457 4661 1688 4719 laudari.
1720 4663 1825 4720 Se-

227 4756 471 4825 quantur
498 4748 682 4823 itaque
712 4754 897 4804 sancta
934 4746 1203 4822 conjugia
1236 4750 1668 4822 patriarcharum
1698 4769 1824 4811 con-

222 4838 382 4913 juges
419 4836 480 4895 in
516 4837 785 4912 religione
822 4837 1036 4910 posita,
1075 4855 1138 4895 ac
1165 4838 1375 4895 divinis
1404 4839 1603 4899 litteris
1639 4842 1827 4899 infor-

228 4936 411 5000 mata,
440 4930 651 5001 Saram,
706 4928 1025 4999 Rebeccam,
1082 4928 1394 5000 Rachelem,
1434 4933 1675 4999 Annam,
1727 4932 1825 4989 Su-

1930 3738 2222 3831 virginitas
2266 3750 2486 3810 Christo
2541 3748 2707 3805 semel
2759 3745 2941 3803 oblata
2983 3738 3263 3819 perdurat.
3297 3743 3527 3810 Discite,

1929 3846 2172 3921 virgines
2196 3839 2425 3909 Christi,
2454 3854 2662 3895 norma
2691 3836 2952 3911 puellaris
2981 3836 3255 3908 exempla,
3295 3842 3351 3891 et
3380 3834 3529 3891 obla-

1928 3943 1985 3993 ta
2012 3935 2114 3993 sub
2143 3931 2321 4007 specie
2367 3928 2586 4003 pietatis
2634 3925 2965 3984 munuscula
2992 3925 3240 3981 virorum
3289 3931 3403 3982 tota
3443 3922 3524 3979 in.

1928 4024 2174 4083 tentione
2231 4020 2495 4094 respuite,
2545 4024 2599 4074 et
2676 4016 2832 4091 quasi
2883 4014 3063 4072 rabidi
3113 4014 3265 4072 canis
3315 4028 3532 4069 morsus
3622 4016 3627 4021 “

1930 4114 2084 4173 omni
2114 4128 2241 4169 cum
2296 4107 2493 4183 gaudio
2533 4112 2794 4163 recusato.
2848 4104 2898 4162 A
2928 4120 3037 4178 quo
3092 4119 3205 4160 non
3261 4101 3532 4175 receperis

1930 4202 2077 4278 quod
2096 4202 2291 4258 timeas
2330 4197 2449 4265 Dei,
2480 4211 2591 4253 non
2620 4194 2856 4268 accipias
2885 4193 3036 4267 quod
3066 4193 3263 4266 diligas
3292 4190 3484 4248 mundi
3512 4205 3527 4246 :

1930 4292 2137 4365 accipe,
2171 4288 2375 4362 accipe,
2410 4286 2587 4359 virgo,
2609 4283 2703 4340 sed
2732 4282 2881 4357 quod
2910 4282 3084 4340 amori
3115 4289 3320 4339 aterno
3350 4278 3530 4355 proﬁ-

1930 4382 2059 4442 ciat.
2112 4379 2559 4450 Quotiescunque
2611 4374 2681 4432 ab
2736 4372 2963 4430 homine
3017 4379 3311 4431 consecuta
3356 4371 3529 4430 fueris

1931 4487 2180 4539 censum,
2212 4469 2291 4527 sic
2309 4469 2514 4541 accipe,
2542 4475 2604 4523 ut
2630 4473 2686 4522 te
2715 4463 2924 4524 Christi
2954 4480 3209 4537 sponsam
3241 4479 3526 4535 agnoscas.

1932 4561 2100 4620 Videt
2131 4561 2225 4617 ille
2251 4561 2401 4616 intus
2431 4558 2487 4614 in
2520 4564 2702 4612 mente
2726 4554 2861 4629 quid
2889 4555 3079 4623 facias,
3114 4561 3169 4610 et
3224 4569 3387 4626 quam
3434 4570 3527 4611 ex-

1934 4658 2181 4727 petenter
2209 4649 2326 4723 ejus
2356 4647 2595 4720 virgines
2626 4643 2905 4703 comiteris
2924 4641 3180 4700 attendit.

2007 4751 2059 4808 6.
2092 4748 2290 4808 Videte
2318 4764 2445 4819 ergo
2476 4744 2752 4821 quomodo
2779 4742 3030 4817 sequitur
3057 4743 3241 4814 Agnes
3268 4739 3523 4799 Mariam.

1932 4841 2061 4898 Post
2122 4837 2415 4913 opprobria
2464 4835 2682 4891 nullum
2730 4831 2911 4907 potuit
2957 4831 3175 4905 penitus
3202 4828 3567 4907 formidare-

1933 4928 2286 5003 supplicium,
2340 4926 2429 4983 cui
2486 4924 2650 4982 etiam
2695 4923 2927 4996 lupanar
2965 4918 3332 4995 turpitudinis
3370 4920 3528 4978 locus

227 5037 480 5092 sannam,
507 5021 808 5096 Sephoram
844 5020 1135 5078 imitentur
1162 5038 1401 5079 uxores:
1454 5021 1661 5081 Christi
1693 5040 1824 5082 vero
1855 5045 1904 5104 ι)
1932 5019 2170 5078 efﬁcitur
2191 5017 2490 5083 orationis;
2532 5023 2585 5072 et
2625 5014 2720 5072 ubi
2767 5013 3026 5104 diabolus
3062 5020 3117 5069 et
3158 5010 3526 5104 ignominiam

228 5110 472 5184 virgines
500 5112 672 5168 solam
719 5109 1005 5184 Virginem
1056 5117 1283 5166 matrem
1317 5111 1564 5184 Virginis
1593 5112 1823 5170 luminis

228 5198 651 5274 subsequantur.

222 5420 456 5488 peccata,
484 5431 546 5469 ac
579 5412 628 5469 si
654 5413 811 5488 facta
851 5431 956 5488 non
1006 5414 1268 5488 fuissent;
1308 5432 1397 5469 nec
1443 5423 1568 5488 sunt
1620 5417 1677 5471 in
1728 5418 1825 5474 Dei

226 5486 502 5554 memoria,
534 5492 593 5540 ut
616 5486 859 5557 Ezechiel
886 5487 1144 5557 propheta
1174 5491 1414 5552 testatur,
1445 5486 1623 5543 dicens
1653 5506 1670 5543 :
1698 5488 1827 5545 Vita

228 5557 386 5613 vivet
427 5565 482 5613 et
537 5572 649 5612 non
707 5555 1003 5625 morietur,
1026 5556 1277 5613 omnium
1315 5558 1463 5613 enim
1493 5557 1825 5616 delictorum

228 5627 349 5700 ejus
378 5642 739 5701 quacumque
764 5627 915 5696 fecit,
960 5645 1071 5701 non
1101 5628 1498 5701 Arecordabitur
1538 5630 1607 5687 ei.
1642 5632 1708 5687 In
1736 5632 1829 5686 hoc

228 5699 456 5769 namque
485 5699 543 5753 in
574 5704 791 5754 mortem
819 5716 872 5755 se
903 5699 1131 5756 tradidit
1161 5700 1423 5769 Christus,
1461 5707 1517 5755 ut
1544 5702 1833 5769 Apostolus

228 5717 301 5756 na
394 5717 456 5754 ue
485 5716 543 5753 ιη
574 5716 791 5754 mortem
819 5716 872 5755 se
903 5716 1131 5756 traatau
1161 5716 1423 5769 unrzstus,
1461 5716 1517 5755 ut
1544 5716 1589 5757 A
1632 5716 1833 5758 ostolus

226 5716 585 5845 αάἝρΙιιδίοε
613 5769 820 5838 scribit,
866 5776 927 5826 ut
953 5771 1217 5829 exhiberet
1242 5772 1352 5846 ipse
1397 5772 1500 5829 sibi
1542 5720 1833 5846 glﬁriosam

1931 5108 2303 5183 corruptionis
2342 5112 2761 5181 praparaverat,
2794 5103 2913 5162 illic
2941 5120 3062 5161 eam
3111 5102 3366 5178 excipere
3394 5100 3526 5158 fecit

1931 5199 2202 5258 Dominus
2230 5213 2488 5254 coronam
2526 5212 2638 5252 sua
2670 5192 3011 5268 virginitatis
3035 5200 3090 5251 et
3115 5193 3380 5268 palmam.
3410 5189 3528 5247 Hoc

1933 5416 2223 5476 Ecclesium
2248 5434 2355 5472 non
2374 5415 2643 5471 habentem
2669 5414 2930 5471 maculam
2961 5429 3122 5484 neque
3148 5427 3357 5484 rugam.

2033 5490 2126 5555 53)
2159 5488 2346 5547 Codex
2378 5487 2626 5543 Valliscl.
2662 5487 2705 5543 0
2733 5502 2895 5555 quam
2923 5482 3164 5539 mirabile
3203 5482 3299 5551 est,
3331 5488 3438 5538 etc.

2033 5490 2102 5546 53
2159 5490 2346 5547 Codex
2378 5490 2626 5543 Valliscl.
2662 5490 2705 5543 0
2733 5502 2895 5555 quam
2923 5490 3164 5539 mirabile
3203 5490 3299 5551 est,
3331 5490 3438 5538 etc.

2009 5490 2127 5631 $511;
2160 5560 2309 5617 Idem
2340 5560 2536 5627 codex,
2593 5557 2772 5613 dulcia
2819 5560 3137 5623 recusantes,
3172 5570 3273 5626 per
3308 5559 3529 5610 austera

1935 5632 2008 5687 ad
2028 5633 2240 5698 .delect.,
2268 5640 2373 5688 etc.

1938 5704 2129 5833 Θιέὅό)
2163 5702 2351 5763 Codex
2398 5701 2632 5774 Remig,
2672 5697 2831 5755 malis
2859 5697 3014 5755 rebus
3058 5698 3401 5773 supponenda
3430 5702 3525 5763 est,

1938 5790 2046 5832 θιο.
