3970 6412
488 374 595 432 727

1519 368 1614 423 AD
1653 366 1888 424 OPEBA
1925 365 1982 422 S.
2021 365 2354 424 AMBROSII
2391 365 2770 423 APPENDIX.

3698 367 3827 425 728

484 503 568 556 est
596 498 654 552 in
700 493 816 551 suis
841 491 1064 550 sedibus
1101 491 1284 548 hostes
1330 489 1570 561 vincere,
1617 491 1893 563 captivam
1940 490 2069 547 due-
2102 495 2152 554 A
2182 492 2495 550 furentibus
2524 492 2792 549 vicarium
2823 491 3154 566 dereliquit.
3185 493 3448 565 Virgineo
3471 448 3660 566 itaque
3682 509 3824 550 cor-

484 595 597 642 tam
625 581 896 656 virginem
936 581 1004 638 ad
1031 581 1336 655 penetralia
1369 581 1511 655 regis
1542 581 1861 652 libidinum,
1898 580 2078 654 ipsum

484 689 667 747 regem
688 690 720 729 a
747 671 982 744 virgine,
1013 687 1175 744 quam
1206 671 1599 743 eaptivaverat,
1622 670 1855 740 vietum,
1885 678 1939 726 et
1964 671 2078 730 vic-

486 770 606 820 tum
635 779 761 820 cum
795 760 1029 834 virginis
1056 758 1342 832 triumpho
1370 759 1560 826 exire;
1595 775 1721 814 nam
1751 759 1844 832 qui
1878 766 2080 816 tenue-

485 860 594 924 rat,
622 859 808 908 tentus
835 857 952 906 est:
985 850 1080 922 qui
1109 856 1377 916 traxerat,
1409 855 1617 904 tractus
1647 856 1728 904 est
1751 865 1766 916 ;
1799 847 1895 921 qui
1924 848 2082 906 occi-

486 941 614 998 dere
634 957 690 997 se
718 937 964 1012 putabat,
992 935 1208 994 occisus
1235 943 1336 992 est.

561 1033 612 1090 7.
661 1030 909 1104 Denique
932 1035 994 1086 ut
1015 1028 1308 1104 probemus
1339 1025 1624 1084 diabolum
1655 1043 1686 1084 a
1702 1027 1922 1100 virgine
1948 1036 2082 1086 tunc

452 1133 455 1136 '
487 1121 658 1180 fuisse
688 1119 922 1188 victum,
953 1117 1104 1174 illius
1126 1116 1352 1190 juvenis
1391 1117 1596 1174 factum
1627 1115 1696 1172 ad
1723 1115 1971 1173 animum
2001 1133 2080 1172 re-

488 1227 767 1279 vocemus,
793 1223 956 1282 quem
985 1215 1178 1264 contra
1210 1206 1442 1278 Agnetis
1473 1205 1763 1261 infantiam
1795 1206 1875 1262 sie
1902 1221 2079 1262 arma-

489 1311 643 1358 verat
673 1300 954 1367 inimicus,
986 1306 1048 1354 ut
1076 1295 1285 1353 nudam
1318 1297 1520 1354 faceret
1548 1295 1693 1352 trahi
1731 1295 1800 1352 ad
1853 1296 2084 1369 lupanar

487 1408 586 1466 per
613 1392 832 1462 vulgus,
885 1387 988 1444 sub
1035 1402 1172 1444 voce
1200 1385 1566 1459 praeeonantis
1600 1385 1779 1454 ducis,
1817 1387 2080 1458 populum

488 1481 557 1538 ad
608 1478 895 1536 libidinem
947 1475 1258 1532 invitantis.
1315 1475 1474 1532 Hune
1510 1491 1637 1547 ergo
1673 1474 1870 1532 ducem
1914 1475 2082 1530 fuisse

489 1567 697 1626 diaboli
725 1582 886 1623 nemo
915 1572 996 1622 est
1016 1565 1110 1638 qui
1139 1563 1358 1620 dubitet
1381 1582 1394 1631 ;
1440 1570 1494 1620 et
1526 1563 1671 1620 vieto
1701 1563 1861 1631 duce,
1897 1579 2083 1635 popu-

489 1658 607 1716 lum
638 1672 753 1714 esse
781 1661 1092 1727 superatum
1121 1652 1381 1710 omnibus
1413 1661 1605 1708 notum
1645 1661 1726 1708 est
1755 1670 1766 1708 :
1811 1651 2081 1725 superatis

488 1756 673 1806 autem
703 1764 829 1804 cum
859 1760 960 1802 suo
987 1745 1128 1802 duce
1156 1742 1400 1817 populis,
1429 1750 1727 1815 tyrannum
1756 1742 1931 1798 teneri
1960 1757 2082 1814 cap-

2193 583 2312 655 peri
2349 580 2643 638 stridentes
2691 597 3065 654 praaparavere
3120 582 3391 652 ﬂammas,
3447 583 3543 640 sed
3596 598 3823 654 corpus

2191 671 2338 745 quod
2371 669 2626 727 incendia
2680 669 2981 726 libidinum
3012 680 3385 744 superaverat,
3442 671 3818 744 refrigerium

2193 760 2251 816 in
2291 759 2487 816 mediis
2515 759 2752 816 ﬂammis
2787 761 3044 817 invenit:
3105 772 3160 818 et
3208 779 3328 836 quae
3373 761 3443 818 ad
3486 761 3596 817 hoc
3647 761 3821 816 focos

2193 847 2434 921 ingressa
2463 848 2660 915 fuerat,
2695 857 2757 905 ut
2785 849 3019 919 arderet,
3065 851 3232 924 οωρίῑ
3266 868 3362 925 per
3391 859 3640 908 sanctam
3672 849 3820 905 vir-

2194 939 2479 1012 ginitatem
2532 939 2748 1010 algere;
2800 947 2862 994 ut
2912 938 3145 995 disceret
3194 939 3488 1011 virginitas
3545 938 3817 994 ﬂammas

2193 1027 2299 1084 sibi
2322 1035 2375 1082 et
2406 1026 2659 1083 incendia
2686 1027 2907 1099 penitus
2932 1027 3208 1084 dominari
3239 1044 3348 1084 non
3385 1045 3563 1100 posse.

2268 1118 2351 1171 lt).
2383 1117 2495 1173 Nec
2522 1115 2649 1171 illos
2687 1116 2918 1188 periisse
2974 1117 3232 1186 aestimes,
3269 1133 3405 1190 quos
3432 1133 3531 1189 pro
3565 1115 3814 1172 nomine

2193 1207 2400 1266 Christi
2446 1208 2792 1280 consumpsit
2837 1206 3191 1274 incendium;
3244 1222 3370 1262 nam
3409 1221 3536 1262 eum
3597 1203 3813 1276 legeris

2192 1300 2371 1356 Eliam
2403 1298 2622 1372 ignibus
2652 1306 2890 1372 raptum,
2910 1307 2963 1355 et
2993 1314 3188 1370 pueros
3210 1305 3321 1353 tres
3347 1297 3404 1352 in
3432 1295 3636 1352 mediis
3659 1294 3811 1366 igni-

2193 1389 2296 1446 bus
2323 1390 2476 1446 nulla
2522 1390 2733 1446 ratione
2769 1398 3122 1460 consumptos
3166 1406 3177 1443 :
3225 1396 3319 1443 aut
3359 1387 3489 1460 quia
3534 1387 3810 1442 Lauren-

2194 1481 2329 1536 tium
2356 1482 2620 1539 craticula
2647 1487 3034 1552 eonsumptum
3068 1479 3282 1545 recolis,
3316 1487 3371 1532 et
3402 1477 3618 1549 Agnem
3653 1477 3810 1533 sicut

2193 1571 2451 1628 Theclam
2500 1571 2844 1626 ﬂammarum
2915 1568 3103 1641 globos
3170 1567 3406 1623 evasisse
3478 1564 3803 1638 cognoscis,

2193 1661 2404 1716 nullam
2435 1661 2491 1716 in
2517 1659 2605 1716 his
2634 1657 2925 1730 suspiceris
2947 1657 3266 1713 varietatem
3296 1655 3424 1712 ﬁdei
3442 1663 3581 1711 tunc
3601 1653 3800 1721 fuisse;

2192 1767 2301 1806 una
2331 1749 2533 1806 etenim
2571 1747 2707 1805 ﬁdes
2733 1754 2947 1803 sanctos
2985 1745 3084 1803 Dei
3132 1746 3190 1801 in
3220 1745 3472 1818 passione
3517 1744 3802 1812 exercuit,

487 1837 668 1893 tivum
699 1833 958 1891 omnibus
985 1840 1153 1906 Ρθιίθίο
1204 1832 1432 1888 comm
1461 1838 1644 1886 autem
1676 1830 1960 1886 ἀίᾶδοιιιω
1994 1847 2080 1886 811°
2115 1856 2162 1918 Β
2195 1848 2250 1897 et
2279 1841 2498 1897 diverso
2531 1855 2724 1912 genere
2753 1839 3046 1910 gloriarum
3081 1835 3322 1893 reddidit
3348 1835 3652 1908 utrobique
3685 1835 3804 1892 vic-

487 1933 759 1999 peratum,
790 1921 1006 1997 quoties
1051 1928 1245 1979 contra
1296 1921 1568 1992 virginem
1611 1936 1763 1976 arma
1807 1919 2079 1993 arripuit;

490 2034 615 2074 nam
647 2014 952 2088 exspoliata
980 2013 1160 2086 virgo,
1213 2012 1460 2069 crinibus
1491 2011 1694 2085 tegitur
1723 2029 1734 2068 :
1795 2020 1850 2068 et
1880 2011 2086 2071 nudata

493 2104 565 2162 ab
594 2103 918 2161 hominibus
950 2102 1130 2171 malis,
1161 2100 1499 2158 vestiebatur
1549 2100 1617 2156 ab
1647 2099 1854 2173 angelis
1879 2099 2040 2156 bonis
2069 2118 2080 2156 :
2105 2105 2118 2115 ‘

491 2205 546 2254 et
573 2196 830 2254 damnata
862 2194 918 2249 in
949 2191 1258 2266 prostibulo
1314 2191 1697 2263 turpitudinis,
1756 2191 1814 2246 in
1872 2189 2085 2262 gremio

489 2286 744 2361 apparuit
795 2283 1082 2342 castitatis.
1141 2282 1393 2340 Eﬁieitur
1421 2282 1722 2338 oratorium
1759 2282 2081 2354 angelorum

495 2375 670 2444 locus,
700 2372 796 2448 qui
811 2372 1146 2446 perditarum
1170 2370 1346 2428 fuerat
1366 2371 1676 2426 animarum
1703 2388 1717 2438 ;
1749 2377 1803 2426 et
1831 2370 1929 2427 ubi
1947 2385 2084 2424 sem.

495 2483 592 2540 per
619 2463 1036 2536 naufragaverat
1062 2462 1303 2530 castitas,
1337 2460 1455 2518 illic
1500 2469 1582 2517 est
1609 2467 1868 2518 coronata
1900 2459 2084 2531 virgi-

493 2554 658 2612 nitas.
708 2552 955 2625 Denique
1002 2552 1256 2624 populos,
1293 2567 1428 2623 quos
1469 2567 1644 2623 praeco
1673 2548 1740 2605 ad
1793 2547 2083 2604 libidinem

493 2644 847 2712 invitaverat,
879 2641 1035 2716 virgo
1063 2641 1132 2697 ad
1161 2641 1535 2714 captivitatem
1567 2637 1809 2696 obtinuit
1833 2657 1845 2706 ;
1875 2648 1929 2696 et
1948 2655 2087 2712 quos

493 2735 562 2792 ad
587 2751 704 2790 eam
737 2733 990 2790 diabolus
1035 2732 1352 2806 inquinatos
1384 2731 1630 2799 induxit,
1659 2730 1758 2786 illa
1783 2747 1815 2786 a
1841 2745 1897 2785 se
1928 2745 2085 2784 mun-

493 2823 592 2881 dos
647 2821 848 2895 ejeeit;
910 2839 1101 2878 omnes
1157 2837 1392 2895 namque
1457 2818 1780 2893 singillatim
1835 2817 2083 2891 ingressi,

495 2925 639 2968 unus
690 2912 922 2968 alterum
994 2910 1297 2967 sustinebat
1349 2910 1652 2982 ingressum
1725 2907 1865 2980 (56),
1924 2921 2088 2980 quem

493 3016 792 3073 egressum,
822 2999 953 3056 dum
984 3015 1094 3056 non
1115 2999 1361 3055 crederet
1383 2997 1677 3061 mundum,
1709 3011 1765 3050 se
1794 2993 2088 3050 exhibebat

496 3089 844 3146 immundum
878 3106 890 3144 :
952 3087 1045 3142 sed
1106 3086 1380 3158 ingressus
1425 3085 1493 3140 ad
1523 3085 1834 3148 libidinem,
1866 3081 1934 3137 ad
1962 3081 2087 3137 ado-

495 3181 728 3237 randum
770 3177 1069 3236 Dominum
1124 3175 1336 3231 meritis
1392 3174 1626 3246 virginis
1681 3170 2001 3238 tenebatur;
2036 3178 2088 3226 et
2117 3217 2161 3277 C

493 3269 682 3326 exibat
713 3267 840 3324 inde
873 3265 971 3322 Dei
1027 3279 1238 3332 servus,
1287 3262 1379 3336 qui
1439 3262 1646 3318 diaboli
1691 3261 1868 3315 fuerat
1897 3275 2088 3316 servus

493 3359 646 3417 intus
689 3357 1004 3428 ingressus;
1049 3360 1104 3408 et
1131 3359 1213 3407 tot
1246 3351 1379 3406 facti
1435 3358 1563 3406 sunt
1593 3348 1796 3406 Christi
1829 3350 2085 3416 cultores,

494 3455 628 3522 quot
654 3445 911 3504 diabolus
957 3448 1302 3513 corruptores
1341 3456 1396 3497 se
1417 3445 1704 3513 putarerat
1733 3437 1964 3511 virginis
1993 3438 2091 3493 in-

492 3536 712 3594 venisse
744 3533 884 3605 (57).

565 3627 618 3682 8.
661 3623 942 3682 Remansit
963 3621 1145 3694 itaque
1167 3617 1413 3692 juvenis,
1450 3615 1968 3692 quireprobationis
1988 3617 2086 3673 hu-

488 3711 582 3786 jus
605 3719 798 3768 auctor
811 3710 1097 3767 exstiterat
1122 3726 1133 3764 :
1159 3708 1254 3781 qui
1285 3723 1341 3763 se
1364 3706 1591 3779 putabat
1611 3705 1953 3761 defensorem
1977 3705 2087 3762 vir-

494 3799 641 3872 ginis
667 3814 944 3871 superare,
994 3797 1086 3854 hic
1113 3796 1460 3868 splendorem
1493 3796 1625 3852 dum
1658 3802 1979 3867 provocaret
2018 3794 2086 3851 ad

493 3888 712 3956 luxum,
744 3888 916 3944 vitam
947 3903 1109 3959 quam
1155 3884 1448 3942 videbatur
1504 3884 1727 3949 habere,
1764 3884 1950 3940 amisit
1981 3901 1994 3950 ;
2032 3891 2087 3939 et

493 3984 727 4034 mortem
756 3991 918 4048 quam
950 3974 1246 4048 querebat,
1281 3973 1515 4030 invenit.
1548 3973 1861 4029 Succedunt
1891 3971 2087 4028 riden-

492 4067 641 4126 tibus
672 4065 949 4139 laerymaa,
999 4073 1054 4122 et
1080 4066 1483 4123 insultantibus
1528 4064 1696 4121 ﬁnem
1727 4063 2085 4120 lamentatio-

492 4173 590 4214 nes
619 4155 933 4228 imponunt.
955 4154 1211 4212 Attendit
1242 4155 1399 4227 virgo
1431 4156 1705 4228 lugentem
1732 4151 2000 4225 judicem,
2030 4158 2085 4206 et

491 4262 654 4320 quem
676 4245 978 4302 minantem
1009 4252 1135 4302 ante
1165 4253 1588 4318 contempserat,
1617 4260 1765 4300 nunc
1793 4243 2082 4314 deprecan-

491 4343 602 4392 tem
634 4333 1041 4392 exaudit.Illico
1059 4334 1228 4406 igitur
1258 4341 1318 4390 ut
1339 4334 1506 4406 erepit
1525 4349 1682 4390 orare
1713 4348 1811 4404 pro
1843 4338 2079 4398 mortuo,

491 4433 546 4482 et
573 4441 604 4480 a
633 4423 870 4480 mortuis
899 4425 1103 4480 excitat
1131 4426 1368 4491 salvum,
1387 4423 1481 4497 qui
1511 4422 1676 4478 morti
1704 4421 1883 4476 fuerat
1907 4419 2083 4492 depu-

489 4521 634 4572 tatus
670 4533 683 4582 ;
715 4523 770 4571 et
795 4513 864 4570 ad
889 4513 1146 4586 gaudium
1181 4519 1394 4580 evocat,
1426 4510 1521 4584 qui
1553 4511 1733 4566 fuerat
1762 4509 2080 4582 praecipita-

2197 1940 2358 1988 tores.
2393 1932 2528 1988 Nam
2564 1930 2659 2003 qui
2716 1935 3074 2000 consumptus
3135 1935 3217 1982 est
3245 1933 3478 1998 martyr,
3508 1926 3797 1982 exsultat:

2194 2029 2247 2077 et
2275 2020 2370 2092 qui
2430 2019 2605 2076 evasit
2655 2018 2854 2086 vietor,
2913 2017 3189 2073 exsultat:
3244 2023 3298 2071 et
3354 2015 3548 2070 Isaiam
3578 2023 3800 2072 sectum

2195 2118 2495 2182 martyrem
2550 2107 2704 2177 fecit,
2736 2115 2789 2162 et
2825 2105 3108 2162 Danielem
3144 2105 3367 2159 leonum
3397 2103 3606 2159 rabiem
3649 2119 3802 2158 mor-

2194 2215 2394 2273 susque
2422 2204 2884 2264 contemnentem,
2931 2193 3376 2267 probatissimum
3406 2195 3552 2249 Deus
3580 2193 3803 2249 confes-

2199 2305 2374 2345 sorem
2405 2287 2673 2359 expressit
2699 2303 2710 2341 :
2736 2302 2844 2358 quo
2865 2285 3008 2340 facto
3025 2292 3286 2355 utrosque
3309 2282 3519 2339 diaboli
3541 2283 3797 2341 ostendit

2185 2366 2309 2435 esse
2338 2377 2619 2444 victores;
2670 2392 2814 2432 unus
2864 2375 3014 2431 enim
3068 2374 3304 2430 moritur
3353 2382 3408 2430 et
3458 2373 3796 2446 triumphat,

2194 2468 2335 2524 alius
2360 2466 2545 2523 evadit
2574 2474 2627 2523 et
2655 2473 2864 2539 regnat.

2269 2555 2353 2610 lt.
2379 2554 2518 2611 Veni
2537 2553 2672 2626 jam,
2693 2553 2871 2624 virgo,
2893 2552 2961 2610 ad
2985 2550 3292 2609 thalamum
3317 2568 3478 2625 quem
3505 2552 3758 2626 quaesisti
3781 2572 3793 2610 :

2196 2651 2248 2700 et
2274 2659 2372 2716 pro
2401 2659 2584 2699 amore
2605 2643 2790 2715 sponsi
2819 2641 3058 2714 gladium
3083 2641 3418 2714 percussoris
3441 2640 3704 2710 admitte;
3733 2652 3798 2700 ut

2197 2750 2446 2806 sponsam
2479 2741 2532 2789 te
2563 2734 2853 2805 virginitas
2890 2732 3244 2788 immaculata
3272 2731 3590 2804 comprobet
3619 2731 3803 2791 Chri-

2196 2826 2290 2891 sti,
2320 2832 2373 2882 et
2403 2833 2700 2898 martyrem
2729 2823 3002 2879 confessio
3031 2820 3259 2895 probata
3286 2821 3593 2894 consignet.
3631 2821 3799 2878 Felix

2197 2927 2414 2977 caterva
2440 2916 2740 2988 virginum,
2769 2913 2971 2987 quibus
3017 2912 3262 2969 studium
3308 2919 3390 2969 est
3418 2919 3526 2968 tua;
3580 2911 3798 2970 confes-

2197 3007 2370 3064 sionis
2399 3005 2549 3078 sequi
2599 3003 2868 3076 vestigia;
2930 3001 3211 3060 habebunt
3245 2999 3393 3057 enim
3421 3009 3604 3056 tecum
3639 3017 3799 3058 coro-

2197 3114 2323 3154 nam
2355 3097 2414 3152 in
2451 3097 2612 3164 coelo,
2644 3111 2764 3168 quae
2797 3104 2975 3151 tecum
3003 3092 3383 3166 superaverint
3411 3091 3703 3150 inimicum
3738 3093 3800 3149 in

2196 3185 2424 3242 mundo.
2455 3185 2591 3241 Nam
2623 3183 2767 3240 sicut
2810 3183 2912 3240 tibi
2966 3184 3149 3239 Mariae
3181 3182 3412 3254 vestigia
3437 3184 3798 3256 prosequenti

2197 3275 2540 3348 participatio
2574 3283 2789 3332 aeternae
2823 3273 3284 3332 remunerationis
3309 3273 3584 3347 apparuit,
3607 3272 3685 3330 ita
3703 3273 3800 3330 his

2197 3364 2544 3423 imitantibus
2591 3371 2793 3422 aeterna
2828 3364 3104 3421 credimus
3139 3363 3334 3436 gaudia
3374 3379 3486 3420 non
3515 3363 3794 3436 neganda.

2751 3501 2986 3560 SERMO
3017 3500 3221 3557 XLIX.

2291 3595 2353 3650 In
2377 3592 2557 3650 Natali
2586 3591 2679 3650 SS.
2713 3591 2917 3660 Cantii,
2949 3589 3204 3648 Cantiani
3235 3595 3289 3646 et
3319 3586 3692 3646 Cantianillas.

2196 3702 2517 3769 Martyrum,
2556 3699 2613 3754 in
2640 3715 2867 3770 quorum
2894 3697 3100 3770 laudem
3148 3696 3356 3770 habitus
3389 3701 3464 3750 est
3504 3695 3585 3748 hic
3613 3710 3796 3770 sermo

2265 3765 2454 3841 festum
2491 3765 2528 3826 v
2575 3765 2752 3829 Nonas
2785 3770 3010 3841 Apriles
3041 3769 3097 3821 in
3138 3769 3374 3841 Romano
3394 3765 3798 3841 Inartyrologio

2265 3836 2644 3899 renuntiatur:
2695 3841 2767 3895 ad
2813 3836 2963 3910 quem
2996 3840 3161 3910 locum
3195 3838 3343 3892 card.
3383 3837 3656 3893 Barom'us
3685 3836 3797 3910 ob—

2265 3921 2441 3969 servat
2487 3914 2543 3968 in
2590 3911 2740 3968 Notis
2797 3907 2907 3964 suis
2935 3911 3070 3964 hunc
3114 3909 3288 3978 ipsum
3333 3925 3622 3963 sermonem
3660 3907 3796 3962 Am-

2266 3986 2439 4040 brosio
2515 3998 2814 4054 perperam,
2858 3980 3190 4045 attributum,
3248 3995 3361 4054 eum
3413 3978 3482 4031 sit
3530 3978 3795 4054 Maximi,

2265 4058 2348 4111 cui
2384 4048 2907 4125 judicio-calculum
2969 4056 3210 4104 nostrum
3269 4048 3492 4103 iubentes
3522 4048 3798 4122 adjungi—

2261 4144 2398 4182 mus.

2264 4255 2314 4310 1.
2346 4251 2521 4308 Hodie
2561 4245 3006 4304 beatissimorum
3047 4245 3228 4304 Cantii
3263 4245 3407 4317 (58),
3441 4245 3701 4303 Cantiani
3735 4256 3793 4303 et

2191 4339 2535 4403 Cantianillae
2565 4337 2761 4394 natalis
2791 4344 2892 4393 est.
2936 4337 3107 4404 Quam
3141 4335 3278 4392 bene
3322 4343 3376 4389 et
3400 4333 3644 4405 jucunde
3672 4342 3792 4392 tres

2193 4439 2460 4503 martyres
2515 4445 2626 4484 uno
2682 4442 2819 4498 pene
2855 4425 3126 4482 vocabulo
3180 4425 3614 4497 nuneupantur!
3673 4425 3789 4482 Nec

2191 4519 2392 4576 mirum
2425 4517 2470 4574 si
2501 4516 2710 4574 similes
2740 4523 2869 4571 sunt
2899 4515 3123 4571 nomine
3149 4514 3244 4587 qui
3266 4522 3394 4570 sunt
3425 4512 3634 4570 similes
3663 4530 3787 4586 pas-

488 4611 577 4659 tus
606 4603 664 4659 in
691 4603 924 4660 luctum.
973 4603 1109 4659 Nam
1159 4600 1253 4674 qui
1304 4600 1546 4657 incestus
1597 4597 1774 4654 fuerat
1805 4605 2074 4668 mortuus,

2206 4610 2343 4666 tione
2361 4626 2374 4675 ;
2412 4609 2457 4664 si
2477 4623 2587 4663 una
2607 4614 2687 4662 est
2707 4604 2821 4661 illis
2841 4604 2984 4677 apud
3005 4574 3257 4659 homines
3273 4603 3566 4676 appellatio
3581 4574 3783 4675 quibus

485 4699 668 4748 castus
693 4695 840 4755 458
865 4689 1150 4762 exsurgit;
1182 4699 1236 4746 et
1285 4688 1349 4744 ﬁt
1391 4687 1718 4760 praedicator
1743 4685 2077 4755 castimonii,

486 4788 580 4861 qui
605 4797 924 4860 persecutor
949 4788 1239 4845 exstiterat
1275 4785 1563 4842 castitatis.

557 4876 610 4931 9.
656 4877 743 4932 Ad
800 4877 920 4934 haec
959 4875 1210 4949 sacrilegi
1240 4874 1640 4932 conturbantur
1669 4871 1725 4927 in
1753 4871 1994 4946 templis,
2026 4881 2080 4928 et

485 4965 771 5024 Christum
802 4965 906 5024 ista
935 4966 1198 5023 miracula
1218 4965 1510 5023 facientem
1543 4979 1654 5020 non
1682 4963 1954 5030 timentes,
1986 4978 2078 5018 ex-

483 5053 658 5111 citant
684 5054 1010 5111 seditionem
1041 5054 1301 5127 ignobilis
1327 5053 1478 5127 vulgi
1504 5071 1517 5120 ;
1552 5061 1611 5110 ut
1639 5053 1779 5109 ratio
1807 5069 1927 5126 quze
1955 5069 2076 5109 sua-

484 5141 648 5200 debat
674 5143 840 5200 ﬁnem
871 5143 1224 5210 seditionum,
1256 5144 1589 5200 clamoribus
1605 5145 1781 5216 pulsa,
1804 5143 1988 5200 locum
2020 5142 2078 5199 in

486 5231 764 5289 mentibus
791 5229 1084 5287 hominum
1115 5229 1364 5287 invenire
1384 5247 1496 5287 non
1517 5237 1723 5304 posset.
1761 5230 1920 5286 Pater
1945 5245 2078 5286 vero

487 5320 736 5380 suscitati
777 5319 881 5378 ﬁlii
929 5319 1104 5378 tristis
1157 5319 1419 5378 abscessit
1447 5329 1520 5389 et,
1552 5328 1615 5378 ut
1644 5318 1864 5393 legitur,
1902 5317 2078 5375 turbis

553 5510 668 5582 (56)
703 5510 1018 5580 Sustinebat,
1049 5510 1106 5569 id
1145 5516 1248 5576 est,
1281 5507 1394 5566 ﬁxo
1443 5507 1673 5581 vestigio
1713 5509 1987 5579 manebat,
2017 5518 2070 5569 et

480 5593 578 5634 exs
615 5582 852 5638 ectabat.

524 5597 676 5732 .(gj).
713 5655 921 5734 Desunt
970 5653 1028 5710 in
1063 5651 1185 5712 cod.
1220 5651 1462 5726 Remig.,
1504 5659 1552 5710 et
1587 5659 1660 5711 tot
1695 5653 1826 5726 facti
1862 5657 2073 5720 sunt",

479 5737 650 5792 virgm
657 5739 702 5777 ιδ
726 5740 981 5780 invenisse
987 5768 1000 5780 .

2189 4699 2333 4771 apud
2360 4699 2534 4753 Deum
2565 4703 2646 4752 est
2666 4712 2776 4751 una
2803 4694 3018 4751 voeatio
3055 4695 3170 4766 (59)
3192 4711 3204 4760 ;
3230 4693 3414 4748 uniter
3429 4692 3577 4748 enim
3600 4693 3781 4748 vocati

2187 4797 2316 4847 sunt
2339 4805 2369 4843 a
2394 4787 2651 4856 Domino,
2684 4803 2794 4841 non
2827 4785 3150 4856 interposito
3171 4792 3414 4856 tempore
3437 4783 3594 4838 aliter
3609 4790 3663 4837 et
3684 4782 3778 4838 ali-

2188 4888 2270 4936 ter
2296 4877 2459 4950 passi,
2491 4875 2586 4933 sed
2616 4891 2804 4931 omnes
2834 4874 2934 4930 eod
2947 4891 3032 4931 em
3065 4874 3179 4930 ictu
3211 4872 3414 4944 pariter
3443 4870 3775 4942 martyrium

2188 4969 2553 5041 pertulerunt.
2590 4964 2747 5033 Quod
2779 4963 2998 5037 quidem
3028 4963 3142 5019 illis
3171 4962 3456 5035 parentiva
3485 4959 3716 5032 quadam
3748 4977 3780 5016 a

2188 5055 2409 5112 Christo
2446 5053 2733 5109 affectione
2782 5069 3097 5109 concessum
3132 5061 3249 5117 est;
3304 5057 3367 5106 ut
3413 5057 3778 5120 congruerent

2190 5143 2420 5211 meritis,
2460 5141 2552 5216 qui
2585 5140 2866 5198 vocabulis
2903 5138 3305 5197 concordabant
3339 5156 3350 5192 :
3385 5145 3439 5193 et
3469 5139 3565 5210 qui
3622 5144 3778 5192 erant

2188 5231 2665 5305 consanguinitate
2718 5231 2931 5300 fratres,
2994 5231 3187 5286 ﬁerent
3263 5227 3428 5284 etiam
3486 5226 3778 5283 sanctitate

2187 5327 2463 5399 germani;
2520 5331 2574 5380 et
2617 5339 2851 5395 quorum
2905 5320 3148 5377 membra
3177 5319 3341 5376 unius
3374 5318 3622 5391 corporis
3651 5317 3776 5375 sub-

2259 5511 2374 5582 (58)
2403 5509 2783 5582 Codeerall.,
2814 5507 3232 5564 beatissimorum
3251 5506 3454 5563 Οτιδείιί
3471 5522 3588 5560 cum
3606 5504 3776 5560 tribus

2181 5581 2426 5654 parvulis
2451 5581 2631 5654 ﬂanti,
2661 5588 2764 5654 etc.

2257 5654 2375 5727 (59)
2409 5653 2558 5711 Idem
2585 5653 2760 5710 codex
2790 5651 2958 5718 Gall.,
2980 5666 3085 5707 una
3111 5649 3400 5724 professio.
