3970 6368
284 405 390 462 729

1104 415 1474 476 SERMONES
1509 420 1563 476 S.
1606 422 1962 483 AMBROSIO
2002 427 2370 486 HACTENUS
2408 431 2744 492 ASCRIPTI.

3477 442 3580 501 730

279 533 484 591 stantia
512 537 815 609 vegetabat,
844 557 1034 599 eorum
1065 541 1275 599 animas
1304 543 1548 617 ejusdem
1571 547 1698 604 ﬁdei
1726 567 1870 608 con-
1897 554 1949 614 A
2049 574 2186 624 nun,
2237 557 2365 611 satis
2396 565 2564 613 annon
2595 561 2647 613 in
2679 579 2733 614 eo
2761 562 3083 618 discriminis
3132 566 3412 623 observare
3466 586 3578 624 no-

279 623 448 681 fessio
479 637 792 686 coronaret.

353 730 407 787 2.
450 733 633 791 Refert
673 745 855 794 autem
904 740 972 796 de
1018 739 1194 798 beatis
1240 743 1570 816 supradictis
1618 745 1869 819 historia,

276 820 428 892 quod
453 829 696 895 tempore
726 828 1015 899 passionis,
1055 847 1186 886 cum
1217 848 1308 888 eos
1336 843 1648 905 persecutor
1677 837 1874 912 inqui-

276 917 442 976 reret,
501 927 724 968 ascenso
753 915 1033 986 vehiculo,
1077 918 1288 990 junctis
1319 923 1592 991 mulabus,
1656 942 1750 983 eos
1777 945 1873 983 se-

273 997 468 1054 cedere
516 1001 793 1060 voluisse:
843 1015 897 1062 et
925 1023 1049 1063 cum
1084 1026 1195 1064 non
1227 1011 1387 1084 longe
1424 1012 1494 1068 ab
1537 1015 1691 1072 urbis
1724 1036 1871 1075 moe-

274 1086 444 1143 nibus
470 1089 574 1146 iter
599 1101 818 1162 agerent
851 1096 990 1168 (60),
1023 1114 1197 1155 unum
1236 1101 1440 1158 animal
1465 1103 1533 1160 de
1561 1105 1870 1178 subjunctis

274 1175 462 1234 subito
490 1182 778 1252 corruisse,
828 1193 992 1260 atque
1039 1187 1116 1244 ita
1159 1190 1284 1246 illos
1340 1209 1370 1247 a
1425 1175 1868 1266 persecutoribus

270 1268 716 1341 comprehensos,
750 1281 930 1332 tentos
957 1277 1024 1333 ad
1059 1294 1273 1350 poenam
1310 1281 1450 1354 (61).

345 1373 398 1428 3.
440 1374 596 1442 Quod
621 1378 825 1436 factum
857 1400 1019 1457 quam
1053 1387 1353 1457 gloriosum
1383 1389 1477 1460 sit,
1521 1400 1575 1448 et
1603 1409 1633 1448 a
1662 1393 1864 1451 divini-

270 1467 382 1518 tate
411 1464 765 1540 dispositum,
819 1473 1081 1531 debemus
1111 1476 1413 1535 advertere.
1463 1481 1688 1555 Semper
1715 1486 1860 1540 enim

267 1551 434 1621 Deus,
466 1571 603 1627 quos
632 1559 816 1632 elegit,
850 1561 950 1618 hos
981 1563 1217 1621 victores
1249 1551 1609 1626 subvectione
1633 1573 1862 1629 sublimi

266 1639 328 1696 in
378 1643 554 1698 aulam
597 1647 749 1718 regni
796 1650 1037 1706 caelestis
1088 1652 1318 1710 inducit.
1374 1656 1509 1712 Nam
1540 1658 1684 1715 sicut
1711 1662 1863 1717 Elias

265 1749 434 1791 curru
463 1739 731 1810 applicito
776 1744 930 1814 quasi
961 1747 1206 1803 ascendit
1247 1750 1313 1805 ad
1343 1753 1544 1807 caelum
1589 1753 1699 1823 (ιν
1734 1759 1858 1829 Reg.

263 1839 328 1892 ιι,
367 1825 479 1897 ll),
526 1828 602 1882 ita
633 1836 686 1884 et
710 1830 825 1898 isti,
877 1833 1134 1890 vehiculo
1162 1837 1385 1894 admoto
1433 1841 1500 1894 ad
1532 1825 1860 1916 martyrium

261 1927 670 1984 pervenerunt:
717 1927 770 1974 et
819 1922 1084 1996 quadriga
1133 1926 1277 1982 sicut
1334 1928 1494 1986 illum
1550 1933 1735 1990 evexit
1789 1921 1933 1994 adB

260 2007 532 2080 requiem,
582 2011 658 2067 ita
688 2011 788 2069 hos
817 2018 1062 2088 portavit
1093 2021 1160 2076 ad
1191 2021 1441 2094 gloriam.
1493 2027 1563 2082 Et
1605 2031 1858 2100 quamvis

257 2097 362 2153 illa
389 2099 548 2171 ignea
577 2104 839 2178 quadriga
870 2106 1057 2176 fuerit,
1111 2110 1227 2169 haec
1252 2120 1434 2169 tamen
1464 2097 1696 2174 inferior
1743 2135 1855 2177 non

257 2183 513 2279 habenda
547 2197 648 2259 est,
707 2194 836 2265 quia
873 2195 972 2251 illa
1001 2214 1172 2255 unum
1225 2203 1458 2273 gestavit
1509 2207 1852 2279 prophetam,

258 2272 380 2332 hinc
413 2283 520 2332 tres
551 2289 820 2353 martyres
848 2289 1195 2344 sustentavit.

339 2389 484 2448 459
516 2386 566 2442 4.
615 2387 718 2445 Sed
776 2391 913 2448 dicit
972 2396 1209 2470 aliquis:
1258 2399 1566 2462 Gloriosius
1620 2409 1852 2479 gestavit

255 2485 524 2560 quadriga
549 2490 708 2562 ignea
737 2507 901 2564 quam
930 2502 1165 2554 terrena.
1212 2500 1323 2556 Nec
1352 2501 1457 2559 hoc
1486 2505 1648 2576 plane
1675 2507 1852 2565 defuit

254 2577 462 2631 sanctis
488 2577 659 2651 viris;
692 2595 818 2636 nam
841 2582 984 2641 sicut
1013 2585 1193 2643 Eliam
1229 2589 1386 2661 ignea
1413 2593 1676 2667 quadriga
1713 2613 1850 2668 por-

255 2663 428 2733 tabat,
477 2665 555 2722 ita
587 2676 641 2723 et
671 2679 940 2744 martyres
971 2673 1105 2730 ﬁdes
1136 2676 1294 2750 ignea
1311 2663 1684 2751 jam'ferebat.
1713 2663 1848 2742 -Fe-

261 2753 435 2822 rebat,
480 2757 727 2832 inquam,
776 2761 900 2818 illos
929 2763 1180 2822 Christus
1232 2768 1327 2840 qui
1371 2769 1558 2826 lumen
1602 2780 1703 2841 est,
1752 2774 1847 2847 qui

260 2841 404 2914 ignis
433 2853 535 2914 est,
590 2847 657 2902 de
700 2864 808 2921 quo
847 2854 1115 2924 scriptum
1153 2864 1264 2914 est:
1330 2883 1348 2906 ι
1387 2860 1658 2918 Dominus
1702 2841 1846 2935 ignis

256 2947 587 2991 consumens
613 2945 694 2993 est
725 2939 908 3010 (Hebr.
940 2958 1039 3010 χιι,
1074 2943 1189 3017 29).
1223 2969 1240 2991 ι

325 3039 378 3096 5.
421 3042 566 3114 Ergo
592 3060 715 3100 cum
750 3044 959 3118 beatos,
990 3051 1057 3107 de
1087 3053 1288 3125 quibus
1320 3055 1621 3128 loquimur,
1653 3076 1845 3133 perse-

254 3136 412 3184 cutor
440 3142 676 3204 urgeret,
695 3136 1010 3195 vehiculum
1034 3143 1489 3202 conscenderunt.
1513 3147 1632 3215 Qua
1650 3154 1844 3210 causa?

257 3216 322 3274 Ut
353 3219 647 3321 fugerent?
669 3225 873 3324 .dbsit.
923 3229 1145 3330 Nonout
1174 3233 1464 3305 fugerent;
1516 3239 1630 3334 sed-
1659 3250 1720 3296 ut
1774 3242 1842 3298 ad
1874 3275 1916 3334 C

251 3310 580 3382 martyrium
632 3314 797 3371 citius
844 3320 1237 3390 pervenirent;
1289 3341 1398 3380 non
1447 3335 1509 3383 ut
1537 3329 1837 3400 latitarent,

249 3397 344 3453 sed
374 3406 436 3455 ut
465 3399 809 3461 Christianos
837 3423 894 3462 se
918 3409 1134 3465 cunctis
1165 3416 1581 3473 transeuntibus
1612 3420 1838 3475 manife-

247 3487 389 3543 stius
443 3491 826 3562 approbarent.
887 3495 1154 3554 Caeterum
1203 3504 1473 3560 occultius
1517 3506 1660 3562 inter
1706 3507 1840 3580 plu-

249 3592 335 3631 res
381 3577 438 3632 in
479 3579 705 3636 civitate
737 3583 904 3640 latere
935 3593 1248 3658 potuerant,
1296 3591 1471 3648 tutius
1495 3611 1592 3666 per
1618 3577 1838 3655 diversa

244 3664 450 3737 singuli
482 3667 624 3743 fugae
652 3672 967 3742 praesidium
998 3680 1402 3738 commendare.
1449 3664 1522 3740 At
1565 3703 1697 3744 vero
1740 3689 1835 3744 ubi

245 3755 369 3827 quis
397 3760 815 3832 congregatione
844 3762 1052 3835 habita,
1110 3769 1292 3825 stratis
1323 3770 1614 3843 vehiculis,
1661 3792 1838 3849 appa-

240 3857 364 3942 ratu
419 3852 688 3926 disposito
741 3874 838 3930 per
893 3877 1138 3934 aggerem
1188 3865 1472 3937 publicum
1523 3871 1830 3942 egreditur:

242 3938 362 3996 illic
388 3958 497 3998 non
525 3944 654 4018 fuga
681 3947 915 4007 dicenda
945 3960 1047 4019 est,
1080 3954 1174 4010 sed
1205 3958 1482 4027 profectus
1509 3938 1609 4015 est.
1647 3961 1832 4019 Sancti

240 4030 385 4086 enim
420 4033 526 4089 viri
562 4035 667 4094 hoc
695 4038 841 4098 facto
867 4043 1020 4098 velut
1049 4043 1108 4098 in
1132 4045 1456 4119 triumphali
1491 4067 1658 4106 curru
1690 4053 1831 4125 posi-

239 4118 282 4174 ti
321 4125 768 4183 contestabantur
808 4129 1090 4190 dicentes:
1148 4135 1290 4193 Ecce
1310 4118 1651 4210 persecutor,
1705 4159 1829 4200 ecce

237 4211 659 4304 proficiscimur,
695 4233 818 4273 ecce
847 4223 1240 4292 praecedimus;
1274 4226 1406 4299 quid
1435 4229 1640 4286 resides
1659 4232 1776 4304 (62)
1801 4236 1828 4291 ‘i’

235 4299 372 4370 quid
399 4302 630 4357 moraris
653 4305 680 4359 ?
725 4305 1064 4379 Subsequere
1113 4322 1298 4370 nostra
1328 4317 1598 4390 vestigia;
1653 4299 1828 4378 nolu-

237 4401 361 4440 mus
391 4385 538 4441 enim
576 4389 752 4446 videri
781 4391 945 4450 inviti
975 4398 1126 4455 ducti
1158 4401 1226 4455 ad
1253 4385 1498 4475 poenam,
1540 4385 1633 4481 qui
1676 4428 1827 4484 prte-

235 4473 427 4531 cedere
457 4492 556 4532 nos
584 4479 906 4550 proﬁtemur
933 4485 1000 4540 ad
1029 4488 1279 4558 gloriam.

859 4634 1092 4694 SERMO
1132 4639 1194 4696 L.

500 4727 562 4784 In
594 4730 770 4790 Natali
798 4735 972 4791 sancti
1001 4736 1229 4795 Joannis
1256 4739 1536 4814 Baptista).

231 4834 660 4917 Comparationes
686 4838 740 4892 in
769 4840 862 4925 hoc
890 4858 1124 4925 sermone
1151 4847 1294 4925 inter
1321 4849 1523 4905 Christi
1569 4869 1631 4907 ac
1667 4871 1822 4925 prte-

301 4907 535 4984 cursoris
561 4907 672 4977 ejus
700 4914 929 4968 natalem
956 4915 1227 4984 institutae,
1275 4919 1331 4973 in
1379 4925 1649 4978 nonnullis
1667 4907 1819 4981 Ἀει-

297 4976 496 5058 gustitii
523 4976 846 5058 sermo-nibus
875 4976 1231 5058 reperiuntur,
1277 4992 1413 5047 made
1439 4993 1562 5050 illas
1603 4995 1659 5050 in
1685 4997 1820 5053 hunc

300 5048 593 5128 transferre
633 5055 804 5128 potuit
845 5048 1049 5114 auctor.
1112 5048 1362 5128 Qudmvis
1410 5048 1532 5120 vero

296 5117 564 5177 Ambrosii
591 5117 723 5195 sti/lo
749 5143 856 5182 non
882 5134 988 5184 tam
1015 5117 1284 5204 discrepet,
1308 5117 1815 5208 Qua-mpluresaliwov-

295 5341 427 5423 (_60)_
451 5343 594 5423 Gali.
618 5345 1091 5423 cod.,_an_tecedere
1119 5353 1361 5423 voluisse,
1395 5361 1442 5410 et
1472 5374 1590 5414 cum
1619 5361 1812 5416 voluis-

217 5415 427 5494 sentnad
453 5416 601 5494 urbis
628 5421 822 5494 magnia
849 5421 950 5476 iter
977 5440 1146 5494 agere.

450 5486 598 5570 idem
631 5491 826 5570 code},
859 5485 1248 5570 comprehensos
1275 5499 1347 5553 ad
1370 5515 1600 5570 pansam.

291 5557 407 5683 (312)
423 5559 636 5686 ?Codex
665 5557 832 5631 Gallf,
853 5557 1105 5623 dicentes:
1139 5570 1270 5624 Ecce
1286 5557 1654 5642 prfecedimas,
1679 5577 1811 5647 quid

291 5645 299 5680 π
351 5647 410 5684 es

217 5644 450 5686 resices?
587 5644 593 5647 '

251 5770 260 5780 υ
289 5700 406 5774 (63)
448 5701 634 5764 Codex
655 5705 862 5777 Germ.,
879 5710 1113 5767 omnium
1133 5714 1458 5772 nativitatem
1481 5733 1547 5773 ea;
1562 5719 1808 5791 pro-mis-

217 5789 376 5828 stone.

212 5789 376 5828 stone.

2055 627 2132 682 bis
2160 628 2417 697 videmur,
2444 637 2498 686 ut
2521 631 2692 702 ipsum
2721 640 2898 688 sancto
2927 636 3156 691 antistiti
3187 638 3572 707 abjudicemus.

2054 716 2103 773 1.
2145 719 2207 772 In
2236 719 2408 775 sancti
2439 738 2500 776 ac
2529 721 2833 778 beatissimi
2874 724 3100 780 Joannis
3140 727 3397 800 Baptistae
3447 732 3575 786 lau-

1983 805 2163 876 dibus,
2205 808 2361 881 cujus
2391 813 2627 868 natalem
2658 813 2824 870 hodie
2852 815 3210 886 celebramus,
3245 818 3378 890 quid
3406 821 3572 892 potis-

1980 896 2183 952 simum
2213 900 2522 970 praedicem,
2571 903 2790 959 nescio:
2839 913 3023 960 utrum
3057 907 3204 979 quod
3245 908 3574 966 mirabiliter

1980 997 2140 1044 natus
2171 989 2263 1057 sit,
2310 1005 2379 1044 an
2422 991 2568 1064 quod
2622 993 2934 1050 mirabilius
2972 993 3045 1050 sit
3093 995 3354 1052 occisus?
3402 998 3573 1055 Natus

1979 1077 2126 1158 enim
2176 1086 2256 1133 est
2299 1079 2357 1133 in
2389 1081 2691 1152 prophetia,
2743 1082 2800 1137 in
2846 1083 3078 1140 veritate
3108 1095 3422 1158 peremptus
3451 1095 3566 1143 est:

1977 1165 2249 1222 nascendo
2269 1171 2620 1226 annuntiavit
2641 1171 2944 1228 Salvatoris
2959 1173 3572 1244 adventum,moriendo

1975 1255 2364 1314 condemnavit
2398 1260 2629 1317 Herodis
2659 1261 2950 1319 incestum.
2975 1263 3078 1320 Vir
3106 1265 3252 1320 enim
3276 1275 3497 1322 sanctus
3512 1273 3566 1321 et

1969 1343 2171 1415 justus,
2220 1355 2273 1404 et
2303 1350 2396 1422 qui
2427 1359 2622 1422 praeter
2651 1369 2998 1409 communem
3029 1353 3316 1410 hominum
3351 1357 3567 1412 nativi-

1974 1443 2142 1492 tatem
2175 1455 2242 1494 ex
2277 1443 2698 1513 repromissione
2743 1445 2858 1517 (63)
2909 1455 3196 1518 generatus
3228 1448 3426 1516 fuerat,
3460 1448 3567 1506 hoc

1973 1526 2041 1582 de
2068 1529 2181 1583 Deo
2210 1532 2428 1598 meruit,
2453 1548 2520 1586 ne
2550 1535 2829 1589 communi
2857 1552 2983 1591 cum
3021 1538 3234 1594 caeteris
3265 1538 3333 1594 de
3365 1540 3566 1596 saeculo

1974 1625 2147 1672 morte
2177 1617 2514 1676 discederet:
2577 1621 2671 1677 sed
2714 1639 2912 1694 corpus
2949 1627 3115 1696 quod,
3165 1627 3405 1683 Domino
3452 1627 3565 1684 do—

1973 1716 2156 1775 nante,
2186 1718 2516 1780 susceperat,
2562 1712 2863 1768 Dominum
2894 1716 3211 1772 conﬁtendo
3241 1718 3560 1790 deponeret.

2047 1796 2099 1852 2.
2139 1799 2284 1869 Ergo
2313 1801 2548 1857 Joannes
2576 1817 2670 1875 per
2698 1804 2886 1858 omnia
2914 1807 3255 1862 voluntatem
3284 1809 3386 1864 Dei
3409 1808 3560 1876 fecit;

1970 1886 2099 1959 quia
2147 1896 2367 1960 propter
2413 1907 2550 1962 opus
2590 1891 2814 1947 Domini
2865 1901 2918 1948 et
2964 1902 3125 1950 natus
3151 1904 3230 1951 est
3273 1905 3327 1952 et
3351 1895 3561 1952 defun-

1968 1983 2108 2032 ctus.
2159 1978 2292 2033 Nam
2328 1985 2388 2033 ut
2418 1980 2729 2038 nativitatis
2755 1983 2872 2055 ejus
2898 1984 3094 2040 seriem
3124 1985 3366 2043 breviter
3395 2002 3562 2060 repe-

1967 2071 2166 2134 tamus,
2222 2083 2348 2122 cum
2393 2077 2573 2124 essent
2603 2079 2755 2142 pater
2779 2070 2896 2143 ejus
2936 2073 3225 2131 Zacharias
3277 2083 3332 2131 et
3385 2084 3559 2133 mater

1965 2151 2080 2224 ejus
2109 2154 2392 2212 Elisabeth
2422 2159 2596 2214 aetatis
2623 2169 2901 2218 senectute
2930 2161 3150 2231 defessi,
3199 2171 3253 2219 et
3281 2166 3436 2221 nulla
3481 2168 3562 2223 fi-

1966 2241 2166 2299 liorum
2198 2248 2350 2316 prole
2379 2247 2707 2319 gauderent;
2759 2251 3084 2321 procreandi
3114 2253 3280 2308 etiam
3311 2254 3426 2311 illis
3477 2255 3561 2312 li-

1962 2331 2122 2391 beros
2151 2345 2369 2409 tempus
2398 2339 2850 2398 ﬂorentissimum
2879 2346 3253 2416 praeteriisset,
3293 2347 3372 2404 ita
3398 2355 3460 2402 ut
3490 2348 3557 2404 de

1962 2425 2310 2497 suscipienda
2333 2427 2445 2499 jam
2479 2429 2665 2486 sobole
2696 2431 2812 2504 ipsa
2841 2432 3006 2489 etiam
3055 2451 3147 2490 eos
3191 2445 3318 2492 vota
3345 2436 3557 2495 deﬁce-

1961 2525 2103 2586 rent,
2153 2519 2336 2575 subita
2365 2537 2462 2592 per
2490 2523 2742 2594 angelum
2783 2525 3208 2596 repromissione
3250 2526 3554 2598 donantur,

1961 2614 2015 2662 et
2043 2607 2192 2664 nasci
2221 2609 2486 2666 Joannem
2519 2611 2738 2668 Gabriel
2771 2621 2991 2671 sanctus
3017 2615 3313 2672 annuntiat
3338 2617 3547 2675 dicens:

1972 2720 1990 2743 ι
2019 2698 2096 2753 Ne
2128 2699 2346 2767 timeas,
2372 2700 2654 2769 Zacharia,
2682 2719 2808 2759 ecce
2837 2704 3100 2762 exaudita
3129 2713 3209 2761 est
3239 2707 3552 2779 deprecatio

1957 2793 2072 2854 tua,
2096 2793 2150 2843 et
2181 2803 2321 2844 uxor
2352 2798 2444 2845 tua
2471 2791 2759 2848 Elisabeth
2789 2793 3065 2867 concipiet
3090 2801 3145 2851 et
3176 2796 3350 2868 pariet
3368 2796 3548 2854 tilium

1961 2873 2111 2946 (Luc.
2143 2894 2182 2944 ι,
2217 2877 2329 2949 13).
2364 2903 2383 2928 ι

2030 2964 2080 3020 3.
2124 2968 2398 3025 Exaudita
2427 2978 2530 3038 est,
2562 2970 2767 3043 inquit,
2801 2973 2979 3029 oratio
3008 2980 3123 3040 tua,
3165 2973 3311 3030 unde
3340 2975 3546 3031 intelli-

1955 3053 2133 3124 gimus
2156 3057 2302 3127 quod
2326 3057 2594 3114 Joannem
2616 3060 2891 3116 Zacharias
2911 3061 3129 3132 justitia
3144 3064 3320 3135 magis
3340 3064 3548 3120 orando

1953 3143 2223 3214 genuerit,
2265 3162 2428 3218 quam
2457 3147 2745 3204 Elisabeth
2777 3157 3029 3206 senectus
3059 3155 3397 3222 procreando
3432 3171 3549 3210 sus-

1950 3232 2158 3301 ceperit
2221 3234 2361 3306 (64).
2448 3236 2610 3305 Hinc,
2671 3237 2918 3310 inquam,
2975 3239 3343 3312 intelligimus
3398 3245 3546 3316 quod

1949 3319 2215 3378 Joannem
2258 3325 2564 3382 obsecratio
2593 3328 2884 3396 creaverit,
2932 3345 3044 3384 non
3076 3331 3347 3402 voluptas.
3402 3333 3540 3391 Cum

1949 3408 2094 3464 enim
2123 3413 2357 3466 materni
2389 3414 2533 3468 uteri
2578 3413 2786 3470 viscera
2832 3415 3008 3472 aetatis
3035 3424 3313 3474 senectute
3361 3419 3541 3493 frige-

1948 3509 2180 3566 scerent,
2223 3507 2278 3555 et
2309 3499 2447 3556 fessa
2468 3500 2584 3573 jam
2615 3505 2860 3576 corporis
2890 3505 3135 3562 membra
3182 3505 3540 3566 fecunditatis

1948 3588 2174 3659 gratiam
2210 3589 2596 3660 perdidissent,
2645 3601 2835 3648 contra
2864 3593 3362 3667 impossibilitatem
3415 3614 3537 3655 cor-

1944 3677 2112 3748 poris,
2144 3687 2335 3734 contra
2366 3681 2715 3739 sterilitatem
2747 3683 3044 3753 viscerum,
3092 3685 3372 3742 Zachariae
3401 3703 3536 3758 pre-

1944 3765 2101 3823 cibus
2127 3768 2411 3825 Elisabeth
2437 3779 2623 3827 uterus
2650 3772 2994 3842 intumescit,
3015 3782 3069 3830 et
3097 3775 3351 3846 concepit
3371 3776 3534 3832 Joan-

1942 3878 2067 3918 nem
2126 3881 2238 3920 non
2293 3873 2510 3935 natura,
2559 3867 2652 3922 sed
2701 3867 2891 3938 gratia.
2939 3869 3094 3925 Unde
3148 3884 3366 3925 necesse
3420 3879 3536 3927 erat

1941 3964 2190 4013 sanctum
2235 3959 2387 4016 nasci
2419 3960 2619 4029 ﬁlium,
2671 3960 2764 4032 qui
2806 3977 2917 4016 non
2966 3968 3079 4018 tam
3126 3962 3532 4034 complexibus,

1939 4062 2103 4120 quam
2134 4048 2474 4106 orationibus
2503 4050 2816 4123 gigneretur
2849 4050 2992 4121 (65).

2009 4135 2062 4190 4.
2104 4137 2288 4192 Minus
2332 4145 2512 4193 autem
2562 4139 2752 4194 mirari
2801 4138 3064 4196 debemus
3121 4139 3270 4214 quod
3321 4147 3532 4199 tantam

1937 4221 2174 4280 Joannes
2202 4224 2430 4297 gratiam
2462 4225 2520 4280 in
2549 4227 2822 4283 nascendo
2844 4228 3108 4285 meruerit
3131 4247 3145 4296 ;
3168 4229 3360 4287 debuit
3379 4229 3528 4288 enim

1936 4328 2240 4384 praecursor
2263 4323 2317 4372 et
2347 4317 2584 4388 praevius
2614 4317 2821 4375 Christi
2851 4318 3062 4392 aliquid
3106 4318 3287 4374 simile
3329 4319 3530 4376 habere

1935 4409 2213 4464 nativitati
2243 4411 2468 4467 Domini
2499 4412 2818 4469 Salvatoris.
2851 4412 3134 4486 Siquidem
3162 4415 3432 4470 Dominus
3459 4413 3528 4471 de

1935 4496 2163 4568 Virgine
2208 4499 2472 4571 gignitur,
2535 4501 2772 4557 Joannes
2826 4501 2893 4558 de
2943 4503 3117 4558 sterili
3163 4511 3523 4574 procreatur:

1933 4583 2027 4640 ille
2073 4586 2141 4642 de
2184 4588 2592 4646 adolescentula
2619 4590 2974 4647 immaculata
3018 4590 3380 4663 depromitur,
3431 4591 3524 4649 hic

1853 4637 1902 4694 Ι)
1931 4637 3034 4751 ista}.133333;;EeHSSIJFEcs).
3059 4637 3261 4737 habet
3298 4637 3427 4752 ergo
3468 4690 3524 4738 et

1930 4763 2096 4838 hujus
2117 4767 2377 4826 nativitas
2397 4770 2609 4844 aliquid
2632 4770 2818 4843 gloriae
2838 4779 3002 4844 atque
3023 4773 3297 4831 miraculi.
3323 4773 3520 4843 Quam-

1929 4863 2013 4919 vis
2041 4864 2188 4922 enim
2217 4868 2386 4922 vilior
2417 4875 2605 4940 partus
2636 4868 2887 4924 mulieris
2915 4869 3170 4927 videatur
3212 4888 3328 4928 esse
3356 4888 3518 4944 quam

1927 4958 2072 5016 460
2115 4955 2379 5027 virginis;
2439 4962 2626 5012 tamen
2684 4956 2828 5013 sicut
2877 4959 3105 5015 Mariam
3158 4963 3516 5034 suspicimus,

1926 5050 2072 5122 quod
2098 5051 2254 5125 virgo
2282 5052 2579 5124 pepererit,
2620 5052 2698 5110 ita
2725 5053 3008 5113 Elisabeth
3041 5058 3329 5130 miramur,
3369 5058 3518 5133 quod

1925 5139 2144 5198 anicula
2171 5141 2560 5215 procreaverit.

1996 5359 2112 5431 (64)
2154 5359 2356 5434 Omnes
2384 5359 2516 5434 edit.
2558 5377 2685 5434 cum
2715 5377 2845 5420 mss.
2885 5363 3120 5431 duobus,
3165 5364 3511 5434 procurando

1920 5433 2241 5507 susceperit;
2310 5433 2508 5489 melius
2561 5433 2665 5489 cod
2717 5434 2914 5507 Lugd,
2954 5433 3284 5506 procreanda
3329 5451 3512 5493 susce-

1914 5503 2073 5575 perit.

1991 5574 2120 5650 (65)
2155 5576 2298 5633 Unde
2352 5593 2547 5634 necesse
2591 5584 2818 5636 erat.....
2864 5579 3184 5650 gigneretur,
3243 5579 3396 5639 deest
3449 5582 3508 5640 in

1918 5663 2047 5703 mss.
2083 5648 2266 5703 Germ.

1989 5718 2106 5790 (66)
2149 5719 2273 5776 Vet.
2305 5720 2464 5791 edit.,
2514 5720 2602 5778 ille
2635 5721 2695 5776 de
2723 5721 3152 5783 adolescet-ntulit:
3195 5725 3289 5785 ista
3310 5725 3506 5797 dejam
