3970 6382
465 394 564 452 731
1467 391 1565 448 ΑΙ)
1603 392 1838 448 OPERA
1875 391 1931 448 S.
1960 392 2023 459 ,Α

2146 391 2307 452 lOSII
2341 393 2723 452 APPENDIX.
3655 391 3770 454 732

527 523 582 582 ὄ.
618 519 779 592 Quod
805 519 1030 595 quidem
1059 520 1269 579 factum
1297 519 1627 594 mysterium
1645 520 1872 597 aliquod
1901 521 2048 581 arbi-
2075 525 2130 587 Α
2159 540 2196 593 ι,
2227 523 2351 597 64);
2379 531 2582 598 quanto
2604 524 2777 598 magis
2793 539 2922 583 cum
2940 521 3231 581 laudamus
3248 522 3434 595 illum,
3456 523 3766 600 eloquium

459 625 579 672 tror
604 611 908 682 continere,
953 619 1016 670 ut
1045 613 1302 682 Joannes,
1353 613 1448 686 qui
1486 613 1688 669 veteris
1714 613 2053 672 Testamenti
2163 629 2539 686 promeremur
2556 615 2652 671 <iet
2679 615 2725 671 si
2753 613 2906 670 illius
2931 631 2992 670 os
3021 630 3148 671 cum
3178 613 3238 670 in
3267 613 3475 672 saeculo
3502 629 3767 674 nascere-

459 705 692 782 ﬁguram
721 705 960 778 gerebat,
991 703 1138 761 senis
1173 705 1513 763 mulierculae
1542 705 1748 779 frigido
1767 706 1881 780 jam
1915 724 2054 764 san-
2162 711 2255 760 tur
2281 704 2531 777 aperuit,
2551 713 2756 774 quanto
2784 703 2958 778 magis
2984 719 3112 764 cum
3141 719 3243 778 pro
3271 702 3496 764 Christo
3516 703 3763 780 patitur,

459 795 626 869 guiue
654 802 970 853 nasceretur
991 811 1003 850 :
1023 793 1292 850 Dominus
1313 805 1496 852 autem
1525 795 1620 869 qui
1642 796 1795 870 regni
1815 797 2054 854 cmlestis
2163 811 2258 851 ora
2284 802 2472 851 nostra
2497 794 2758 852 fecundat
2784 794 2813 850 7

457 889 820 964 Evangelium
850 887 1193 962 praedicaret,
1247 886 1514 944 ferventis
1557 886 1873 960 juvenculas
1915 889 2050 948 ﬂore
2234 884 2286 941 2.
2327 883 2466 942 Cum
2495 885 2642 940 enim
2662 882 2973 970 Zacharias
3019 891 3174 958 pater
3215 883 3337 958 ejus
3383 892 3608 960 propter
3665 886 3766 946 in-

458 979 892 1054 progrederetur.
917 976 1088 1034 Maria
1109 975 1280 1045 enim,
1305 977 1529 1035 conscia
1556 977 1914 1052 virginitatis,
1948 979 2050 1036 mi-
2160 971 2542 1031 credulitatem
2585 972 2894 1030 nativitatis
2935 972 3092 1031 illius
3137 973 3206 1031 ab
3255 976 3450 1049 angelo
3497 976 3770 1036 Gabriele

459 1075 612 1126 ratur
637 1069 812 1126 fetum
833 1065 1137 1124 visceribus
1158 1065 1476 1125 involutum
1503 1085 1514 1124 :
1538 1067 1825 1126 Elizabeth
1842 1077 2046 1140 autem,
2161 1061 2369 1119 silentii
2397 1072 2540 1121 esset
2588 1063 2963 1122 taciturnitate
2991 1064 3264 1121 multatus
3317 1064 3480 1137 (Ibid.
3525 1065 3648 1138 20),
3700 1072 3769 1125 et

459 1159 678 1218 conscia
727 1157 1044 1227 senectutis,
1095 1156 1366 1214 erubescit
1417 1165 1580 1231 partu
1631 1166 1851 1216 uterum
1915 1176 2048 1233 praa-
2153 1150 2269 1224 jam
2297 1151 2396 1208 diu
2441 1159 2627 1210 mutus
2654 1153 2950 1211 verborum
2978 1151 3274 1226 dispendio
3305 1153 3510 1212 mentis
3542 1164 3768 1214 secreta

458 1256 742 1320 gravatum
777 1247 893 1320 (67)
921 1264 934 1314 ;
977 1245 1114 1304 dicit
1143 1247 1290 1303 enim
1325 1248 1696 1322 evangelista:
1749 1275 1767 1298 ι
1799 1249 2049 1308 Occulta.
2158 1243 2384 1312 velaret,
2429 1242 2613 1300 subito
2639 1249 2769 1299 nato
2795 1242 3008 1298 Joanne
3035 1240 3180 1311 ﬁlio,
3230 1259 3358 1300 cum
3387 1243 3534 1316 apud
3563 1243 3764 1317 proxi-

455 1335 550 1394 bat
577 1351 636 1393 se
662 1334 946 1392 mensibus
974 1334 1220 1410 quinque
1255 1336 1406 1409 (Luc.
1441 1355 1480 1407 ι,
1511 1337 1627 1409 24),
1659 1361 1679 1386 ι
2157 1347 2277 1389 mos
2304 1340 2443 1390 esset
2469 1332 2750 1390 contentio
2779 1348 2888 1406 quo
2918 1331 3144 1390 nomine
3171 1341 3484 1405 vocaretur,
3509 1334 3761 1391 oﬁ‘erun-

524 1425 578 1482 6.
616 1424 762 1482 Illud
789 1431 972 1482 autem
1003 1439 1168 1498 quam
1197 1424 1538 1493 mirandum,
1573 1426 1721 1500 quod
1750 1425 1897 1484 idem
1929 1427 2048 1484 Ga-
2156 1428 2249 1478 tur
2263 1423 2405 1495 patri
2426 1422 2623 1480 tabulas
2647 1441 2662 1493 ;
2685 1431 2748 1480 ut
2765 1421 3098 1480 vocabulum
3121 1421 3241 1495 ejus
3271 1439 3373 1496 pro
3393 1440 3496 1481 suo
3515 1423 3762 1480 arbitrio

453 1513 594 1572 briel
623 1513 982 1588 archangelus
1009 1514 1296 1588 utriusque
1325 1513 1638 1572 nativitatis
1669 1515 1914 1574 oﬁicium
1950 1533 2048 1574 re—
2157 1510 2272 1584 ipse
2296 1511 2648 1582 describeret,
2696 1519 2752 1569 et
2781 1511 2927 1585 quod
2959 1527 3212 1570 sermone
3242 1529 3354 1570 non
3381 1522 3618 1588 poterat,
3662 1513 3760 1570 lit-

455 1605 796 1680 praesentat?
839 1603 1158 1662 Zachariam
1206 1606 1418 1662 solatur
1464 1604 1834 1676 incredulum,
1863 1607 2048 1664 conﬁ—
2156 1601 2288 1659 teris
2315 1601 2668 1676 loqueretur:
2722 1608 2858 1660 tunc
2885 1600 3088 1660 mirum
3137 1602 3197 1658 in
3239 1603 3467 1660 modum
3509 1603 3760 1678 acceptis

453 1695 674 1752 dentem
729 1696 959 1753 Mariam
1011 1695 1354 1754 cohortatur.
1405 1698 1506 1754 Ille
1558 1697 1686 1770 quia
1743 1695 2043 1768 dubitavit,
2155 1694 2517 1768 pugillaribus
2543 1702 2607 1752 ut
2635 1693 2848 1768 stylum
2875 1693 3082 1768 ﬁgeret,
3117 1695 3362 1769 linguam
3398 1695 3652 1766 resolvit,
3689 1713 3758 1755 ac

453 1799 645 1842 vocem
673 1784 952 1858 perdidit:
986 1785 1104 1844 haec
1132 1785 1262 1858 quia
1289 1785 1476 1844 statim
1507 1785 1764 1856 credidit,
1798 1785 2043 1846 Verbum
2153 1783 2366 1842 litteras
2393 1799 2646 1842 sermone
2673 1785 2963 1860 praevenit,
2993 1793 3047 1844 et
3073 1785 3341 1843 Joannem
3369 1801 3484 1843 non
3516 1793 3757 1846 testatus

450 1873 688 1932 salutare
714 1873 986 1947 concepit.
1759 1893 1763 1899 ·
2073 1895 2121 1957 Β
2154 1881 2254 1943 est,
2287 1873 2382 1931 sed
2405 1876 2646 1932 locutus.

525 1963 576 2019 7.
617 1963 732 2020 Hoc
762 1963 926 2020 etiam
958 1962 1018 2019 in
1045 1962 1302 2021 laudibus
1329 1963 1557 2020 Joannis
1592 1963 1822 2022 minime
1847 1971 2047 2022 tacen-
2227 1965 2281 2024 3.
2317 1964 2515 2024 Videte
2540 1966 2710 2040 igitur
2738 1964 2915 2024 sancti
2943 1965 3204 2040 Baptistae
3234 1965 3520 2036 meritum,
3548 1983 3750 2026 vocem

449 2049 586 2108 dum
613 2051 856 2122 videtur,
904 2052 1053 2126 ‘quod
1100 2052 1350 2110 nondum
1382 2063 1545 2110 natus
1587 2053 1702 2126 jam
1729 2053 2042 2128 prophetat,
2154 2054 2296 2129 patri
2331 2054 2591 2126 reddidit,
2624 2055 2895 2113 sacerdoti
2926 2055 3296 2130 eloquentiam
3325 2055 3622 2129 reparavit.
3646 2057 3748 2116 Vi-

449 2148 505 2199 et
531 2140 714 2199 adhuc
749 2142 809 2198 in
838 2143 1072 2199 materni
1115 2143 1260 2199 uteri
1290 2143 1506 2200 sinibus
1533 2143 1889 2212 constitutus,
1936 2144 2045 2199 ad-
2153 2145 2295 2214 dete,
2320 2145 2564 2219 inquam,
2589 2145 2850 2203 meritum
2873 2162 2962 2202 :os
2982 2145 3130 2219 quod
3153 2145 3379 2220 angelus
3395 2145 3745 2220 alligaverat,

449 2237 678 2287 ventum
709 2229 938 2301 Christi,
964 2231 1095 2304 quia
1115 2247 1250 2288 voce
1279 2249 1392 2288 non
1414 2241 1646 2306 poterat,
1681 2231 1895 2306 gaudiis
1913 2249 2040 2290 con-
2152 2235 2388 2291 Joannes
2410 2235 2683 2292 absolvit:
2710 2234 2858 2308 quod
2887 2234 3113 2292 Gabriel
3144 2234 3514 2306 obstruxerat,
3541 2251 3746 2309 parvu-

450 2319 657 2378 ﬁtetur.
709 2321 859 2380 Dicit
885 2321 1036 2378 enim
1064 2322 1357 2380 Elizaheth
1393 2324 1462 2380 ad
1501 2331 1745 2380 sanctam
1763 2322 2032 2380 Mariam:
2153 2325 2238 2380 lus
2265 2325 2552 2380 reseravit:
2604 2341 2917 2399 quanquam
2959 2333 3012 2381 et
3037 2325 3154 2398 ipse
3193 2324 3265 2382 sit
3301 2325 3547 2398 angelus,
3594 2325 3746 2382 sicut

463 2433 482 2457 ι
513 2409 691 2468 Simul
719 2418 782 2468 ut
810 2411 955 2469 facta
978 2419 1061 2469 est
1089 2429 1201 2468 vox
1229 2411 1576 2470 salutationis
1606 2419 1712 2469 tuae
1733 2411 1793 2468 in
1813 2411 2040 2468 auribus
2150 2412 2416 2486 scriptum
2459 2422 2540 2470 est
2573 2413 2642 2470 de
2679 2429 2777 2469 eo:
2842 2437 2862 2462 ι
2889 2413 3033 2472 Ecce
3065 2413 3227 2470 mitto
3255 2414 3509 2486 angelum
3555 2429 3745 2472 meum

448 2499 606 2570 meis,
628 2501 931 2558 exsultavit
959 2501 1016 2556 in
1047 2502 1246 2575 gaudio
1275 2502 1536 2560 infansin
1562 2511 1718 2560 utero
1733 2519 1855 2560 meo
1873 2502 2034 2574 (Ibid.
2148 2509 2276 2559 ante
2303 2501 2500 2560 faciem
2527 2509 2679 2559 tuam
2708 2501 2966 2575 (Malach.
2987 2519 3071 2573 nr,
3099 2504 3176 2576 l).
3205 2527 3224 2552 ι
3267 2501 3543 2576 Respicite
3569 2501 3747 2576 igitur

446 2589 575 2664 44);
614 2615 633 2640 ι
691 2592 933 2648 exsultat
962 2593 1110 2650 enim
1139 2593 1376 2651 Joannes
1423 2602 1715 2668 antequam
1757 2601 2035 2662 nascatur,
2145 2591 2430 2662 Joannem,
2476 2597 2614 2656 461
2652 2599 2854 2666 quanta
2884 2591 2970 2649 vis
2997 2590 3072 2651 sit
3104 2591 3224 2666 ejus
3253 2591 3532 2662 vocabuli,
3573 2590 3746 2665 cujus

445 2687 500 2737 et
540 2679 858 2756 priusquam
902 2682 1098 2740 mundi
1147 2683 1324 2741 oculis
1363 2682 1616 2740 habitum
1661 2691 2032 2757 recognoscat,
2146 2692 2486 2766 nuncupatio
2527 2690 2771 2750 reddidit
2817 2699 2974 2748 muto
3016 2707 3230 2761 vocem,
3253 2675 3424 2765 ’patri
3452 2689 3743 2763 pietatem,

437 2768 553 2842 jam
581 2769 784 2844 spiritu
807 2771 1006 2830 mundi
1041 2773 1344 2830 Dominum
1393 2772 1755 2846 recognoscit.
1803 2773 1868 2830 In
1923 2788 2034 2846 quo
2144 2783 2346 2856 populo
2375 2781 2731 2840 sacerdotem.
2763 2781 2923 2838 Prius
2952 2781 3101 2839 enim
3141 2788 3259 2840 erat
3301 2788 3489 2838 tacens
3532 2781 3751 2854 lingua,

443 2859 681 2919 arbitror
736 2863 1113 2938 prepheticam
1159 2864 1458 2923 convenire
1503 2864 1854 2935 sententiam,
1912 2881 2032 2939 quae
2143 2871 2348 2928 sterilis
2377 2871 2514 2940 ﬁlio,
2545 2872 2794 2944 privatus
2818 2871 3002 2930 oﬂicio
3025 2890 3038 2930 :
3065 2878 3122 2928 at
3150 2870 3248 2928 ubi
3276 2870 3525 2928 Joannes
3550 2869 3752 2927 nasci-

442 2950 612 3010 dicit:
655 2975 676 3000 ι
701 2951 1028 3026 Priusquam
1059 2963 1112 3011 te
1139 2954 1436 3012 formarem
1465 2955 1524 3011 in
1553 2965 1730 3025 utero,
1775 2955 1908 3013 novi
1937 2963 2025 3022 te;
2143 2971 2254 3034 tur,
2285 2963 2350 3020 ﬁt
2397 2973 2619 3038 repente
2665 2971 2837 3038 pater,
2885 2963 3172 3037 propheta,
3204 2963 3293 3021 vel
3325 2963 3583 3037 pontifex
3609 2982 3624 3032 ;
3661 2963 3750 3022 ιο-

442 3049 498 3098 et
525 3040 844 3115 priusquam
871 3043 1050 3101 exires
1069 3044 1138 3100 de
1159 3046 1346 3115 vulva,
1371 3044 1714 3102 sanctiﬁcavi
1733 3053 1787 3103 te
1811 3044 2026 3117 (Jerem.
2141 3054 2302 3128 quola
2329 3070 2491 3111 usum
2521 3053 2738 3128 recipit,
2767 3055 2978 3126 prolem
3015 3053 3234 3110 affectio
3275 3052 3524 3127 suscipit,
3557 3068 3755 3112 sacer-

441 3147 485 3202 1,
511 3129 596 3204 δ).
627 3155 648 3180 ι
703 3131 858 3190 Unde
887 3131 1077 3188 mirari
1105 3150 1220 3190 non
1248 3133 1513 3192 debemus
1541 3135 1688 3208 quod
1715 3133 1786 3191 ab
1815 3133 2030 3192 Herode
2139 3142 2326 3201 dotem
2354 3143 2569 3202 functio
2597 3143 2960 3216 recognoscit.

441 3219 744 3334 incarcere
771 3220 990 3324 clausus
1043 3217 1186 3296 (68).
1229 3221 1514 3334 (thrislpm
1542 3239 1757 3326 semper
1785 3223 1901 3282 suis
1930 3222 2029 3280 di-
2059 3267 2110 3334 Ο
2208 3232 2261 3290 4.
2294 3233 2432 3292 Cum
2461 3249 2590 3307 ergo
2625 3240 2780 3290 tanta
2814 3231 2902 3288 vis
2954 3231 3028 3290 sit
3071 3230 3190 3305 ejus
3217 3230 3495 3301 vocabuli,
3529 3231 3748 3292 dicturi

439 3310 668 3386 scipulis
693 3310 976 3371 intimavit
995 3331 1011 3383 ;
1031 3329 1158 3370 cum
1187 3314 1356 3371 etiam
1386 3315 1608 3374 clausus
1625 3308 1686 3374 in
1703 3323 1860 3374 utero
1880 3331 2030 3374 eum-
2059 3308 2110 3334 υ
2140 3325 2208 3384 de
2237 3343 2322 3396 eo,
2364 3325 2468 3384 etsi
2517 3333 2700 3384 tacere
2743 3324 3023 3395 volumus,
3073 3323 3237 3380 silere
3265 3340 3379 3381 non
3409 3339 3745 3398 possumus;

440 3398 565 3459 dem
593 3400 891 3460 Dominum
921 3401 1164 3478 gestibus
1193 3402 1528 3478 praedicarit.
2141 3415 2256 3490 ipse
2284 3416 2435 3474 enim
2463 3417 2698 3474 Joannes
2733 3430 2848 3472 vox
2875 3413 3166 3473 clamantis
3202 3413 3427 3472 dicitur.
3460 3413 3596 3484 Quis
3625 3413 3751 3490 igi-

1053 3547 1290 3608 SERMO
1327 3548 1418 3606 LL
2138 3514 2251 3608 tur,
2283 3507 2389 3608 qui
2407 3523 2602 3608 vocem
2629 3507 2923 3608 laudet,_‘et
3149 3505 3178 3562 7
3221 3505 3516 3608 clamorem
3546 3505 3748 3608 adn-1i-

915 3655 928 3668 .
1053 3593 1286 3670 7m?“
1307 3593 1422 3670 ξ”ξ
1575 3657 1588 3670 .
1647 3657 1689 3670 ..
1770 3658 1806 3670 _.
1844 3666 1854 3670 _
2139 3605 2310 3668 retur,
2343 3605 2397 3656 et
2423 3605 2612 3656 mutus
2633 3597 2748 3655 sit?
2775 3594 2878 3654 Ait
2916 3594 3065 3652 enim
3113 3593 3230 3669 ipse
3275 3593 3345 3653 de
3385 3610 3490 3654 se:
3543 3617 3564 3644 ι
3618 3595 3748 3670 Ego

534 3654 614 3711 De
641 3655 1002 3728 prmrogativa
1029 3654 1276 3728 ejusdem
1305 3657 1362 3716 S.
1391 3657 1620 3717 Joannis
1647 3657 1928 3734 Baptistae.

2146 3654 2402 3745 sn’mioix‘
2426 3654 2739 3745 sanan
2785 3684 2844 3742 in
2873 3683 3089 3742 deserto
3119 3654 3314 3758 (ῖιοαη.
3345 3701 3388 3754 ι,
3417 3682 3533 3758 23).
3563 3706 3582 3733 ι
3627 3654 3750 3742 vi;

437 3765 693 3851 Ejusdem
719 3772 952 3829 auctoris
976 3773 1112 3852 hunc
1137 3792 1424 3852 sermonem
1451 3793 1578 3846 esse,
1602 3775 1754 3847 cujus
1783 3783 1837 3852 et
1859 3793 2029 3849 supe-
2137 3776 2262 3834 dete
2289 3775 2423 3852 quid
2450 3775 2692 3844 dixerit;
2729 3789 2842 3832 non
2871 3773 3020 3830 enim
3049 3773 3130 3830 ait
3157 3779 3374 3830 tantum
3410 3789 3425 3831 :
3465 3773 3584 3846 Ego
3611 3789 3747 3834 sum

505 3847 706 3897 riorem
725 3859 850 3919 eum
890 3862 956 3901 ea:
999 3847 1136 3917 style
1162 3847 1353 3919 conjici
1378 3855 1564 3918 potest,
1620 3855 1730 3904 tum
1767 3847 1937 3905 etiam
1959 3865 2026 3904 ea:

505 3929 563 3968 eo
600 3915 752 3990 quod
766 3915 932 3990 eidem
953 3915 1199 3990 proxime
1222 3915 1503 3990 sisbjiditur
1547 3915 1606 3977 in
1635 3927 1736 3977 vet.
1785 3921 1912 3978 edit.
1962 3937 2026 3977 ac

503 4000 645 4065 mss;
679 3986 827 4065 Illud
849 3986 1016 4060 porro
1035 3991 1187 4065 quod
1220 4010 1254 4048 a
1285 3986 1432 4065 tium.
1482 3992 1518 4050 5
1569 4009 1732 4065 usque
1767 3993 1842 4049 ad
1867 3993 2026 4065 ﬁnem

504 4055 568 4134 de
605 4057 828 4134 Joannis
849 4055 1226 4134 magnitudine
1265 4063 1484 4134 dicitur,
1529 4081 1594 4121 ea:
1636 4055 1920 4121 Ambrosio
1965 4063 2026 4120 iu

503 4125 708 4208 Lucam
725 4130 832 4208 Alib.
859 4149 922 4198 II,
949 4125 1094 4208 itum.
1119 4135 1241 4204 110,
1263 4125 1548 4208 ἱηιὶιανίξασ
1567 4136 1794 4208 proprio
1812 4134 2020 4205 ingenio

495 4204 829 4326 mtroctare
864 4205 1038 4276 potuit
1065 4207 1321 4264 sermonis
1361 4204 1586 4264 auctor?
1627 4204 1694 4262 ei:
1737 4223 1794 4262 eo
1841 4204 2020 4262 autem

646 4289 822 4326 ensum
867 4277 1125 4326 mutuari-
1167 4279 1261 4326 mai
1297 4295 1585 4326 sermonem
1627 4279 1728 4326 197
1776 4277 2020 4326 Annend-

646 4277 844 4350 ipsum
867 4277 1126 4350 mutuari,
1167 4279 1261 4350 qui
1297 4295 1585 4335 sermnem
1627 4279 1728 4336 197
1775 4277 2020 4350 Append.

501 4341 728 4422 August.
755 4345 844 4422 ubi
870 4347 964 4404 hoc
989 4341 1346 4422 frag'mentum
1375 4351 1635 4422 integrum
1668 4341 1878 4416 exstat;
1904 4365 2022 4404 con-

495 4415 824 4505 iarpinaoit,
853 4436 961 4476 non
985 4415 1128 4505 enim
1152 4429 1370 4505 uterque
1396 4423 1462 4478 ab
1480 4415 1668 4505 'eadeln
1697 4415 1858 4505 inanti
1894 4437 2022 4492 pro-

499 4483 665 4556 fectus
689 4483 917 4558 videtur,
949 4498 997 4547 et
1022 4495 1199 4550 minus
1227 4483 1310 4550 hic
1339 4499 1518 4550 noster
1542 4491 1710 4564 refert
1735 4483 2018 4562 centoriem,

500 4573 660 4629 quam
687 4564 1049 4633 supradictus.

2135 3952 2574 4028 consequendam
2628 3967 2740 4008 vox
2786 3965 2944 4006 aures
2991 3955 3261 4022 penetret,
3312 3950 3525 4008 clamor
3568 3950 3751 4010 corda

2134 4043 2414 4102 concutiat
2445 4061 2457 4100 :
2500 4057 2612 4098 vox
2639 4055 2870 4114 regnum
2897 4037 3177 4112 praedicet,
3214 4038 3427 4095 clamor
3452 4039 3748 4111 judicium

2133 4132 2520 4192 comminetur.

2203 4223 2256 4280 5.
2280 4220 2508 4293 Magnus
2526 4217 2698 4292 igitur
2715 4218 2974 4284 Joannes,
2993 4215 3156 4292 cujus
3175 4215 3546 4290 magnitudini
3565 4220 3744 4281 etiam

2131 4313 2383 4372 Salvator
2405 4307 2790 4368 testimonium
2824 4307 3098 4382 perbibet,
3127 4306 3320 4366 dicens
3353 4325 3366 4364 :
3409 4331 3429 4356 ι
3456 4309 3608 4366 Inter
3633 4325 3737 4367 na-

2132 4411 2216 4462 tos
2255 4402 2554 4460 mulierum
2581 4397 2756 4474 major
2783 4415 2897 4456 non
2927 4405 3010 4456 est
3039 4398 3249 4457 Joanne
3282 4397 3530 4472 Baptista
3576 4399 3736 4472 (Luc.

2129 4510 2234 4560 vn,
2262 4493 2378 4566 28).
2409 4517 2428 4542 ι
2478 4490 2750 4550 Praecellit
2777 4489 3012 4560 cunctis,
3045 4487 3256 4546 eminet
3297 4487 3594 4560 universis,
3622 4507 3740 4548 an-

2127 4587 2330 4646 tecedit
2385 4587 2696 4662 prophetas,
2747 4584 3160 4659 supergreditur
3233 4581 3600 4660 patriarchas,
3677 4588 3736 4638 et

2127 4675 2378 4750 quisquis
2403 4676 2470 4733 de
2498 4675 2728 4733 muliere
2756 4675 3022 4743 nascitur,
3045 4672 3284 4730 inferior
3313 4677 3404 4730 est
3431 4671 3656 4728 Joanne.

2200 4776 2253 4833 6.
2281 4775 2387 4832 Sed
2411 4774 2672 4832 debemus
2699 4774 2994 4848 diligenter
3022 4771 3331 4847 inquirere,
3363 4786 3462 4828 cur
3505 4767 3584 4827 ita
3607 4770 3733 4826 Do-

503 4689 553 4745 1.
593 4689 777 4747 Sancti
832 4691 1058 4750 Joannis
1103 4692 1362 4766 Baptistae
1418 4646 1654 4750 natalem
1685 4691 1851 4750 hodie
1881 4707 2020 4764 pro—
2046 4639 2096 4698 Β

429 4786 719 4838 secuturus
745 4789 926 4838 tacere
955 4782 1175 4852 vellem,
1221 4790 1276 4838 et
1301 4781 1544 4840 laborem
1572 4789 1738 4857 atque
1783 4779 2022 4854 imperi-

428 4865 565 4923 tiam
591 4885 770 4926 meam
800 4871 1023 4928 silentio
1047 4888 1331 4930 coercere:
1382 4872 1478 4930 sed
1506 4871 1622 4946 ipsa
1659 4871 1746 4928 vis
1775 4869 2022 4928 nominis

428 4954 546 5028 ejus
574 4959 804 5018 minime
850 4980 938 5020 me
967 4964 1126 5022 silere
1156 4964 1462 5039 permittit:
1512 4980 1641 5022 nam
1679 4961 2020 5035 nuncupatio

427 5047 686 5106 vocabuli
735 5051 924 5126 ipsius,
979 5057 1216 5129 pectoris
1258 5057 1435 5114 nostri
1477 5064 1633 5130 urget
1674 5062 1900 5124 secreta,
1949 5055 2017 5110 si-

427 5139 587 5197 lentii
621 5143 796 5199 nostri
826 5146 1054 5202 resolvit
1078 5164 1293 5218 arcana,
1317 5157 1370 5205 et
1396 5148 1543 5222 quod
1573 5144 2018 5204 dissimulatione

425 5230 710 5302 reticetur,
761 5231 1125 5291 admiratione
1155 5236 1526 5308 compellitur.
1583 5235 1638 5292 Si
1678 5235 1826 5292 enim
1861 5243 2020 5306 pater

423 5319 715 5380 Zacharias
743 5339 871 5380 cum
899 5339 1024 5380 eum
1055 5325 1390 5394 nominavit,
1411 5342 1603 5382 vocem
1633 5325 1834 5398 recepit
1860 5325 2014 5398 (Luc.

2131 4865 2314 4924 minus
2356 4865 2584 4933 dixerit,
2615 4863 2722 4921 hoc
2749 4872 2830 4922 est
2857 4881 2870 4921 :
2917 4887 2938 4912 ι
2978 4863 3128 4920 Inter
3157 4869 3316 4919 natos
3348 4858 3664 4930 mulierum,
3696 4883 3715 4909 ι

2129 4965 2182 5013 ct
2209 4973 2322 5012 non
2347 4956 2534 5029 potius
2560 4954 2768 5012 dixerit
2808 4971 2822 5012 :
2869 4953 3020 5010 Inter
3043 4951 3190 5009 ﬁlios
3219 4951 3472 5008 virorum
3501 4966 3618 5008 non
3645 4957 3730 5008 est

2129 5045 2303 5118 major
2321 5047 2548 5114 Joanne,
2580 5061 2706 5104 cum
2736 5044 2928 5120 utique
2955 5045 3216 5100 mulieres
3247 5051 3408 5099 natos
3435 5040 3558 5100 sine
3584 5039 3730 5098 viris

2130 5138 2326 5196 habere
2353 5154 2465 5194 non
2494 5137 2724 5210 possint.
2754 5137 2871 5195 Hoc
2888 5143 3070 5192 autem
3099 5135 3262 5203 dixit,
3297 5133 3429 5208 quia
3455 5147 3688 5189 numero
3709 5159 3732 5175 -

2128 5229 2240 5287 sior
2267 5238 2351 5288 est
2377 5230 2556 5302 proles
2595 5229 2896 5286 mulierum
2925 5243 3090 5302 quam
3121 5226 3371 5284 virorum
3397 5242 3411 5292 ;
3457 5231 3541 5282 est
3571 5223 3728 5280 enim

2128 5319 2377 5376 mulieris
2400 5319 2571 5388 ﬁlius,
2593 5319 2689 5392 qui
2713 5319 2822 5376 viri
2838 5317 2988 5374 ﬁlius
3008 5333 3121 5374 non
3137 5325 3245 5375 est.
3265 5314 3518 5390 Denique
3539 5319 3730 5371 sancta

2201 5487 2318 5558 (67)
2351 5485 2524 5554 Edit.,
2537 5491 2759 5557 partum
2777 5491 2928 5540 utero
2941 5489 3282 5555 prwgraoato
3303 5499 3318 5550 ;
3347 5483 3550 5540 melius
3567 5499 3728 5553 mss.,

2122 5565 2286 5631 partu
2315 5565 2522 5612 uterum
2543 5563 2960 5631 jar-segmentum.

2200 5629 2316 5700 (68)
2336 5631 2417 5686 Ita
2445 5625 2609 5695 tussi;
2641 5625 2697 5683 at
2724 5626 2856 5684 edit.
2889 5640 3100 5694 omnes,
3129 5625 3319 5682 missus
3350 5625 3410 5682 in
3437 5641 3724 5695 carcerem,

2125 5703 2360 5768 clausus,
2390 5707 2498 5757 etc.

423 5483 562 5562 [esse
587 5493 872 5562 generatae
891 5505 924 5562 ,'_
959 5489 1116 5562 Rom.
1137 5495 1203 5562 et
1230 5487 1562 5562 cod.__Lugd_.
1595 5505 1658 5544 ac
1688 5489 1898 5546 Theod.
1951 5495 2018 5544 ut

425 5555 497 5636 in.
508 5555 798 5636 contextu,
817 5557 926 5615 nisi
955 5557 1103 5632 quod
1133 5559 1230 5614 illa
1249 5555 1500 5636 exhibet,
1517 5559 1864 5636 immaculata
1889 5577 2016 5632 pro-

427 5629 591 5682 mitur
622 5629 736 5694 iste,
769 5635 908 5695 etc.;
962 5629 1064 5686 ins.
1097 5646 1228 5686 vero
1257 5631 1442 5686 Germ.
1469 5647 1502 5686 a
1529 5631 1736 5688 Theod.
1787 5647 1852 5688 eo
1882 5629 2019 5686 tan-

427 5705 543 5778 tum
585 5698 838 5768 dissidet,
871 5699 1017 5772 quod
1063 5717 1162 5773 pro
1206 5702 1594 5758 adolescentum
1639 5703 1860 5776 praefert
1907 5702 2014 5757 vir-

423 5785 559 5840 gms.

2138 3882 2269 3936 vox,
2317 3864 2412 3922 sed
2454 3873 2510 3922 et
2549 3861 2838 3921 clamantis
2875 3877 2989 3918 vox
3021 3877 3034 3916 :
3091 3859 3304 3919 scilicet
3341 3869 3406 3919 ut
3453 3861 3522 3920 ad
3568 3862 3746 3921 ﬁdem
3853 3856 3860 3861 ’
