3970 6364
179 438 298 497 733

1018 436 1391 497 SEBMONES
1423 436 1479 494 S.
1521 436 1877 496 AMBROSIO
1917 438 2289 495 HACTENUS
2326 438 2662 495 ASCRIPTI.

3392 439 3496 498 734

178 562 369 624 Maria
394 563 584 639 genuit
610 563 814 635 ﬁlium,
857 564 953 639 qui
984 570 1193 638 patrem
1221 563 1505 621 hominem
1541 579 1655 621 non
1683 563 1794 621 ha-
1819 566 1871 627 Α
1906 572 2016 633 tur,
2074 580 2185 621 non
2215 572 2393 637 potest
2442 565 2713 621 excusari.
2748 564 3098 622 Conscientia
3160 565 3308 623 enim
3340 582 3495 623 reum

180 655 387 726 heret;
436 657 709 716 Dominus
759 657 907 716 enim
957 667 1037 715 est
1080 656 1330 713 mulieris
1376 655 1549 737 filius,
1590 664 1644 713 et
1685 655 1797 713 viri

180 746 349 804 ﬁlius
375 762 488 804 non
534 755 638 818 est,
677 748 824 806 sicut
851 746 990 806 dicit
1017 747 1352 820 Apostolus:
1402 771 1421 794 ι
1468 746 1698 803 Factum
1727 744 1798 803 de

185 839 429 897 muliere
477 840 620 914 (69),
659 840 865 898 factum
893 840 996 897 sub
1027 842 1142 914 lege
1187 840 1394 911 (Galat.
1430 858 1509 909 1v,
1538 840 1595 912 4)
1622 859 1636 909 ;
1667 865 1686 890 ι
1735 848 1799 897 ut

184 930 293 1006 qui
326 937 555 990 matrem
580 930 640 987 in
660 930 821 989 terris
837 931 1022 998 habet,
1046 932 1262 988 Patrem
1285 929 1509 989 haberet
1533 932 1591 988 in
1619 931 1794 989 caelis.

186 1026 343 1098 Ergo
371 1025 432 1082 in
474 1025 689 1084 laudem
730 1025 960 1083 Joannis
1002 1026 1341 1084 fecundioris
1368 1043 1533 1083 sexus
1562 1042 1797 1099 genera-

185 1116 277 1173 tio
302 1115 550 1189 ponitur,
581 1124 643 1172 ut
670 1117 883 1174 nullius
909 1116 979 1174 ab
1009 1133 1075 1174 eo
1105 1118 1365 1175 nativitas
1392 1126 1691 1190 separetur.

269 1207 325 1264 7.
360 1207 509 1265 Dicit
552 1207 694 1265 forte
740 1209 941 1283 aliquis
975 1227 985 1265 :
1034 1209 1089 1266 Si
1120 1209 1264 1265 inter
1310 1218 1468 1266 natos
1496 1209 1793 1265 mulierum

188 1294 379 1368 major
405 1304 486 1354 est
528 1297 783 1367 Joannes,
825 1297 1097 1372 numquid
1143 1299 1310 1355 etiam
1356 1297 1532 1370 major
1558 1305 1639 1354 est
1667 1297 1798 1355 Sal-

188 1392 389 1442 vatore
409 1385 438 1443 7
466 1386 624 1443 Absit
656 1406 669 1455 ;
701 1387 937 1445 Joannes
963 1388 1111 1445 enim
1139 1395 1301 1445 natus
1329 1387 1601 1457 mulieris,
1632 1387 1795 1446 Chri-

190 1483 321 1532 stus
375 1484 557 1533 autem
602 1476 835 1551 virginis
887 1486 1048 1535 natus
1103 1486 1230 1534 est:
1294 1478 1388 1534 ille
1418 1477 1797 1551 corruptibilis

192 1566 346 1623 uteri
375 1564 593 1624 sinibus
621 1568 827 1626 effusus
849 1578 954 1637 est,
983 1568 1088 1625 iste
1118 1568 1422 1641 impollutae
1452 1569 1635 1623 vulvae
1665 1568 1797 1624 ﬂore

192 1657 540 1730 progenitus.
568 1657 697 1716 Ideo
732 1666 915 1716 autem
952 1675 1079 1717 cum
1106 1659 1331 1715 Joannis
1360 1658 1651 1715 nativitate
1676 1660 1798 1715 Do-

192 1744 342 1803 mini
376 1748 655 1820 generatio
684 1748 1001 1821 deputatur,
1046 1765 1117 1804 ne
1151 1749 1421 1805 Dominus
1449 1758 1608 1805 extra
1640 1748 1799 1805 veri-

192 1848 370 1900 tatem
404 1842 521 1916 (70)
552 1842 833 1900 videretur
857 1859 970 1898 esse
990 1842 1326 1899 conditionis
1351 1841 1625 1899 humanae.

817 1966 1050 2026 SERMO
1088 1967 1202 2026 LII.

364 2067 443 2124 De
472 2066 588 2124 vita
616 2065 860 2140 ejusdem
899 2068 1074 2125 sancti
1100 2069 1328 2127 Joannis
1359 2068 1636 2142 Baptistae.

195 2184 305 2242 Hic
348 2201 519 2240 sermo
563 2187 764 2240 tametsi
808 2203 843 2241 a
886 2186 1145 2242 Gratiano
1186 2192 1233 2241 et
1281 2189 1438 2244 Ivone
1475 2186 1569 2241 sub
1597 2184 1805 2240 nomine

273 2255 548 2329 Ambrosii
599 2257 790 2312 citatus
839 2256 1021 2327 fuerit,
1078 2259 1215 2314 nihil
1258 2266 1428 2313 tamen
1460 2275 1576 2329 prae
1603 2274 1656 2312 se
1700 2256 1806 2327 fert

276 2328 561 2403 Ambrosii
583 2345 601 2384 :
631 2329 719 2383 sed
764 2345 853 2384 nec
885 2330 1175 2403 quidquam
1219 2328 1490 2403 afﬁnitatis
1516 2330 1667 2403 habet
1689 2345 1806 2384 cum

275 2399 659 2471 superioribus,
702 2399 1136 2470 quemadmodum
1161 2420 1227 2456 ex
1255 2399 1379 2469 ejus
1425 2401 1664 2467 exordio,
1717 2417 1807 2454 nec

271 2487 383 2543 non
422 2488 488 2526 ea:
532 2488 588 2527 eo
617 2472 757 2543 quod
801 2472 1098 2543 longissime
1145 2473 1210 2527 ab
1259 2474 1369 2529 illis
1398 2475 1455 2528 in
1498 2474 1642 2529 Gall.
1689 2472 1803 2527 cod.

278 2541 642 2616 disjungatur,
703 2549 867 2615 patet.
894 2541 1066 2611 ‘Quin
1104 2545 1259 2600 etiam
1298 2545 1345 2600 si
1396 2545 1515 2616 quis
1557 2544 1807 2599 attentius

279 2614 440 2670 illum
470 2614 797 2688 'discusserit,
849 2617 1083 2688 eumdem
1124 2614 1642 2688 comperietlaeiniis
1672 2632 1809 2669 con-

280 2691 423 2759 stare
466 2686 586 2742 hinc
622 2686 742 2742 inde
783 2687 1040 2757 sumptis;
1084 2686 1509 2759 quandoquidem
1563 2688 1703 2757 quod
1752 2704 1808 2741 eo

287 2757 574 2830 legiturde
613 2759 865 2830 sanguine
901 2760 1032 2815 Abel
1077 2757 1354 2829 clamante,
1408 2760 1559 2830 infra
1604 2759 1659 2813 in
1687 2775 1810 2830 ser-

286 2828 434 2884 mone
486 2829 555 2886 59
604 2828 889 2901 reperitur,
950 2837 999 2885 et
1050 2832 1189 2901 quod
1238 2828 1345 2887 hic
1374 2832 1435 2886 de
1467 2828 1808 2898 concubinis,

282 2901 554 2956 monachis
596 2902 898 2971 clericisque
916 2901 1243 2973 disputatur,
1301 2903 1483 2957 etitum
1511 2902 1717 2957 videtur
1746 2918 1809 2956 ex

290 2972 619 3028 sermonibus
663 2973 989 3029 Caesarianis
1034 2973 1138 3031 292
1170 2981 1218 3031 et
1258 2921 1363 3032 £93
1407 2974 1649 3032 Append.
1682 2973 1809 3031 Au-

290 2972 619 3048 sermonibus
663 2972 1009 3048 Caesarianis
1034 2973 1138 3031 292
1170 2981 1218 3031 et
1258 2972 1363 3032 293
1407 2974 1649 3048 Append.
1682 2973 1810 3031 Au-

287 3050 425 3117 gust.
457 3044 689 3116 aliisque
714 3045 1007 3101 nonnullis.

291 3162 342 3220 1.
383 3163 645 3221 Diximus
674 3164 945 3237 superiori
973 3164 1283 3235 Dominica,
1320 3181 1446 3224 cum
1476 3165 1684 3223 silentii
1713 3181 1810 3221 no-

215 3251 319 3309 stri
368 3253 587 3310 veniam
619 3260 947 3327 peteremus,
993 3255 1139 3329 quod
1168 3271 1267 3329 pro
1300 3255 1475 3313 salute
1504 3256 1806 3325 communi,

216 3343 596 3405 sacerdotibus
624 3345 789 3403 etiam
828 3346 1157 3415 tacentibus,
1201 3346 1454 3404 doctrina
1499 3346 1814 3419 evangelica

219 3449 333 3491 non
360 3442 553 3504 taceat,
586 3442 640 3492 et
689 3436 838 3508 quod
864 3435 1147 3509 silentium
1193 3452 1381 3494 eorum
1415 3437 1692 3509 suppleret
1719 3435 1817 3492 di-

219 3524 352 3581 vina
380 3524 654 3581 sententia
684 3543 699 3593 ;
746 3542 958 3599 semper
983 3526 1149 3582 enim
1196 3526 1389 3583 divina
1416 3526 1697 3601 Scriptura
1725 3527 1819 3583 lo-

221 3612 413 3687 quitur
441 3621 495 3670 et
552 3613 774 3682 clamat,
823 3612 968 3670 sicut
1016 3614 1282 3688 scriptum
1332 3622 1415 3671 est
1459 3615 1527 3672 de
1568 3616 1813 3673 Joanne:

236 3724 257 3749 ε
288 3702 405 3774 Ego
441 3717 563 3758 sum
594 3717 707 3757 vox
734 3702 1023 3760 clamantis
1050 3704 1109 3760 in
1140 3704 1357 3761 deserto
1380 3706 1607 3777 (Joan.r.
1641 3706 1756 3778 23).
1788 3732 1808 3755 ι

222 3790 343 3848 Non
374 3789 523 3845 enim
553 3796 767 3846 tantum
784 3789 846 3847 in
864 3790 961 3847 illo
990 3800 1239 3866 tempore
1266 3795 1530 3852 clamavit
1558 3796 1818 3864 Joannes,

224 3894 334 3953 quo
396 3877 680 3951 pharismis
733 3880 1069 3940 annuntians
1116 3884 1416 3942 Dominum
1459 3886 1821 3957 Salvatorem,

223 3967 407 4026 dixit:
453 3993 473 4019 ι
505 3969 697 4027 Parate
745 3970 894 4028 viam
925 3973 1173 4045 Domini,
1208 3982 1382 4032 rectas
1410 3976 1573 4034 facite
1601 3976 1824 4035 semitas

225 4060 344 4135 ejus
373 4062 586 4135 (Matth.
617 4080 703 4133 nr,
725 4064 782 4137 3)
809 4082 823 4133 ;
857 4088 877 4113 ι
920 4065 1015 4122 sed
1043 4073 1097 4122 et
1126 4066 1290 4125 hodie
1319 4068 1521 4125 clamat
1547 4068 1605 4126 in
1639 4070 1821 4137 nobis,

227 4161 282 4211 et
321 4154 474 4213 vocis
516 4172 629 4213 sua)
674 4156 925 4213 tonitrua
978 4157 1194 4215 deserta
1223 4165 1537 4215 nostrorum
1578 4158 1826 4217 concutit

228 4259 595 4325 peccatorum.
628 4253 710 4310 Ac
730 4253 860 4309 licet
884 4262 1073 4311 sancta
1095 4256 1348 4330 martyrii
1378 4263 1553 4313 morte
1590 4255 1826 4313 dormie-

230 4339 323 4407 rit,
356 4354 469 4395 vox
493 4347 674 4397 tamen
693 4340 813 4413 ejus
837 4343 1016 4413 vivit;
1045 4345 1182 4403 dicit
1201 4348 1349 4403 enim
1370 4356 1425 4405 et
1452 4348 1615 4405 nobis
1636 4348 1820 4405 hodie:

235 4449 264 4484 α
296 4430 486 4486 Parate
510 4431 658 4487 viam
683 4433 930 4501 Domini,
958 4444 1133 4493 rectas
1173 4438 1336 4496 facite
1370 4441 1590 4497 semitas
1622 4440 1769 4513 ejus;
1795 4468 1811 4488 -

230 4535 442 4591 semper
477 4519 624 4574 enim
675 4520 959 4594 Scriptura
994 4523 1185 4581 divina
1222 4527 1419 4584 clamat
1463 4537 1516 4585 et
1556 4530 1823 4603 loquitur.

302 4617 354 4673 2.
399 4616 550 4672 Unde
588 4624 642 4672 et
670 4617 738 4673 ad
776 4616 913 4675 Cain
943 4619 1084 4677 dicit
1112 4622 1298 4678 Deus:
1342 4647 1360 4668 ι
1392 4623 1517 4680 Vox
1546 4625 1829 4699 sanguinis

234 4705 417 4762 fratris
444 4704 527 4762 tui
556 4706 757 4762 clamat
778 4707 847 4763 ad
868 4724 955 4765 me
979 4709 1136 4778 (Gen.
1162 4728 1239 4781 1v,
1261 4711 1374 4782 10).
1399 4737 1417 4761 ι
1444 4714 1609 4770 Nulla
1635 4715 1825 4790 utique

235 4793 512 4868 sanguinis
541 4810 652 4851 vox
680 4803 781 4865 est,
815 4797 909 4854 sed
954 4799 1192 4856 clamare
1220 4800 1427 4858 dicitur
1455 4803 1693 4875 sanguis,
1728 4803 1823 4877 qui

236 4888 498 4945 innocens
542 4887 746 4945 effusus
797 4897 899 4960 est,
952 4906 1063 4948 non
1110 4901 1221 4949 tam
1265 4910 1401 4950 voce
1430 4911 1593 4968 quam
1623 4912 1819 4964 causa;

236 4991 289 5040 et
315 4981 663 5053 interpellare
692 4983 992 5039 Dominum
1036 5000 1149 5041 non
1178 4986 1566 5058 persecutione
1595 4987 1820 5060 eloquii,

238 5070 327 5127 sed
356 5069 736 5141 indignatione
762 5072 1071 5142 commissi;
1095 5090 1158 5131 ac
1178 5082 1389 5131 reatum
1403 5092 1561 5131 suum
1584 5092 1695 5132 non
1712 5084 1821 5132 tam

240 5163 527 5222 verborum
573 5180 828 5221 accusare
875 5168 1243 5237 sermonibus,
1275 5184 1438 5242 quam
1478 5168 1824 5227 conscientia)

239 5254 411 5328 ipsius
457 5257 603 5316 462
665 5256 1053 5315 criminatione
1123 5256 1519 5331 constringere.
1565 5257 1828 5327 Quamvis

242 5351 382 5409 enim
414 5353 620 5411 malum
646 5354 853 5412 factum
883 5353 930 5410 si
968 5353 1026 5409 in
1056 5353 1227 5411 verbo
1255 5353 1609 5427 producatur,
1649 5371 1828 5411 excu-

243 5442 504 5499 sationem
558 5443 788 5501 fortasse
836 5442 1052 5516 recipit,
1085 5442 1195 5499 nisi
1245 5443 1584 5501 conscientia
1610 5460 1826 5501 revoce-

311 5619 427 5687 (69)
468 5617 655 5677 Codex
684 5619 915 5687 Theod.,
942 5620 1145 5677 Natum
1171 5620 1233 5675 de
1254 5619 1497 5676 muliere.

336 5690 427 5759 70)
468 5690 616 5746 Idem
642 5690 837 5759 codex,
868 5708 932 5747 ne
959 5692 1221 5748 Dominus
1251 5698 1402 5747 extra
1428 5699 1699 5749 naturam.

336 5692 427 5761 70)
468 5692 616 5746 Idem
642 5692 837 5759 codex,
868 5708 932 5747 ne
959 5692 1221 5748 Dominus
1251 5698 1402 5747 extra
1428 5699 1699 5749 naturam.

208 5817 213 5823 ,
246 5692 428 5890 eo£71)
469 5762 674 5819 Omnes
700 5761 861 5833 edit.,
896 5764 1230 5821 Conscientia
1258 5764 1394 5820 enim
1420 5772 1627 5823 reatum
1653 5781 1826 5823 suum:

343 5848 413 5890 ex
443 5832 689 5890 Βοιὼ...
718 5849 868 5890 reum
903 5851 1078 5890 suum.

343 5832 416 5890 ex
443 5832 689 5908 Lugd....
718 5832 868 5890 reum
903 5851 1078 5893 suum.

1855 4675 1904 4734 D

1905 670 2065 711 suum
2100 655 2217 727 (71)
2282 669 2494 727 semper
2551 655 2720 712 tacita
2749 655 2867 711 sine
2895 654 3338 713 contradictione
3364 671 3495 714 con-

1906 745 2081 802 vincit
2111 754 2165 801 et
2182 744 2415 817 judicat.

1977 838 2029 895 3.
2062 837 2343 910 Hodieque
2372 854 2499 911 ergo
2546 839 2781 895 Joannes
2809 840 3010 896 clamat
3038 845 3091 895 et
3116 838 3289 897 dicit:
3335 863 3355 887 α
3382 840 3495 897 Pa-

1904 934 2020 983 rate
2048 927 2196 983 viam
2218 927 2464 996 Domini,
2502 936 2679 986 rectas
2716 929 2878 986 facite
2915 930 3140 986 semitas
3168 929 3308 1002 ejus.
3338 955 3357 980 ι
3400 930 3496 987 Pa-

1905 1034 2024 1074 rare
2052 1034 2180 1091 ergo
2202 1017 2468 1091 jubemur
2496 1018 2643 1076 viam
2673 1019 2920 1089 Domini,
2949 1019 3161 1077 scilicet
3199 1036 3312 1077 non
3343 1036 3499 1095 agge-

1904 1124 2019 1165 rem
2072 1107 2307 1175 itineris,
2360 1107 2455 1164 sed
2506 1108 2633 1166 ﬁdei
2664 1109 2995 1183 puritatem;
3056 1109 3328 1168 Dominus
3348 1108 3498 1167 enim

1902 1202 2174 1254 terrenam
2232 1197 2484 1254 semitam
2539 1198 2736 1269 carpit,
2796 1198 2890 1255 sed
2929 1213 3024 1270 per
3065 1206 3272 1255 secreta
3298 1196 3501 1255 mentis

1904 1285 2129 1343 incedit.
2179 1287 2237 1343 Si
2286 1287 2419 1361 quid
2448 1287 2619 1359 igitur
2671 1288 2731 1343 in
2778 1286 2883 1345 hac
2910 1287 3001 1343 via
3048 1287 3217 1344 fuerit
3254 1288 3503 1345 moribus

1903 1377 2505 1447 asperum,crudelitate
2525 1377 3178 1447 durum,conversatione
3200 1378 3499 1450 pollutum,

1899 1462 2159 1535 jubemur
2215 1466 2499 1535 mundare,
2531 1483 2840 1540 exaequare,
2874 1482 3244 1539 componere;
3303 1474 3368 1522 ut
3396 1482 3504 1523 su-

1906 1552 2229 1626 perveniens
2285 1555 2558 1611 Dominus
2600 1572 2715 1611 non
2764 1556 3007 1613 offendat
3064 1557 3123 1612 in
3178 1555 3360 1625 nobis,
3408 1554 3505 1613 sed

1907 1641 2079 1714 magis
2106 1642 2345 1714 reperiat
2362 1643 2508 1699 viam
2538 1644 2786 1700 castitate
2816 1661 3029 1716 puram,
3052 1644 3352 1716 proclivem
3372 1643 3502 1713 ﬁde,

1907 1732 2277 1806 eleemosynis
2333 1734 2690 1791 eminentem.
2724 1735 2882 1802 Quod
2938 1742 3120 1790 autem
3177 1735 3275 1792 tali
3308 1735 3506 1793 itinere

1906 1821 2162 1879 incedere
2218 1824 2392 1878 soleat
2447 1822 2737 1891 Dominus,
2793 1822 3065 1895 Propheta
3102 1823 3383 1892 describit,
3416 1821 3499 1879 di-

1825 1937 1873 1999 B
1910 1928 2073 1969 cens:
2128 1937 2147 1960 ι
2174 1913 2284 1968 Iter
2334 1910 2497 1969 facite
2528 1912 2576 1967 ei
2606 1912 2700 1985 qui
2732 1911 2975 1969 ascendit
3022 1929 3185 1987 super
3228 1928 3504 1983 occasum,

1910 2001 2181 2058 Dominus
2210 2017 2412 2057 nomen
2436 2009 2519 2059 est
2556 2001 2605 2059 ei
2637 2002 2811 2074 (Psal.
2843 2019 3018 2072 vau,
3038 2002 3118 2075 5).
3155 2027 3175 2052 ι

1982 2090 2036 2146 4.
2068 2091 2172 2147 Sed
2224 2090 2530 2160 videamus,
2564 2091 2681 2164 ipse
2712 2092 2949 2149 Joannes
2998 2094 3093 2167 qui
3126 2109 3316 2167 parare
3354 2092 3506 2150 viam

1912 2180 2136 2237 Domini
2160 2179 2339 2253 jubet,
2397 2197 2559 2255 quam
2590 2182 2705 2255 ipse
2734 2183 2881 2239 viam
2912 2184 3185 2256 paraverit
3212 2184 3506 2240 Salvatori.

1913 2270 2016 2327 Per
2071 2270 2257 2326 omnia
2311 2270 2493 2344 plane,
2566 2272 2896 2329 adveniente
2959 2272 3200 2339 Christo,
3230 2273 3509 2332 tramitem

1914 2362 2019 2418 viai
2050 2380 2161 2418 suae
2208 2364 2517 2436 composuit
2542 2372 2603 2422 et
2625 2365 2853 2423 direxit.
2912 2368 3049 2425 Nam
3080 2368 3188 2424 fuit
3215 2369 3407 2441 utique
3432 2366 3511 2440 je-

1910 2452 2103 2525 junus,
2160 2452 2411 2522 humilis,
2467 2470 2665 2527 parcus
2694 2462 2751 2511 et
2779 2456 2937 2528 virgo
2964 2474 2978 2525 ;
3011 2472 3202 2513 omnes
3232 2456 3382 2513 enim
3412 2456 3513 2513 has

1917 2544 2150 2599 virtutes
2203 2543 2321 2616 ejus
2372 2544 2707 2616 evangelista
2768 2544 3093 2603 describens
3165 2547 3278 2603 ait:
3338 2571 3357 2594 ι
3388 2548 3512 2620 Ipse

1917 2644 2098 2691 autem
2116 2635 2350 2691 Joannes
2366 2636 2627 2692 vestitum
2650 2636 2884 2694 habebat
2904 2638 2971 2694 de
3009 2638 3137 2711 pilis
3152 2639 3511 2709 camelorum,

1919 2732 1971 2781 et
1999 2740 2136 2781 zona
2164 2724 2394 2797 pellicea
2417 2725 2565 2782 circa
2592 2726 2810 2783 lumbos
2839 2726 2974 2800 ejus.
3007 2728 3146 2785 Esca
3173 2737 3355 2785 autem
3394 2727 3512 2801 ejus

1917 2822 2073 2871 erant
2127 2815 2373 2884 locustae,
2426 2822 2479 2872 et
2510 2816 2617 2871 mel
2673 2816 2927 2873 silvestre
2987 2818 3200 2890 (Matth.
3231 2836 3318 2887 III,
3362 2818 3444 2889 4).
3479 2843 3498 2866 ι

1917 2903 2049 2972 Quae
2078 2903 2248 2976 igitur
2274 2904 2450 2975 major
2477 2905 2767 2962 humilitas
2794 2907 2852 2962 in
2882 2907 3148 2981 propheta
3180 2909 3323 2982 (72),
3346 2924 3510 2982 quam

1918 2994 2250 3067 contemptis
2278 2994 2539 3051 mollibus
2558 2996 2920 3065 indumentis,
2951 2996 3191 3070 pilorum
3208 2998 3507 3071 asperitate

1919 3083 2112 3141 vestiri
2133 3085 2161 3142 ‘I
2192 3084 2323 3153 Quae
2354 3084 2606 3141 devotior
2625 3085 2779 3155 ﬁdes,
2812 3102 2972 3160 quam
3000 3088 3358 3159 praecinctum
3378 3104 3516 3145 zona

1920 3181 2169 3245 paratum
2201 3188 2316 3229 esse
2332 3189 2545 3247 semper
2574 3172 2641 3230 ad
2657 3189 2820 3230 omne
2846 3175 3130 3232 servitutis
3153 3173 3514 3249 obsequium?

1925 3265 2055 3334 Quae
2089 3266 2404 3339 praeclarior
2451 3265 2802 3336 abstinentia,
2835 3284 2998 3342 quam
3026 3268 3225 3341 spretis
3253 3267 3383 3324 vitae
3414 3266 3514 3323 hu-

1918 3354 2010 3428 jus
2071 3355 2307 3426 deliciis,
2365 3356 2617 3414 stridulis
2645 3357 2795 3415 vesci
2840 3357 3067 3415 locustis
3091 3373 3154 3415 ac
3208 3357 3372 3413 melle
3423 3356 3516 3413 sil-

1927 3446 2095 3503 vestri
2111 3447 2139 3503 ?

1996 3545 2049 3603 5.
2077 3544 2208 3613 Quae
2236 3541 2424 3599 omnia
2451 3541 2570 3600 haec
2598 3540 2859 3617 quoniam
2890 3541 3168 3616 prophetae
3184 3542 3308 3598 usui
3338 3548 3514 3611 erant,

1927 3634 2166 3692 arbitror
2192 3633 2250 3689 in
2280 3631 2369 3688 his
2395 3631 2530 3706 ipsis
2574 3630 2921 3705 prophetiam
2953 3632 3141 3689 fuisse.
3171 3631 3305 3688 Nam
3325 3631 3518 3704 utique

1929 3740 2055 3783 cum
2084 3720 2428 3796 pranuntius
2448 3719 2651 3778 Christi
2667 3720 3059 3777 vestimentum
3089 3719 3326 3778 habebat
3341 3737 3517 3778 came-

1930 3815 2112 3871 lorum
2166 3812 2454 3886 asperitate
2482 3820 2827 3881 contextum,
2875 3811 3009 3887 quid
3037 3809 3193 3867 aliud
3220 3809 3518 3883 significat,

1931 3904 2041 3961 nisi
2070 3902 2213 3977 quod
2244 3904 2360 3976 ipse
2384 3901 2634 3961 Christus
2650 3901 2951 3959 adveniens
2966 3918 3165 3959 usurus
3184 3910 3325 3959 esset
3357 3899 3517 3958 indu-

1932 4002 2120 4051 mento
2174 3992 2406 4050 humani
2461 3993 2725 4066 corporis,
2786 3992 2935 4066 quod
3011 4000 3128 4049 erat
3175 4001 3521 4066 peccatorum

1932 4083 2223 4157 asperitate
2250 4082 2539 4140 densatum
2564 4100 2576 4139 :
2610 4090 2663 4139 et
2687 4083 2835 4157 quod
2876 4082 3031 4140 velut
3058 4081 3521 4139 immundissimis

1934 4173 2141 4243 bestia,
2190 4174 2296 4231 hoc
2340 4182 2421 4231 est
2454 4173 2675 4247 gentilis
2723 4172 2935 4247 populi,
2969 4172 3342 4230 circumdatus
3392 4189 3523 4230 exu-

1933 4266 2064 4332 viis,
2103 4264 2511 4321 deformitatem
2567 4263 2686 4336 ejus
2732 4264 2847 4337 ipse
2877 4263 3161 4335 gestaret?
3189 4265 3366 4329 .Zona
3390 4279 3523 4321 vero

1934 4357 2163 4431 pellicea
2204 4354 2337 4430 quid
2365 4353 2517 4411 aliud
2570 4353 2929 4423 demonstrat,
2961 4353 3069 4410 nisi
3100 4353 3242 4410 hanc
3271 4352 3524 4425 fragilem

1935 4440 2155 4505 carnem
2193 4454 2457 4514 nostram,
2499 4460 2619 4517 quae
2666 4451 2791 4500 ante
2846 4443 3144 4499 adventum
3194 4442 3403 4503 Christi
3429 4442 3525 4499 do-

1937 4537 2251 4594 minabatur
2276 4535 2343 4592 ad
2363 4535 2520 4604 vitia,
2566 4542 2689 4609 post
2715 4533 3015 4590 adventum
3044 4531 3163 4603 ejus
3215 4532 3522 4589 restrictam

1937 4644 2052 4685 esse
2077 4626 2146 4683 ad
2179 4626 2467 4695 virtutem,
2497 4633 2561 4681 ut
2591 4641 2711 4697 quae
2740 4631 2867 4678 ante
2896 4619 3229 4678 luxuriando
3261 4619 3525 4677 dilataba-

1931 4726 2025 4774 tur
2052 4718 2110 4773 in
2140 4714 2547 4789 pinguedinem,
2589 4728 2737 4769 nunc
2765 4709 3092 4768 abstinendo
3150 4716 3535 4798 attenuaretur.

1933 4808 1992 4863 in
2020 4806 2218 4879 pellem
2243 4806 2271 4861 7
3389 4881 3393 4885 ‘

2003 4902 2056 4958 6.
2090 4901 2320 4956 Exitum
2348 4915 2478 4955 vero
2499 4896 2617 4969 ejus
2647 4912 2809 4969 quam
2838 4895 3061 4952 beatum
3092 4894 3348 4968 legimus,
3373 4895 3522 4953 scili-

1932 4999 2017 5049 cet
2051 4991 2198 5065 quod
2250 4988 2475 5063 psaltria
2504 4987 2646 5059 regis
2699 4985 2815 5042 ﬁlia
2869 4994 2992 5059 post
3044 4986 3197 5042 illam
3239 4986 3525 5045 mimicam

1934 5084 2272 5155 voluptatem
2307 5078 2422 5151 (73)
2451 5086 2614 5149 caput
2642 5075 2760 5149 ejus
2789 5075 3058 5149 petierit?
3086 5075 3232 5146 Quid
3261 5077 3463 5135 mirum
3480 5076 3527 5134 si

1934 5172 2159 5247 psaltria
2187 5168 2391 5226 occidit
2417 5167 2741 5241 prophetam
2773 5168 2971 5240 (Marc.
3002 5185 3081 5237 vr,
3114 5168 3207 5239 27)
3227 5168 3256 5226 7
3310 5167 3527 5226 Scimus

1935 5262 2065 5337 quia
2084 5259 2304 5317 luxuria
2333 5274 2544 5332 semper
2564 5257 3150 5331 estinimicajustitire,
3180 5266 3234 5315 et
3262 5257 3526 5331 iniquitas

1936 5352 2054 5408 sine
2093 5348 2393 5407 cessatione
2421 5348 2768 5422 persequitur
2809 5348 3118 5405 veritatem.
3151 5348 3213 5403 In
3243 5362 3352 5419 quo
3382 5345 3527 5403 facto

1938 5438 2137 5515 grande
2183 5438 2512 5512 mysterium
2567 5422 2918 5505 continetur;
2980 5453 3106 5493 nam
3166 5435 3363 5509 utique
3410 5434 3529 5510 ipsa

2012 5620 2129 5693 (72)
2160 5621 2283 5680 Vet.
2310 5620 2694 5693 edit.,,major
2743 5634 2911 5693 causa
2965 5614 3320 5684 humilitatis;
3364 5616 3522 5674 Rom.

1940 5700 1993 5749 et
2022 5690 2144 5749 cod.
2175 5692 2374 5762 Lugd.,
2402 5692 2580 5762 major
2604 5690 2898 5746 humilitas.

1943 5764 2132 5892 t“('73)
2162 5760 2367 5824 Codex,
2394 5760 2596 5839 Lugd.,
2620 5769 2742 5839 post
2786 5763 2941 5823 illam
2972 5760 3240 5819 inimicam
3268 5761 3529 5841 volupta-
