3970 6402
459 449 562 509 735

1539 449 1634 503 AD
1674 447 1906 503 OPERA
1945 445 2000 502 S.
2041 442 2373 502 AMBROSII
2400 441 2778 498 APPENDIX.

3669 429 3772 492 736

455 571 986 646 psaltriaSynagoga
1022 580 1104 627 est
1137 570 1523 653 comparanda,
1561 588 1686 644 qua
1744 570 2049 637 Christum,
2083 571 2134 630 Α
2161 567 2278 640 ejus
2320 565 2422 623 etsi
2463 565 2738 621 sincerum
2783 580 2985 637 corpus
3049 563 3141 634 sit,
3204 561 3406 621 anima
3455 577 3569 619 non
3618 567 3777 634 potes

455 662 587 720 dum
611 661 947 729 luxuriatur,
989 661 1212 718 occidit.
1257 661 1416 728 Quod
1445 669 1632 717 autem
1687 659 1791 715 ista
1820 659 2052 731 psaltria

456 753 743 824 Synagaga
769 750 862 818 sit,
892 750 1030 806 dicit
1072 750 1339 806 Dominus
1384 750 1453 805 ad
1499 749 1754 805 Judaos:
1800 773 1817 796 ι
1857 748 2051 806 Canta-

457 841 641 897 vimus
661 839 840 907 vobis,
871 848 924 895 et
953 855 1064 894 non
1095 839 1332 894 saltastis
1355 839 1567 909 (Matth.
1598 855 1678 906 x1,
1713 839 1825 907 17).
1860 862 1877 886 ›

532 959 583 1015 7.
614 958 726 1016 Cur
775 965 958 1013 autem
989 973 1020 1012 a
1072 956 1298 1013 Joannis
1328 971 1554 1027 corpore
1597 961 1761 1027 caput
1809 953 2048 1009 ablatum

459 1047 549 1114 sit,
592 1047 883 1103 manifesta
937 1063 1021 1102 res
1069 1053 1164 1103 est.
1228 1046 1481 1114 Joannes,
1554 1043 1698 1099 sicut
1753 1041 2051 1114 Scripturis

458 1135 745 1202 astruitur,
781 1141 977 1207 typum
1018 1134 1174 1205 Legis
1207 1133 1424 1206 gerebat
1453 1151 1464 1188 :
1506 1131 1572 1187 de
1603 1131 1839 1187 Domino
1869 1140 2051 1186 autem

459 1225 713 1298 legimus,
762 1223 891 1297 quia
936 1223 1043 1278 viri
1099 1231 1262 1295 caput
1292 1221 1546 1279 Christus
1600 1229 1680 1277 est
1712 1222 1769 1292 (Ι
1800 1221 1925 1276 Cor.
1969 1237 2076 1288 χιι

459 1318 539 1388 3).
571 1317 715 1388 Ergo
734 1330 861 1371 cum
892 1315 1163 1370 aJoannis
1191 1331 1418 1387 corpore
1447 1320 1609 1386 caput
1637 1311 1756 1384 ejus
1784 1311 2050 1380 aufertur,

462 1406 714 1465 Christus
778 1403 1184 1478 quodammodo
1215 1420 1246 1458 a
1300 1402 1503 1458 Judais
1565 1401 1701 1473 legis
1747 1399 2053 1458 cultoribus

459 1503 759 1568 separatur.
820 1493 1100 1551 Remansit
1155 1490 1302 1546 enim
1339 1491 1452 1546 illis
1500 1490 1619 1545 sine
1651 1491 1931 1546 Salvatore
1963 1489 2054 1544 lex

461 1592 734 1650 exanimis
749 1599 800 1648 et
824 1598 1094 1658 truncata;
1121 1606 1245 1645 nam
1278 1606 1347 1644 ex
1367 1605 1432 1644 eo
1449 1589 1639 1662 utique
1668 1587 1839 1644 Judzei
1861 1587 2054 1644 divina

459 1698 571 1739 non
601 1682 842 1756 sapiunt,
873 1697 943 1737 ex
973 1699 1080 1755 quo
1101 1681 1218 1736 sine
1247 1681 1425 1754 capite
1454 1697 1568 1737 esse
1600 1688 1906 1752 coeperunt.

529 1792 583 1849 8.
615 1793 725 1848 lter
777 1790 946 1863 igitur
975 1789 1109 1846 facit
1161 1789 1419 1858 Domina,
1480 1789 1576 1862 qui
1629 1789 1774 1845 inter
1831 1796 2053 1846 caeteras

458 1879 812 1938 continentia
839 1878 1071 1935 virtutes
1100 1878 1439 1935 matrimonii
1469 1879 1702 1935 limitem
1761 1893 1871 1934 non
1901 1894 2054 1935 exce-

459 1968 562 2038 dit,
619 1985 722 2024 nec
755 1966 998 2040 conjugii
1051 1967 1437 2040 prascriptum
1491 1969 1794 2024 terminum
1847 1967 2054 2023 adulte-

460 2059 582 2115 rina
610 2057 968 2130 permistione
1029 2059 1414 2114 commaculat.
1448 2058 1588 2113 Sunt
1620 2058 1769 2114 enim
1800 2057 2057 2113 nonnulli

461 2149 557 2224 qui
590 2167 716 2206 cum
767 2149 978 2222 legibus
1007 2165 1206 2206 uxores
1237 2149 1522 2217 duxerint,
1563 2158 1755 2208 contra
1784 2150 2058 2207 Divinila-

459 2239 533 2296 tis
565 2240 737 2312 legem
766 2239 874 2294 sibi
893 2239 1105 2296 sociant
1135 2240 1496 2308 concubinas,
1547 2257 1657 2295 non
1689 2239 2058 2311 intelligentes

461 2328 610 2402 quod
637 2327 1012 2385 contrahendo
1043 2328 1417 2396 matrimonia,
1451 2327 1691 2400 propriis
1719 2344 1777 2384 se
1814 2328 2060 2384 vinculis

460 2418 956 2476 constrinxerunt:
1008 2419 1104 2492 qui
1134 2418 1282 2474 enim
1342 2417 1553 2490 legibus
1588 2417 1753 2475 duxit
1801 2434 2055 2486 uxorem,

460 2509 749 2582 proﬁtetur
778 2525 834 2564 se
864 2515 1054 2564 contra
1078 2509 1250 2580 legem
1282 2524 1394 2563 non
1419 2524 1533 2564 esse
1561 2507 1859 2565 facturum.
1887 2509 2057 2564 Reum

460 2615 589 2671 ergo
619 2598 734 2671 ipse
766 2614 821 2654 se
849 2596 1062 2664 statuit,
1116 2597 1211 2669 qui
1240 2596 1557 2652 adhibendo
1589 2595 1695 2652 sibi
1729 2596 2056 2664 adulteram,

451 2687 546 2760 jus
575 2685 993 2760 pollicitationis
1021 2685 1259 2742 excedit.

531 2795 584 2851 9.
618 2793 722 2850 Sed
757 2792 895 2850 dicit
942 2791 1179 2865 aliquis:
1214 2791 1453 2848 Uxorem
1484 2809 1596 2848 non
1626 2792 1820 2863 habeo,
1850 2805 1904 2852 et
1934 2797 2058 2854 ideo

461 2883 623 2940 mihi
645 2881 964 2939 ancillulam
1014 2881 1240 2938 sociavi.
1271 2881 1418 2938 Audi
1449 2882 1582 2956 quid
1608 2883 1746 2940 dicit
1768 2885 2059 2958 Scriptura

457 2973 530 3029 ad
558 2971 854 3028 Abraham:
917 2969 1105 3042 «Ejice
1132 2971 1412 3039 ancillam,
1453 2980 1506 3028 et
1543 2971 1720 3028 ﬁlium
1758 2973 1906 3046 ejus;
1945 2992 2056 3031 non

458 3062 609 3117 enim
639 3060 814 3116 haras
840 3059 946 3114 erit
975 3058 1127 3113 ﬁlius
1155 3059 1370 3115 ancilla
1389 3076 1516 3115 cum
1546 3059 1868 3117 ﬁlialibera
1896 3064 2053 3132 (Gen.

459 3166 581 3218 xxi,
617 3147 732 3218 10),
765 3146 880 3218 (32,
911 3163 964 3220 q.
994 3145 1049 3214 4,
1075 3163 1124 3202 c.
1160 3147 1312 3202 Dicat
1339 3148 1586 3220 aliquis).
1623 3173 1640 3196 ι
1677 3149 1732 3205 Si
1766 3151 1938 3222 igitur
1963 3169 2056 3207 an.

461 3238 606 3296 cilla
635 3235 786 3293 filius
843 3235 1017 3291 hares
1045 3251 1157 3291 non
1187 3243 1287 3292 est.
1333 3252 1461 3308 ergo
1490 3253 1593 3294 nec
1629 3238 1781 3295 ﬁlius
1811 3249 1910 3296 est.
1945 3243 2056 3301 Cur
2085 3274 2130 3336 α

459 3344 588 3400 ergo
616 3327 882 3400 quaeritur
940 3326 1048 3383 tale
1100 3324 1443 3398 conjugium,
1504 3327 1571 3383 de
1605 3345 1713 3400 quo
1768 3340 2052 3404 susceptus

459 3417 610 3475 ﬁlius
652 3431 754 3474 uec
795 3415 1156 3474 successionis
1196 3415 1368 3488 possit
1405 3416 1578 3473 haeres
1626 3433 1742 3474 esse
1775 3435 1880 3476 nec
1907 3427 2054 3486 463

458 3515 742 3589 sanguinis
763 3517 790 3573 ?
809 3517 920 3573 Nec
945 3516 1094 3572 enim
1126 3513 1328 3571 habere
1349 3523 1526 3588 potest
1546 3515 1887 3576 hareditatis
1924 3538 2055 3578 con-

457 3605 713 3674 sortium,
746 3604 841 3678 qui
871 3620 983 3661 nan
1031 3603 1195 3660 habet
1225 3603 1453 3676 originis
1508 3604 1886 3680 privilegium.
1921 3610 2053 3681 Cur,

459 3693 709 3768 inquam,
752 3694 1020 3765 quaritur
1074 3696 1183 3751 tale
1213 3696 1660 3766 contubernium,
1694 3699 1761 3754 de
1792 3717 1902 3772 qua
1939 3702 2054 3759 nati

459 3783 563 3840 ﬁlii
590 3800 700 3840 non
741 3783 1106 3852 matrimonii,
1137 3785 1232 3842 sed
1277 3793 1441 3844 testes
1468 3787 1582 3844 sint
1599 3788 1858 3846 adulterii
1880 3791 1909 3847 ?
1946 3791 2056 3850 Cur

461 3871 782 3945 bujusmodi
803 3874 1182 3946 suscipiuntur
1197 3875 1517 3946 adulterini,
1552 3879 1647 3951 qui
1677 3881 1820 3952 patri
1854 3883 2054 3952 pudori

460 3962 592 4032 sint,
624 3979 735 4019 non
778 3963 1025 4019 honori?
1056 3964 1202 4021 Dicit
1230 3966 1552 4038 Scriptura:
1623 3968 2053 4030 «Adulterarum

459 4049 559 4107 alii
585 4067 696 4107 non
756 4051 961 4108 initiati
992 4062 1174 4120 erunt,
1214 4062 1269 4109 et
1293 4056 1360 4112 ab
1419 4055 1613 4129 iniquo
1655 4057 1819 4114 thoro
1865 4076 2054 4117 semen

459 4142 921 4199 exterminabitur
944 4144 1097 4216 (Sap.
1134 4161 1218 4212 III,
1261 4146 1377 4215 l6).
1411 4171 1430 4194 ι
1471 4146 1672 4202 Mulier
1697 4147 1864 4219 igitur
1893 4157 1986 4205 tua
2007 4151 2056 4205 si

461 4229 664 4287 talibus
683 4231 929 4288 moribus
946 4231 1174 4304 pradita
1191 4239 1291 4298 est,
1312 4240 1372 4288 ut
1391 4241 1665 4289 mereatur
1688 4237 2050 4307 consortium,

463 4329 736 4378 mereatur
763 4329 816 4376 et
874 4337 1074 4377 nomen
1103 4321 1324 4376 uxoris:
1360 4328 1554 4393 praesta
1587 4323 1914 4381 concubinae
1947 4335 2054 4383 tua

462 4411 769 4468 libertatem
803 4418 856 4466 et
877 4425 1076 4466 nomen
1093 4411 1315 4479 uxoris;
1341 4427 1408 4467 ne
1437 4418 1502 4468 tu
1529 4411 1748 4469 adulter
1777 4415 1850 4471 sis
1871 4417 2056 4488 potius

461 4516 625 4574 quam
655 4500 906 4555 maritus.

2162 677 2275 717 esse
2306 659 2536 716 sincera.

2237 751 2322 806 11.
2382 749 2486 805 Sed
2546 757 2600 805 et
2657 749 2751 804 ille
2796 746 3051 804 clericus
3090 744 3197 800 iter
3225 742 3464 800 Domino
3493 738 3644 808 facit,
3675 738 3773 812 qui

2162 840 2463 899 secundum
2520 838 2888 910 Evangelium
2919 835 3085 904 vivit,
3123 845 3181 892 et
3211 851 3306 909 per
3332 834 3520 891 omnia
3547 832 3776 889 obtem—

2163 939 2315 1003 perat
2365 928 2681 994 sacerdoti;
2733 927 3002 1000 aliquanti
3056 925 3204 981 enim
3258 941 3384 980 cum
3433 922 3544 978 sint
3587 920 3776 978 minus

2162 1020 2393 1088 subditi,
2425 1019 2657 1074 moleste
2688 1017 2892 1084 ferunt,
2912 1031 3039 1071 cum
3058 1031 3089 1070 a
3108 1011 3422 1069 senioribus
3442 1015 3771 1083 arguuntur.

2161 1113 2373 1169 Dicunt
2421 1129 2432 1167 :
2488 1110 2768 1167 Graviter
2830 1106 3090 1164 irascitur
3146 1105 3454 1178 episcopus,
3510 1101 3783 1174 patientia

2163 1219 2278 1259 esse
2313 1201 2566 1258 deberet.
2599 1199 2745 1256 Audi
2803 1215 2950 1270 ergo,
2983 1196 3188 1269 optime
3218 1193 3413 1250 clerice
3447 1211 3458 1248 :
3500 1189 3777 1248 Sacerdo—

2163 1294 2236 1349 tis
2281 1292 2456 1363 exigis
2494 1289 2838 1363 patientiam,
2871 1295 2925 1344 et
2971 1286 3054 1342 tui
3113 1301 3222 1340 non
3253 1282 3430 1355 exigis
3461 1281 3574 1353 (75)
3605 1279 3776 1336 disci-

2162 1381 2368 1455 plinam
2396 1382 2424 1437 εἰ
2473 1380 2660 1437 Nescis
2707 1378 2837 1452 quia
2891 1375 3029 1431 mihi
3079 1373 3271 1430 salutis
3316 1388 3480 1429 causa
3543 1385 3777 1444 arguere

2163 1471 2460 1545 aliquando
2514 1469 2840 1542 permissum
2889 1476 2992 1535 est,
3059 1465 3164 1521 tibi
3217 1479 3498 1536 nunquam
3548 1476 3777 1533 peccare

2163 1578 2482 1620 concessum
2531 1570 2612 1617 est
2640 1560 2666 1615 ?
2694 1559 2831 1615 dicit
2877 1557 3026 1613 enim
3083 1553 3382 1628 Apostolus
3419 1569 3431 1607 :
3496 1574 3513 1597 ε
3545 1551 3778 1621 Increpa

2165 1658 2489 1724 opportune,
2522 1649 2833 1722 importune
2870 1663 3033 1719 argue
3061 1646 3150 1718 (II
3181 1644 3318 1701 Tim.
3355 1659 3430 1711 IV,
3464 1640 3545 1713 2).
3579 1665 3598 1686 ι
3637 1639 3775 1696 Esto

2164 1758 2291 1814 ergo
2351 1741 2409 1796 in
2465 1739 2723 1796 omnibus
2779 1737 3036 1796 subditus
3083 1732 3378 1801 sacerdoti,
3426 1729 3473 1786 si
3529 1729 3615 1785 vis
3643 1744 3775 1785 eum

2165 1847 2281 1887 esse
2323 1836 2693 1886 mansuetum.

2760 1914 2994 1973 SERMO
3033 1913 3173 1970 LIII.

2238 2011 2299 2066 In
2331 2009 2499 2066 natali
2531 2017 2844 2065 sanctorum
2867 2004 3240 2078 apostolorum
3262 1999 3407 2058 Petri
3429 2008 3484 2056 et
3511 1992 3692 2054 Pauli.

2167 2099 2304 2155 Huic
2367 2100 2596 2154 ser-mani
2653 2098 2788 2153 nihil
2831 2096 3043 2150 omnino
3113 2095 3277 2149 inesse
3342 2089 3778 2164 deprehendimus

2236 2171 2579 2226 Ambrosiani
2635 2170 2760 2239 styli
2816 2185 2829 2233 ;
2874 2174 2921 2222 et
2974 2167 3217 2236 quamvis
3267 2166 3326 2239 in
3369 2161 3775 2239 mss._quibus-

2239 2243 2362 2296 dam
2389 2242 2557 2297 sancti
2597 2232 2864 2297 Anlistitis
2896 2232 3102 2292 nomine
3137 2237 3482 2302 inscribalur,
3515 2234 3572 2289 in
3609 2232 3773 2288 anti—

2237 2313 2510 2383 quioribus
2558 2321 2728 2367 tamen
2766 2310 2962 2365 nemini
3005 2310 3303 2383 tribuitur._
3329 2309 3510 2364 Posset
3535 2304 3675 2375 forte
3701 2320 3779 2358 an

2239 2381 2422 2439 ueteris
2471 2385 2701 2440 auctoris
2748 2383 2867 2437 inde
2897 2381 3110 2452 putari,
3165 2381 3304 2452 quod
3349 2393 3646 2452 numerosa:
3669 2392 3768 2447 pa-

2237 2473 2498 2526 ganorum
2533 2449 2917 2511 conversiones
2952 2449 3202 2526 dicant-ui
3247 2451 3419 2526 facta,
3475 2449 3585 2526 nisi
3639 2463 3775 2526 cam-
3828 2474 3833 2478 ~

2237 2517 2443 2583 modius
2497 2529 2568 2584 ad
2614 2528 2974 2598 apostolorum
3015 2517 3451 2595 praedicationem
3498 2522 3577 2576 ha
3603 2517 3773 2590 refer-

2238 2606 2446 2654 rent-ur.

2241 2700 2290 2755 1.
2326 2698 2574 2754 Natalem
2615 2697 3063 2754 beatissimorum
3113 2694 3493 2768 apostolorum
3545 2687 3692 2746 Petri
3721 2693 3780 2743 et

2165 2787 2322 2843 Pauli
2347 2787 2516 2844 hodie
2549 2787 2906 2855 celebrantes,
2939 2787 3136 2842 fratres
3173 2781 3507 2848 charissimi,
3542 2776 3780 2836 diversis

2165 2877 2343 2950 epulis
2373 2895 2472 2932 nos
2501 2877 2721 2934 reﬁcere
2753 2877 3035 2945 debemus,
3086 2884 3140 2932 et
3164 2884 3380 2932 tantam
3415 2869 3777 2928 festivitatem

2167 2991 2363 3046 magna
2396 2991 2524 3030 cum
2563 2973 2756 3031 latitia
2783 2974 3074 3030 celebrare.
3126 2972 3261 3038 Quis
3288 2969 3435 3026 enim
3464 2965 3664 3024 talium
3693 2961 3781 3018 vi-

2168 3081 2354 3121 rorum
2405 3065 2809 3121 solemnitatem
2842 3081 2952 3119 non
3002 3080 3202 3134 magna
3233 3078 3358 3118 cum
3391 3059 3584 3115 latitia
3610 3054 3782 3112 debet

2167 3156 2442 3211 celebrare
2471 3155 2588 3226 (76)
2615 3155 2642 3209 ‘l
2671 3154 2807 3220 Quis
2826 3154 2974 3208 enim
3005 3153 3200 3208 talium
3231 3150 3478 3205 virorum
3509 3143 3775 3204 solemni-

2165 3249 2275 3299 tate
2303 3259 2415 3298 non
2465 3257 2693 3312 magnas
2721 3240 2826 3296 sibi
2876 3240 3136 3296 exhibeat
3179 3246 3506 3311 apparatus;
3552 3243 3615 3290 ut
3660 3245 3778 3305 quo

2163 3334 2287 3406 plus
2314 3330 2653 3403 expenderit,
2686 3331 2810 3401 plus
2841 3347 2897 3386 se
2924 3329 3199 3402 apostolos
3229 3327 3518 3383 conﬁrmet
3547 3322 3767 3378 amare?

2235 3425 2286 3480 2.
2331 3411 2722 3482 Verumtamen
2753 3438 2861 3479 non
2896 3437 3034 3498 opus
3061 3429 3144 3476 est
3173 3417 3395 3491 proprio
3438 3421 3663 3486 sumptu
3693 3411 3767 3468 ad

2163 3517 2518 3575 refectionem
2551 3523 2795 3571 nostram
2822 3530 2833 3568 :
2864 3512 3182 3569 nam-natali
3209 3527 3308 3566 suo
3323 3513 3544 3564 sanctus
3572 3505 3767 3560 Petrus

2163 3610 2280 3683 ipse
2310 3626 2411 3665 nos
2459 3607 2681 3675 reﬁcit;
2713 3615 2796 3663 est
2821 3605 2971 3661 enim
3009 3602 3268 3659 omnibus
3295 3597 3468 3670 copiis
3497 3595 3764 3652 refertum

2165 3721 2262 3760 vas
2291 3703 2432 3776 ejus,
2478 3701 2628 3776 quod
2675 3701 2757 3756 illi
2793 3699 2860 3755 de
2894 3698 3032 3754 ccelo
3080 3692 3344 3752 esurienti
3387 3689 3628 3748 delatum
3658 3695 3763 3744 est.

2165 3794 2338 3866 Igitur
2379 3792 2473 3865 qui
2514 3791 2708 3858 esurit,
2752 3789 2896 3846 sicut
2941 3788 3154 3853 Petrus,
3199 3781 3445 3839 reﬁcitur
3490 3779 3606 3851 ipse
3631 3792 3762 3834 cum

2164 3883 2344 3940 Petro.
2395 3883 2466 3938 Ut
2510 3879 2644 3953 quid
2691 3895 2819 3950 ergo
2856 3891 3225 3949 praparemus
3267 3871 3430 3928 nobis
3475 3867 3763 3942 proprium

2163 3973 2478 4047 prandium,
2520 3987 2644 4026 cum
2675 3967 2977 4041 apostolico
3026 3964 3236 4022 ferculo
3263 3959 3575 4033 saginemur
3605 3957 3634 4014 ?
3662 3973 3767 4013 cur

2164 4065 2323 4122 nobis
2385 4063 2730 4136 inquiramus
2773 4067 3018 4114 terrenas
3059 4055 3267 4126 epulas,
3329 4067 3457 4107 cum
3514 4048 3767 4106 calestes

2163 4154 2348 4225 capias
2423 4135 2722 4208 habeamus
2750 4149 2779 4205 ?
2825 4146 2974 4204 Dicit
3017 4143 3166 4202 enim
3213 4147 3432 4199 sanctus
3478 4139 3651 4194 Lucas
3704 4135 3767 4191 in

2164 4242 2396 4299 Actibus
2425 4240 2796 4314 apostolorum
2829 4243 2953 4308 post
2977 4233 3279 4290 orationem
3308 4228 3572 4286 esurienti
3602 4227 3766 4282 Petro

2163 4335 2310 4390 circa
2337 4333 2529 4388 horam
2558 4338 2767 4387 sextam
2795 4337 2983 4401 aperto
3009 4327 3146 4384 caelo
3165 4341 3260 4380 vas
3289 4321 3563 4398 quoddam
3585 4318 3768 4392 splen-

2164 4421 2356 4478 didum
2408 4423 2564 4478 velut
2605 4420 2838 4476 linteum
2872 4418 3039 4473 fuisse
3081 4415 3344 4479 delatum,
3387 4409 3446 4466 in
3473 4425 3582 4483 quo
3608 4415 3766 4463 erant

2165 4511 2352 4568 omnia
2401 4508 2780 4582 quadrupedia
2819 4514 2873 4563 et
2921 4503 3168 4577 repentia
3221 4511 3399 4567 terra,
3432 4507 3485 4555 et
3513 4495 3766 4553 volatilia

535 4611 620 4667 10.
644 4610 747 4666 Sed
776 4616 831 4665 et
861 4609 955 4665 ille
986 4608 1091 4665 iter
1119 4609 1250 4667 facit
1276 4610 1512 4668 Domino
1543 4611 1900 4684 christianus,
1957 4617 2053 4688 qui
2171 4602 2296 4660 ϐοεῙὶ
2322 4609 2428 4667 ;θῐ
2454 4595 2986 4692 dixisse_D0miuum
3015 4594 3236 4692 adeum
3264 4609 3341 4692 :‘c
3371 4590 3547 4656 Petre,
3579 4603 3759 4658 surge:

460 4701 816 4774 professionis
849 4718 958 4756 sua
988 4701 1216 4758 exhibet
1235 4703 1285 4758 ei
1316 4703 1475 4761 fidele
1518 4705 1829 4772 servitium,
1863 4713 1917 4760 et
1946 4723 2060 4764 cas-

405 4828 409 4832 η
463 4792 674 4848 titatem
705 4809 867 4864 quam
924 4793 1200 4863 promisit,
1234 4794 1478 4850 custodit
1507 4801 1618 4850 tam
1665 4803 1870 4865 mente,
1893 4813 2059 4869 quam

462 4899 708 4955 corpore.
741 4882 879 4938 Sunt
907 4883 1054 4937 enim
1088 4883 1333 4955 plerique
1378 4884 1471 4956 qui
1503 4884 1836 4956 singularem
1887 4887 2057 4944 vitam

439 4978 847 5057 .proponentes,
883 4971 1086 5044 singuli
1108 4987 1222 5027 esse
1252 4989 1361 5028 non
1393 4979 1642 5044 possunt,
1681 4973 1775 5027 sed
1806 4979 2061 5045 quarunt

464 5059 569 5116 sibi
595 5059 975 5128 contubernia,
1033 5070 1195 5134 atque
1225 5061 1435 5116 utinam
1483 5061 1746 5118 fratrum.
1783 5063 2059 5119 Invenisti

463 5150 839 5208 Christianum
873 5150 990 5222 (74)
1040 5153 1393 5220 monachum,
1447 5153 1536 5210 cui
1566 5170 1692 5209 cum
1723 5154 1892 5211 fratre
1946 5171 2056 5210 non

463 5241 746 5307 convenit,
779 5247 833 5296 et
863 5239 1126 5296 libentius
1155 5241 1205 5296 ei
1243 5243 1504 5298 convenit
1533 5259 1659 5299 cum
1691 5259 1887 5299 sorore
1914 5261 1925 5300 :
1957 5243 2056 5315 qui

465 5349 575 5390 non
603 5333 854 5407 sequitur
882 5332 1150 5388 seniorem
1186 5333 1345 5388 utilia
1389 5343 1852 5404 commonentem,
1885 5343 1939 5391 et
1971 5352 2054 5392 se-

465 5425 654 5496 quitur
712 5424 1174 5481 adolescentulam
1232 5424 1533 5496 incongrua
1589 5426 2056 5493 cachinnantem;

538 5595 654 5665 (74)
687 5595 859 5665 Lugd.
890 5597 1036 5664 cod.,
1079 5596 1262 5654 Inveni
1287 5597 1447 5651 etiam
1480 5595 1850 5662 christianum,
1879 5603 1982 5650 etc.

541 5665 657 5736 (75)
676 5665 875 5746 ⁸(Σρᾶεῃί
933 5668 1130 5740 Lugd.,
1187 5668 1503 5723 sacerdotem
1550 5665 1715 5737 exigis
1767 5672 1909 5738 ραι,
1938 5671 1985 5719 el
2016 5669 2060 5719 te

470 5753 572 5789 non
599 5745 895 5807 enigmata.

542 5807 658 5878 (76)
691 5807 818 5876 Quis
869 5809 1097 5866 enim....
1128 5812 1272 5866 debet
1313 5810 1591 5876 celebrare,
1626 5810 1685 5866 in
1715 5807 1917 5865 nostris
1945 5821 2058 5863 om-

2171 4691 2418 4758 immola,
2445 4697 2499 4744 et
2523 4687 2790 4744 manduca
2818 4687 2958 4756 (Act.
2995 4700 3053 4751 x,
3087 4681 3152 4738 13
3180 4679 3335 4752 seq.).
3373 4704 3393 4728 ι

2240 4780 2292 4836 3.
2333 4781 2473 4835 Ecce
2502 4779 2716 4844 Petrus,
2750 4775 2846 4848 qui
2877 4773 3013 4830 dicit
3041 4770 3174 4827 alii:
3208 4793 3226 4817 ι
3255 4769 3468 4824 Aurum
3499 4775 3552 4822 et
3576 4779 3760 4837 argen-

2168 4881 2284 4929 tum
2317 4887 2428 4925 non
2461 4876 2541 4922 est
2562 4867 2703 4922 mihi
2733 4867 2876 4935 (Act.
2909 4879 2992 4929 IIl,
3016 4862 3072 4933 6)
3101 4878 3114 4926 ;
3149 4886 3167 4908 ι
3195 4875 3343 4915 nunc
3369 4855 3614 4915 convivii
3645 4853 3764 4926 ejus

2171 4961 2453 5016 \asculum
2503 4955 2846 5030 splendidius
2887 4959 2971 5008 est
3009 4958 3232 5022 argento
3263 4966 3274 5002 :
3308 4955 3370 5004 ut
3411 4946 3504 5020 qui
3544 4951 3763 5018 propter

2170 5051 2450 5108 Christum
2473 5047 2684 5120 argenti
2716 5044 2954 5118 speciem
2989 5042 3279 5097 refutasset
3307 5039 3448 5110 (77),
3481 5055 3577 5110 per
3606 5035 3762 5094 Chri-

2168 5149 2313 5197 stum
2343 5139 2554 5211 argenti
2582 5138 2761 5194 nitore
2787 5134 3072 5191 ditaretur.
3106 5131 3380 5186 Pransuro
3407 5127 3576 5201 igitur
3604 5127 3762 5182 Petro

2169 5231 2367 5286 desunt
2397 5242 2699 5299 coquorum
2729 5229 3042 5296 apparatus,
3075 5218 3272 5276 desunt
3301 5217 3563 5290 obsequia
3590 5216 3763 5271 famu-

2169 5321 2346 5376 lorum
2383 5335 2394 5372 :
2429 5316 2522 5373 sed
2553 5315 2700 5388 quod
2730 5322 2812 5370 est
2841 5311 3060 5379 melius,
3095 5307 3403 5365 ministeria
3429 5306 3624 5362 divina
3651 5321 3762 5361 non

2167 5416 2386 5484 desunt,
2421 5423 2474 5470 et
2504 5413 2715 5470 utiliori
2747 5408 3181 5468 commutatione
3209 5415 3398 5463 sancto
3437 5405 3580 5473 viro,
3618 5403 3758 5476 quod

2167 5588 2332 5644 nibus
2361 5601 2489 5641 mss.
2524 5583 2741 5639 desunt.

2242 5658 2359 5730 (77)
2417 5654 2550 5714 Cod.
2601 5651 2770 5708 Vind.
2821 5666 2883 5708 ac
2911 5649 3101 5717 Mich.,
3142 5647 3348 5721 argenti
3393 5645 3579 5719 stipem
3623 5645 3765 5717 refu-

2170 5738 2340 5788 lasset.
