3970 6398
159 417 249 474 737

951 410 1322 468 SERMONES
1358 411 1414 466 S.
1455 409 1808 467 AMBROSIO
1848 407 2216 465 HACTENUS
2259 408 2594 464 ASCRlPTl.

3338 406 3444 462 738

156 543 295 599 deest
339 547 398 597 in
452 540 636 608 terris,
686 537 930 596 abundat
979 539 1038 595 in
1078 540 1270 607 coelis;
1322 547 1383 594 ut
1424 556 1481 594 se
1525 537 1734 594 reﬁciat
1766 538 1819 597 A
1846 543 2125 592 mortuum
2181 535 2417 603 socians,
2471 535 2688 590 lucrum
2735 531 2905 588 eﬂicit
2945 532 3254 598 morientis,
3298 532 3445 589 sicut

155 629 289 689 enim
318 629 534 696 Petrus,
580 644 692 684 non
722 627 1010 684 cellarium
1053 627 1292 684 sollicite
1321 633 1614 691 reseratur,
1646 625 1739 681 sed

154 717 339 775 caalum
366 715 548 788 ipsum
591 715 849 788 protinus
891 717 1155 788 aperitur.
1185 717 1443 787 Legimus
1473 714 1529 769 in
1561 713 1738 784 Scrip-

156 808 284 864 turis
312 806 427 880 (78)
461 814 713 864 sanctum
751 808 932 863 Eliam
986 807 1044 862 in
1096 808 1312 864 deserto
1341 807 1523 862 corvis
1553 806 1740 862 minis-

154 898 417 955 trantibus
444 905 657 970 pastum
693 899 813 970 (ΙΙΙ
839 900 964 970 Reg.
999 916 1145 964 xvu,
1177 900 1274 970 6);
1308 908 1512 973 quanto
1545 899 1742 954 melius

155 990 352 1056 Petrus,
385 987 477 1043 cui
507 1004 618 1042 non
666 1004 888 1058 parvam
938 1005 1114 1044 escam
1163 995 1302 1044 tetra
1339 989 1459 1044 avis
1486 989 1740 1060 porrigit,

154 1080 242 1136 sed
269 1080 536 1152 integrum
558 1079 880 1135 convivium
924 1079 1224 1134 multitudo
1253 1079 1501 1152 angelica
1530 1077 1740 1134 submi-

156 1171 342 1226 nistrat
369 1170 380 1224 l

231 1265 374 1322 464
413 1267 466 1323 4.
498 1266 628 1323 Post
655 1266 958 1323 orationem
990 1282 1117 1340 ergo
1147 1268 1320 1324 esurit
1348 1267 1541 1323 Petrus
1599 1266 1739 1338 (Act.

156 1382 210 1433 ι,
243 1364 352 1433 10).
384 1352 713 1418 Mirandum
743 1379 844 1418 cur
886 1371 1138 1418 sanctum
1172 1363 1356 1418 virum
1388 1370 1511 1434 post
1542 1361 1745 1417 oratio-

157 1470 280 1510 nem
310 1451 481 1508 fames
506 1459 784 1526 sequatur,
817 1468 943 1507 cum
977 1453 1147 1507 soleat
1179 1452 1350 1509 fames
1381 1453 1629 1508 oratione
1656 1454 1744 1510 de-

165 1544 307 1616 pelli,
331 1551 384 1600 et
415 1542 660 1599 esuriens
679 1543 863 1598 anima
892 1559 1002 1597 non
1031 1541 1136 1598 nisi
1167 1542 1639 1598 obsecrationibus
1666 1560 1744 1599 sa-

164 1639 352 1711 ginari.
376 1638 483 1695 Sed
516 1647 648 1710 puto
678 1639 899 1694 Petrum
929 1645 1052 1710 post
1081 1636 1385 1693 orationem
1417 1652 1528 1691 non
1559 1637 1744 1694 cibum

159 1731 388 1788 esurisse
432 1729 744 1798 hominum,
785 1730 879 1787 sed
909 1730 1176 1796 salutem;
1225 1744 1326 1784 nec
1368 1729 1553 1784 inedia
1584 1745 1746 1784 vexa-

158 1829 270 1877 tum
301 1837 419 1878 esse
441 1819 708 1892 corporis,
741 1820 835 1876 sed
865 1817 1052 1890 inopia
1079 1818 1419 1876 credentium
1449 1819 1744 1876 laborasse.

159 1914 293 1973 Cum
339 1913 488 1969 enim
525 1910 786 1968 Iudaicus
833 1912 1068 1984 populus
1097 1911 1339 1984 perﬁdus
1386 1920 1440 1968 et
1474 1912 1743 1983 ingratus,
1773 1907 1818 1967 Β

157 2009 252 2066 illo
279 2006 631 2080 praedicante,
679 2004 901 2063 Christo
929 2021 1042 2062 non
1075 2004 1340 2075 crederet,
1373 2006 1574 2062 famem
1621 2023 1751 2079 quo-

155 2100 446 2157 dammodo
471 2101 666 2157 Petrus
690 2100 778 2157 sui
807 2100 975 2158 oﬁicii
1001 2100 1339 2169 sustinebat;
1373 2101 1573 2158 famem
1603 2103 1751 2158 enim

157 2189 378 2262 patitur,
411 2189 508 2262 qui
542 2187 774 2245 minime
827 2187 1071 2246 fructum
1130 2189 1217 2246 sui
1264 2189 1468 2246 laboris
1497 2190 1753 2262 assequi-

155 2284 265 2334 tur.

223 2377 276 2434 ὅ.
335 2377 398 2432 In
456 2377 803 2433 caenaculum
852 2375 1024 2448 igitur
1073 2374 1143 2432 ad
1176 2376 1480 2432 orationem
1519 2375 1752 2434 festinus

154 2462 397 2521 ascendit
426 2463 590 2536 (Ibid.
623 2463 703 2536 9).
742 2464 891 2520 Bene
932 2464 1010 2520 ait
1044 2464 1104 2521 in
1131 2466 1478 2522 coenaculum
1520 2465 1588 2521 ad
1619 2481 1755 2521 ora-

155 2553 361 2609 tionem
439 2552 747 2610 ascendisse
796 2553 1067 2620 Petrum;
1118 2555 1248 2628 quia
1294 2555 1474 2611 omnis
1534 2563 1753 2611 sanctus

155 2641 374 2715 quando
403 2649 542 2710 orat,
594 2642 912 2715 relinquens
968 2642 1224 2713 humilia,
1257 2645 1344 2701 vel
1404 2652 1637 2711 terrena,
1693 2643 1751 2698 in

155 2731 328 2786 altum
365 2730 566 2786 mentis
622 2731 933 2798 extollitur,
993 2739 1047 2788 et
1087 2732 1147 2786 in
1190 2731 1426 2788 sublime
1457 2747 1752 2802 suspensus

156 2819 388 2890 rapitur,
418 2827 472 2875 et
501 2819 832 2891 cogitatione
863 2827 1049 2876 sancta
1077 2820 1216 2877 coelo
1248 2821 1468 2878 vicinus
1495 2820 1750 2877 eﬁicitur.

157 2911 340 2980 Atque
383 2907 459 2963 ibi
492 2909 755 2964 esurienti
787 2908 893 2977 illi,
927 2909 1031 2966 hoc
1060 2918 1160 2979 est,
1189 2911 1453 2984 cogitanti
1484 2911 1540 2966 in
1571 2911 1770 2984 cordis.

153 3000 243 3056 sui
277 2998 591 3055 sublimiori
616 3001 737 3056 loco
765 3017 864 3072 pro
893 3001 1069 3056 salute
1113 3001 1324 3058 Iudaici
1357 3001 1564 3072 populi,
1597 2999 1753 3055 oﬁ'er-

153 3103 249 3150 tur
300 3109 399 3148 vas
446 3090 790 3146 diversorum
838 3106 1095 3162 generum
1133 3090 1464 3146 animalibus
1507 3091 1751 3162 plenum,

163 3182 318 3238 velut
357 3180 654 3237 divinitate
702 3178 921 3237 dicente
979 3179 1101 3234 illi:
1138 3181 1218 3236 Tu
1249 3179 1308 3235 in
1354 3179 1571 3236 Iudaeos
1609 3179 1754 3234 solos

1847 624 1924 681 ait
1952 625 2143 680 beatus
2170 623 2469 696 Apostolus
2501 638 2514 678 :
2564 646 2582 669 ι
2615 620 2752 676 Mihi
2788 620 2935 676 enim
2964 621 3154 676 vivere
3191 620 3444 677 Christus

1849 723 1948 782 est,
1999 723 2053 770 et
2089 713 2229 769 mori
2279 715 2494 768 lucrum
2540 709 2703 783 (Ibid.
2736 709 2900 780 21).»
2948 710 3048 764 Illa
3085 718 3266 765 autem
3311 726 3442 766 vera

1849 812 1930 859 est
1987 820 2153 871 mors,
2188 819 2308 875 quae
2339 802 2502 857 etiam
2532 799 2813 854 viventem
2861 797 3142 854 hominem
3200 807 3443 870 peccato-

1851 911 1973 949 rum
2003 900 2176 948 morte
2201 890 2558 962 constringit:
2595 889 2724 961 quia
2761 888 3012 960 quamvis
3042 889 3229 943 vivere
3261 888 3444 944 videa-

1853 996 1961 1052 tur,
2011 983 2309 1042 sceleribus
2341 990 2522 1038 tamen
2573 981 2687 1037 suis
2739 981 2902 1036 morti
2955 980 3067 1051 jam
3108 980 3330 1036 videtur
3359 980 3450 1036 ad-

1851 1081 2052 1148 dictus,
2083 1081 2225 1136 sicut
2256 1079 2334 1134 ait
2363 1078 2660 1148 Apostolus
2708 1076 2775 1131 de
2816 1077 2912 1132 illa
2944 1075 3207 1132 deliciosa
3237 1076 3404 1132 vidua
3434 1093 3446 1131 :

1866 1193 1885 1217 ι
1910 1171 2037 1226 Haec
2065 1177 2246 1225 autem
2278 1168 2472 1223 vivens
2502 1175 2718 1222 mortua
2737 1174 2819 1222 est
2852 1166 2908 1237 (Ι
2939 1165 3073 1222 Tim.
3105 1183 3161 1235 v,
3188 1165 3293 1238 6).»

2448 1314 2682 1373 SERMO
2714 1315 2854 1372 LIV.

1925 1428 2002 1483 De
2031 1428 2280 1498 neglecta
2297 1427 2650 1498 solemnitate
2680 1425 2965 1498 beatorum
2998 1423 3376 1497 apostolorum

2423 1497 2568 1552 Petri
2613 1505 2667 1552 et
2704 1497 2881 1553 Pauli.

1855 1609 2003 1666 Edit.
2047 1609 2216 1680 antiq.
2271 1615 2316 1662 et
2363 1609 2526 1662 eodem
2575 1609 2743 1680 Lugd.
2793 1609 2913 1663 huic
2965 1607 3196 1664 sermoni
3239 1606 3452 1680 titulum

1922 1676 2226 1752 praeﬁgunt
2255 1681 2333 1735 De
2345 1751 2364 1752 νγ
2387 1676 2880 1752 Margarita._ﬂNon
2910 1680 3136 1752 quidem
3162 1685 3334 1752 r_ecte,_
3365 1676 3456 1732 sed

1927 1749 2096 1832 multo
2136 1750 2302 1832 pejus
2332 1751 2483 1806 Rom.
2516 1749 2655 1832 edit.
2693 1750 2849 1832 illum
2870 1749 3148 1832 "inscribit
3187 1750 3245 1804 in
3294 1749 3455 1803 Festo

1928 1825 1983 1880 S.
2022 1820 2224 1889 Luciaa,
2257 1827 2375 1889 etc.,
2406 1837 2520 1875 cum
2560 1821 2622 1875 de
2649 1827 2829 1875 sancta
2860 1821 2959 1875 illa
2988 1820 3045 1874 in
3077 1825 3180 1874 toto
3217 1834 3454 1873 sermone

1928 1896 2141 1950 nullum
2181 1893 2251 1948 sit
2285 1893 2518 1948 verbum.
2575 1892 2760 1950 Veram
2797 1892 2961 1962 igitur
3006 1891 3403 1961 inscriptionem
3431 1906 3457 1943 e

1933 1967 2048 2022 cod.
2093 1965 2294 2035 Remig.
2348 1964 2695 2018 restituimus.
2739 1963 2890 2030 Quod
2938 1979 3111 2035 porro,
3153 1962 3224 2035 ad
3267 1965 3459 2015 aucto-

1933 2055 2045 2092 rem
2101 2033 2260 2106 huius
2290 2035 2565 2106 ser-monis,
2597 2041 2766 2106 potest
2793 2033 3002 2106 quidem
3021 2034 3140 2106 g‘hic
3156 2033 3304 2106 idem
3328 2047 3455 2106 esse,

1934 2109 2026 2180 qui
2054 2115 2111 2180 et
2153 2103 2576 2180 sermonum“,
2597 2103 2682 2180 ’43
2710 2113 2757 2180 et
2882 2125 2896 2173 ;
2945 2105 3034 2180 sed
3073 2104 3166 2180 qui
3216 2103 3458 2180 Ambro—

1934 2176 2012 2234 Sio
2041 2179 2196 2235 illum
2225 2178 2516 2249 arrogabit,
2556 2179 2604 2232 is
2632 2178 2688 2231 in
2720 2176 3077 2233 Ambrosiam
3113 2176 3323 2233 lectione
3344 2189 3458 2246 pa-

1931 2268 2056 2307 rum
2085 2257 2351 2306 versatum
2382 2265 2433 2305 se
2463 2249 2772 2306 declarabit.

1936 2374 1986 2431 1.
2047 2373 2194 2430 Satis
2234 2373 2301 2430 ad
2336 2373 2736 2431 correctionem
2767 2383 3002 2430 vestram
3032 2372 3271 2430 arbitror
3297 2388 3454 2446 posse

1861 2465 2133 2529 sufﬁcere,
2185 2464 2381 2519 fratres
2410 2462 2622 2530 dilecti,
2668 2463 2815 2536 quod
2861 2463 3134 2521 anteriore
3161 2462 3456 2518 Dominica

1861 2555 2234 2628 profecturus,
2265 2555 2418 2609 nulla
2463 2554 2623 2610 vobis
2650 2570 2927 2610 sacrarum
2959 2553 3266 2608 litterarum
3298 2550 3453 2624 spiri-

1863 2644 1996 2699 talia
2030 2642 2173 2712 dona
2203 2643 2432 2714 largitus
2462 2642 2564 2698 sim
2601 2661 2611 2698 :
2654 2641 2748 2698 sed
2785 2650 2999 2699 tantum
3040 2658 3138 2697 vos
3168 2641 3457 2712 increpans

1862 2741 1915 2790 et
1969 2749 2203 2806 arguens
2250 2748 2348 2804 pro
2398 2740 2642 2804 peccato,
2690 2731 2810 2788 sine
2838 2733 3022 2805 aliqua
3049 2728 3456 2803 praedicationis

1861 2821 2236 2880 consolatione
2265 2820 2602 2877 dimiserim.
2645 2821 2810 2877 Volui
2842 2821 2987 2877 enim
3011 2837 3111 2877 vos
3137 2821 3243 2877 hoc
3273 2819 3452 2892 ipsum

1863 2914 2172 2985 intelligere
2228 2928 2390 2985 quam
2453 2911 2691 2984 graviter
2734 2912 3108 2985 peccaveritis,
3142 2913 3236 2985 qui
3264 2911 3457 2967 divina

1863 3003 2079 3074 eloquia
2113 3001 2302 3058 audire
2334 3001 2563 3058 minime
2596 3003 2893 3058 meruistis.
2916 3003 3044 3058 Haec
3071 3002 3220 3057 enim
3269 3016 3458 3056 sacer—

1863 3090 2054 3147 dotum
2116 3089 2412 3146 vehemens
2441 3097 2494 3145 et
2548 3090 2770 3162 c0piosa
2800 3089 3048 3146 vindicta
3084 3097 3183 3158 est,
3217 3089 3460 3162 indignis

1863 3179 2173 3252 quibusque
2212 3179 2616 3252 Scripturarum
2647 3179 2950 3236 caelestium
2981 3186 3319 3236 sacramenta
3346 3194 3458 3234 non

161 3269 358 3339 esuris,
390 3285 515 3326 ecce
558 3269 760 3324 famem
809 3268 938 3325 ﬁdei
979 3277 1088 3326 tua;
1138 3277 1462 3327 cunctarum
1512 3268 1755 3342 gentium
1795 3270 1839 3330 C
1868 3268 2127 3335 credere;
2189 3284 2312 3337 nec,
2353 3269 2496 3324 sicut
2551 3269 2629 3325 ait
2670 3267 2958 3336 Dominus,
3006 3293 3024 3316 ε
3052 3266 3180 3324 dare
3208 3275 3458 3324 sanctum

160 3358 486 3415 diversitate
521 3358 728 3415 reﬁcio.
783 3358 920 3414 Nam
972 3359 1164 3431 utique
1221 3359 1439 3414 diversa
1493 3358 1756 3414 animalia

153 3448 388 3505 collecta
416 3447 475 3502 in
529 3463 641 3502 uno
690 3448 914 3502 vasculo
951 3446 1293 3504 diversarum
1348 3447 1591 3521 gentium
1621 3465 1753 3506 con-

153 3537 400 3610 gregatio
415 3537 649 3592 collecta
667 3535 726 3590 in
749 3552 859 3593 una
882 3536 1128 3592 Ecclesia
1156 3535 1564 3594 demonstratur
1587 3556 1599 3594 :
1635 3553 1757 3611 quae

152 3625 409 3683 Ecclesia
435 3625 492 3680 in
523 3625 677 3680 illius
705 3627 931 3682 vasculo
946 3625 1258 3698 splendido,
1279 3626 1410 3682 dum
1451 3643 1562 3683 non
1593 3625 1758 3684 habet

152 3717 432 3774 maculam
473 3729 650 3786 neque
679 3730 891 3786 rugam,
925 3715 1082 3770 lintei
1123 3715 1302 3772 nitore
1332 3717 1659 3789 resplendet.
1693 3718 1756 3773 In

153 3822 266 3880 qua
292 3805 536 3878 primum
567 3804 774 3860 animal
809 3806 921 3860 Deo
960 3820 1030 3861 ex
1059 3804 1313 3878 gentibus
1348 3806 1598 3862 centurio
1627 3806 1754 3865 Cor-

152 3895 339 3952 nelius
369 3895 706 3950 immolatur.

227 3993 282 4050 6.
314 3993 393 4048 De
416 3991 522 4048 hoc
547 4008 674 4064 ergo
704 3992 930 4048 vasculo
970 4007 1070 4048 suo
1100 3991 1266 4049 hodie
1300 4009 1402 4051 nos
1430 3994 1609 4050 reﬁcit
1661 3995 1756 4049 Pe-

152 4089 315 4149 trus;
349 4098 474 4138 cum
504 4081 652 4137 enim
685 4081 940 4139 videmus
970 4083 1261 4154 gentilium
1292 4083 1482 4139 turbas
1502 4084 1569 4140 ad
1590 4083 1754 4140 ﬁdem

151 4170 587 4229 christianitatis
630 4187 934 4241 accurrere,
965 4173 1129 4228 simul
1178 4191 1304 4230 cum
1351 4173 1611 4245 apostolis
1643 4190 1756 4245 gra-

155 4261 428 4317 tulamur.
458 4260 578 4315 Non
609 4259 753 4315 enim
798 4262 1004 4317 mortui
1052 4271 1202 4330 sunt,
1235 4279 1468 4334 quorum
1500 4278 1756 4318 curamus

151 4350 400 4408 natalem
431 4349 631 4404 hodie:
666 4349 759 4404 sed
790 4351 966 4405 renati
998 4351 1194 4407 vivunt
1237 4352 1396 4422 plane
1441 4352 1556 4424 (79)
1585 4371 1598 4418 ;
1631 4352 1760 4425 quia

154 4439 460 4513 participes
486 4437 666 4492 effecti
697 4445 826 4493 sunt
863 4437 1092 4506 Christi,
1113 4440 1205 4511 qui
1229 4440 1347 4495 vita
1374 4448 1456 4496 est
1485 4441 1755 4497 omnium.

152 4525 428 4595 Quamvis
455 4524 605 4580 enim
641 4541 874 4597 corpora
915 4526 1166 4597 passione
1194 4545 1332 4585 caesa
1359 4529 1492 4597 sint,
1524 4530 1757 4586 interru-

1865 3358 2118 3428 canibus,
2155 3373 2331 3431 neque
2379 3358 2702 3430 margaritas
2733 3357 2997 3430 projicere
3040 3373 3330 3430 porcorum
3361 3373 3449 3430 pe-

1867 3448 2033 3505 dibus
2063 3447 2464 3504 conculcandas
2495 3447 2713 3518 (Matth.
2747 3464 2850 3516 vu,
2890 3447 2970 3518 6).
3002 3471 3020 3496 ι

1939 3540 1991 3595 2.
2033 3536 2219 3594 Perdit
2247 3537 2394 3592 enim
2415 3537 2652 3592 ccelestis
2683 3535 2988 3608 margaritae
3010 3535 3260 3608 gratiam,
3294 3535 3457 3609 quis-

1870 3627 1993 3699 quis
2046 3641 2165 3682 eam
2224 3625 2527 3683 foedissimo
2559 3624 2829 3698 peccatori
2863 3625 2980 3698 (81)
3009 3623 3348 3682 circumdare
3373 3641 3460 3681 co-

1868 3724 2066 3783 natur;
2097 3732 2309 3788 gemma
2337 3715 2508 3784 enim,
2539 3715 2682 3771 sicut
2712 3714 2816 3786 ipsi
2848 3713 3022 3784 scitis,
3053 3714 3163 3770 nisi
3190 3730 3324 3771 auro
3348 3729 3462 3771 non

1869 3802 2152 3871 convenit,
2196 3803 2489 3875 margarita
2546 3802 2654 3858 nisi
2694 3801 2948 3874 pretiosis
3003 3799 3305 3857 monilibus
3348 3817 3462 3857 non

1867 3901 2104 3966 aptatur.
2165 3894 2354 3948 Estote
2388 3908 2514 3966 ergo
2570 3909 2765 3949 aurum
2795 3892 3086 3965 optimum,
3117 3897 3265 3956 465
3291 3897 3464 3948 estote

1869 3990 2079 4046 monile
2133 3990 2474 4063 pretiosum;
2533 3997 2595 4046 ut
2651 3991 2824 4062 possit
2878 3990 2938 4046 in
2977 3989 3136 4046 vobis
3171 3989 3466 4062 margarita

1868 4081 2136 4154 spiritalis
2194 4081 2427 4138 includi.
2468 4081 2761 4154 Margarita
2793 4081 2943 4138 enim
2974 4081 3225 4140 Christus
3251 4089 3332 4138 est
3359 4082 3465 4137 Do-

1869 4172 2076 4237 minus,
2131 4188 2294 4244 quam
2353 4172 2664 4244 negotiator
2733 4172 2828 4228 ille
2872 4171 3028 4228 dives
3055 4172 3113 4227 in
3142 4171 3465 4256 Evangelia,

1870 4262 2112 4319 venditis
2143 4262 2403 4318 omnibus
2423 4263 2585 4318 rebus
2612 4263 2932 4332 suis,emere
2953 4261 3464 4334 festinavit(Matth.

1869 4352 2119 4424 xmﬁﬁ),
2143 4361 2197 4408 et
2228 4354 2424 4409 maluit
2452 4370 2642 4411 omnes
2669 4371 2803 4428 quas
2828 4354 3080 4424 habebat,
3108 4353 3296 4410 saeculi
3324 4368 3467 4426 gem-

1873 4458 1987 4497 mas
2019 4442 2296 4512 amittere,
2320 4451 2535 4500 tantum
2563 4453 2624 4502 ut
2660 4460 2829 4500 unam
2863 4442 3067 4501 Christi
3093 4450 3297 4500 emeret
3328 4457 3468 4497 mar-

1873 4530 2102 4602 garitam
2114 4572 2126 4584 .

152 4625 287 4690 ptus
316 4622 500 4670 tamen
533 4629 644 4668 non
674 4623 755 4670 est
773 4614 908 4671 ordo
933 4615 1158 4670 vivendi
1194 4617 1310 4689 (80)
1337 4637 1348 4685 ;
1375 4617 1583 4690 jugiter
1611 4620 1758 4676 enim
1793 4637 1843 4695 D
1947 4620 2000 4676 3.
2061 4619 2216 4676 Unde
2269 4628 2323 4677 et
2380 4637 2498 4694 ego,
2527 4623 2769 4690 -fratres,
2800 4638 2899 4693 pro
2927 4619 3324 4693 magnitudine,
3358 4633 3468 4691 quo

153 4717 211 4764 et
238 4708 358 4762 Deo
406 4703 606 4777 gratias
634 4712 822 4777 agunt,
872 4713 925 4761 et
954 4705 1143 4762 laudes
1172 4706 1446 4762 Salvatori
1477 4709 1721 4765 referunt
1745 4728 1758 4776 ;

154 4795 271 4851 nisi
305 4794 452 4868 quod
492 4795 733 4851 resoluta
780 4793 1153 4850 membrorum
1186 4795 1420 4863 sarcina,
1463 4799 1634 4868 magis
1672 4799 1762 4853 ad-

156 4882 378 4939 haerent
419 4883 662 4952 Christo,
694 4883 836 4938 sicut
865 4884 944 4939 ait
989 4883 1189 4939 Paulus
1226 4886 1505 4956 apostolus
1536 4903 1547 4939 :
1597 4911 1614 4933 ι
1644 4887 1765 4943 Dis-

155 4972 331 5040 solvi,
378 4980 431 5027 et
469 4989 595 5028 cum
627 4971 848 5029 Christo
877 4988 1013 5041 esse,
1046 4974 1223 5029 multo
1267 4974 1466 5030 melius
1500 4975 1760 5046 (Philipp.

156 5080 202 5132 1,
240 5061 361 5134 23).
402 5087 421 5112 ι
469 5064 590 5118 Non
620 5079 747 5136 ergo
779 5063 1011 5119 dicenda
1052 5073 1134 5121 est
1185 5081 1351 5133 mors,
1394 5081 1501 5138 qua
1530 5066 1763 5122 interve-

154 5155 379 5225 niente,
409 5172 658 5213 caremus
695 5157 1155 5230 persecutoribus,
1204 5167 1256 5214 et
1286 5158 1506 5216 Christo
1535 5177 1765 5218 connec-

156 5245 362 5303 timur.
394 5248 513 5304 Non
559 5255 642 5304 est
688 5248 850 5321 plane
879 5247 1112 5307 dicenda
1165 5267 1333 5320 mors,
1386 5268 1507 5325 qua:
1547 5251 1767 5309 Christo

202 5477 214 5488 ο
237 5405 360 5481 (78)
410 5407 596 5494 Iidem.
772 5410 1037 5494 omittunt
1050 5427 1075 5494 _:
1127 5413 1369 5494 Legimus
1415 5415 1473 5494 in
1520 5417 1770 5494 Scriptu-

425 5480 809 5540 subministrat.
860 5483 933 5538 Et
979 5483 1162 5540 infra:
1199 5480 1338 5542 Bene
1377 5489 1455 5543 ait
1481 5480 1771 5544 ascendisse

339 5568 410 5607 m.

234 5623 794 5701 (79)_Omn_es_edit.,
851 5625 1236 5701 uiuuntipane;
1285 5648 1476 5688 omnes
1514 5649 1667 5701 mss.,
1695 5633 1770 5688 vi-

152 5701 296 5750 vunt
315 5696 504 5777 plane.
537 5695 686 5754 Infra
710 5713 842 5755 vero
873 5698 1011 5758 edit.
1041 5695 1201 5760 Hom.
1222 5695 1368 5774 sola,
1400 5705 1494 5776 qui
1515 5695 1676 5777 panis
1694 5705 1770 5762 vi-

153 5783 217 5841 ta
247 5773 330 5824 est
351 5773 603 5825 omnium.

1873 4709 2293 4779 commiseratis,
2331 4709 2544 4777 delicti,
2588 4711 2742 4766 nolui
2785 4709 2943 4766 vobis
2972 4709 3210 4782 pandere
3239 4721 3468 4779 evange-

1873 4798 1992 4854 licae
2051 4798 2370 4855 refectionis
2409 4798 2658 4872 eloquia;
2709 4798 2804 4855 sed
2861 4798 3033 4870 magis
3078 4798 3323 4870 ingerere
3352 4796 3468 4875 ani-

1875 4902 2039 4941 mosae
2071 4887 2470 4958 indignationis
2501 4887 2784 4958 injuriam,
2816 4896 2869 4943 et
2905 4888 3059 4959 prius
3087 4904 3186 4943 vos
3216 4886 3471 4943 verberi-

1873 4977 1976 5033 bus
2018 4977 2360 5048 spiritalibus
2409 4977 2716 5046 emendare,
2748 4993 2811 5033 ac
2839 4977 2920 5033 sic
2951 4976 3258 5049 margarita)
3296 4976 3470 5033 ditam

1875 5070 2217 5126 muneribus.
2278 5070 2467 5138 Malui,
2500 5069 2746 5142 inquam,
2783 5075 3068 5141 peccatum
3096 5075 3343 5124 vestrum
3371 5067 3474 5124 in-

1875 5161 2119 5218 cusando
2167 5159 2366 5216 acriter
2420 5161 2722 5232 increpare,
2778 5174 2943 5233 quam
2989 5159 3186 5214 leniter
3215 5157 3472 5215 dissimu-

1877 5251 2039 5308 lando
2096 5252 2343 5319 nutrire;
2401 5250 2654 5324 quisquis
2700 5248 2849 5307 enim
2888 5247 3112 5306 fratrem
3153 5263 3264 5304 non
3293 5246 3474 5320 arguit

1951 5414 2068 5488 (80)
2103 5415 2251 5471 Edit.
2285 5431 2412 5472 cum
2443 5432 2547 5471 ms.
2580 5413 2778 5488 Lugd.,
2820 5416 2952 5471 ordo
2992 5413 3316 5481 viventium;
3347 5426 3476 5470 con-
3520 5459 3530 5470 .

1877 5487 2100 5545 cinnius
2130 5489 2224 5542 alii
2251 5488 2402 5557 cod.,
2431 5488 2564 5542 ordo
2602 5487 2831 5543 vivendi.

1953 5560 2083 5632 (81)
2128 5561 2207 5615 Ita
2244 5569 2356 5616 vet.
2385 5555 2587 5627 'edit.;
2633 5567 2703 5632 at
2756 5575 2908 5632 mss._
2936 5555 3108 5632 Lugd.
3171 5570 3234 5632 ac
3262 5555 3475 5632 Remig.

1880 5627 2169 5716 [adissimo
2219 5633 2459 5705 pectori;
2516 5631 2714 5689 melius
2767 5628 2914 5688 haud
2972 5627 3160 5699 dubie,
3186 5627 3480 5699 fwdissimo

1876 5722 2082 5778 pecori.
