3970 6380
477 379 581 439 739

1500 375 1595 430 AD
1632 373 1866 430 OPEBA
1904 373 1961 428 S.
2001 370 2334 429 AMBROSII
2370 369 2752 427 APPENDIX.

3667 366 3775 427 740

478 514 817 579 peccantem,
873 490 1280 577 quodammodo
1317 499 1570 556 hortatur
1603 506 1665 553 ut
1693 504 1897 569 peccet.
1930 496 2069 552 Nolo
2096 500 2147 560 Α
2180 494 2326 567 apud
2354 494 2687 551 domesticos
2715 493 2815 550 Dei
2861 501 3078 551 tantum
3108 492 3519 550 intercessionis
3543 508 3779 566 prome-

480 609 665 659 autem
721 598 927 673 putetis
958 596 1105 670 quod
1141 609 1252 650 non
1282 593 1350 649 de
1376 609 1561 654 amore
1594 591 1812 659 faciam,
1846 607 1946 647 vos
1973 606 2067 646 sae-

480 690 606 764 pius
629 685 1005 753 verberando;
1036 684 1188 741 ﬁlius
1227 683 1398 752 enim,
1432 681 1527 755 qui
1573 679 1929 764 castigatione
1973 678 2071 735 di-

483 797 622 854 gnus
676 786 778 847 est,
832 778 957 850 plus
1003 783 1239 843 amatur,
1267 774 1409 831 sicut
1437 772 1513 829 ait
1541 772 1822 844 Scriptura
1849 776 2065 827 sancta:

498 894 516 919 ·
551 870 726 939 Quem
784 866 931 925 enim
984 865 1169 939 diligit
1216 865 1508 933 Dominus,
1540 862 1804 934 corripit:
1846 861 2074 932 castigat

482 966 668 1016 autem
699 972 922 1013 omnem
953 955 1131 1011 ﬁlium
1164 971 1325 1028 quem
1357 952 1554 1025 recipit
1585 952 1738 1023 (Heb.
1781 968 1887 1019 ιιι,
1929 950 2008 1021 6).
2039 972 2058 997 ιι

554 1048 610 1106 li.
642 1047 822 1106 Dicite
845 1047 993 1104 enim
1044 1045 1182 1102 mihi
1216 1045 1261 1101 si
1302 1062 1413 1102 non
1436 1045 1736 1103 dolendum
1765 1043 1933 1099 fuerit
1970 1041 2076 1100 hoc

484 1148 789 1213 peccatum,
838 1139 918 1196 sic
972 1154 1074 1193 vos
1120 1137 1313 1195 salutis
1341 1147 1536 1195 vestrae
1566 1136 1915 1192 immemores
1942 1142 2077 1191 tunc

488 1230 676 1299 fuisse,
720 1238 782 1287 ut
822 1229 1163 1286 beatissimis
1214 1228 1474 1300 apostolis
1503 1228 1663 1284 Petro
1692 1234 1746 1282 et
1773 1227 1943 1291 Paulo
1965 1224 2077 1281 ho-

486 1318 893 1376 noriﬁcentiam
962 1317 1193 1372 minime
1230 1315 1602 1384 reddideritis,
1632 1332 1755 1373 cum
1789 1315 1934 1386 ipsos
1963 1328 2078 1368 esse

487 1408 674 1465 sciatis
701 1408 952 1465 doctores
1000 1406 1265 1479 gentium,
1296 1413 1545 1463 auctores
1574 1414 1901 1478 martyrum,
1932 1402 2079 1474 prin-

488 1496 636 1569 cipes
681 1495 1059 1553 sacerdotum:
1114 1512 1235 1559 nec
1267 1495 1556 1551 volueritis
1610 1511 1800 1551 eorum
1842 1492 2081 1550 natalem

488 1584 778 1642 nobiscum
800 1584 1223 1642 festivissimum
1250 1583 1545 1652 celebrare,
1577 1590 1738 1656 atque
1761 1582 1846 1638 illi
1874 1579 2084 1637 caelesti

492 1673 760 1731 interesse
809 1672 1091 1741 convivio,
1143 1672 1203 1727 in
1258 1688 1368 1745 quo
1395 1687 1495 1744 pro
1519 1680 1824 1744 martyrum
1858 1683 2084 1726 suorum

495 1769 648 1819 tanta
676 1761 891 1831 latitia,
920 1760 1285 1818 substantiam
1329 1760 1459 1817 vitae
1488 1761 1602 1833 ipse
1632 1759 1791 1816 nobis
1818 1757 2088 1814 Dominus

490 1851 828 1909 ministravit
886 1849 1004 1924 (82)
1036 1849 1065 1908 ?
1085 1849 1272 1910 Vultis
1299 1856 1483 1906 autem
1512 1848 1652 1907 scire
1681 1848 1900 1923 quantis
1928 1844 2089 1903 bonis

488 1940 733 1999 fraudati
763 1938 1014 1998 fueritis?
1056 1940 1396 2013 Interrogate
1415 1939 1634 2008 fratres,
1665 1937 1761 2012 qui
1778 1951 1927 1994 nunc
1951 1943 2086 1992 tem-

489 2032 641 2106 poris
666 2042 883 2089 mecum
916 2029 1123 2104 pariter
1154 2031 1474 2101 adfuerunt,
1501 2045 1664 2104 quam
1700 2027 1891 2085 refecti
1914 2043 1945 2084 a
1963 2027 2086 2083 Do-

492 2120 699 2177 minica
727 2136 916 2176 mensa
943 2118 1289 2191 dicesserint,
1314 2122 1402 2177 vel
1433 2120 1620 2194 quales
1647 2134 1833 2179 secum
1862 2116 2087 2174 domum

494 2213 771 2287 spiritales
798 2211 1024 2270 divitias
1062 2211 1484 2284 reportaverint.

569 2304 625 2361 ὅ.
660 2304 843 2360 Unum
888 2303 1022 2371 scio,
1082 2302 1231 2376 quod
1279 2302 1327 2358 si
1380 2301 1505 2374 quis
1550 2300 1646 2356 illa
1672 2298 1761 2356 die
1790 2297 2089 2354 honoratus

495 2401 592 2453 aut
632 2393 788 2451 dives
820 2393 891 2450 ob
938 2393 1174 2449 natalem
1222 2391 1326 2447 ﬁlii
1383 2390 1468 2446 sui
1499 2388 1567 2446 ad
1614 2389 1885 2445 decimum
1918 2401 2091 2459 usque

497 2483 824 2540 milliarium
856 2483 925 2541 ad
967 2482 1258 2556 prandium
1288 2479 1608 2553 rogavisset,
1637 2485 1858 2551 propter
1877 2492 2093 2534 accura-

500 2580 587 2630 tas
624 2573 897 2646 epulas,et
927 2572 1226 2645 inaequales
1256 2586 1540 2626 mensuras
1567 2568 1768 2641 absque
1796 2566 1967 2625 dubio
1994 2581 2093 2623 vos

498 2662 673 2720 ituros
730 2663 918 2719 fuisse.
978 2661 1171 2734 Igitur,
1214 2659 1428 2727 fratres,
1481 2657 1911 2732 quotiescunque
1955 2673 2095 2713 mar-

498 2760 686 2827 tyrum
749 2752 1075 2809 memoriam
1127 2749 1488 2817 celebramus,
1520 2747 1900 2821 praetermissis
1919 2745 2093 2803 omni-

499 2842 602 2900 bus
653 2843 840 2899 sazculi
898 2841 1132 2911 actibus,
1156 2840 1273 2896 sine
1305 2840 1489 2913 aliqua
1518 2838 1783 2895 dilatione
1815 2837 1931 2909 (83)
1960 2853 2095 2893 con-

500 2950 721 2993 currere
769 2934 1069 3001 debemus,
1131 2931 1356 2989 reddere
1420 2932 1531 2988 illis
1593 2929 2093 2999 honoriﬁcentiam,

503 3025 600 3099 qui
650 3024 811 3082 nobis
857 3026 1090 3082 salutem
1130 3021 1448 3096 profusione
1499 3022 1585 3077 sui
1640 3020 1922 3094 sanguinis
1942 3035 2097 3093 pepe-

508 3124 721 3186 rerunt,
781 3117 875 3190 qui
906 3125 1165 3189 tanquam
1197 3124 1404 3171 sacrata
1432 3115 1610 3171 hostia
1637 3131 1738 3187 pro
1767 3121 1955 3170 nostra
1977 3130 2098 3186 pro-

509 3206 801 3282 pitiatione
830 3207 1068 3264 Domino
1099 3214 1227 3263 sunt
1246 3205 1438 3276 oblati,
1473 3205 1776 3279 praesertim
1798 3221 1925 3262 cum
1954 3202 2103 3261 dicat
2134 3249 2177 3309 Ο

511 3302 580 3361 ad
611 3310 828 3361 sanctos
857 3318 987 3359 suos
1026 3301 1378 3376 omnipotens
1404 3304 1581 3359 Deus:
1626 3325 1645 3350 ι
1674 3300 1781 3369 Qui
1808 3317 1907 3357 vos
1931 3299 2101 3356 hono-

505 3405 610 3466 rat,
666 3413 754 3453 me
807 3395 1079 3453 honorat:
1141 3404 1196 3453 et
1252 3395 1345 3469 qui
1385 3413 1483 3453 vos
1518 3395 1747 3469 spernit,
1779 3410 1867 3451 me
1893 3390 2102 3465 spernit

509 3486 660 3559 (Luc.
692 3502 751 3557 x,
777 3487 890 3558 16).
920 3512 939 3536 ι
972 3485 1235 3562 Quisquis
1264 3504 1391 3561 ergo
1421 3486 1657 3544 honorat
1685 3490 1974 3558 martyres,
2005 3480 2102 3536 ho-

505 3582 665 3631 norat
720 3581 774 3631 et
803 3574 1091 3634 Christum
1117 3596 1130 3635 :
1183 3585 1237 3635 et
1266 3577 1363 3652 qui
1393 3577 1604 3652 spernit
1627 3581 1863 3642 sanctos,
1893 3567 2103 3642 spernit

506 3674 560 3723 et
590 3666 912 3725 Dominum.

1109 3812 1342 3871 SERMO
1383 3811 1497 3873 LV.

687 3911 750 3968 In
770 3910 951 3993 Natali
973 3910 1066 3969 SS.
1092 3912 1309 3970 Nazarii
1338 3919 1393 3968 et
1430 3910 1574 3970 Celsi
1605 3916 1933 3981 martyrum.

512 4032 612 4089 Hic
654 4047 825 4087 sermo
869 4049 975 4087 non
1020 4039 1195 4088 erstat
1224 4033 1275 4087 in
1307 4032 1430 4087 edit.
1471 4030 1683 4086 Amerb.
1726 4045 1889 4098 neque
1911 4027 2103 4092 Eras.,

583 4103 672 4159 sed
728 4121 819 4158 nec
858 4104 916 4158 in
966 4106 1095 4160 ullis
1118 4121 1241 4159 mss.
1276 4120 1405 4174 quos
1424 4102 1632 4173 quidem
1662 4099 1838 4174 vide-re
1868 4099 2017 4154 nobis
2045 4098 2107 4154 li-

583 4176 770 4246 cuerit,
792 4176 1080 4246 reperitur.
1119 4177 1183 4232 Ut
1208 4172 1381 4230 autem
1411 4172 1528 4228 eum
1570 4172 1840 4246 Ambrosii
1868 4188 1974 4246 non
2004 4187 2107 4225 esse

583 4242 763 4318 quivis
800 4242 1082 4317 intelligat,
1147 4263 1263 4301 cum
1318 4263 1373 4300 eo
1426 4251 1630 4300 tantum
1673 4242 1989 4313 conferenda
2034 4248 2109 4298 est

584 4317 809 4375 Paulini
852 4318 1121 4386 narratio,
1162 4330 1287 4388 qua
1321 4317 1562 4371 inventas
1591 4318 1778 4371 horum
1809 4321 2108 4386 martyrum

585 4388 844 4458 reliquias
894 4390 1157 4445 describit.
1218 4388 1429 4444 Etenim
1458 4389 1801 4444 inventionem
1838 4388 1993 4443 illam
2020 4403 2107 4442 ea:-

589 4460 767 4515 tremis
823 4467 1025 4516 tantu-m
1083 4461 1252 4516 sancti
1306 4460 1531 4531 episcopi
1583 4460 1740 4515 annis
1768 4459 1959 4515 asserit
1986 4475 2110 4512 eve-

586 4534 744 4601 nisse,
795 4549 911 4587 cum
967 4534 1103 4588 idem
1162 4530 1345 4587 sermo’
1374 4530 1494 4601 jam
1547 4530 1733 4587 celebri
1782 4548 1882 4602 per
1907 4546 2109 4602 omnem

2176 584 2372 653 rueris,
2403 592 2672 657 quantum
2700 583 3076 640 venerationis
3131 582 3487 657 impenderis.
3544 582 3781 657 Oportet

2178 674 2361 747 itaque
2391 681 2453 730 ut
2478 673 2687 730 alienos
2702 674 2888 746 potius
2916 673 3078 749 nobis
3110 673 3334 731 devotio
3364 673 3617 747 religiosa
3644 687 3780 731 con-

2178 768 2349 836 ciliet,
2380 783 2543 840 quam
2564 768 2706 823 forte
2735 765 2990 840 proprios
3020 782 3054 823 a
3082 766 3245 823 nobis
3284 763 3616 839 negligentia
3642 763 3783 821 irre-

2180 857 2362 929 ligiosi
2390 857 2596 929 teporis
2623 858 2846 914 alienet.

2251 949 2305 1005 2.
2346 950 2743 1022 Agnoscamus,
2774 946 3116 1014 charissimi,
3147 947 3295 1005 circa
3333 945 3638 1005 Ecclesiam
3666 960 3785 1002 no—

2182 1043 2351 1094 stram
2389 1038 2699 1095 uberiorem
2752 1036 3074 1094 divinorum
3124 1053 3417 1094 munerum
3447 1036 3784 1111 largitatem.

2183 1135 2480 1189 Exsultant
2500 1133 2687 1189 felices
2707 1132 3053 1205 singularum
3073 1131 3294 1188 urbium
3320 1133 3528 1206 populi,
3546 1132 3593 1189 si
3614 1130 3790 1188 unius

2185 1224 2376 1280 saltem
2434 1222 2695 1296 martyris
2745 1221 2998 1296 reliquiis
3051 1224 3383 1280 muniantur
3430 1240 3443 1280 :
3510 1240 3637 1282 ecce
3684 1239 3793 1281 nos

2187 1314 2418 1387 populos
2449 1322 2759 1387 martyrum
2790 1313 3150 1386 possidemus.
3175 1314 3435 1372 Gaudeat
3468 1322 3615 1372 terra
3645 1331 3795 1372 nos—

2188 1410 2274 1459 tra
2323 1404 2515 1461 nutrix
2567 1402 2873 1461 caelestium
2902 1403 3168 1474 militum,
3201 1413 3256 1463 et
3282 1413 3561 1463 tantarum
3590 1420 3796 1478 parens

2189 1490 2423 1550 fecunda
2450 1494 2746 1550 virtutum.
2787 1493 2954 1551 Recte
2982 1493 3168 1567 itaque
3201 1502 3257 1552 et
3284 1512 3356 1552 ex
3376 1495 3566 1552 debito
3593 1511 3626 1550 a
3656 1492 3797 1551 ﬁliis

2192 1582 2433 1656 parentis
2454 1582 2713 1641 Ecclesiae
2741 1580 2940 1638 horum
2979 1582 3265 1641 beatorum
3296 1592 3609 1658 martyrum
3638 1583 3799 1640 cele-

2191 1670 2424 1728 brantur
2477 1673 2736 1746 insignia,
2792 1677 2940 1736 466
3007 1674 3105 1746 qui
3157 1673 3540 1731 illuminantes
3582 1672 3799 1729 virtute

2164 1822 2167 1825 .
2195 1767 2325 1825 ﬁdei
2354 1785 2466 1826 suae
2495 1770 2929 1827 innumerabiles
2958 1771 3212 1844 populos,
3242 1770 3347 1826 soli
3388 1767 3638 1842 quidem.
3661 1767 3803 1825 illa-

2116 1886 2161 1947 B
2194 1866 2306 1947 tam
2349 1860 2456 1918 sibi
2502 1877 2718 1920 sensere
2747 1871 3005 1930 mortem,
3037 1860 3133 1918 sed
3177 1877 3291 1918 non
3320 1860 3426 1916 soli
3456 1859 3650 1916 mortis
3683 1875 3802 1916 sum

2197 1946 2464 2007 beneﬁcia
2491 1951 2872 2024 possederunt.
2896 1951 3173 2007 Immeusa
3189 1948 3341 2006 enim
3364 1947 3465 2005 Dei
3490 1947 3667 2005 nostri
3686 1948 3803 2021 pie-

2199 2046 2284 2097 tas
2311 2040 2608 2114 multiplex
2637 2042 2707 2100 ad
2737 2040 3064 2111 bonitatem,
3095 2048 3151 2098 et
3195 2039 3399 2098 artifex
3446 2040 3516 2097 ad
3539 2040 3801 2111 salutem,

2201 2149 2514 2206 proponens
2540 2135 2771 2193 arduam
2800 2133 3076 2192 virtutum
3104 2133 3368 2207 palmam,
3410 2149 3535 2191 raro
3576 2134 3805 2208 appeti—

2200 2228 2319 2280 tore
2348 2224 2666 2296 pretiosam,
2698 2224 2759 2281 in
2788 2240 3091 2298 paucorum
3116 2222 3417 2297 triumphis
3432 2223 3802 2297 plurimorum

2202 2314 2508 2372 commodis
2527 2313 2812 2388 prospicit.
2845 2314 3074 2370 Illorum
3103 2312 3380 2386 siquidem
3424 2314 3621 2372 merita
3663 2331 3808 2373 uos-

2203 2413 2289 2462 tra
2318 2406 2441 2462 vult
2472 2421 2588 2463 esse
2613 2403 2873 2477 suﬁ‘ragia
2912 2419 2925 2459 :
2957 2402 3236 2476 simulque
3267 2402 3401 2460 dum
3438 2404 3599 2462 nobis
3627 2405 3798 2463 ﬁdem

2202 2510 2389 2551 veram
2444 2494 2555 2552 duo
2615 2492 2870 2567 martyrii
2929 2508 3101 2566 agone
3137 2482 3508 2563 commendat,
3540 2494 3810 2553 afﬂictio-

2205 2602 2333 2644 nem
2392 2587 2822 2662 praecedentium
2879 2587 3306 2645 instructionem
3339 2586 3509 2645 efﬁcit
3551 2594 3814 2661 postero—

2206 2692 2351 2735 rum.

2278 2767 2332 2824 3.
2367 2766 2585 2837 Quanta
2637 2775 2718 2825 est
2764 2767 2913 2827 circa
2966 2784 3068 2826 nos
3109 2768 3210 2825 Dei
3238 2767 3416 2825 nostri
3444 2767 3802 2828 sollicitudo!

2207 2857 2339 2913 Illos
2367 2857 2668 2928 examinat,
2701 2866 2763 2914 ut
2791 2874 2893 2915 nos
2936 2857 3152 2915 erudiat
3184 2875 3196 2914 :
3254 2858 3383 2915 illos
3436 2859 3697 2929 conterit,
3740 2867 3811 2917 ut

2209 2963 2309 3004 nos
2337 2948 2620 3021 acquirat;
2656 2963 2953 3021 eorumque
2978 2947 3254 3006 cruciatus
3282 2954 3499 3005 nostros
3520 2948 3645 3006 vult
3686 2964 3813 3007 esse

2210 3038 2507 3113 profectus.
2563 3037 2759 3096 Merito
2803 3054 2932 3110 ergo
2975 3054 3069 3095 eos
3114 3038 3352 3096 colimus
3398 3039 3495 3112 qui
3542 3040 3814 3113 periculis

2211 3129 2328 3185 suis
2356 3136 2623 3201 pugnant,
2653 3134 2708 3182 et
2751 3125 2956 3181 nostris
2985 3125 3324 3182 utilitatibus
3353 3126 3600 3185 militant
3626 3147 3642 3196 ;
3700 3129 3804 3203 qui

2211 3234 2309 3291 per
2334 3217 2476 3274 lucis
2502 3214 2740 3287 vitaeque
2767 3221 3145 3287 contemptum
3163 3214 3395 3272 edocent
3413 3233 3515 3272 nos
3532 3226 3816 3291 quantum

2208 3309 2321 3363 Deo
2351 3312 2541 3361 nostro
2566 3303 2861 3361 debeamus
2912 3304 3191 3362 affectum.
3236 3306 3567 3363 Noverimus
3618 3308 3815 3382 itaque

2209 3394 2340 3468 quia
2367 3410 2479 3450 non
2505 3394 2624 3451 sine
2654 3410 2850 3468 magno
2879 3394 3202 3453 discrimine
3236 3394 3304 3451 de
3332 3396 3619 3469 religionis
3645 3397 3813 3454 veri-

2210 3491 2321 3540 tate
2348 3483 2688 3555 dubitamus,
2719 3500 2885 3558 quam
2915 3492 3199 3543 tantorum
3227 3487 3493 3559 sanguine
3517 3488 3813 3547 conﬁrma-

2209 3581 2323 3632 tam
2352 3573 2621 3633 videmus.
2655 3576 2837 3650 Magni
2861 3575 3097 3649 periculi
3125 3592 3212 3633 res
3239 3583 3341 3646 est,
3363 3576 3411 3633 si
3426 3585 3549 3650 post
3576 3578 3815 3651 prophe-

2209 3673 2391 3723 tarum
2428 3667 2670 3737 oracula,
2718 3672 2841 3740 post
2887 3666 3262 3739 apostolorum
3300 3665 3637 3737 testimonia,
3684 3676 3815 3740 post

2212 3767 2521 3832 martyrum
2550 3761 2802 3829 vulnera,
2838 3767 3077 3817 veterem
3105 3758 3271 3816 ﬁdem
3322 3758 3477 3834 quasi
3528 3760 3811 3818 novellam

2213 3849 2487 3908 discutere
2515 3867 2833 3924 prmsumas,
2863 3857 2918 3906 et
2943 3856 3066 3923 post
3112 3856 3226 3906 tam
3273 3850 3594 3906 manifestos
3640 3849 3813 3908 duces

2213 3938 2274 3996 in
2301 3956 2485 3997 errore
2512 3955 2850 4013 permaneas,
2895 3946 2948 3995 et
3001 3945 3125 4011 post
3173 3938 3536 3996 morientium
3582 3939 3815 3997 sudores

2213 4030 2390 4087 otiosa
2417 4030 2788 4103 disputatione
2806 4028 3126 4085 contendas.

2284 4121 2338 4179 4.
2371 4122 2831 4195 Congratulamur
2852 4137 3000 4193 ergo,
3046 4118 3392 4176 dilectissimi
3431 4117 3646 4189 fratres,
3697 4133 3812 4178 ma-
3878 4139 3889 4149 ‘

2215 4230 2334 4288 gnae
2363 4212 2493 4268 ﬁdei
2512 4206 2736 4281 vestrae,
2755 4227 2851 4284 per
2869 4226 3033 4284 quam
3056 4209 3189 4266 dum
3204 4210 3422 4267 exsules
3438 4210 3653 4284 proﬂua
3679 4211 3812 4269 cha-

2215 4304 2377 4362 ritate
2400 4305 2701 4378 suscipitis,
2737 4303 2903 4361 etiam
2925 4303 3136 4361 incolas
3154 4302 3394 4376 paradisi
3413 4310 3469 4360 et
3499 4298 3630 4360 coeli
3652 4303 3812 4361 cives

2215 4396 2415 4453 habere
2447 4396 2746 4454 meruistis.
2779 4396 3006 4452 Beatum
3036 4394 3221 4468 itaque
3266 4394 3555 4451 Nazarium
3604 4402 3813 4469 marty-

2217 4505 2333 4545 rem
2359 4488 2566 4547 Christi
2595 4499 2785 4547 sancta
2812 4487 3235 4546 Mediolanensis
3281 4488 3527 4546 Ecclesia
3572 4486 3703 4544 licet
3729 4494 3813 4544 to.

587 4578 1102 4661 ἒὶἑῖὲείᾶἷνῖεοῖᾶὗὶ
1147 4578 1747 4675 carnulenta.
1782 4578 2109 4673 ’ᾰὸιξὶἇᾶῗὲῥζ
2137 4609 2187 4668 ι)
2220 4588 2338 4675 tuti}
2372 4597 2599 4675 corpore
2628 4597 2814 4639 secum
2836 4579 3166 4675 retine!!th
3186 4578 3402 4675 munde
3422 4587 3604 4635 tamen
3631 4584 3813 4665 totum

588 4692 770 4732 sarum
809 4677 918 4732 dies
953 4677 1152 4733 natalis
1178 4692 1212 4731 v
1244 4676 1374 4731 Kal.
1418 4676 1686 4747 Augustas
1709 4692 1730 4741 ;
1756 4674 1984 4747 inventio
2014 4689 2110 4747 au-

591 4754 689 4805 tem
716 4766 775 4805 v1
804 4748 932 4805 Idus
962 4749 1153 4808 Maias.
1187 4748 1264 4802 De
1282 4747 1469 4818 quibus
1495 4745 1689 4809 sanctis
1717 4746 1920 4802 consuli
1957 4745 2114 4818 etiam

582 4826 753 4893 potest
810 4827 1023 4877 sanctus
1067 4817 1331 4879 Paulinus
1357 4821 1539 4877 Carm.
1568 4820 1601 4877 9
1630 4819 1687 4876 in
1715 4818 1889 4874 natali
1924 4818 1980 4875 S.
2020 4817 2113 4873 Fe-

592 4893 725 4950 licis.

595 5038 887 5095 LEtiamsi
917 5039 1252 5112 martyribus
1280 5039 1519 5113 regionis
1540 5046 1811 5095 extraneze
1841 5039 1932 5112 pia
1960 5046 2112 5096 voto-

522 5144 646 5187 rum
687 5127 875 5186 debita
902 5131 1275 5202 redderemus,
1307 5132 1543 5205 propriis
1577 5133 1866 5189 consulere
1909 5133 2115 5189 utilita-

522 5218 676 5276 tibus
730 5227 785 5276 et
828 5221 1137 5277 commodis
1181 5222 1573 5294 probaremur;
1609 5231 1823 5279 nostros
1850 5221 1999 5278 enim
2024 5238 2116 5278 eos

521 5309 660 5368 ﬁdes
711 5310 930 5381 faceret,
972 5319 1027 5369 et
1064 5314 1288 5370 remotis
1325 5310 1627 5386 quamlibet
1675 5311 1879 5389 ﬁnibus
1904 5321 2117 5384 sperata

518 5400 684 5458 nobis
737 5402 1049 5475 patrocinia
1094 5411 1463 5476 corrogarent.
1494 5402 1813 5459 Studiorum
1844 5402 2116 5476 siquidem

523 5497 655 5547 sunt
709 5491 1031 5567 hujusmodi
1084 5493 1361 5568 suffragia,
1417 5510 1529 5551 non
1572 5494 1853 5564 locorum,
1888 5493 2118 5567 proinde

602 5616 717 5698 (82)
758 5619 963 5698 Omnes
989 5618 1123 5698 edit.
1153 5626 1208 5698 et
1235 5618 1406 5698 codex
1435 5619 1595 5698 _Lug.,
1622 5621 1884 5698 Dominus
1911 5620 2117 5677 demon-

528 5690 720 5764 stravit
741 5690 1262 5764 ;_optime_Remig.,
1287 5690 1546 5764 Dominus
1558 5692 1900 5764 ministravit.

603 5757 721 5831 (83)
773 5757 900 5819 Vét.
959 5761 1120 5831 edit.,
1175 5757 1286 5819 sine
1327 5763 1520 5835 aliqua
1556 5763 1913 5830 dubitatione;
1954 5764 2114 5822 Rom.

2220 4673 2279 4729 in
2309 4671 2693 4730 benedictione
2721 4670 3049 4728 transmisit.
3071 4671 3203 4728 Haec
3214 4677 3296 4726 est
3314 4669 3464 4726 enim
3496 4662 3815 4727 sanctOrum

2222 4772 2528 4838 martyrum
2564 4764 2759 4837 gloria,
2791 4779 3025 4837 quorum
3050 4763 3152 4819 etsi
3178 4778 3276 4835 per
3305 4762 3628 4818 universum
3655 4776 3814 4818 mun-

2221 4855 2355 4914 dum
2388 4857 2690 4914 seminetur
2722 4856 2779 4912 in
2819 4853 3103 4911 cineribus
3143 4853 3346 4926 portio,
3397 4859 3582 4909 manet
3629 4858 3815 4908 tamen

2221 4949 2435 5021 integra
2479 4949 2538 5004 in
2594 4945 2894 5003 virtutibus
2947 4942 3251 5017 plenitudo.
3308 4943 3653 5002 Veneremur
3687 4958 3818 5016 ergo

2223 5037 2282 5094 in
2308 5046 2463 5096 tanto
2493 5036 2702 5096 Christi
2732 5034 2910 5091 milite
2940 5034 3106 5090 ﬁdem
3145 5040 3424 5101 nostram;
3468 5040 3642 5089 mater
3660 5047 3819 5090 nam-

2223 5146 2329 5204 que
2374 5129 2630 5202 martyrii
2682 5127 2818 5184 ﬁdes
2857 5125 3129 5184 catholica
3154 5131 3254 5192 est,
3290 5123 3348 5179 in
3379 5138 3488 5196 qua
3513 5124 3619 5179 iste
3648 5121 3822 5179 illus-

2223 5220 2326 5277 tris
2354 5219 2580 5288 athleta,
2620 5218 2885 5291 sanguine
2919 5217 3063 5286 fuso,
3085 5223 3319 5270 mortem
3351 5230 3450 5288 pro
3487 5213 3605 5287 ipsa
3631 5214 3823 5271 calca-

2223 5309 2325 5365 vit.
2380 5309 2568 5377 Mater,
2606 5307 2855 5381 inquam,
2885 5303 3139 5379 martyrii
3167 5303 3304 5361 ﬁdes
3332 5313 3415 5362 est
3448 5324 3460 5361 :
3496 5319 3825 5361 veneremur

2225 5418 2351 5475 ergo
2379 5400 2436 5458 in
2477 5408 2791 5459 sanctorum
2821 5407 3128 5472 martyrum
3151 5396 3327 5471 gloria
3359 5396 3525 5453 ﬁdem
3555 5404 3820 5456 nostram.

2225 5490 2511 5560 Quomodo
2541 5489 2705 5546 ﬁdem
2733 5498 2979 5545 nostram
3001 5488 3030 5545 ?
3058 5487 3144 5544 Ab
3164 5486 3287 5544 istis
3307 5487 3455 5544 enim
3474 5486 3608 5544 dum
3629 5487 3825 5545 mortis

2226 5626 2281 5675 et
2310 5635 2440 5675 mss.
2473 5623 2537 5674 ut
2565 5633 2666 5673 nos
2696 5616 2753 5672 in
2785 5622 2963 5671 textu.
2997 5613 3148 5672 Infra
3175 5629 3309 5670 vero
3339 5611 3437 5671 ubi
3462 5628 3654 5670 omnes
3685 5610 3821 5673 edit.

2228 5706 2292 5747 ac
2319 5706 2452 5746 mss.
2480 5688 2715 5761 Remig.,
2741 5693 2848 5744 tam
2868 5693 3081 5743 sacrata
3103 5686 3278 5761 hostia
3297 5685 3519 5761 ;_magis
3537 5684 3824 5746 commode

2227 5760 2406 5822 codex
2434 5757 2935 5834 Lugd.,'tamquam
2961 5765 3174 5817 sacrata
3201 5757 3395 5815 hostia.
