3970 6412
245 394 351 452 741

1089 392 1463 451 SERMONES
1500 395 1553 452 S.
1596 394 1952 453 AMBROSIO
1991 395 2359 453 HACTENUS
2400 398 2734 454 ASCRIPTI.

3470 404 3572 460 742

245 521 548 577 tolerantia
567 519 1252 592 indubitanterexcipitur,
1275 539 1395 593 spes
1422 521 2216 592 immortalitatisAangelicis
2267 523 2634 579 confortatum
2690 523 2967 596 alloquiis,
3053 526 3111 580 in
3173 525 3382 584 Christi
3442 529 3569 584 Jesu

245 610 539 667 evidenter
585 609 879 678 asseritur;
948 626 1233 682 nunquam
1295 611 1444 666 enim
1494 611 1635 668 hanc
1682 612 1854 668 vitam

244 709 363 757 tam
411 708 728 758 constanter
783 699 1175 772 expenderent,
1207 699 1313 756 nisi
1361 717 1475 758 esse
1503 701 1726 757 alteram
1759 702 1857 758 in—

243 791 700 865 comparabiliter
743 790 1042 848 beatiorem
1089 791 1327 863 perfecta
1369 792 1691 848 deﬁnitione
1721 810 1856 849 sen-

243 881 441 938 tirent.
477 883 540 938 In
569 881 774 938 sanctis
805 882 991 956 itaque
1023 881 1366 953 przeconibus
1394 881 1643 937 veritatis
1665 899 1856 939 resur-

244 972 514 1030 rectionis
555 972 854 1028 auctoritas
899 979 1011 1038 est;
1063 971 1303 1044 prompti
1343 971 1490 1027 enim
1521 981 1749 1043 pereunt
1795 973 1854 1029 in

250 1063 455 1120 melius
503 1063 819 1136 reparandi,
879 1062 1082 1136 quibus
1133 1079 1228 1134 per
1283 1062 1560 1134 angustias
1608 1063 1854 1119 tribula-

243 1153 466 1209 tionum
505 1153 750 1226 aperitur
793 1152 982 1209 exitus
1027 1151 1095 1208 ad
1154 1151 1576 1224 amplitudinem
1620 1152 1856 1225 gaudio-

244 1258 397 1299 rum.

318 1339 373 1395 5.
406 1337 562 1394 Unde
606 1345 660 1394 et
711 1336 904 1392 beatus
934 1334 1212 1403 Nazarius,
1245 1334 1402 1407 cujus
1448 1335 1612 1392 hodie
1651 1337 1852 1409 glorio-

241 1446 363 1487 sam
395 1429 461 1485 de
496 1429 688 1486 mundi
736 1428 896 1485 hoste
928 1427 1216 1484 victoriam
1246 1428 1575 1483 universalis
1607 1429 1856 1485 Ecclesia

244 1519 393 1576 festa
415 1518 782 1576 exsultatione
821 1518 1185 1580 concelebrat,
1237 1533 1362 1573 cum
1393 1525 1637 1589 tempore
1669 1519 1854 1590 genti-

241 1594 422 1666 1itatis
449 1626 562 1665 non
593 1609 928 1682 ignobilibus
956 1608 1274 1680 parentibus
1320 1607 1585 1664 oriundus
1611 1609 1856 1678 [exsiste-

244 1707 353 1769 ret,
407 1699 656 1771 sacrilegi
708 1698 888 1756 adhuc
933 1713 1068 1771 puer
1097 1698 1357 1770 genitoris
1403 1699 1658 1755 militiam
1687 1699 1854 1755 simul

241 1797 300 1846 et
355 1789 663 1848 doctrinam
703 1788 963 1846 detestari
1009 1805 1080 1844 ex
1109 1787 1410 1860 improviso
1459 1789 1654 1862 coepit:
1690 1797 1852 1862 atque

1966 609 2219 666 laudibus
2265 612 2559 668 exsultare.
2612 613 2754 670 Ecce
2790 612 3053 685 profanus
3082 611 3258 672 hostis
3286 631 3566 688 nunquam

1963 699 2123 756 beato
2154 703 2384 775 martyri
2428 710 2642 761 tantum
2674 702 2954 776 prodesset
2982 703 3267 778 obsequio,
3299 713 3565 778 quantum

1963 791 2182 863 profuit
2207 792 2353 849 odio.

2034 881 2086 936 8.
2120 880 2224 936 Sed
2273 883 2494 938 tandem
2549 882 2791 954 perfecto
2845 881 3032 954 agonis
3070 882 3389 952 certamine,
3437 900 3564 941 cum

1965 972 2123 1029 Celso
2183 975 2434 1046 puerulo,
2495 990 2657 1047 quem
2715 975 2829 1047 ipse
2888 977 3001 1031 Deo
3068 975 3124 1030 in
3184 975 3564 1032 holocaustum

1967 1061 2179 1132 polluto
2227 1071 2592 1135 assumpserat
2659 1080 2728 1119 ex
2783 1065 3004 1132 saeculo,
3072 1064 3284 1122 crudeli
3333 1064 3565 1136 imperio

1965 1149 2318 1208 damnatione
2363 1152 2687 1221 absolvitur,
2751 1152 2930 1224 gladio
2988 1161 3357 1210 consecratur.
3407 1153 3564 1210 Felix

1965 1243 2057 1300 hic
2085 1245 2183 1300 tali
2215 1245 2406 1314 exitu;
2449 1262 2557 1318 quo
2586 1262 2748 1302 omne
2798 1245 3059 1303 delictum
3090 1247 3167 1302 ita
3203 1246 3270 1302 ab
3299 1262 3363 1306 eo
3401 1244 3562 1315 exiit,

1963 1342 2025 1390 ut
2079 1336 2241 1392 etiam
2285 1337 2461 1394 redire
2517 1354 2628 1394 non
2684 1338 2891 1410 possit:
2957 1354 3065 1411 quo
3109 1337 3190 1393 sic
3229 1337 3416 1392 debita
3463 1351 3562 1392 sua

1964 1425 2150 1494 solvit,
2198 1442 2267 1481 ne
2310 1427 2454 1482 ultra
2481 1426 2809 1484 creditorem
2841 1427 3094 1495 timeret;
3153 1443 3260 1500 quo
3291 1426 3348 1482 in
3380 1441 3437 1481 se
3465 1423 3561 1480 ho-

1964 1515 2131 1570 stium
2192 1525 2412 1588 peccata
2476 1517 2582 1574 fide
2637 1519 2854 1586 clausit,
2922 1517 3030 1573 ﬁde
3092 1517 3408 1574 damnavit:
3468 1531 3566 1588 per

1965 1619 2125 1676 quem
2157 1605 2532 1661 innocentiam
2562 1605 2854 1662 devotione
2885 1606 3169 1678 quaesivit;
3215 1620 3561 1680 perseveran-

1962 1693 2040 1747 tia
2071 1691 2303 1762 invenit,
2338 1701 2513 1750 morte
2542 1695 2801 1750 servavit.

2031 1783 2084 1838 9.
2120 1782 2251 1850 Quae
2281 1799 2406 1839 cum
2454 1783 2531 1839 ita
2559 1785 2688 1853 sint,
2725 1783 3056 1852 charissimi,
3089 1784 3218 1841 licet
3246 1785 3339 1841 hic
3375 1791 3563 1840 tantus

241 1879 316 1936 a5
349 1881 643 1936 innocente
673 1887 866 1947 matre,
890 1895 1010 1952 quae
1040 1878 1153 1951 jam
1185 1877 1500 1936 christiana:
1525 1878 1652 1936 ﬁdei
1675 1880 1852 1936 titulis
1888 1895 1934 1954 Β
1963 1872 2169 1931 Christi
2201 1874 2357 1930 testis
2394 1875 2665 1947 pretiosus
2702 1874 3064 1944 confessione,
3106 1874 3396 1947 pretiosior
3425 1889 3562 1931 san-

241 1968 529 2041 insignita,
591 1968 812 2026 Christo
869 1968 1060 2026 sedule
1125 1968 1433 2037 insistebat,
1493 1978 1847 2026 sacrosanctae

241 2059 672 2131 regenerationis
721 2057 927 2116 ﬂuenta
983 2058 1162 2115 ﬁdelis
1209 2058 1322 2130 jam
1370 2058 1588 2131 spiritu,
1643 2076 1706 2116 ac
1741 2059 1847 2117 ﬁde

241 2148 502 2205 instituta
555 2149 920 2220 praeveniens,
971 2148 1336 2205 demonstrari
1388 2148 1495 2204 sibi
1544 2148 1842 2221 ﬂagitabat.

240 2237 503 2295 Nondum
535 2237 810 2311 siquidem
839 2237 1174 2312 baptismum
1205 2245 1551 2307 consecutus,
1577 2238 1670 2295 sed
1703 2240 1847 2296 inter

240 2327 535 2400 religionis
567 2327 842 2400 principia
871 2335 1318 2397 consummatus;
1359 2336 1414 2385 et
1441 2328 1686 2384 nondum
1719 2345 1845 2384 ma-

240 2416 522 2473 nifestatis
550 2417 656 2474 sibi
682 2417 914 2490 legibus,
946 2419 1060 2474 Deo
1088 2418 1302 2490 plenus,
1332 2425 1555 2491 repente
1577 2419 1844 2490 possessio

240 2513 406 2580 atque
457 2505 835 2566 habitaculum
881 2507 980 2564 Dei
1018 2507 1196 2565 factus
1241 2517 1358 2565 est:
1405 2516 1566 2581 atque
1602 2509 1679 2565 ita
1726 2525 1842 2580 per-

241 2603 493 2652 ventura
522 2613 694 2670 usque
725 2597 793 2652 ad
830 2598 997 2654 ccelos
1022 2597 1192 2654 turris
1221 2597 1374 2669 prius
1403 2598 1605 2654 meruit
1629 2598 1841 2654 elevare

241 2685 527 2758 fastigium
590 2687 730 2758 (84),
795 2703 957 2760 quam
1019 2687 1335 2759 disponeret
1393 2687 1835 2756 fundamentum,

235 2773 489 2830 nondum
539 2784 1005 2833 sacramentorum
1033 2776 1306 2846 conscius,
1337 2783 1392 2832 et
1420 2777 1477 2832 in
1507 2776 1836 2834 sacriﬁcium

229 2863 349 2936 jam
379 2864 715 2936 praelectus.
1131 2853 1140 2860 ’

312 2963 364 3020 6.
397 2962 544 3031 Quid
587 2962 656 3018 ad
701 2961 822 3020 haec
866 2979 968 3018 nos
998 2963 1247 3019 infelices
1284 2963 1610 3035 respondere
1638 2962 1838 3035 poteri-

236 3069 383 3121 mus,
447 3053 542 3125 qui
593 3059 717 3124 post
773 3052 1010 3109 nitorem
1070 3052 1348 3126 baptismi,
1401 3060 1523 3125 post
1574 3054 1836 3110 collatum

237 3142 402 3200 nobis
449 3159 601 3199 sacra
651 3144 1061 3215 regeneratione
1123 3143 1438 3211 candorem,
1483 3150 1606 3214 post
1654 3141 1834 3213 acqui-

237 3232 404 3289 sitam
444 3232 757 3302 indumenti
807 3231 1073 3304 nuptialis
1117 3231 1419 3304 angelicam
1471 3231 1832 3304 dignitatem;

240 3323 300 3378 in
341 3331 688 3395 peccatorum
718 3339 936 3380 caenum
964 3323 1186 3395 relapsi,
1217 3332 1270 3379 et
1298 3323 1357 3378 in
1386 3323 1612 3395 antiqua
1639 3320 1841 3379 crimi-

238 3428 372 3468 num
403 3412 692 3469 volutabra
720 3412 980 3481 revoluti,
1013 3412 1238 3468 niveum
1271 3411 1662 3468 vestimentum
1688 3409 1841 3466 tetris

239 3501 601 3575 iniquitatum
638 3517 702 3557 ac
739 3499 1039 3557 libidinum
1080 3501 1348 3574 contagiis
1380 3500 1754 3556 sordidamus:
1788 3507 1844 3556 et

239 3591 626 3661 holosericam,
659 3592 718 3648 in
746 3608 856 3664 qua
884 3591 1129 3664 sigillum
1158 3593 1364 3649 divinae
1394 3593 1651 3664 imaginis
1679 3608 1844 3650 acce-

239 3698 494 3756 peramus
523 3682 873 3755 impressum,
897 3682 1127 3740 maculis
1156 3683 1455 3740 mortiferae
1474 3683 1843 3756 corruptionis

241 3771 574 3840 infecimus;
607 3780 660 3829 et
689 3780 813 3846 post
847 3771 1180 3845 singularem
1210 3773 1311 3829 Dei
1338 3773 1514 3830 nostri
1543 3772 1844 3846 indulgen-

241 3863 375 3918 tiam
427 3862 689 3919 innovata
735 3863 1023 3932 faedamus,
1075 3865 1286 3937 integra
1323 3863 1708 3932 rescindimus,
1752 3879 1843 3918 ex-

241 3951 389 4024 piata
427 3952 718 4020 violamus,
779 3959 1082 4024 repetentes
1139 3969 1302 4026 opera
1343 3969 1456 4009 non
1504 3951 1619 4024 jam
1679 3951 1845 4009 undis

241 4041 544 4114 purganda,
585 4041 680 4097 sed
712 4040 968 4098 ﬂammis.

315 4143 366 4198 7.
399 4140 544 4208 Quid
595 4139 757 4208 illud,
807 4156 1083 4213 quamque
1133 4139 1348 4212 insigne
1399 4140 1605 4196 divinae
1660 4139 1845 4211 gratiae

243 4246 469 4297 munus,
529 4229 676 4302 quod
729 4237 951 4302 accepto
992 4227 1105 4300 jam
1156 4231 1382 4286 salutari
1441 4231 1679 4297 lavacro,
1724 4238 1847 4302 post

247 4317 537 4373 innumera
583 4319 856 4374 virtutum
907 4319 1081 4390 signa,
1114 4329 1236 4391 post
1279 4327 1584 4392 peragratas
1612 4319 1845 4376 circum-

248 4420 460 4479 quaque
489 4405 559 4460 ob
589 4404 794 4462 Christi
825 4407 1272 4478 praedicationem
1317 4410 1634 4465 innumeras
1674 4411 1842 4481 regio-

247 4511 379 4563 nes;
412 4511 537 4552 cum
571 4511 670 4568 pro
716 4496 816 4551 Dei
861 4497 1063 4551 summi
1110 4497 1450 4554 confessione
1489 4498 1707 4555 diversa
1752 4514 1848 4570 per

248 4584 518 4658 supplicia
555 4585 814 4641 adversus
862 4601 987 4641 eum
1035 4593 1182 4642 totus
1214 4591 1349 4658 pene
1379 4587 1528 4644 orbis
1555 4587 1843 4644 bacchare-

1959 1965 2141 2038 guine,
2199 1967 2411 2024 crudeli
2462 1968 2692 2024 vulnere
2747 1966 3058 2040 pretiosior,
3115 1973 3170 2024 et
3205 1965 3378 2023 tincta
3407 1973 3561 2023 veste

1956 2055 2281 2126 candidior;
2315 2057 2444 2114 licet
2483 2057 2575 2114 hic
2611 2056 3105 2114 Mediolanensium
3142 2057 3434 2129 peculiaris
3461 2073 3557 2131 pu-

1955 2152 2102 2201 tetur
2143 2147 2435 2219 privilegio
2475 2147 2734 2220 sepulcri,
2781 2146 2875 2203 sed
2907 2146 3158 2202 omnium
3187 2153 3271 2203 est
3313 2163 3558 2204 commu-

1953 2235 2120 2291 nione
2167 2236 2435 2309 suffragii.
2481 2238 2664 2311 Neque
2711 2236 2859 2293 enim
2911 2236 3073 2293 istius
3118 2236 3272 2293 urbis
3319 2235 3558 2294 charitas

1954 2325 2168 2397 proﬂua
2199 2333 2252 2382 et
2283 2325 2418 2382 ﬁdes
2453 2342 2617 2383 avara
2644 2334 2859 2383 tantum
2889 2324 3024 2382 huic
3053 2327 3290 2399 martyri
3319 2325 3556 2400 deroga-

1952 2415 2118 2485 verit,
2147 2416 2279 2472 dum
2322 2416 2428 2472 sibi
2459 2425 2709 2489 arrogat;
2744 2424 2806 2472 ut
2848 2417 3029 2472 solum
3060 2432 3184 2488 erga
3225 2417 3428 2473 moenia
3460 2432 3559 2473 sua

1953 2507 2242 2579 patrocinii
2283 2508 2438 2564 illius
2484 2507 2752 2564 beneﬁcia
2780 2507 3036 2564 adfutura
3084 2523 3197 2564 esse
3237 2507 3552 2564 crediderit.

1949 2598 2069 2653 Non
2097 2598 2376 2654 clauditur
2395 2599 2554 2667 locis,
2587 2597 2735 2670 quod
2764 2597 3097 2654 diffunditur
3133 2597 3369 2656 meritis.
3398 2600 3555 2656 Invo-

1949 2687 2084 2742 casti
2127 2687 2332 2760 ubique
2381 2696 2702 2760 martyrem,
2757 2687 2962 2761 ubique
3017 2694 3071 2743 te
3122 2687 3409 2745 exaudivit
3460 2689 3555 2747 ille

1948 2775 2042 2847 qui
2089 2775 2394 2832 honoratur
2439 2777 2498 2832 in
2559 2787 2820 2848 martyre.
2877 2775 3189 2833 Moderante
3229 2777 3414 2851 itaque
3470 2795 3556 2868 eo.

1947 2864 2042 2937 qui
2103 2871 2291 2936 pensat
2348 2874 2475 2921 vota
2531 2873 2644 2935 tua,
2701 2873 2755 2921 et
2808 2865 3086 2938 dispensat
3140 2883 3371 2924 munera
3411 2864 3553 2953 sua;

1949 2955 2009 3010 in
2068 2963 2283 3012 tantum
2341 2957 2526 3014 vicina
2582 2957 2873 3030 praesentia
2937 2957 3174 3014 eﬁicacis
3227 2959 3560 3032 praebebitur

1951 3047 2228 3113 advocati,
2277 3046 2334 3102 in
2365 3055 2629 3119 quantum
2666 3047 2834 3102 fuerit
2875 3045 3012 3102 ﬁdes
3047 3046 3246 3103 devota
3283 3047 3545 3120 suscepti.

1953 3138 2143 3193 Oratio
2173 3137 2319 3194 enim
2352 3154 2473 3210 quae
2502 3138 2790 3207 castitatis,
2827 3137 3080 3210 justitiae,
3113 3146 3167 3194 et
3193 3140 3556 3212 eleemosyna-

1949 3243 2072 3282 rum
2105 3228 2364 3300 operibus
2396 3227 2710 3300 adjuvatur,
2744 3229 2964 3286 excedit
2994 3229 3286 3299 mundum,
3313 3237 3559 3303 penetrat

1951 3317 2285 3390 paradisum,
2319 3319 2500 3374 evolat
2534 3335 2706 3392 usque
2739 3317 2807 3373 ad
2837 3317 3016 3390 ipsum
3045 3335 3276 3374 summae
3309 3318 3556 3390 majesta-

1950 3412 2041 3481 tis,
2088 3414 2280 3485 angelo
2330 3413 2663 3482 conferente,
2709 3421 3082 3486 conspectum,
3115 3414 3261 3470 sicut
3313 3414 3550 3488 quodam

1950 3500 2071 3558 loco
2128 3519 2237 3558 vox
2299 3509 2526 3558 testatur
2572 3503 2858 3574 angelica:
2919 3504 2991 3558 Et
3047 3520 3172 3559 cum
3213 3512 3291 3573 tu,
3341 3504 3546 3579 inquit,

1952 3608 2152 3659 orares,
2212 3607 2309 3664 ego
2365 3592 2544 3647 obtuli
2595 3592 2898 3648 orationem
2955 3601 3106 3650 tuam
3145 3593 3202 3648 in
3254 3602 3549 3667 conspectu

1951 3682 2217 3738 claritatis
2259 3681 2399 3753 (Act.
2431 3699 2490 3750 x,
2525 3680 2605 3753 4).

2026 3771 2111 3829 10.
2140 3772 2305 3828 Beata
2343 3772 2543 3839 anima,
2577 3769 2918 3840 charissimi,
2948 3768 3106 3842 cujus
3143 3778 3356 3840 votum,
3393 3771 3552 3845 cujus

1953 3862 2404 3935 compunctionis
2432 3862 2742 3929 incensum,
2773 3859 2930 3932 cujus
2958 3859 3376 3933 supplicationis
3395 3860 3550 3918 holo-

1953 3960 2227 4021 caustum,
2261 3953 2416 4007 nulla
2442 3950 2770 4006 inﬁdelitate
2801 3949 3098 4018 fumidum,
3132 3950 3286 4005 nullo
3316 3949 3552 4007 carnalis

1954 4039 2226 4096 illecebrae
2256 4040 2429 4095 fetore
2448 4039 2743 4112 pollutum,
2765 4038 2919 4094 nulla
2941 4037 3154 4094 saevitia
3180 4045 3552 4110 cruentatum,

1954 4131 2110 4184 nulla
2145 4129 2260 4185 odii
2309 4129 2592 4184 simultate
2624 4126 2997 4183 maculatum:
3033 4125 3129 4182 sed
3173 4126 3280 4182 ﬁde
3308 4128 3551 4200 igneum,

1953 4218 2295 4275 conscientia
2323 4217 2589 4286 nitidum,
2621 4217 2939 4273 sinceritate
2971 4216 3155 4273 cordis
3191 4216 3551 4288 odoriferam,

1954 4309 2252 4366 concordia
2304 4317 2356 4365 et
2392 4307 2663 4366 charitate
2719 4307 3052 4379 perfectum,
3111 4323 3285 4380 usque
3341 4307 3408 4364 ad
3451 4306 3553 4364 Dei

1954 4400 2172 4454 vultum
2203 4416 2298 4472 per
2316 4397 2624 4455 cmlestium
2656 4397 2984 4453 nuntiorum
3007 4397 3254 4453 defertur
3268 4395 3548 4470 obsequia.

1953 4489 2085 4557 Quae
2142 4507 2264 4547 cum
2316 4490 2392 4545 ita
2443 4491 2572 4557 sint,
2634 4488 2969 4544 honoremus
3022 4487 3209 4543 beatos
3261 4494 3550 4559 martyres,

1955 4581 2229 4654 principes
2271 4581 2421 4650 ﬁdei,
2473 4581 2854 4637 intercessores
2898 4576 3114 4644 mundi,
3147 4593 3422 4648 praecones
3454 4592 3553 4633 re-

249 4681 375 4730 tur:
433 4683 486 4730 et
540 4691 691 4731 nunc
736 4673 1094 4730 atrocissimis
1146 4683 1448 4732 arctaretur
1502 4677 1677 4749 poenis
1723 4693 1842 4734 cru-
1872 4651 1922 4710 D
1956 4672 2069 4744 gni,
2115 4670 2429 4727 cohaeredes
2456 4670 2577 4727 Dei.

249 4763 495 4834 ciandus,
537 4770 685 4828 467
723 4779 871 4821 nunc
918 4763 977 4820 in
1009 4764 1324 4838 longinquis
1356 4765 1561 4822 ﬁnibus
1599 4777 1840 4824 transve-

251 4859 471 4917 heretur
494 4864 828 4921 exsulandus
850 4883 863 4928 ;
888 4865 964 4921 ita
992 4863 1375 4920 robustissimo
1405 4863 1608 4920 Christi
1638 4862 1842 4920 athleta

251 4959 465 5024 pectore
507 4961 779 5011 tormenta
823 4956 1010 5012 omnia
1054 4954 1398 5019 devincebat,
1447 4962 1509 5010 ut
1554 4961 1841 5010 strenuum

253 5039 316 5096 de
365 5050 635 5113 prostrato
682 5052 988 5117 reportaret
1041 5043 1198 5102 hoste
1240 5052 1545 5117 tropaeum:
1595 5043 1844 5116 interque

253 5139 475 5188 cruenta
509 5131 743 5190 Caesaris
767 5133 919 5206 jussa
952 5135 1092 5192 vasti
1133 5136 1300 5191 maris
1345 5134 1586 5206 dejectus
1618 5135 1841 5207 gurgiti-

253 5219 371 5288 bus,
417 5220 700 5279 ambulare
756 5223 804 5280 ei
859 5223 1051 5279 divina
1096 5240 1258 5296 super
1313 5241 1478 5298 aquas
1527 5240 1842 5281 concessum

253 5319 331 5367 est
373 5311 740 5384 providentia,
795 5321 848 5370 et
901 5329 1082 5370 rerum
1150 5313 1563 5385 obstupescente
1627 5321 1842 5384 natura,

254 5416 348 5474 per
393 5402 596 5460 insueti
650 5403 866 5460 itineris
908 5420 1078 5460 novas
1116 5403 1236 5460 vias
1273 5403 1575 5477 pendulum
1605 5403 1846 5460 inferens

257 5507 517 5564 gressum,
565 5493 837 5551 tumentia
888 5494 1054 5551 maris
1101 5493 1262 5552 dorsa
1308 5493 1590 5552 calcavit?
1621 5493 1847 5550 Videres

255 5598 526 5658 aequoreas
572 5581 756 5644 Sancti
787 5584 1060 5644 substerni
1095 5584 1308 5644 meritis
1334 5584 1531 5655 undas,
1578 5599 1850 5658 supraque

2025 4763 2109 4818 11.
2155 4761 2313 4829 Quod
2359 4761 2402 4817 si
2433 4760 2583 4817 dicas
2622 4758 2794 4814 mihi:
2829 4755 2974 4823 Quid
3014 4756 3252 4810 honoras
3292 4755 3350 4811 in
3388 4771 3550 4814 carne

1945 4850 2058 4923 jam
2110 4852 2348 4908 resoluta
2387 4859 2548 4923 atque
2600 4853 2942 4918 consumpta,
2993 4845 3059 4901 de
3096 4861 3203 4918 qua
3240 4847 3392 4906 nulla
3433 4845 3550 4917 jam

1950 4950 2064 5004 Deo
2107 4963 2239 5005 cura
2284 4945 2413 5002 est?
2460 4947 2530 5000 Et
2580 4943 2676 4998 ubi
2710 4950 2793 4997 est
2824 4940 2988 5009 illud,
3027 4939 3360 5010 charissimi,
3403 4940 3550 5014 quod

1952 5038 2069 5112 ipsa
2121 5039 2324 5094 veritas
2373 5037 2616 5108 loquitur
2672 5051 2766 5108 per
2805 5033 3171 5106 Prophetam:
3230 5058 3248 5081 ε
3286 5033 3547 5102 Pretiosa,

1953 5129 2154 5202 inquit,
2185 5127 2243 5182 in
2293 5132 2588 5198 conspectu
2634 5123 2857 5181 Domini
2898 5141 3047 5180 mors
3077 5130 3395 5180 sanctorum
3433 5121 3552 5194 ejus

1956 5219 2129 5290 (Psal.
2173 5235 2301 5288 cxv,
2342 5219 2430 5289 15)
2456 5218 2483 5273 ?
2514 5242 2532 5266 ›
2572 5226 2625 5274 et
2655 5218 2895 5274 iterum:
2945 5241 2962 5263 ‹
2987 5215 3126 5272 Mihi
3173 5223 3356 5270 autem
3391 5212 3551 5268 valde

1954 5309 2357 5367 honoriﬁcandi
2396 5316 2524 5365 sunt
2553 5307 2718 5364 amici
2745 5308 2852 5376 tui,
2888 5309 3034 5364 Deus
3067 5306 3239 5378 (Psal.
3274 5320 3550 5374 cxxxvm,

1958 5403 2046 5474 17)
2070 5401 2098 5458 Ῡ
2119 5427 2136 5451 ι
2174 5401 2452 5456 Honorare
2483 5398 2748 5456 debemus
2778 5413 2963 5454 servos
2993 5395 3112 5462 Dei,
3147 5401 3353 5467 quanto
3379 5395 3554 5468 magis

1955 5495 2163 5552 amicos
2192 5494 2290 5550 Dei
2319 5494 2330 5549 l
2367 5493 2434 5550 de
2481 5492 2683 5565 quibus
2712 5491 2820 5546 alio
2850 5490 2970 5544 loco
3009 5486 3249 5544 dicitur:
3308 5483 3338 5534 ι’
3363 5487 3551 5544 Domi-

1957 5599 2081 5652 nus,
2125 5583 2329 5655 inquit,
2377 5580 2623 5639 custodit
2658 5577 2842 5637 omnia
2876 5591 2998 5632 ossa
3043 5589 3256 5644 eorum,
3296 5582 3350 5632 et
3377 5591 3551 5633 unum

324 5766 444 5862 (84)
475 5767 633 5826 Rom.
685 5765 844 5838 edit.,
885 5769 1040 5840 prius
1073 5770 1276 5830 elevare
1311 5768 1610 5842 fastigium,
1640 5769 1845 5828 omisso
1879 5765 2160 5837 videlicet,
2191 5763 2401 5821 mer-uit.
2443 5837 2447 5840 _
