3970 6398
434 400 537 458 743

432 543 501 584 ex
531 526 619 582 his
649 541 760 581 non
786 531 1104 582 conteretur
1134 525 1307 597 (Psal.
1343 541 1548 593 xxxnr,
1585 525 1700 596 2-1).
1735 551 1752 572 ι

432 634 560 690 ergo
594 615 653 671 in
681 631 846 673 carne
870 614 1131 686 martyris
1159 622 1412 686 exceptas
1440 631 1539 687 pro
1569 615 1773 672 Christi
1805 616 2028 671 nomine

431 707 757 774 cicatrices;
794 705 1008 760 honoro
1042 703 1286 759 viventis
1332 704 1651 759 memoriam
1691 704 2029 775 perennitate

432 799 690 866 virtutis;
726 798 940 853 honoro
976 813 1071 869 per
1098 795 1502 851 confessionem
1536 794 1759 850 Domini
1791 802 2030 850 sacratos

433 891 663 958 cineres,
721 889 934 943 honoro
989 886 1047 941 in
1107 885 1389 940 cineribus
1435 884 1643 940 semina
1685 883 2024 952 aeternitatis,

436 984 652 1040 honoro
680 999 880 1053 corpus
901 977 1047 1052 quod
1081 977 1218 1034 mihi
1250 979 1548 1033 Dominum
1583 994 1763 1032 meum
1793 977 2033 1032 ostendit

436 1075 686 1146 diligere,
721 1070 867 1144 quod
899 1087 985 1126 me
1008 1079 1228 1143 propter
1259 1069 1556 1124 Dominum
1587 1075 1817 1124 mortem
1845 1067 2032 1122 docuit

435 1179 548 1220 non
587 1163 803 1218 timere.
847 1159 958 1216 Cur
985 1167 1167 1215 autem
1214 1174 1327 1214 non
1367 1157 1641 1212 honorent
1669 1173 1866 1228 corpus
1890 1154 2030 1210 illud

437 1252 644 1320 ﬁdeles,
703 1248 850 1322 quod
900 1256 1223 1304 reverentur
1280 1254 1332 1301 et
1389 1246 1709 1303 dmmones?
1767 1246 1914 1318 quod
1976 1253 2029 1300 et

434 1341 756 1398 aﬂlixerunt
777 1338 833 1392 in
865 1338 1156 1410 supplicio,
1188 1337 1280 1394 sed
1303 1335 1614 1407 gloriﬁcant
1644 1335 1701 1390 in
1736 1334 2029 1406 sepulcro?

437 1429 662 1485 Honoro
692 1428 880 1500 itaque
907 1443 1104 1498 corpus
1146 1426 1290 1498 quod
1333 1425 1586 1482 Christus
1631 1424 1923 1479 honoravit
1970 1423 2024 1477 in

439 1517 640 1591 gladio,
673 1515 821 1590 quod
850 1531 977 1573 cum
1002 1514 1221 1572 Christo
1248 1513 1496 1585 regnabit
1523 1513 1581 1568 in
1609 1511 1767 1568 ccelo.

934 1655 1081 1712 468
1124 1647 1357 1705 SERMO
1389 1647 1529 1705 LVI.

507 1755 586 1811 De
613 1749 794 1809 Natali
823 1749 996 1806 sancti
1022 1748 1249 1804 Eusebii
1279 1745 1644 1805 Vercellensis
1669 1743 1932 1818 episcopi.

437 1869 503 1925 In
548 1863 641 1918 hoc
691 1877 927 1916 sermone
955 1860 1018 1914 de
1045 1866 1222 1915 sancto
1268 1858 1494 1916 Eusebio
1522 1864 1772 1927 tanquam
1802 1855 1863 1910 de
1889 1870 2030 1909 mar-

510 1942 622 2006 tyre
648 1932 851 2004 agitur,
880 1931 1124 2006 quamvis
1153 1931 1210 2006 in
1242 1929 1598 2000 confessorum
1627 1928 1823 2006 ordine
1839 1941 2040 2006 semper

507 1996 801 2078 r'eponatur
831 1996 997 2078 apud
1049 2002 1298 2078 antiquos
1320 1996 1348 2056 ε’
1383 1999 1752 2078 εαξιενα--εᾳίὶε
1805 1996 2040 2078 historia;

509 2067 674 2147 hujus
725 2067 979 2147 antistitis
1038 2067 1194 2129 idem-
1241 2073 1498 2147 congruit.
1567 2072 1828 2147 Habemus
1895 2067 2039 2147 apud

511 2140 815 2209 Maximum
872 2146 1041 2201 alium
1093 2140 1380 2200 sermonem
1424 2146 1486 2199 de
1540 2143 1714 2198 eodem
1759 2147 1936 2195 sancto
1982 2140 2041 2193 in

510 2221 696 2276 multis
723 2220 845 2274 huic
882 2218 987 2288 ipsi
1027 2218 1386 2288 persimilem,
1411 2216 1500 2288 sed
1527 2212 1837 2288 siveilliab
1867 2211 2041 2266 eodem

513 2299 750 2356 auctore,
804 2285 915 2345 sive
937 2307 970 2344 a
999 2285 1220 2343 diversis
1255 2287 1483 2359 profecti
1508 2285 1728 2359 fuerint,
1756 2285 1890 2337 hunc
1921 2297 2041 2359 lion

514 2381 619 2419 esse
647 2353 894 2435 Maximi
916 2353 1274 2435 perspicuum
1303 2353 1395 2426 est,
1425 2353 1544 2435 cum
1574 2356 1888 2435 in_ipsamet
1921 2353 2040 2412 Ver-

514 2434 721 2491 cellensi
775 2428 1013 2488 Ecclesia
1039 2428 1126 2486 sit
1177 2432 1575 2494 pronuntiatus.
1613 2428 1754 2495 Ejus
1797 2442 1920 2479 vero
1946 2439 2039 2479 au.

511 2513 702 2562 ctorem
757 2505 1034 2575 antiquum
1094 2503 1259 2573 fuisse
1294 2520 1401 2575 ex,
1443 2518 1498 2555 eo
1554 2504 1731 2575 patet,
1772 2496 1914 2575 quod
1967 2512 2037 2575 se,

505 2583 762 2651 praesente
795 2567 1210 2651 Eajsuperantio,
1255 2573 1484 2651 ejusdem
1520 2567 1732 2651 Eusebii
1759 2567 2037 2651 discipulo,

516 2639 662 2720 loqui
713 2639 993 2720 signiﬁcat.
1037 2639 1225 2720 Verum
1253 2639 1493 2720 quisquis
1534 2641 1744 2720 illesit,
1777 2639 2050 2720 diversum,

512 2715 629 2778 eum
660 2715 1172 2783 esseab-Ambrosio,
1203 2724 1249 2772 et
1274 2716 1375 2771 alii
1395 2715 1513 2784 jam
1551 2719 1670 2767 ante
1696 2716 2040 2782 agnoverunt,

515 2799 563 2849 et
593 2798 698 2848 tota
727 2791 992 2847 sermonis
1019 2790 1178 2845 series
1207 2788 1411 2843 abunde
1442 2785 1653 2856 probat.

519 2909 568 2967 1.
606 2909 692 2966 Ad
761 2909 935 2964 sancti
993 2903 1252 2976 martyris
1301 2899 1525 2957 Eusebii
1575 2899 1792 2955 laudem
1830 2895 2041 2970 aliquid

439 2999 641 3056 addere
671 2999 832 3068 velle,
885 2998 1178 3067 decerpere
1207 2999 1325 3058 est;
1363 2998 1470 3046 tam
1502 2987 1859 3044 ineﬁabilium
1891 2987 2039 3042 enim

449 3091 827 3149 doctrinarum
877 3086 1131 3158 magister
1161 3081 1396 3149 exstitit,
1429 3087 1491 3135 ut
1519 3079 1713 3135 merita
1749 3077 1868 3150 ejus
1895 3077 2040 3133 faci—

445 3179 555 3236 lius
597 3178 858 3254 Operibus
907 3171 1161 3246 cognosci
1213 3168 1426 3243 possint
1483 3184 1645 3241 quam
1693 3167 2040 3224 sermonibus

447 3269 735 3342 explicari.
770 3267 1005 3323 Tantum
1039 3269 1221 3318 autem
1254 3259 1322 3315 de
1351 3275 1414 3314 eo
1445 3256 1782 3313 conscientia
1820 3256 2038 3321 retinet,
2069 3273 2112 3334 ο

445 3369 715 3435 quantum
737 3357 912 3417 oratio
945 3365 998 3412 et
1039 3351 1281 3409 narratio
1313 3366 1424 3406 non
1457 3350 1715 3422 praevalet
1748 3347 1887 3419 (85).
1920 3346 2038 3418 Igi-

440 3455 532 3505 tur
590 3456 740 3525 gesta
793 3445 943 3502 illius
999 3460 1110 3500 non
1167 3441 1350 3499 verbis
1405 3439 1720 3496 adornanda
1749 3445 1897 3506 sunt,
1945 3435 2040 3492 sed

441 3523 856 3610 perstringenda
902 3531 1225 3599 sententiis;
1271 3529 1573 3610 praesertim
1623 3526 1751 3600 quia
1796 3541 1897 3582 nos
1937 3523 2038 3580 sci-

443 3651 568 3691 mus
596 3652 714 3691 eam
745 3650 860 3688 rem
891 3647 1105 3688 comere
1127 3645 1239 3685 non
1268 3627 1465 3684 debere
1495 3623 1858 3691 sermonibus,
1876 3637 2038 3694 quam

447 3723 698 3779 videmus
748 3721 864 3793 jam
907 3728 1180 3791 comptam
1237 3735 1352 3774 esse
1381 3715 1702 3783 virtutibus,
1735 3730 1862 3770 cum
1893 3712 2040 3768 dicat

440 3812 740 3884 Apostolus
766 3829 777 3867 :
825 3834 843 3858 ‹
872 3811 1121 3881 Regnum
1151 3807 1248 3864 Dei
1299 3822 1412 3862 non
1441 3805 1500 3861 in
1537 3820 1790 3861 sermone
1814 3808 1917 3870 est,
1943 3799 2038 3857 sed

440 3901 498 3957 in
527 3901 735 3956 virtute
773 3901 831 3971 (I
851 3900 979 3957 Cor.
1013 3915 1090 3965 IV,
1115 3897 1230 3968 20).
1260 3922 1278 3944 ι

511 3992 564 4048 2.
598 3993 742 4063 Ergo
772 3989 841 4046 ad
872 3989 1068 4045 merita
1098 3987 1215 4059 ejus
1258 3986 1469 4059 aliquid
1516 3983 1714 4041 addere
1742 3983 1905 4050 velle,
1949 3979 2037 4036 de-

439 4097 660 4153 cerpere
706 4089 808 4146 est,
868 4094 957 4135 me
1013 4076 1304 4151 praecipue,
1338 4075 1432 4148 qui
1481 4082 1534 4131 et
1581 4075 1801 4147 ignarus
1853 4085 2035 4126 rerum

441 4179 716 4244 gestarum
742 4171 869 4239 sim,
903 4177 956 4225 et
985 4168 1293 4224 litterarum
1334 4159 1623 4237 imperitus
1660 4175 1956 4227 sacrarum,
1982 4165 2037 4214 et

441 4262 596 4318 rudis
653 4259 1075 4318 sacerdotalium
1133 4256 1508 4313 functionum.
1562 4253 1877 4309 Potuissent
1929 4265 2038 4304 au-

439 4359 548 4408 tem
574 4351 690 4424 (86)
719 4349 1015 4423 praedicare
1044 4348 1160 4404 haec
1188 4345 1364 4402 sancti
1393 4357 1746 4416 praecessores
1776 4340 1884 4395 mei
1929 4353 2035 4394 usu

440 4439 675 4509 facilius,
733 4439 1111 4511 experimento
1161 4434 1465 4510 probatius,
1507 4430 1759 4488 doctrina
1816 4427 2034 4500 praecla-

439 4529 593 4587 rius:
627 4530 890 4587 domnum
940 4536 994 4584 et
1020 4535 1230 4600 patrem
1274 4522 1582 4598 specialiter
1609 4520 1827 4576 beatum
1858 4519 2033 4574 Exsu-

441 4621 748 4695 perantium
791 4621 1007 4692 loquor,
1055 4617 1148 4690 qui
1200 4615 1308 4671 fuit
1333 4613 1449 4686 ejus
1487 4611 1739 4668 minister
1779 4610 1838 4665 in
1864 4625 2034 4666 sacer-
2068 4636 2116 4694 D

439 4715 611 4784 dotio,
655 4730 839 4772 comes
874 4713 932 4768 in
975 4709 1266 4781 martyrio,
1311 4705 1582 4778 particeps
1623 4704 1678 4759 in
1723 4703 1929 4759 labore.
1970 4703 2032 4756 In

437 4803 596 4876 cujus
633 4803 795 4859 vultu
837 4809 1087 4857 sanctum
1119 4812 1334 4870 quoque
1373 4793 1674 4849 Eusebium
1704 4791 1892 4846 videre
1929 4805 2030 4845 nos

435 4893 733 4960 credimus,
785 4898 838 4946 et
889 4887 1046 4963 quasi
1102 4887 1161 4942 in
1207 4883 1443 4958 quodam
1490 4881 1713 4955 speculo
1766 4877 2031 4935 bonitatis

439 4983 592 5039 illius
626 4982 920 5054 imaginem
969 4987 1330 5044 contuemur;
1369 4975 1529 5032 facile
1566 4974 1714 5030 enim
1754 4972 2030 5044 cognosci-

438 5089 562 5130 mus
605 5071 785 5143 qualis
831 5071 1087 5141 magister
1128 5068 1317 5136 fuerit,
1367 5065 1523 5137 cujus
1567 5065 1730 5120 talem
1780 5061 2031 5117 videmus

438 5177 554 5218 esse
612 5159 970 5230 discipulum.
1016 5159 1122 5214 Sed
1169 5157 1430 5230 quoniam
1477 5152 1842 5211 confessionis
1880 5152 2032 5208 illius

439 5251 641 5308 similis
696 5249 847 5305 hunc
915 5247 1088 5320 gloria
1149 5246 1461 5314 comitatur,
1529 5245 1740 5300 mavult
1806 5243 2032 5299 reticere

439 5341 629 5399 laudes
685 5347 977 5414 paternas;
1036 5351 1105 5392 ne
1163 5351 1408 5408 proprias
1455 5332 1655 5407 pariter
1695 5333 1901 5405 jactare
1939 5330 2035 5387 vi-

440 5429 744 5588 degiuguid
765 5536 891 5592 ergo
911 5517 978 5576 de
998 5515 1260 5589 martyris
1285 5512 1508 5570 Eusebii
1530 5513 1700 5585 gloria
1720 5511 2033 5585 praedicem,

517 5638 634 5710 (85)
668 5638 854 5695 Codex
883 5635 1116 5705 Theod.,
1149 5641 1404 5707 quantum
1449 5633 1622 5689 oratio
1647 5628 2038 5688 enarrare'non

435 5711 759 5871 prfggjeita.
779 5795 910 5838 mss.
939 5795 1004 5839 ac
1041 5786 1157 5840 vet.
1188 5778 1358 5848 edit.;
1390 5776 1576 5838 locum
1614 5790 1745 5836 vero
1763 5775 1928 5833 Rom.
1955 5772 2042 5836 sic

1471 400 1567 455 AD
1606 399 1838 455 OPEllA
1878 398 1932 452 S.
1975 396 2307 454 AMBROSII
2344 395 2722 452 APPENDIX.

1807 527 2028 583 Honoro
2056 528 2106 586 A
2134 525 2294 596 cujus
2323 532 2436 580 tota
2466 524 2621 596 plebs
2649 524 2753 581 ista
2781 523 2854 580 sit
2885 522 3100 595 gloria?
3125 522 3200 578 Et
3234 537 3360 580 cum
3392 521 3540 581 dicat
3565 521 3756 596 Scrip’

3643 393 3753 452 744

2145 623 2306 672 tura:
2364 640 2382 664 ι
2439 615 2628 671 Gloria
2693 613 2863 687 patris
2925 621 3006 668 est
3070 613 3218 669 ﬁlius
3281 613 3496 685 sapiens
3553 614 3754 685 (Prov.

2146 723 2204 773 x,
2240 705 2325 777 1);
2356 731 2374 754 ι
2419 713 2636 779 quantae
2686 704 2853 777 hujus
2897 711 3037 761 sunt.
3073 702 3280 775 gloria,
3331 703 3427 776 qui
3461 711 3756 758 tantorum

2149 794 2390 850 ﬁliorum
2427 795 2695 867 sapientia
2739 802 2793 851 et
2820 793 3113 850 devotione
3148 792 3400 848 laetatur!
3433 793 3496 847 In
3525 791 3756 849 Christo

2149 882 2297 936 enim
2338 883 2464 938 Jesu
2510 899 2604 954 per
2653 881 3017 953 Evangelium
3067 880 3182 952 ipse
3211 895 3313 935 nos
3340 877 3546 952 genuit.
3576 878 3756 945 Quid-

2149 971 2283 1042 quid
2315 986 2442 1042 ergo
2499 970 2557 1025 in
2589 970 2692 1026 hac
2721 977 2910 1026 sancta
2942 968 3098 1041 plebe
3127 977 3305 1040 potest
3333 985 3447 1024 esse
3474 968 3754 1023 virtutum

2150 1068 2203 1116 et
2249 1059 2454 1131 gratiae,
2502 1060 2558 1114 in
2615 1060 2790 1116 sancti
2840 1059 3065 1115 Eusebii
3095 1059 3408 1131 magisterio
3454 1058 3752 1130 reperitur.

2151 1151 2238 1204 Ex
2280 1149 2385 1205 hoc
2422 1158 2603 1205 autem
2635 1149 2790 1222 quasi
2821 1149 3056 1222 quodam
3087 1149 3357 1204 virtutum
3407 1148 3557 1204 fonte
3595 1147 3757 1203 luci-

2153 1237 2384 1293 dissimo
2412 1238 2723 1294 rivulorum
2756 1237 2874 1295 hac
2904 1240 3113 1310 puritas
3149 1237 3442 1297 emanavit.
3463 1238 3598 1293 Nam
3616 1238 3760 1310 quia

2153 1328 2422 1384 castitatis
2473 1329 2664 1401 vigore
2709 1328 2966 1401 pollebat,
3021 1328 3360 1401 propositum
3410 1327 3758 1399 virginitatis

2157 1417 2434 1485 instituit;
2487 1419 2614 1490 quia
2677 1417 3023 1474 abstinentiae
3073 1417 3406 1490 gloriabatur
3454 1417 3751 1488 angustiis,

2153 1506 2548 1564 monachorum
2579 1506 2890 1563 introduxit
2918 1508 3058 1562 forte
3086 1507 3373 1563 servitium
3397 1525 3410 1574 ;
3437 1507 3568 1579 quia
3593 1507 3758 1562 blan-

2145 1594 2414 1652 dimentis
2443 1605 2557 1652 erat
2585 1597 2847 1670 praeditus
2877 1596 3138 1665 lenitatis,
3171 1606 3497 1654 cunctorum
3537 1595 3755 1652 civium

2148 1685 2209 1768 in
2239 1687 2413 1742 Deum
2444 1685 2768 1758 provocavit
2785 1685 3042 1742 aﬁ‘ectum
3067 1703 3081 1753 ;
3114 1685 3244 1757 quia
3273 1683 3544 1757 pontiﬁcii
3575 1682 3755 1738 admi-

2153 1777 2479 1833 nistratione
2516 1775 2780 1848 fulgebat,
2829 1777 3014 1848 plures
3059 1792 3089 1832 e
3136 1774 3426 1846 discipulis
3457 1771 3756 1830 sacerdotii

2154 1865 2240 1921 sui
2280 1864 2443 1937 elegit
2471 1863 2732 1922 heredes.
2760 1865 3026 1932 Quamvis
3071 1863 3241 1937 igitur
3269 1863 3525 1918 nonnulli
3558 1861 3756 1918 liberis

2145 1958 2260 2014 suis
2319 1956 2635 2030 relinquant
2683 1957 2802 2014 auri
2864 1958 3185 2030 argentique
3239 1955 3544 2022 thesauros,
3585 1971 3754 2012 nemo

2146 2055 2332 2104 tamen
2385 2054 2575 2103 sancto
2625 2046 2867 2103 Eusebio
2910 2045 3140 2103 ditiores
3169 2045 3430 2118 reliquit;
3472 2043 3753 2116 siquidem

2150 2153 2343 2195 omnes
2371 2137 2706 2194 exstiterunt
2736 2145 2832 2194 aut
2863 2136 3190 2204 sacerdotes,
3222 2144 3316 2192 aut
3344 2143 3633 2208 martyres.

2222 2226 2276 2282 4.
2296 2225 2433 2282 Nam
2467 2234 2528 2282 ut
2557 2234 2753 2283 caetera
2777 2235 3008 2294 taceam,
3042 2225 3184 2282 illud
3221 2241 3384 2298 quam
3421 2223 3748 2280 admirabile

2149 2323 2250 2383 est,
2281 2315 2428 2388 quod
2457 2315 2516 2370 in
2558 2315 2666 2372 hac
2695 2323 2882 2372 sancta
2908 2314 3156 2372 Ecclesia
3203 2313 3418 2370 eosdem
3450 2312 3749 2371 monachos

2149 2405 2392 2462 instituit
2419 2421 2553 2474 esse,
2587 2422 2726 2479 quos
2765 2405 2994 2463 clericos
3019 2423 3033 2474 ;
3063 2413 3224 2478 atque
3263 2403 3458 2461 iisdem
3484 2411 3751 2476 penetra-

2151 2494 2296 2552 libus
2336 2496 2696 2554 sacerdotalia
2736 2497 2916 2553 oﬁicia
2963 2495 3259 2564 contineri,
3293 2494 3493 2568 quibus
3530 2502 3585 2550 et
3621 2494 3750 2551 sin-

2151 2588 2353 2659 gularis
2401 2589 2728 2645 castimonia
2777 2595 3166 2655 conservatur;
3216 2594 3277 2641 ut
3317 2593 3458 2640 esset
3504 2585 3562 2640 in
3612 2583 3750 2656 ipsis

2153 2677 2291 2733 viris
2315 2687 2670 2752 contemptus
2681 2694 2862 2735 rerum
2873 2723 2886 2747 ,
2902 2686 2956 2734 et
2971 2675 3246 2734 accuratio
3263 2675 3577 2731 Levitarum
3601 2673 3744 2746 (87):

2151 2774 2213 2824 ut
2250 2767 2298 2824 si
2347 2767 2566 2826 videres
2602 2769 2924 2825 monasterii
2953 2769 3202 2836 lectulos,
3254 2768 3425 2822 instar
3451 2763 3750 2822 Orientalis

2154 2859 2424 2931 propositi
2483 2858 2798 2932 judicares:
2869 2860 2916 2916 si
2975 2858 3325 2914 devotionem
3382 2855 3565 2913 clerici
3628 2871 3750 2927 per-

2151 2949 2423 3020 spiceres,
2534 2951 2770 3023 angelici
2852 2949 3064 3006 ordinis
3145 2948 3526 3006 observatione
3604 2961 3753 3018 gau-

2149 3037 2323 3096 deres.

2218 3139 2271 3194 5.
2314 3139 2460 3195 Illud
2499 3147 2683 3196 autem
2728 3137 3020 3196 tacendum
3071 3137 3300 3192 omnino
3335 3152 3446 3191 non
3485 3132 3751 3200 arbitror,

2148 3227 2294 3301 quod
2322 3244 2448 3285 cum
2473 3228 2804 3284 Arianorum
2821 3224 3138 3283 detestanda
3161 3222 3392 3294 perﬁdia
3416 3229 3586 3277 totam
3615 3235 3752 3276 cum

2147 3319 2408 3376 universo
2432 3317 2639 3374 mundo
2668 3316 2880 3373 Italiam
2902 3313 3290 3386 perturbasset,
3312 3317 3474 3382 atque
3493 3307 3748 3379 ejusdem

2148 3409 2474 3481 pestilentiae
2503 3406 2809 3464 sacerdotes
2835 3401 3243 3476 simplicitatem
3278 3399 3454 3457 sancti
3483 3397 3749 3471 Dionysii

2151 3499 2410 3572 martyris
2438 3496 2836 3570 captivassent;
2859 3495 2935 3552 ita
2955 3501 3018 3550 ut
3037 3492 3457 3565 subscriptionis
3482 3490 3601 3563 ejus
3621 3491 3747 3546 vin-

2147 3590 2334 3644 culum
2379 3586 2698 3654 retinerent,
2746 3601 2854 3658 qua
2900 3585 3060 3641 illum
3088 3600 3118 3639 e
3146 3582 3403 3638 manibus
3445 3596 3637 3636 eorum
3661 3595 3748 3634 sa-

2148 3677 2355 3750 pientia
2401 3675 2705 3732 liberavit?
2734 3674 2890 3732 Sicut
2931 3674 3080 3730 enim
3117 3672 3196 3729 ait
3242 3680 3464 3728 sanctus
3501 3669 3742 3725 Paulus:

2161 3789 2179 3812 ι
2225 3767 2420 3822 Factus
2448 3780 2570 3820 sum
2618 3762 2823 3822 Judaiis
2861 3771 3123 3838 tanquam
3152 3761 3394 3828 Iudaeus,
3426 3767 3488 3815 ut
3523 3757 3747 3814 Iudaeos

2149 3854 2526 3912 lucrifacerem
2559 3855 2616 3927 (Ι
2651 3856 2779 3914 Cor.
2813 3871 2893 3923 rx,
2922 3853 3014 3924 20)
3043 3872 3056 3921 ;
3088 3876 3107 3902 ›
3161 3852 3240 3907 ita
3263 3849 3534 3906 Eusebius
3572 3847 3744 3903 haere-

2145 3947 2275 4005 ticis
2304 3947 2626 4003 hareticum
2659 3963 2716 4003 se
2756 3963 2871 4002 esse
2909 3944 3174 4001 mentitus
3209 3951 3310 4011 est,
3342 3948 3405 3998 ut
3441 3941 3508 3996 de
3545 3938 3742 3995 haeresi

2147 4038 2329 4094 ﬁlium
2375 4037 2650 4094 liberaret.
2701 4035 2860 4092 Dixit
2906 4035 3053 4091 enim
3095 4051 3152 4090 se
3189 4049 3378 4089 eorum
3428 4029 3745 4088 consentire

2147 4125 2408 4200 perﬁdiae,
2442 4126 2550 4182 hoc
2571 4126 2679 4182 sibi
2711 4127 2942 4198 placere,
2973 4123 3121 4196 quod
3153 4123 3301 4178 illis:
3334 4121 3428 4177 sed
3456 4119 3605 4193 quod
3630 4117 3743 4174 sibi

2143 4216 2322 4271 ﬁlium
2383 4214 2714 4288 Dionysium
2777 4214 2836 4269 in
2885 4210 3281 4270 subscribendo
3337 4215 3738 4281 praeponerent,

2145 4306 2384 4378 graviter
2417 4311 2575 4370 .469
2627 4321 2684 4361 se
2725 4304 2970 4360 moveri:
3014 4303 3126 4360 Vos
3177 4300 3348 4368 enim,
3397 4297 3600 4370 inquit,
3640 4295 3739 4370 qui

2144 4405 2331 4463 dicitis
2384 4407 2587 4462 Filium
2647 4406 2748 4462 Dei
2807 4406 2956 4462 Patri
3006 4406 3120 4460 Deo
3169 4401 3434 4475 aequalem
3471 4413 3586 4454 esse
3623 4412 3738 4452 non

2145 4512 2323 4568 posse,
2357 4513 2457 4553 cur
2487 4496 2626 4552 mihi
2665 4495 2842 4551 ﬁlium
2883 4509 3066 4550 meum
3105 4489 3422 4565 prmtulistis
3447 4488 3474 4544 ?
3503 4487 3621 4554 Qua
3648 4485 3737 4542 illi

2143 4584 2356 4641 ratione
2395 4585 2649 4657 permoti,
2692 4585 2878 4641 statim
2937 4582 3112 4640 sancti
3163 4578 3417 4652 Dionysii
3459 4576 3734 4647 chirogra-

2142 4672 2314 4746 phum
2344 4673 2690 4743 deleverunt,
2715 4674 2952 4746 priorem
2975 4673 3156 4728 locum
3179 4665 3558 4726 subscribendi
3574 4665 3734 4721 beato

2141 4765 2381 4822 Eusebio
2424 4765 2751 4822 deferentes.
2797 4766 2945 4832 Quos
2972 4764 3066 4819 ille
3101 4763 3389 4833 increpans
3414 4766 3468 4815 et
3498 4755 3734 4814 irridens

2140 4856 2246 4912 ait:
2285 4857 2470 4929 Neque
2501 4873 2597 4928 ego
2629 4872 2716 4911 me
2746 4854 2943 4911 vestris
2979 4852 3278 4911 sceleribus
3307 4851 3515 4924 polluo,
3556 4862 3733 4920 neque

2141 4949 2320 5004 ﬁlium
2351 4965 2534 5005 meum
2574 4949 2862 5005 vobiscum
2894 4947 3219 5020 participare
3258 4943 3534 5017 permitto.
3576 4938 3733 4996 Unde

2139 5055 2264 5096 cum
2295 5039 2442 5095 dicat
2495 5038 2858 5110 Evangelium
2893 5038 2951 5092 in
2978 5037 3083 5092 hac
3112 5033 3459 5108 generatione
3496 5028 3732 5102 pruden-

2138 5129 2308 5185 tiores
2346 5128 2492 5184 ﬁlios
2529 5129 2878 5185 tenebrarum
2917 5144 3032 5183 esse
3063 5141 3226 5199 quam
3259 5121 3397 5179 lucis
3429 5122 3580 5192 (Luc.
3609 5135 3727 5186 xvi,

2137 5218 2235 5291 8);
2279 5235 2402 5275 ecce
2446 5218 2539 5275 hic
2573 5218 2707 5291 ipsis
2735 5215 2992 5274 tenebris
3036 5211 3360 5288 prudentior
3400 5209 3551 5266 ﬁlius
3592 5208 3732 5266 lucis

2139 5309 2397 5365 inventus
2425 5316 2526 5365 est.

2212 5411 2265 5467 6.
2307 5411 2461 5466 Tunc
2507 5409 2589 5464 illi
2630 5408 2866 5482 graviter
2920 5406 3289 5478 indignantes,
3320 5402 3398 5457 ita
3424 5399 3730 5474 nequitiam

2141 5517 2295 5558 suam
2336 5500 2502 5557 fuisse
2543 5500 2808 5569 delusam,
2858 5496 3019 5555 novis
3059 5511 3184 5552 eum
3214 5511 3310 5568 per
3345 5491 3728 5552 Constantium

2143 5621 2440 5689 contraxit,
2481 5619 2574 5690 qui
2612 5634 2793 5674 rerum
2847 5636 2881 5672 a
2931 5633 2983 5671 se
3021 5622 3287 5687 gestarum
3326 5628 3456 5687 pene
3508 5612 3731 5684 ignarus

2144 5692 2262 5750 sim.
2292 5693 2587 5749 Potuissent
2615 5697 2808 5758 autem,
2839 5696 2942 5746 etc.

2225 5765 2344 5839 (87)
2384 5763 2572 5827 Codex
2598 5762 2830 5834 Theod.,
2861 5769 2910 5820 et
2939 5760 3208 5821 accuratio
3241 5759 3558 5818 litteram.
