3970 6370
553 365 655 424 747

1565 363 1662 420 AD
1701 363 1934 422 OPEBA
1975 362 2032 421 S.
2073 361 2407 421 AMBROSII
2445 360 2820 420 APPENDIX.

3746 363 3858 420 748

619 487 982 561 concionators
1008 487 1173 561 fuisse
1205 493 1630 561 pronuntiatum,
1659 495 1941 560 utrumque
1986 489 2142 545 etiam
2167 488 2326 550 Alio
2385 487 2654 558 Salvator,
2699 487 2889 547 dicens
2945 487 3271 546 seminantis
3323 503 3511 545 semen
3575 488 3859 547 cecidisse

621 561 785 618 eidem
807 560 1048 621 Maximo
1069 560 1401 616 tribuendum
1433 575 1539 617 esse
1562 560 1780 617 dubium
1805 578 1913 617 non
1940 567 2033 618 est.

625 723 678 779 ι.
709 723 855 779 Ante
883 721 1025 791 dies,
1053 737 1181 780 cum
1211 721 1516 780 beatissimi
1567 723 1828 796 martyris
1873 722 2138 795 Cypriani

548 811 948 872 celebraremus
971 812 1230 881 natalem,
1262 811 1587 870 suavissime
1615 812 1672 868 in
1704 810 1821 882 ejus
1843 811 2140 870 festivitate

543 901 838 976 jucundati
876 917 1102 970 sumus;
1144 903 1274 974 quia
1301 901 1448 958 enim
1495 900 1602 957 hoc
1643 899 2048 956 vindemiarum
2080 901 2136 957 in

547 999 794 1064 tempore
844 1007 1033 1064 passus
1081 999 1183 1060 est,
1226 1000 1486 1064 tanquam
1533 997 1588 1046 et
1631 1005 1732 1045 nos
1760 989 1828 1046 de
1860 989 2140 1046 vindemia

548 1079 738 1139 dulces
784 1088 840 1137 et
886 1079 1068 1137 varios
1115 1079 1325 1138 fructus
1376 1095 1447 1136 ex
1492 1078 1610 1151 ejus
1640 1079 1890 1152 passione
1919 1080 2136 1151 collegi-

549 1184 710 1237 mus;
741 1167 1110 1242 impinguavit
1144 1168 1295 1225 enim
1324 1184 1445 1236 nos,
1477 1175 1532 1225 et
1558 1167 1751 1224 refecit
1779 1175 1960 1224 musto
1998 1185 2137 1224 mar-

547 1256 685 1332 tyrii
708 1257 817 1315 sui.
837 1259 938 1315 Est
965 1257 1113 1314 enim
1143 1266 1386 1314 mustum
1429 1256 1576 1330 quod
1615 1257 1791 1313 reﬁcit
1819 1265 1874 1313 et
1905 1257 2138 1314 inebriat

549 1346 950 1416 Christianum,
979 1345 1074 1404 sed
1093 1346 1330 1404 ebrietas
1359 1346 1454 1403 illa
1482 1346 1655 1420 magis
1687 1347 1932 1404 sobrium
1964 1347 2134 1416 facit;

548 1435 644 1510 qui
671 1436 821 1493 enim
859 1435 1166 1493 inebriatur
1193 1436 1401 1493 calesti
1436 1435 1632 1508 gratia,
1649 1434 1999 1493 exsobriatur
2027 1453 2136 1493 sar-

545 1527 674 1584 cina
701 1533 1047 1600 peccatorum
1077 1524 1216 1599 (93).

617 1613 672 1673 2.
701 1615 818 1673 Hoc
845 1630 1083 1688 namque
1113 1622 1295 1672 musto
1328 1613 1520 1688 repleti
1568 1615 1743 1671 sancti
1771 1616 2024 1688 apostoli,
2066 1617 2134 1673 si-

545 1711 640 1762 cut
686 1703 764 1759 ait
791 1702 1094 1776 Scriptura,
1123 1703 1317 1760 alienis
1360 1703 1564 1775 linguis
1612 1704 1710 1760 Dei
1740 1706 2010 1777 magnalia
2060 1707 2134 1762 lo-

542 1789 853 1866 quebantur
876 1791 1016 1864 (Act.
1049 1808 1112 1859 ιι,
1145 1791 1231 1860 13,
1261 1792 1338 1864 5).
1371 1793 1432 1848 In
1466 1808 1576 1864 quo
1602 1791 1747 1849 facto
1776 1793 1980 1864 pariter
1995 1794 2134 1851 ebrii

541 1894 657 1937 esse
686 1878 1036 1949 videbantur,
1082 1887 1135 1936 et
1187 1879 1357 1936 sobrii
1384 1898 1398 1948 ;
1431 1879 1568 1936 ebrii
1599 1881 1746 1936 enim
1777 1881 2132 1954 putabantur,

539 1966 689 2042 quod
717 1967 776 2024 in
805 1967 874 2024 iis
903 1969 1119 2042 loquela
1150 1967 1267 2040 (94)
1301 1975 1494 2040 prater
1531 1977 1784 2025 naturam
1812 1969 1920 2024 alte
1954 1986 2132 2042 perso-

540 2057 738 2115 nabat:
791 2056 963 2114 sobrii
1019 2064 1193 2126 erant,
1252 2057 1400 2130 quod
1450 2055 1616 2128 juxta
1676 2058 2131 2115 consuetudinem

538 2147 740 2204 mentis
788 2147 964 2204 Deum
1007 2145 1300 2204 devotione
1349 2145 1664 2203 laudabant.
1719 2146 1878 2214 Quod
1908 2148 2129 2221 quidem

535 2249 647 2292 non
667 2235 908 2293 elatione
931 2233 1116 2309 aliqua
1149 2244 1244 2292 aut
1273 2235 1613 2308 impudentia
1641 2235 1895 2308 contigit,
1929 2243 1991 2292 ut
2020 2237 2129 2292 viri

532 2324 709 2382 sancti
751 2323 1038 2398 peregrino
1075 2339 1326 2380 sermone
1373 2323 1728 2396 loquerentur
1761 2342 1772 2380 :
1821 2323 1916 2379 sed
1947 2325 2128 2396 provi-

531 2411 720 2470 dentia
760 2412 1074 2472 divinitatis
1121 2413 1327 2472 factum
1381 2420 1482 2482 est,
1514 2421 1576 2470 ut
1622 2413 1750 2487 quia
1777 2413 1847 2470 ad
1878 2415 2127 2487 magniﬁ-

528 2501 768 2562 candum
798 2504 972 2560 Deum
1011 2519 1124 2560 una
1158 2503 1375 2576 loquela
1401 2518 1514 2558 non
1563 2503 1789 2573 suﬁicit,
1821 2520 1916 2577 per
1942 2505 2127 2576 plures

532 2591 748 2665 linguas
776 2591 978 2649 mentis
1005 2590 1228 2649 devotio
1259 2592 1584 2648 solveretur.

599 2681 653 2738 2.
687 2679 985 2740 Jucundati
1023 2679 1172 2738 enim
1203 2697 1414 2749 sumus,
1447 2679 1576 2754 quia
1618 2679 1686 2736 de
1715 2679 1876 2737 vinea
1904 2681 2124 2738 Domini

528 2767 757 2827 sabaoth
803 2770 1048 2829 fructum
1095 2769 1412 2829 refectionis
1441 2769 1783 2842 accepimus:
1826 2769 1987 2825 vinea
2033 2787 2124 2825 au-

529 2865 640 2914 tem
678 2859 904 2915 Domini
955 2858 1206 2928 sabaoth,
1253 2857 1396 2915 sicut
1437 2857 1577 2914 dicit
1602 2858 1887 2931 propheta,
1927 2859 2125 2915 domus

533 2945 699 3004 Israel
725 2953 808 3003 est
836 2947 971 3018 (Ira.
1011 2961 1071 3015 v,
1102 2946 1180 3018 7),
1212 2961 1332 3019 qua
1377 2946 1576 3002 domus
1621 2961 1722 3001 nos
1768 2961 1979 3002 sumus.
2020 2945 2126 3001 Se-

532 3033 775 3090 cundum
816 3032 981 3089 ﬁdem
1036 3032 1184 3088 enim
1238 3035 1498 3090 Israelita
1547 3049 1648 3089 nos
1702 3050 1912 3102 sumus,
1977 3033 2124 3090 unde

529 3119 669 3179 dicit
720 3120 1018 3194 Apostolus
1053 3137 1064 3178 :
1115 3143 1134 3168 ε
1168 3120 1274 3189 Qui
1317 3137 1388 3177 ex
1440 3121 1548 3178 ﬁde
1589 3111 1738 3189 sunt,
1776 3121 1815 3177 ii
1843 3121 1947 3176 ﬁlii
1994 3129 2124 3178 sunt

526 3209 764 3268 Abraha
795 3211 1004 3282 (Galat.
1031 3226 1111 3279 ιιι,
1146 3211 1223 3283 7).
1246 3234 1266 3258 ι
1311 3210 1582 3277 Quoniam
1614 3210 1781 3282 igitur
1809 3226 1909 3266 nos
1930 3227 2120 3267 sumus
2157 3209 2201 3270 Ο

529 3299 714 3368 Israel,
760 3300 923 3356 vinea
965 3300 1190 3357 Domini
1230 3316 1461 3357 sumus:
1494 3298 1781 3356 videamus
1826 3299 2120 3372 diligenter

526 3405 596 3448 ne
650 3404 720 3444 ex
759 3389 984 3461 palmite
1024 3389 1204 3462 operis
1247 3389 1424 3446 nostri
1467 3405 1578 3444 non
1623 3397 1876 3445 nascatur
1921 3389 2118 3446 dulce-

525 3477 675 3536 dinis
703 3494 834 3548 uva,
863 3478 959 3536 sed
989 3478 1172 3545 fellis;
1219 3495 1288 3535 ne
1343 3477 1558 3535 dicatur
1597 3477 1777 3546 nobis,
1826 3477 1974 3550 quod
2013 3477 2119 3532 Ju—

527 3566 663 3625 dais
689 3565 903 3624 dictum
932 3573 1014 3622 est
1042 3581 1138 3640 per
1165 3566 1488 3640 prophetam
1523 3584 1535 3623 :
1583 3589 1602 3614 ι
1639 3566 1889 3623 Sustinui
1936 3573 1999 3621 ut
2043 3564 2118 3620 fa-

527 3665 676 3714 ceret
696 3671 884 3724 uvam,
914 3655 1046 3713 fecit
1080 3663 1262 3714 autem
1309 3656 1495 3729 spinas
1525 3673 1540 3723 ;
1571 3662 1626 3712 et
1670 3671 1782 3711 non
1819 3653 2115 3725 justitiam,

528 3743 626 3802 sed
654 3745 949 3802 clamorem
983 3746 1118 3818 (Isa.
1145 3762 1204 3815 v,
1253 3746 1331 3818 7).
1365 3771 1384 3796 ι
1439 3746 1613 3814 Quam
1669 3745 1806 3801 dura
1849 3744 2116 3813 conditio,

529 3843 594 3893 ut
632 3833 921 3908 possessio,
973 3851 1094 3907 qua
1149 3833 1378 3890 domino
1423 3851 1523 3890 suo
1574 3833 1860 3890 suavitatis
1908 3832 2120 3889 fructus

531 3922 725 3980 aﬁ‘erre
755 3921 964 3991 debuit,
995 3923 1279 3996 spinarum
1323 3923 1480 3979 illum
1509 3922 1801 3994 asperitate
1855 3935 2118 3993 compun-

531 4012 680 4069 xerit
711 4013 725 4069 ι
760 4009 864 4069 hoc
891 4018 992 4080 est,
1041 4027 1169 4070 cum
1214 4011 1390 4068 Judaei
1441 4010 1778 4069 Salvatorem
1829 4009 2122 4068 debuerint

532 4107 649 4159 tota
676 4099 804 4157 ﬁdei
851 4099 1145 4158 devotione
1185 4101 1482 4173 suscipere,
1531 4101 1814 4174 spinarum
1861 4115 1986 4155 eum
2028 4114 2118 4154 co-

532 4197 871 4247 ronaverunt
898 4190 1166 4263 passione.
1199 4189 1329 4258 Qua
1356 4205 1560 4247 corona
1585 4188 1830 4262 quidem,
1852 4195 2117 4261 quantum

534 4278 595 4335 in
631 4277 835 4336 Judais
879 4287 982 4345 est,
1011 4287 1126 4336 erat
1168 4277 1497 4349 injuriarum
1543 4276 1877 4335 contumelia
1909 4295 1920 4332 :
1953 4291 2121 4349 quan-

533 4377 655 4429 tum
686 4371 745 4426 in
773 4371 1032 4439 Domino,
1055 4377 1169 4428 erat
1187 4385 1389 4426 corona
1417 4369 1707 4426 virtutum.
1734 4367 2122 4440 Compungunt

535 4473 665 4532 ergo
693 4459 868 4516 Judai
896 4461 1217 4527 Dominum,
1247 4458 1378 4514 dum
1405 4465 1689 4516 coronant:
1717 4464 2118 4531 compungunt,

2246 578 2392 634 inter
2440 578 2644 650 spinas,
2701 584 2755 634 et
2801 577 3039 634 crevisse
3087 593 3198 646 eas,
3245 593 3308 634 ac
3353 575 3649 634 suﬁ‘ocasse
3695 577 3858 651 quod

2245 674 2422 723 satum
2451 673 2531 722 est
2565 667 2777 737 (Matth.
2805 683 2929 735 xm,
2963 666 3041 737 7).
3081 665 3214 734 Qua
3259 673 3441 722 autem
3489 665 3662 739 spina
3709 666 3857 736 sint,

2247 753 2362 827 ipse
2383 755 2751 828 prosequitur,
2793 754 2983 812 dicens
3027 754 3220 828 utique
3271 753 3677 812 sollicitudines
3729 770 3858 811 esse

2248 843 2575 908 mundanas,
2606 860 2726 916 qua
2772 860 2898 900 cum
2929 851 3182 900 crescunt
3245 842 3304 899 in
3353 842 3519 900 corde
3573 841 3854 912 hominis,

2246 933 2504 989 mandata
2532 931 2834 988 Salvatoris
2854 931 2911 987 in
2962 949 3028 990 eo
3071 931 3364 990 suﬁ'ocant.
3397 931 3534 1000 Quis
3563 931 3710 988 enim
3746 947 3858 988 un-

2247 1037 2408 1094 quam
2453 1021 2727 1078 sollicitus
2773 1021 2840 1077 de
2873 1021 3102 1092 mundo,
3155 1021 3337 1096 potuit
3379 1021 3518 1078 bene
3568 1020 3857 1078 sollicitus

2245 1126 2360 1166 esse
2414 1110 2481 1166 de
2511 1110 2731 1170 Christo
2751 1110 2780 1167 ?
2821 1111 2956 1178 Quis
2984 1111 3116 1168 dum
3155 1111 3325 1168 lucris
3351 1111 3548 1169 domus
3577 1128 3688 1169 sua
3720 1127 3853 1185 pro-

2245 1197 2415 1266 videt,
2455 1199 2794 1256 utilitatibus
2821 1199 3083 1256 Ecclesia
3103 1200 3284 1274 potuit
3313 1201 3602 1273 providere
3627 1202 3656 1259 ‘i
3685 1201 3854 1259 Unde

2245 1288 2322 1345 ait
2350 1289 2647 1362 Apostolus
2683 1307 2695 1346 :
2741 1314 2759 1337 ο
2789 1289 2895 1358 Qui
2926 1289 3044 1346 sine
3071 1306 3246 1346 uxore
3292 1297 3396 1360 est,
3443 1290 3719 1348 sollicitus
3764 1298 3856 1348 est

2245 1393 2364 1450 qua
2394 1385 2525 1434 sunt
2552 1379 2795 1448 Domini,
2827 1377 3106 1452 quomodo
3150 1379 3362 1453 placeat
3408 1380 3522 1440 Deo
3556 1398 3569 1437 :
3603 1379 3699 1454 qui
3749 1396 3856 1438 au-

2246 1471 2353 1522 tem
2384 1483 2508 1523 cum
2541 1484 2713 1524 uxore
2741 1475 2844 1533 est,
2875 1467 3148 1525 sollicitus
3175 1477 3257 1526 est
3285 1483 3406 1542 qua
3435 1477 3567 1526 sunt
3619 1468 3850 1540 mundi,

2244 1555 2522 1629 quomodo
2545 1556 2754 1629 placeat
2781 1557 2945 1613 uxori
2979 1558 3038 1629 (Ι
3065 1557 3189 1615 Cor.
3222 1574 3321 1626 vn,
3354 1557 3442 1628 32,
3475 1557 3595 1632 33).
3627 1583 3646 1608 ι

2314 1651 2366 1708 4.
2412 1654 2575 1726 Ergo,
2609 1654 2822 1723 fratres,
2854 1653 3036 1711 videte
3065 1671 3134 1711 ne
3162 1655 3324 1712 vinea
3343 1663 3526 1712 vestra
3546 1672 3656 1714 non
3677 1673 3846 1728 uvas,

2243 1741 2333 1797 sed
2368 1743 2555 1816 spinas
2582 1744 2749 1801 faciat
2785 1762 2796 1800 :
2829 1761 2898 1801 ne
2932 1745 3213 1801 vindemia
3259 1754 3438 1803 vestra
3485 1762 3598 1803 non
3643 1746 3848 1803 vinum

2164 1849 2210 1910 Β
2242 1831 2452 1900 aﬁ’erat,
2520 1831 2612 1888 sed
2671 1843 2905 1890 acetum.
2964 1831 3226 1907 Quisquis
3277 1833 3426 1904 enim
3497 1833 3847 1899 vindemiam

2244 1917 2394 1992 legit,
2426 1930 2478 1978 et
2509 1923 2840 1994 pauperibus
2862 1940 2973 1980 non
3003 1923 3273 1996 largitur;
3332 1923 3428 1980 ille
3473 1931 3687 1981 acetum
3725 1925 3847 1982 col-

2243 2007 2384 2079 ligit,
2437 2025 2550 2064 non
2601 2011 2815 2066 vinum.
2866 2011 3128 2084 Quisquis
3194 2027 3398 2067 messes
3460 2010 3729 2080 recondit,
3787 2021 3848 2069 et

2241 2094 2618 2169 indigentibus
2646 2115 2758 2155 non
2789 2099 3087 2170 ministrat,
3119 2099 3221 2156 iste
3252 2116 3362 2157 non
3401 2099 3676 2158 alimonia
3706 2100 3849 2158 fru—

2239 2193 2362 2241 ctus
2424 2187 2692 2259 reposuit,
2738 2188 2832 2245 sed
2882 2189 3118 2246 tribulos
3158 2189 3404 2247 avaritia
3461 2190 3843 2263 congregavit.

2238 2269 2372 2327 Nam
2440 2283 2729 2347 propterea
2785 2274 2864 2332 ait
2931 2275 3217 2350 Scriptura
3283 2275 3351 2334 de
3401 2285 3542 2334 terra
3579 2285 3769 2334 nostra
3825 2295 3841 2335 :

2239 2359 2494 2521 1regipinas
2554 2370 2610 2419 et
2677 2363 2911 2422 tribulos
2973 2365 3304 2440 germinabit
3365 2365 3472 2423 tibi
3538 2367 3696 2439 (Gen.
3747 2382 3842 2437 ιιι,

2331 2611 2336 2615 .
2817 2568 3052 2650 SERMO
3109 2569 3254 2629 LIX.

2234 2653 2296 2711 In
2340 2653 2510 2711 natali
2553 2655 2719 2713 unius
2763 2658 3042 2732 Martyris,
3100 2661 3217 2716 sive
3258 2659 3472 2718 domini
3501 2662 3838 2720 Domitiani.

2233 2761 2542 2840 Hic__sean
2597 2782 2707 2840 ana
2751 2784 2869 2822 cum
2913 2770 3241 2840 subsequenti
3293 2770 3512 2826 habetur
3551 2771 3610 2824 in
3653 2770 3840 2826 codice

2303 2834 2632 2909 Floriacensi
2655 2845 2775 2893 ante
2802 2857 2969 2896 annos
3010 2834 3157 2897 mille
3199 2849 3439 2909 exarata,
3485 2841 3575 2896 ubi
3609 2847 3657 2896 et
3703 2857 3836 2896 san-

2303 2911 2381 2960 cto
2415 2906 2696 2984 Ambrosio
2724 2911 3050 2984 assignatur.
3092 2906 3456 2984 Verumtamen
3509 2911 3650 2984 quod
3676 2912 3836 2984 illos,

2303 2992 2420 3052 cum
2456 2978 2704 3052 hactenus
2731 2978 2938 3050 fuerint
2975 2983 3180 3052 inediti,
3230 2984 3288 3038 in
3327 2985 3488 3039 lucem
3517 2978 3837 3038 emittimus

2301 3046 2578 3124 idcodicis
2610 3046 2926 3124 antiquitati
2971 3046 3483 3124 datum'eoluimus,
3531 3071 3649 3110 cum
3689 3054 3840 3110 nihil

2301 3118 2526 3196 (labeant
2578 3118 2990 3196 Ambrosianum
3011 3165 3027 3191 ,
3073 3130 3135 3179 ut
3177 3125 3258 3180 vel
3303 3141 3370 3180 ea:
3418 3118 3599 3196 prima
3643 3141 3842 3182 eorum

2301 3189 2517 3244 lectione
2543 3191 2716 3259 quivis
2739 3199 3004 3262 agnoscat.

2299 3294 2350 3349 1.
2397 3294 2553 3350 Diem
2593 3295 2932 3354 celebramus
2990 3297 3176 3368 hodie,
3231 3299 3427 3357 fratres
3485 3299 3838 3369 charissimi,

2228 3380 2432 3437 mortui
2455 3379 2614 3453 justi,
2659 3391 2713 3439 et
2741 3401 2852 3441 non
2889 3393 2971 3443 est
3001 3385 3092 3444 hic
3127 3405 3140 3444 :
3173 3386 3221 3444 si
3260 3395 3444 3444 autem
3472 3388 3614 3445 scire
3653 3389 3843 3446 vultis

2227 3467 2322 3525 ubi
2349 3469 2443 3539 sit,
2474 3469 2803 3546 interrogate
2834 3474 3172 3553 lectionem,
3240 3492 3404 3550 quam
3453 3476 3632 3550 primo
3672 3477 3838 3534 audi-

2226 3557 2327 3614 stis
2359 3576 2370 3615 :
2418 3583 2437 3606 ι
2465 3559 2652 3618 Justus
2680 3561 2727 3619 si
2757 3571 2930 3620 morte
2958 3572 3368 3638 praeoccupatus
3418 3566 3609 3635 fuerit,
3638 3565 3698 3622 in
3729 3583 3838 3622 re—

2228 3645 2454 3719 frigerio
2481 3649 2587 3705 erit
2632 3651 2785 3723 (Sap.
2840 3669 2918 3719 1v,
2972 3655 3049 3725 7).
3100 3677 3120 3703 ι
3181 3653 3550 3726 Refrigerium
3581 3654 3730 3710 enim
3767 3655 3836 3712 in

2229 3735 2340 3795 hoc
2368 3740 2593 3808 saculo,
2623 3741 2742 3811 cui,
2767 3742 2915 3799 unde
2945 3743 2972 3799 ?
3001 3744 3097 3800 ubi
3138 3745 3298 3818 plena
3327 3753 3458 3802 sunt
3500 3745 3685 3801 omnia
3713 3745 3838 3803 tri-

2227 3825 2606 3885 bulationibus
2663 3847 2676 3886 :
2741 3839 2796 3887 et
2856 3832 3075 3904 quando
3129 3833 3517 3891 tribulationes
3570 3844 3834 3908 parcunt,

2227 3916 2389 3990 plena
2420 3925 2551 3975 sunt
2579 3919 2995 3977 tentationibus.
3040 3923 3283 3980 Mundus
3330 3925 3480 3980 enim
3533 3923 3654 3993 iste,
3707 3924 3836 3982 sive

2230 4013 2506 4061 metuatur
2532 4007 2649 4062 sive
2677 4006 3012 4078 blandiatur,
3063 4010 3343 4069 timendus
3378 4019 3464 4069 est
3493 4031 3506 4069 :
3541 4013 3638 4070 sed
3678 4014 3835 4073 Deus

2229 4091 2491 4148 timeatur
2521 4111 2534 4149 :
2568 4102 2622 4150 et
2659 4096 2896 4153 mundus
2923 4097 3109 4170 potius
3129 4106 3540 4170 contemnatur,
3569 4108 3626 4157 et
3649 4105 3834 4176 magis

2229 4180 2302 4236 sit
2330 4181 2624 4240 cavendus.
2668 4183 2725 4240 Si
2761 4202 2888 4258 ergo
2933 4187 3192 4244 volumus
3246 4187 3305 4244 in
3351 4189 3638 4263 refrigerio
3684 4207 3833 4260 esse,

2230 4271 2449 4344 quando
2477 4289 2625 4331 mors
2653 4279 3138 4352 praoccupaverit,
3161 4277 3299 4352 justi
3321 4279 3517 4337 simus.

2302 4363 2355 4419 2.
2387 4363 2549 4420 Forte
2585 4364 2722 4422 dicit
2749 4366 2950 4440 aliquis
2984 4387 2995 4424 :
3030 4369 3265 4426 Multum
3318 4376 3399 4425 est
3444 4369 3514 4426 ad
3563 4385 3670 4427 me.
3729 4373 3832 4430 At-

2232 4452 2523 4511 tendamus
2565 4455 2711 4512 enim
2755 4458 2905 4531 quod
2954 4459 3220 4532 scriptum
3272 4468 3354 4516 est
3411 4477 3424 4517 :
3483 4485 3503 4508 ε
3546 4460 3735 4519 Justus
3777 4465 3830 4520 si

537 4547 671 4606 dum
733 4549 1082 4622 cruciﬁgunt.
1151 4548 1305 4604 Unde
1359 4547 1439 4604 ait
1500 4547 1786 4620 Scriptura
1848 4555 2035 4606 sancta
2107 4566 2119 4604 :
2155 4567 2208 4628 Ι)
2235 4550 2410 4598 morte
2441 4553 2850 4619 praoccupatus
2881 4546 3064 4615 fuerit,
3097 4548 3154 4603 in
3192 4547 3478 4622 refrigerio
3520 4549 3624 4606 erit
3657 4568 3669 4606 :
3708 4576 3728 4600 ι
3771 4561 3832 4610 et

551 4662 571 4686 ι
599 4636 882 4697 Videbunt
942 4638 1000 4694 in
1041 4653 1204 4711 quem
1268 4645 1713 4710 compunxerunt
1761 4637 1943 4709 (Joan.
2003 4653 2124 4708 xix,

537 4725 653 4800 37).
685 4750 704 4776 .

618 4823 759 4882 4'71
807 4816 861 4874 3.
893 4817 1086 4890 Igitur,
1119 4815 1332 4884 fratres,
1373 4813 1556 4872 videte
1583 4831 1652 4872 ne
1680 4823 1734 4872 et
1779 4815 1936 4873 vobis
1981 4815 2124 4875 dica-

539 4919 632 4974 tur
672 4931 684 4974 :
730 4938 751 4965 ι
779 4915 1028 4976 Sustinui
1067 4924 1129 4973 ut
1153 4915 1353 4973 faceret
1391 4931 1576 4984 uvam,
1625 4914 1756 4972 fecit
1793 4924 1976 4972 autem
2018 4915 2124 4988 spi-

541 5023 640 5065 nas
668 5003 804 5078 (Ira.
825 5023 882 5077 v,
915 5007 972 5080 2)
1003 5025 1018 5074 ;
1064 5032 1082 5055 ι
1129 5005 1234 5064 hoc
1273 5014 1374 5075 est,
1408 5023 1475 5062 ne
1513 5005 1698 5078 spinas
1727 5021 1861 5079 quas
1889 5006 2124 5062 Domino

538 5094 715 5154 ludai
751 5097 995 5153 cruentis
1042 5096 1422 5170 imposuerunt
1461 5095 1734 5163 manibus,
1775 5109 1876 5150 nos
1919 5093 2126 5168 iniquis

536 5183 791 5243 sensibus
829 5201 1185 5258 apponamus,
1243 5192 1298 5241 et
1342 5200 1773 5256 compungamus
1833 5199 1958 5238 eum
2013 5201 2125 5240 non

536 5271 828 5348 asperitate
867 5272 1104 5329 sentium
1129 5315 1146 5341 ,
1207 5271 1303 5328 sed
1357 5287 1582 5343 operum
1639 5271 1926 5343 pravitate.
1987 5272 2126 5330 Sunt

536 5362 687 5419 enim
717 5359 888 5434 spina
907 5359 1110 5426 cordis,
1136 5375 1256 5432 qua
1286 5359 1530 5417 Verbum
1579 5359 1678 5415 Dei
1724 5359 1888 5415 etiam
1934 5358 2125 5417 vulne-

535 5465 654 5507 rare
685 5455 1112 5518 consueverunt,
1141 5447 1210 5505 de
1237 5445 1439 5521 quibus
1485 5447 1741 5504 meminit
1775 5449 1835 5505 in
1880 5449 2126 5521 Evange-

529 5635 724 5764 Νξὲἒῆ
758 5638 946 5698 Codex
991 5637 1222 5709 Theod.,
1266 5645 1585 5696 «veneratur
1623 5639 1838 5698 sarcina
1877 5646 2127 5712 peccato-

2233 4645 2360 4685 cum
2410 4634 2727 4704 quarimus,
2771 4636 2906 4708 quid
2955 4639 3028 4694 sit
3063 4636 3266 4709 justus,
3317 4646 3486 4696 terret
3536 4655 3636 4697 nos
3682 4642 3831 4713 psal-

2238 4738 2403 4780 mus:
2447 4749 2465 4772 ι
2494 4725 2688 4782 Omnis
2727 4726 2893 4784 homo
2940 4727 3181 4785 mendax
3231 4731 3404 4802 (Psal.
3452 4748 3604 4801 cxvr,
3643 4733 3758 4804 11).
3791 4757 3814 4782 ι

2235 4811 2541 4870 Audiamus
2570 4815 2774 4871 librum
2803 4815 3112 4889 Sapientia.
3147 4843 3165 4867 ι
3193 4818 3380 4876 Justus
3409 4819 3456 4875 si
3485 4828 3661 4878 morte
3689 4837 3830 4894 pra-

2237 4911 2534 4975 occupatus
2587 4905 2774 4974 fuerit,
2831 4905 2891 4961 in
2944 4907 3231 4980 refrigerio
3271 4909 3414 4976 erit;
3473 4934 3492 4958 ι
3534 4907 3830 4968 audiamus

2237 4993 2506 5063 psalmum
2542 5011 2554 5050 :
2601 5019 2619 5041 ι
2647 4995 2764 5067 Ego
2806 4994 2925 5052 dixi
2956 4996 3014 5052 in
3040 5013 3267 5055 excessu
3302 4997 3500 5054 mentis
3528 5015 3681 5067 mea,
3709 5015 3827 5056 om-

2236 5082 2324 5138 nis
2353 5083 2518 5140 homo
2548 5087 2782 5142 mendax
2813 5087 3003 5159 (Ibid.)
3033 5112 3051 5136 -
3085 5086 3366 5160 Numquid
3391 5098 3614 5146 sanctus
3639 5091 3829 5146 Domi-

2235 5171 2421 5227 tianus
2450 5188 2560 5229 non
2589 5182 2705 5230 erat
2734 5173 2900 5230 homo
2928 5175 2956 5232 ?
2984 5175 3042 5232 Si
3071 5191 3198 5247 ergo
3217 5175 3384 5231 homo
3412 5183 3547 5246 erat,
3581 5185 3635 5233 et
3655 5178 3829 5232 omnis

2236 5261 2386 5317 homo
2441 5265 2714 5332 mendax;
2767 5265 3042 5339 quomodo
3088 5265 3270 5337 justus
3325 5272 3460 5335 erat,
3493 5265 3540 5323 si
3589 5266 3827 5324 mendax

2237 5358 2352 5408 erat
2373 5352 2410 5498 ξ
2429 5360 2523 5412 aut
2553 5355 2829 5429 quomodo
2859 5355 2916 5411 in
2943 5353 3221 5427 refrigetio
3249 5360 3351 5424 est,
3404 5355 3453 5412 si
3486 5354 3672 5428 justus
3714 5373 3825 5414 non

2237 5448 2353 5498 erat

2237 5448 2353 5499 erat

2311 5642 2428 5722 (95)
2459 5639 2844 5722 lde_m_codex_
2874 5639 3106 5722 Theod.,
3139 5640 3494 5722 loquelapar,
3535 5646 3584 5698 et
3624 5645 3822 5700 natura

2236 5712 2426 5769 altera.
2459 5713 2529 5770 Et
2556 5712 2721 5783 infra,
2752 5719 2847 5770 aut
2864 5712 3230 5785 imprudentia
3251 5712 3482 5786 contigit.
