3970 6394
137 410 245 472 749

954 405 1324 464 8ΕΒΜΟΝΕ8
1360 406 1417 463 S.
1458 405 1813 464 AMBROSIO
1854 404 2229 464 HACTENUS
2270 404 2608 464 ASCRIPTI.

3337 403 3441 464 750

212 534 270 592 3.
309 533 679 591 Attendamus
729 545 880 603 ergo,
938 528 1273 598 charissimi,
1332 527 1596 586 habemus
1642 529 1748 585 ista
1776 531 1827 591 Α
1857 529 2001 585 lunai
2058 537 2336 586 crementa
2379 528 2816 601 detrimentaque
2862 541 3076 583 menses
3120 526 3442 600 implentur,

138 622 485 695 cogitatione
506 621 669 693 plena
702 619 968 676 testibus:
998 634 1110 675 non
1141 635 1371 692 parvum
1401 618 1745 691 refrigerium

139 709 201 765 in
228 725 321 777 eo,
343 708 494 783 quod
520 707 776 764 audimus
798 708 1127 780 Apostolum
1156 708 1431 764 dicentem
1456 725 1467 762 :
1507 732 1525 755 ι
1548 706 1749 763 Adhuc

140 798 297 854 enim
328 796 585 854 Christus
615 803 869 852 mortuus
896 804 999 863 est,
1046 803 1107 851 ut
1136 803 1191 851 et
1219 797 1477 852 vivorum
1508 805 1563 853 et
1592 811 1751 851 mor-

144 894 378 953 tuorum
429 884 779 952 dominetur;
834 892 913 950 et,
963 885 1083 940 sive
1126 883 1275 940 enim
1322 885 1589 952 vivimus,
1633 883 1750 939 sive

144 978 449 1048 morimur,
478 977 704 1034 Domini
731 993 923 1033 sumus
954 977 1132 1041 (Rom.
1152 992 1274 1044 xxv,
1294 976 1350 1040 8.
1372 976 1455 1047 9).
1479 999 1498 1023 ι
1541 975 1642 1031 Ille
1670 983 1752 1030 est

140 1066 356 1139 justus,
385 1082 498 1122 non
526 1066 719 1138 perdet
747 1081 877 1121 suos
909 1082 920 1120 :
954 1064 1092 1121 certi
1122 1080 1315 1119 sumus
1342 1063 1471 1136 quia
1499 1062 1752 1121 Christus

144 1171 265 1212 non
297 1158 413 1212 e‘rat
444 1155 702 1212 mendax.
757 1153 1013 1211 Christus
1042 1153 1212 1209 homo
1241 1160 1295 1208 et
1324 1168 1437 1209 non
1466 1152 1703 1208 mendax
1735 1169 1748 1207 :

148 1243 435 1317 quomodo
453 1259 582 1316 ergo
612 1244 797 1299 omnis
816 1242 983 1299 homo
1013 1241 1254 1297 mendax
1274 1242 1303 1297 7
1332 1240 1471 1308 Quia
1499 1240 1755 1297 Christus

148 1333 236 1390 sic
264 1332 454 1402 homo,
503 1340 567 1389 ut
594 1348 705 1388 non
741 1333 923 1388 solum
954 1331 1142 1388 homo.
1175 1332 1275 1387 Ille
1303 1330 1414 1386 nisi
1443 1337 1497 1386 et
1527 1331 1672 1385 Deus
1700 1337 1754 1385 et

154 1420 330 1477 homo
363 1428 526 1490 esset,
557 1421 798 1477 mendax
827 1427 986 1476 esset.
1020 1419 1168 1475 Talis
1196 1434 1324 1491 ergo
1351 1426 1407 1474 et
1447 1426 1629 1473 tantus
1655 1431 1755 1489 pro

153 1509 324 1566 nobis
351 1517 606 1566 mortuus
632 1517 732 1577 est,
763 1515 818 1565 et
856 1515 1089 1565 mortem
1130 1506 1392 1563 timemus
1412 1506 1441 1563 ‘l
1472 1503 1756 1561 Praecessit

150 1604 212 1655 et
239 1598 571 1668 resurrexit,
592 1597 710 1670 ejus
738 1597 984 1654 membra
1006 1613 1220 1665 sumus,
1239 1603 1295 1652 et
1314 1603 1479 1668 caput
1504 1601 1754 1651 nostrum

151 1687 461 1760 sequimur.

226 1775 284 1832 4.
323 1776 461 1832 Nam
491 1785 546 1832 et
570 1775 686 1848 ipse
728 1776 977 1833 Psalmus
1017 1776 1336 1832 consolatur
1363 1790 1464 1831 nos
1497 1792 1510 1830 :
1567 1798 1585 1820 ι
1612 1770 1759 1840 Quid

1855 617 1986 674 dum
2024 634 2119 690 per
2149 618 2468 691 quadrigam
2498 626 2807 689 temporum
2838 617 2907 673 ad
2934 625 3134 674 metam
3163 633 3315 672 suam
3346 633 3447 672 ro-

1855 707 1985 762 tatis
2007 707 2206 763 axibus
2250 723 2430 763 annus
2465 705 2653 779 auriga
2694 705 3053 778 perducitur;
3104 704 3446 777 resplenduit

1860 796 2016 851 latus
2042 794 2207 866 hujus
2235 795 2408 852 sancti
2439 794 2697 868 Martyris
2722 795 2859 863 dies,
2891 811 2999 868 quo
3023 794 3168 850 inter
3195 793 3449 849 inimicas

1858 882 2001 939 acies
2030 883 2325 940 bellicosus
2366 884 2669 952 exsultans,
2716 892 2946 940 cunctos
2974 884 3157 940 hostes
3204 881 3362 949 vicit,
3393 888 3448 937 et

1857 971 1927 1027 ad
1956 988 2123 1043 regna
2148 972 2255 1029 sibi
2284 972 2470 1029 debita
2495 973 2830 1045 properavit.

1929 1068 1982 1125 2.
2022 1070 2121 1125 Est
2150 1070 2374 1143 quidem
2402 1087 2616 1143 semper
2647 1071 2701 1126 in
2734 1070 2963 1143 ancipiti
2999 1070 3297 1127 certamine
3330 1088 3449 1128 sus-

1861 1167 2017 1229 pecta
2036 1159 2271 1216 victoria
2286 1176 2410 1215 cum
2432 1160 2490 1215 in
2512 1159 2852 1216 venerandos
2871 1168 3140 1233 martyres
3162 1169 3258 1216 aut
3278 1160 3454 1233 judex

1861 1245 2019 1301 saevit
2044 1254 2139 1302 aut
2176 1247 2426 1303 carnifex
2456 1247 2677 1315 fremit;
2726 1254 2782 1302 et
2826 1265 2975 1305 nunc
3021 1249 3253 1320 gladius,
3305 1265 3455 1306 nunc

1863 1332 1996 1400 fera,
2020 1349 2169 1389 nunc
2199 1334 2440 1403 ﬂamma,
2466 1351 2615 1391 nunc
2643 1343 2913 1393 tormenta
2946 1336 3243 1403 timentur;
3274 1343 3331 1391 at
3358 1335 3456 1392 ubi

1864 1420 2091 1477 loricam
2134 1422 2265 1477 ﬁdei
2306 1422 2469 1478 virile
2509 1432 2700 1495 pectus
2724 1425 3102 1496 assumpserit,
3152 1441 3263 1480 non
3291 1424 3460 1481 sentit

1862 1510 2082 1566 animus
2113 1511 2293 1578 fortis,
2339 1512 2610 1585 quidquid
2649 1513 2939 1585 ingesserit
2984 1530 3138 1571 mens
3166 1513 3411 1572 crudelis
3443 1533 3455 1571 :

1864 1605 1972 1654 stat
2014 1597 2159 1653 inter
2203 1598 2359 1671 ignes
2398 1600 2625 1669 illaesus,
2672 1600 2819 1656 inter
2864 1601 3067 1658 bestias
3103 1612 3157 1660 et
3189 1611 3463 1660 tormenta

1865 1687 2117 1755 validus;
2154 1688 2439 1745 securibus
2467 1689 2640 1761 magis
2668 1689 2921 1758 solvitur,
2957 1708 3121 1762 quam
3152 1700 3459 1748 truncatur.

1866 1775 1971 1831 Sed
2002 1784 2135 1832 tunc
2172 1775 2349 1833 donec
2393 1776 2462 1832 ad
2512 1793 2832 1849 prosperum
2880 1777 3046 1834 ﬁnem
3089 1779 3267 1834 felicis
3314 1779 3464 1835 horae

158 1864 469 1921 retribuam
499 1856 739 1920 Domino
769 1880 868 1937 pro
891 1864 1169 1932 omnibus,
1196 1879 1317 1936 quae
1334 1862 1592 1919 retribuit
1619 1859 1755 1915 mihi
1786 1883 1833 1944 Β
1868 1881 2049 1938 pugna
2069 1866 2307 1934 veniret,
2334 1866 2735 1923 haesitabatura
2756 1867 3087 1924 Christianis
3106 1876 3159 1923 et
3175 1868 3462 1924 funereum

155 1956 341 2026 (Psal.
373 1972 502 2023 cxv,
534 1954 623 2025 I2)
645 1954 673 2011 ‘I
709 1979 729 2004 ι
791 1955 891 2012 Ille
920 1954 1055 2028 quid
1083 1954 1230 2011 dixit
1259 1971 1271 2009 :
1337 1978 1356 2001 ι
1392 1954 1510 2025 Ego
1548 1951 1667 2009 dixi
1700 1951 1759 2005 in

149 2058 390 2111 excessu
437 2044 638 2101 mentis
687 2058 841 2112 meae,
891 2045 1073 2100 omnis
1109 2043 1278 2099 homo
1322 2043 1559 2097 mendax
1593 2040 1755 2111 (Ibid.

154 2132 283 2203 11).
315 2157 335 2182 ι
394 2133 570 2189 Homo
610 2132 851 2188 mendax
887 2132 1090 2204 gratias
1134 2132 1247 2203 agit
1277 2130 1537 2196 Domino,
1566 2137 1621 2184 et
1650 2144 1760 2183 non

154 2221 381 2279 invenit
399 2221 548 2294 quod
581 2221 667 2276 illi
683 2221 954 2277 retribuat
982 2236 1082 2292 pro
1110 2222 1279 2278 tantis
1306 2218 1608 2287 beneﬁciis,
1640 2234 1762 2290 quae

160 2310 236 2367 ab
268 2310 367 2366 illo
398 2310 627 2383 accepit.
676 2309 823 2377 Quid
866 2309 1015 2365 enim
1045 2309 1114 2365 ab
1152 2309 1251 2366 illo
1289 2308 1593 2380 accipimus
1634 2322 1761 2363 cum

156 2400 463 2475 quaerimus
496 2399 635 2472 quid
677 2398 1064 2466 retribuamus,
1108 2406 1162 2455 et
1207 2415 1320 2454 non
1368 2394 1764 2453 inveniemus?

160 2491 291 2548 Non
330 2505 567 2556 eramus,
614 2496 669 2544 et
695 2487 906 2546 creavit
939 2503 1073 2554 nos;
1120 2504 1231 2543 non
1270 2495 1427 2544 erant
1465 2501 1681 2558 pecora,
1712 2493 1766 2540 et

162 2577 381 2638 creavit
409 2593 603 2650 pecora
638 2595 650 2634 :
699 2576 936 2648 amplius
972 2575 1120 2649 quod
1167 2576 1237 2632 ad
1284 2576 1578 2648 imaginem
1609 2589 1764 2629 suam

176 2670 316 2727 fecit
333 2685 436 2725 nos
458 2687 472 2736 ;
499 2668 857 2741 perieramus,
877 2677 932 2724 et
946 2667 1200 2740 quaesivit
1221 2682 1321 2722 nos
1345 2684 1357 2722 :
1381 2673 1614 2721 mortem
1635 2663 1764 2721 Filii

170 2758 265 2815 sui
294 2756 491 2830 pignus
520 2756 675 2813 dedit
712 2755 893 2824 nobis,
927 2764 983 2812 et
1009 2756 1179 2811 vitam
1228 2755 1359 2810 Filii
1387 2755 1473 2810 sui
1513 2753 1767 2826 promisit

172 2846 360 2915 nobis,
408 2846 477 2903 ab
505 2845 765 2902 omnibus
810 2844 1045 2917 peccatis
1093 2844 1297 2899 nostris
1342 2842 1399 2897 in
1442 2842 1768 2914 baptismate

163 2933 402 2992 salutari
432 2932 730 2989 inundavit
764 2950 906 2999 nos;
946 2935 1095 2993 472
1138 2938 1193 2986 et
1236 2929 1365 3003 quia
1405 2929 1498 2987 hic
1526 2928 1768 2985 vivendo

169 3039 365 3104 postea
391 3029 772 3088 contraximus
821 3029 967 3101 quod
996 3028 1301 3085 dimitteret
1326 3048 1340 3097 ;
1389 3039 1451 3087 ut
1478 3029 1727 3086 dicamus
1753 3046 1764 3084 :

186 3143 208 3169 ε
234 3120 308 3175 Et
335 3118 555 3175 dimitte
584 3117 743 3174 nobis
770 3116 955 3173 debita
997 3125 1183 3174 nostra
1214 3118 1426 3190 (Matth.
1459 3134 1540 3185 v1,
1570 3116 1660 3187 I2)
1689 3133 1702 3182 ;
1735 3138 1754 3163 ι

1870 1957 2243 2026 spectaculum
2276 1956 2421 2031 inter
2440 1957 2703 2012 athletam
2733 1956 2939 2014 Christi
2970 1964 3023 2013 et
3053 1957 3338 2014 ministros
3361 1958 3463 2015 ini-

1870 2044 2001 2100 mici
2030 2043 2248 2117 pavidis
2277 2044 2593 2117 pectoribus
2620 2053 2675 2103 et
2699 2045 2951 2119 fugitivis
2966 2046 3253 2103 obtutibus
3280 2048 3467 2121 explo-

1872 2132 2065 2188 rabant
2087 2151 2101 2200 ;
2125 2149 2191 2188 ne
2220 2133 2438 2189 vulneri
2462 2133 2721 2190 timidum
2745 2143 2956 2207 martyr
2973 2134 3099 2190 ﬁdei
3122 2135 3275 2191 daret
3301 2136 3464 2204 latus,

1872 2237 1941 2277 ne
1965 2237 2103 2294 quos
2130 2221 2368 2294 impetus
2388 2224 2678 2279 saevientes
2706 2224 2988 2296 effugeret,
3006 2240 3075 2279 ne
3097 2225 3183 2280 vel
3208 2225 3468 2280 latrantes

1873 2309 2018 2366 inter
2049 2317 2321 2366 tormenta
2348 2311 2635 2368 carniﬁces
2666 2311 2868 2368 teneris
2903 2312 3152 2368 sensibus
3194 2311 3470 2368 exhorre—

1874 2406 1976 2455 ret.
2014 2399 2291 2456 Pendebat
2323 2400 2547 2456 interim
2575 2417 2780 2457 corona
2801 2401 2871 2457 de
2896 2402 3036 2459 ccelo
3066 2402 3200 2456 liliis
3229 2402 3468 2472 angelo-

1874 2505 1994 2544 rum
2015 2498 2069 2546 et
2097 2490 2236 2546 rosis
2257 2489 2325 2546 de
2340 2507 2501 2547 cruce
2519 2500 2573 2547 et
2595 2492 2859 2564 sanguine
2881 2491 3088 2548 Christi
3112 2491 3472 2547 vernantibus

1875 2578 2193 2646 intertexta,
2227 2587 2543 2653 sertumque
2570 2582 2787 2636 caeleste
2830 2581 2988 2637 vario
3014 2581 3209 2637 decore
3238 2580 3468 2653 pictum,

1877 2673 2139 2738 tanquam
2169 2665 2418 2724 ﬂorentis
2451 2669 2593 2740 prati
2635 2668 2999 2726 diversicolor
3043 2670 3209 2728 facies
3238 2671 3473 2744 desuper

1876 2753 2142 2811 radiabat.

1947 2851 2000 2906 3.
2033 2841 2317 2923 Pugnabat
2343 2852 2514 2924 igitur
2533 2854 2691 2910 miles
2720 2856 2841 2924 Dei,
2863 2863 2918 2911 et
2943 2856 3071 2925 ﬁde,
3103 2872 3215 2912 non
3244 2870 3472 2928 corpore

1877 2940 2227 3013 conﬂigebat.
2259 2942 2401 2998 Hinc
2420 2943 2489 2998 de
2511 2943 2625 2998 vita
2644 2944 3028 3000 blandiebatur
3047 2945 3307 3013 mundus,
3339 2944 3473 3000 hinc

1878 3032 1948 3089 de
1992 3040 2167 3088 morte
2205 3033 2463 3093 terrebat.
2521 3034 2883 3091 Excitabatur
2931 3035 2988 3090 in
3037 3036 3135 3090 illo
3180 3035 3471 3092 conﬂictus

1879 3136 2058 3176 caecus
2104 3136 2281 3176 arenae
2312 3121 2517 3193 pulvis,
2565 3122 2660 3178 sed
2707 3122 2890 3192 claudi
2926 3140 3035 3180 non
3068 3118 3260 3195 potuit
3277 3124 3471 3181 oculus

174 3208 372 3266 docuit
402 3222 522 3263 nos.
571 3206 771 3262 Totum
818 3206 1112 3263 mandavit
1149 3207 1209 3263 in
1253 3205 1551 3278 baptizato,
1590 3212 1767 3302 totum
1804 3242 1848 3302 Ο
1881 3207 2228 3264 confessoris.
2279 3209 2585 3266 Videbatur
2630 3212 2943 3285 utrobique,
2976 3220 3030 3267 et
3075 3212 3213 3284 quid
3255 3219 3470 3283 pararet

175 3296 475 3354 mundavit
518 3296 575 3351 in
615 3303 804 3352 renato
851 3296 1121 3363 vivente;
1175 3311 1288 3351 non
1332 3294 1559 3366 reliquit
1607 3292 1769 3360 mori,

171 3405 293 3448 non
321 3389 592 3462 permittit
622 3387 785 3457 mori,
818 3387 942 3443 dico
972 3388 1031 3442 in
1061 3394 1302 3460 peccato,
1330 3402 1450 3460 qua
1481 3400 1628 3440 mors
1662 3399 1770 3438 ma-

174 3480 331 3552 ligna
358 3488 412 3535 et
440 3486 645 3535 aeterna
673 3484 755 3533 est
783 3495 795 3533 :
822 3484 1079 3533 vocatum
1108 3484 1315 3544 monet,
1346 3475 1595 3541 instruit,
1619 3471 1775 3544 adju-

172 3576 295 3637 vat,
314 3568 574 3641 ignoscit,
607 3565 823 3621 liberat.
863 3590 881 3612 ε
907 3564 1051 3631 Quid
1079 3564 1378 3619 retribuam
1411 3562 1647 3618 Domino
1678 3577 1776 3632 pro

175 3659 440 3719 omnibus
468 3673 588 3729 quae
618 3654 877 3711 retribuit
910 3654 1049 3710 mihi
1072 3654 1100 3710 ?
1127 3677 1146 3702 ι
1190 3652 1335 3721 Quid
1365 3652 1525 3720 dicis,
1556 3650 1724 3707 homo
1750 3651 1779 3707 ?

176 3748 317 3823 quid
344 3747 432 3802 vis
459 3743 761 3802 retribuere
779 3742 807 3800 ?
836 3741 1118 3815 Quidquid
1146 3740 1444 3810 inveneris,
1470 3740 1538 3797 ab
1566 3739 1665 3796 illo
1692 3755 1779 3798 ac-

187 3836 406 3910 cepisti.

253 3922 309 3980 ὅ.
352 3921 620 3981 Venimus
662 3936 809 3993 ergo,
846 3920 1121 3990 venimus,
1166 3919 1212 3976 si
1242 3934 1311 3975 ex
1348 3917 1457 3974 ﬁde
1484 3917 1777 3985 vivamus;

180 4021 320 4070 tunc
347 4010 495 4067 enim
521 4009 663 4082 justi
691 4011 920 4079 erimus,
956 4009 1087 4082 quia
1148 4034 1166 4058 ι
1189 4008 1373 4080 justus
1402 4022 1471 4063 ex
1499 4005 1607 4062 ﬁde
1635 4005 1781 4062 vivit

187 4100 413 4175 (Habac.
442 4115 503 4168 ιι,
524 4098 607 4172 4).
639 4122 660 4147 ι
700 4098 1001 4157 Veniemus
1029 4113 1158 4170 ergo
1179 4096 1246 4153 ad
1275 4097 1427 4152 illam
1474 4094 1780 4151 mercedem

184 4205 308 4265 quae
351 4188 578 4262 aequalis
623 4187 730 4245 erit
767 4186 1047 4267 omnibus.
1096 4185 1256 4243 Pueri
1304 4183 1556 4251 credunt,
1606 4182 1783 4255 prima

186 4278 325 4335 hora
362 4283 636 4333 venerunt
668 4293 680 4331 :
733 4275 1106 4333 adolescentes
1147 4273 1399 4341 credunt,
1446 4273 1607 4329 tertia
1649 4272 1783 4328 hora

188 4372 463 4423 venerunt
493 4381 505 4419 :
552 4362 786 4434 juvenes
812 4363 1065 4431 credunt,
1114 4370 1271 4419 sexta
1299 4362 1435 4418 hora
1470 4369 1778 4429 venerunt;

190 4452 472 4529 graviores
500 4450 751 4519 credunt,
797 4466 944 4507 nona
987 4450 1125 4507 hora
1150 4457 1423 4507 venerunt
1459 4466 1471 4505 :
1519 4449 1784 4521 decrepiti

1881 3298 2047 3364 Deus,
2080 3306 2134 3353 et
2163 3297 2298 3369 quid
2340 3307 2564 3370 cuperet
2592 3299 2873 3356 inimicus.
2928 3301 3155 3356 Scutum
3205 3301 3289 3355 illi
3336 3316 3474 3371 pro-

1885 3384 2139 3441 tectionis
2168 3385 2420 3441 Christus
2463 3394 2614 3455 erat;
2672 3389 2879 3459 galeam
2909 3388 3104 3444 salutis
3145 3389 3231 3443 illi
3279 3403 3476 3443 manus

1884 3476 2202 3551 angelorum
2231 3475 2522 3531 effecerant
2546 3494 2559 3544 ;
2595 3477 2821 3531 loricam
2854 3477 3123 3549 triplicem
3147 3493 3289 3532 unus
3309 3478 3472 3545 Deus,

1886 3580 1997 3619 una
2024 3563 2179 3632 ﬁdes,
2235 3580 2408 3619 unum
2457 3565 2541 3619 illi
2584 3565 2855 3637 baptisma
2890 3565 3226 3633 fabricabat;
3264 3566 3478 3636 gladius

1888 3650 2041 3706 illius
2062 3650 2302 3723 Spiritus
2321 3661 2543 3708 sanctus
2563 3660 2699 3721 erat,
2716 3654 2991 3709 daemones
3020 3654 3335 3725 pugnabant
3356 3654 3479 3715 telis

1887 3737 2025 3805 suis,
2048 3738 2149 3794 iste
2170 3739 2311 3806 suis;
2344 3738 2430 3794 illi
2450 3740 2645 3811 nigris,
2667 3741 2769 3796 iste
2797 3742 2966 3796 armis
2983 3740 3323 3811 fulgentibus
3351 3755 3477 3796 con-

1889 3825 1945 3880 ﬂi
1954 3826 2132 3898 gebat.
2159 3826 2435 3882 Tuebatur
2456 3830 2649 3899 clypeo
2665 3828 2794 3883 ﬁdei
2820 3829 3059 3884 animam
3081 3826 3257 3894 suam,
3280 3844 3480 3901 corpus

1888 3916 2194 3971 seminabat
2219 3915 2275 3971 in
2300 3924 2538 3986 terram;
2589 3917 2799 3990 rigabat
2828 3935 2945 3973 eam
2974 3917 3236 3990 sanguine
3265 3933 3385 3984 suo,
3418 3926 3480 3973 ut

1888 4004 2103 4062 fructus
2121 4006 2180 4060 in
2201 4006 2602 4063 resurrectione
2620 4007 2957 4079 multiplices
2979 4007 3198 4063 oﬂ'erret
3215 4008 3329 4062 Deo
3354 4022 3477 4062 suo.

1961 4106 2015 4162 4.
2061 4130 2080 4154 ι
2104 4108 2210 4175 Qui
2238 4109 2532 4178 seminant,
2562 4110 2764 4182 inquit,
2797 4110 2857 4165 in
2885 4109 3167 4182 lacrymis,
3194 4109 3254 4165 in
3283 4107 3482 4181 gaudio

1889 4202 2119 4251 metent.
2156 4197 2366 4252 Euntes
2413 4196 2568 4252 ibant
2612 4205 2666 4252 et
2704 4196 2930 4264 ﬂebant,
2965 4197 3245 4252 mittentes
3273 4196 3484 4251 semina

1891 4300 2021 4352 sua;
2073 4286 2356 4340 venientes
2397 4293 2579 4341 autem
2609 4284 2833 4341 venient
2864 4285 2922 4340 in
2948 4286 3334 4353 exsultatione,
3366 4285 3486 4340 tol-

1893 4373 2066 4430 lentes
2098 4375 2410 4446 manipulos
2436 4391 2566 4430 suos
2601 4376 2774 4446 (Psal.
2805 4392 2974 4443 cxxv,
2997 4376 3076 4446 5).
3111 4401 3129 4423 ι
3172 4374 3485 4430 Eﬂluebant

1892 4469 2046 4531 tunc,
2076 4462 2414 4519 certantibus
2460 4462 2683 4532 sanctis,
2735 4463 2991 4535 lacrymaa
3037 4462 3308 4528 ﬁdelium,
3351 4477 3485 4534 quas

189 4541 448 4611 credunt,
495 4540 800 4597 novissima
840 4540 972 4596 hora
1002 4547 1291 4595 venerunt.
1342 4537 1588 4595 Diversis
1633 4538 1770 4594 horis

326 4646 399 4647 ν
430 4637 470 4647 -.
542 4636 579 4647 κ.
948 4643 1106 4647 μ---
1148 4634 1467 4647 μημ-η.
1540 4626 1624 4647 σε,
1658 4626 1762 4647 ιη.

1895 4554 2067 4625 pietas
2095 4555 2448 4626 provocabat,
2497 4554 2672 4610 donec
2699 4552 2896 4609 incerti
2934 4560 3161 4608 eventus
3190 4550 3485 4623 periculosi

198 4637 495 4699 venerunt,
528 4636 583 4686 et
611 4628 917 4686 mercedem
948 4643 1112 4684 unam
1144 4634 1489 4699 acceperunt.
1540 4626 1629 4683 Sic
1657 4626 1789 4683 facti

194 4728 327 4779 sunt
356 4718 649 4775 novissimi
679 4718 865 4790 primi,
884 4726 939 4775 et
956 4716 1123 4790 primi
1142 4716 1461 4783 novissimi;
1497 4716 1624 4789 quia
1644 4716 1790 4788 quod

193 4816 525 4882 acceperunt
550 4806 738 4880 primi,
762 4806 869 4863 hoc
897 4815 1224 4879 acceperunt
1251 4804 1541 4861 novissimi
1573 4806 1786 4875 (Matth.

196 4913 299 4967 xx,
321 4897 434 4969 19).
467 4895 612 4965 Quid
633 4903 715 4953 est
735 4895 850 4967 ipse
872 4895 1131 4952 denarius
1148 4895 1177 4952 7
1210 4894 1339 4951 Vita
1362 4902 1584 4949 aeterna.
1615 4895 1792 4960 Quare

201 4986 427 5059 aequalis
460 4995 542 5043 est
590 4985 897 5042 omnibus?
943 4984 1083 5052 Quia
1126 4983 1203 5039 ibi
1246 4999 1408 5039 nemo
1459 4982 1601 5037 vivit
1646 4981 1787 5054 plus,

201 5089 367 5131 nemo
398 5074 603 5130 minus.
628 5072 714 5129 Ad
741 5072 849 5131 hoc
876 5072 1185 5140 tendamus,
1208 5072 1267 5127 in
1297 5069 1533 5128 Domino
1552 5070 1791 5127 conﬁda-

203 5179 347 5231 mus,
382 5163 557 5219 vitam
587 5161 911 5219 tentationis
952 5160 1268 5230 evadamus,
1312 5160 1484 5218 vitam
1512 5159 1794 5219 felicitatis

199 5250 497 5310 habeamus
509 5294 522 5308 .

572 5368 706 5426 Item
737 5367 917 5426 Sermo
944 5367 1007 5424 de
1033 5384 1138 5423 uno
1164 5372 1420 5440 martyre.

279 5476 329 5532 ι.
370 5475 497 5533 Dies
547 5476 831 5545 solemnis,
886 5476 1120 5533 illustris
1174 5475 1291 5532 dies
1341 5474 1552 5548 patrie,
1603 5474 1798 5532 decore

205 5564 454 5638 angelico
484 5564 692 5635 nitens,
737 5563 1038 5624 hodiernus
1066 5566 1295 5636 eﬁ'ulsit,
1346 5581 1508 5638 quem
1538 5562 1799 5637 martyris

207 5652 375 5728 hujus
403 5652 608 5711 ﬂorens
644 5670 848 5713 corona
885 5654 1132 5713 vestivit.
1175 5657 1321 5713 Dum
1364 5671 1461 5728 per
1491 5652 1654 5710 horas
1682 5652 1800 5709 dies

207 5742 512 5812 evolvitur,
562 5742 696 5802 dum
738 5759 834 5816 per
876 5744 1027 5805 vices
1070 5744 1286 5805 dierum
1328 5759 1392 5805 ac
1435 5743 1705 5813 noctium,
1746 5749 1802 5799 et

1897 4642 2217 4700 certaminis
2262 4658 2370 4714 qua
2418 4650 2721 4714 vergerent,
2765 4649 3105 4713 apparerent.
3155 4638 3486 4695 Excutiebat

1898 4730 2121 4802 injustas
2156 4731 2554 4804 persecutionis
2605 4730 2763 4785 dolor
2808 4728 3186 4785 lamentabiles
3214 4728 3397 4795 ﬂetus,
3433 4735 3487 4784 et

1900 4821 2276 4893 unusquisque
2328 4819 2789 4886 Christianorum,
2823 4815 2970 4889 quod
3016 4817 3074 4872 in
3103 4817 3213 4872 alio
3242 4816 3486 4880 videbat,

1902 4908 1959 4962 in
1994 4925 2050 4964 se
2081 4909 2309 4964 timebat
2333 4927 2347 4976 ;
2380 4917 2433 4963 et
2461 4907 2590 4962 licet
2616 4906 2781 4962 sciret
2809 4906 2983 4961 beatis
3008 4902 3348 4978 martyribus
3378 4906 3490 4977 glo-

1901 4998 2040 5053 riam
2093 4998 2150 5053 in
2197 4998 2351 5053 cmlis
2396 5012 2511 5051 esse
2554 5002 2817 5066 paratam,
2865 5004 3051 5052 tamen
3097 4995 3241 5051 inter
3293 4994 3492 5051 dubios

1901 5087 2191 5159 variosque
2230 5085 2432 5154 exitus,
2492 5067 2944 5155 impendentibus
2980 5083 3255 5153 tristibus,
3292 5083 3492 5140 animis

1902 5178 2135 5235 delicata
2161 5176 2398 5233 charitas
2425 5191 2638 5231 amaras
2668 5174 2937 5247 lacrymas
2966 5175 3346 5248 extorquebat.

1972 5294 2027 5351 ὅ.
2068 5292 2227 5349 Ibant
2256 5297 2526 5361 martyres
2556 5296 2769 5355 euntes,
2801 5294 2856 5343 et
2874 5286 3080 5343 ﬂebant
3107 5285 3387 5341 mittentes
3414 5300 3492 5340 se-

1903 5383 2056 5439 mina
2083 5396 2202 5437 sua.
2237 5379 2282 5436 Ο
2313 5395 2477 5452 quam
2507 5385 2660 5434 arcta
2699 5385 2754 5434 et
2780 5385 3008 5449 angusta
3036 5375 3143 5442 via,
3192 5389 3312 5445 quae
3341 5372 3496 5429 ducit

1905 5475 1979 5531 ad
2002 5473 2173 5529 vitam
2200 5472 2211 5527 l
2264 5471 2423 5527 Ibant
2467 5484 2563 5543 per
2590 5467 2791 5524 bestias
2819 5475 2872 5522 et
2902 5466 3213 5533 machaeras,
3262 5480 3358 5536 per
3388 5479 3497 5520 an-

1907 5561 2116 5637 gustias
2142 5567 2197 5617 et
2224 5573 2542 5633 pressuras;
2589 5554 2836 5613 oratione
2878 5554 3089 5621 ﬂentes,
3123 5570 3216 5626 spe
3246 5552 3498 5626 gauden-

1908 5659 2017 5720 tes;
2067 5658 2409 5724 protegentes
2442 5648 2498 5704 iu
2522 5656 2668 5704 terra
2698 5660 2923 5716 corpora
2947 5660 3062 5712 sua,
3099 5643 3254 5715 quasi
3290 5642 3499 5713 semina

1909 5756 2026 5812 sua,
2065 5756 2137 5798 ex
2183 5739 2386 5814 quibus
2442 5735 2770 5812 germinavit
2825 5734 3013 5807 gloriae
3065 5750 3217 5807 seges
3271 5741 3495 5802 aeterna,
