3970 6380
159 451 268 511 753

973 451 1342 514 SERMONES
1380 452 1434 511 S.
1477 452 1832 512 AMBROSIO
1869 452 2240 513 HACTENUS
2279 452 2616 512 ASCRIPTI.

3351 453 3457 516 784

144 579 238 638 nis
269 577 430 636 eritis
462 579 552 649 (ΙΙ
577 579 704 638 Cor.
748 595 788 649 ι,
818 581 913 650 7);
951 579 998 636 si
1037 579 1417 647 tolerabimus,
1467 579 1670 652 inquit,
1700 587 1754 636 et
1782 581 1834 642 Α
1860 589 2125 651 organum
2173 579 2419 650 corporis
2473 577 2799 650 dissipatum
2850 578 2910 633 in
2959 577 3201 652 priorem
3248 585 3454 641 statum

142 670 608 743 conregnabimus
639 671 727 742 (ΙΙ
776 671 910 728 Tim.
971 688 1033 742 ιι,
1083 671 1195 744 12).
1220 696 1238 722 ι
1298 671 1404 739 Qui
1445 687 1572 744 ergo
1603 671 1752 727 tole—
1859 688 2156 729 nervorum
2189 687 2379 729 rursus
2405 671 2746 744 coaptaverit
2789 671 3030 730 resoluta
3079 689 3368 747 compago,
3397 681 3454 733 et

145 768 415 816 raverunt
443 760 587 815 mala
621 767 842 832 propter
869 759 1176 828 Christum,
1208 759 1408 817 debent
1436 769 1490 817 et
1520 759 1746 832 gloriam

144 845 353 904 habere
375 863 502 904 cum
532 847 772 905 Christo.

219 943 275 1001 2.
331 943 764 1013 Annuntiemus,
834 943 1081 1018 inquam,
1146 944 1352 1001 sanctis
1410 945 1747 1018 martyribus

146 1031 431 1090 Dominici
460 1033 673 1106 paschze
703 1032 931 1106 gratiam
966 1077 980 1101 ,
1008 1022 1232 1091 ut'dum
1265 1034 1560 1107 sepultura:
1591 1034 1744 1091 illius

144 1121 514 1195 pradicamus
567 1131 804 1180 reserata
851 1124 1108 1191 claustra,
1157 1131 1213 1179 et
1254 1121 1451 1178 horum
1498 1123 1747 1194 sepulcra

145 1223 490 1282 reserantur;
514 1214 647 1272 dum
677 1231 876 1290 corpus
901 1216 1053 1272 illius
1082 1224 1359 1272 mortuum
1391 1212 1627 1270 dicimus
1654 1221 1746 1269 te-

148 1303 412 1377 pentibus
467 1304 624 1360 venis
687 1305 871 1361 subito
939 1303 1214 1376 viguisse,
1277 1303 1475 1360 horum
1527 1319 1744 1377 quoque

149 1393 400 1452 membra
431 1393 546 1467 jam
587 1393 789 1467 frigida
822 1393 1255 1460 immortalitatis
1299 1394 1478 1450 calore
1506 1392 1743 1449 fovean-

144 1490 283 1551 tur;
317 1482 506 1540 eadem
548 1483 697 1540 enim
738 1484 880 1541 ratio
930 1491 1200 1555 martyres
1243 1482 1490 1552 suscitat,
1541 1498 1661 1555 quae
1689 1487 1744 1538 et

140 1569 446 1628 Dominum
473 1572 783 1629 suscitavit.
814 1572 951 1628 Nam
981 1572 1125 1628 sicut
1151 1571 1299 1626 viam
1340 1570 1607 1642 passionis
1635 1586 1743 1626 ex-

141 1658 291 1732 perti
321 1666 473 1728 sunt,
527 1659 606 1715 ita
635 1659 990 1733 experientur
1034 1666 1088 1714 et
1134 1659 1296 1726 vita);
1344 1659 1612 1731 scriptum
1657 1665 1741 1715 est

141 1751 298 1808 enim
346 1752 402 1809 in
459 1753 719 1827 psalmo:
767 1753 976 1810 «Notas
1032 1751 1174 1808 mihi
1219 1751 1396 1809 fecisti
1449 1752 1566 1809 vias
1609 1753 1740 1808 vitae

145 1841 327 1913 (Psat.
379 1858 474 1910 xv,
512 1843 624 1913 ti).
656 1866 675 1889 ι
725 1842 841 1898 Hoc
885 1842 1076 1915 utique
1117 1841 1176 1897 in
1231 1841 1628 1899 resurrectione
1665 1857 1736 1898 ex

141 1947 380 2005 persona
425 1933 632 1990 dicitur
649 1932 968 2000 Salvatoris,
992 1932 1084 2006 qui
1109 1932 1239 1988 dum
1280 1940 1400 2006 post
1417 1941 1648 1989 mortem
1669 1933 1738 1989 ab
1765 1931 1812 1992 B

139 2023 345 2080 inferis
391 2023 535 2080 redit
577 2024 646 2081 ad
693 2039 938 2098 superos,
984 2023 1181 2096 incipit
1227 2031 1357 2080 nota
1411 2022 1601 2080 haberi
1648 2023 1741 2080 via

138 2112 276 2170 vitat
325 2111 466 2184 (98),
497 2128 618 2184 quae
649 2122 774 2168 ante
816 2128 927 2168 non
977 2110 1280 2168 habebatur
1314 2131 1327 2180 ;
1377 2113 1560 2185 ignota
1589 2111 1737 2168 enim

139 2209 259 2258 erat
295 2209 423 2258 ante
452 2199 660 2258 Christi
707 2200 1002 2257 adventum
1033 2200 1126 2255 via
1163 2200 1314 2269 vitae,
1359 2201 1488 2273 quia
1529 2200 1740 2256 nullius

138 2290 326 2348 adhuc
356 2289 687 2363 resurgentis
705 2289 872 2346 fuerit
903 2288 1032 2346 trita
1055 2289 1307 2361 vestigio.
1334 2289 1407 2345 At
1427 2289 1522 2346 ubi
1550 2289 1736 2345 Domi-

139 2396 248 2438 nus
277 2379 595 2450 resurrexit,
623 2387 753 2436 nota
781 2379 944 2447 facta,
976 2380 1124 2435 solea
1151 2378 1283 2435 trita
1309 2388 1390 2436 est
1417 2379 1533 2452 (99)
1567 2379 1735 2451 pluri-

139 2487 382 2538 morum,
407 2471 476 2528 de
504 2470 708 2545 quibus
729 2479 953 2528 sanctus
971 2470 1304 2544 evangelista
1333 2470 1411 2527 ait
1434 2490 1445 2528 :
1487 2494 1507 2517 ‹
1537 2471 1734 2527 Multo-

141 2577 266 2619 rum
297 2578 526 2636 corpora
556 2569 872 2620 sanctorum
902 2569 1263 2618 surrexerunt
1291 2577 1414 2617 cum
1444 2578 1530 2629 eo,
1560 2569 1615 2617 et
1653 2561 1734 2616 in-

143 2652 416 2708 troierunt
447 2651 502 2708 in
529 2660 772 2709 sanctam
793 2650 1073 2708 civitatem
1106 2651 1317 2722 (Matth.
1347 2667 1528 2720 xxvu,
1551 2652 1667 2723 52).
1700 2676 1720 2701 ι

213 2747 265 2805 3.
300 2747 453 2805 Unde
482 2764 605 2804 cum
635 2748 904 2805 Dominus
933 2747 990 2802 in
1019 2748 1417 2803 resurrectione
1443 2765 1539 2804 sua
1565 2748 1734 2807 dixe-

141 2837 248 2896 rit:
283 2861 300 2885 ι
320 2837 490 2895 Notas
519 2835 657 2892 mihi
689 2835 866 2894 fecisti
894 2835 1015 2892 vias
1045 2833 1172 2891 vitae
1203 2835 1376 2906 (Psat.
1411 2853 1505 2904 xv,
1538 2837 1666 2909 ii);
1701 2865 1718 2887 .

138 2944 435 3003 possumus
461 2933 515 2983 et
543 2943 644 2983 nos
665 2925 780 2999 jam
829 2926 1011 2983 dicere
1039 2925 1277 2982 Domino
1309 2944 1321 2981 :
1356 2927 1522 2984 Notas
1550 2927 1730 2984 fecisti

140 3016 307 3074 nobis
335 3015 454 3072 vias
481 3015 648 3082 vitai;
698 3014 812 3088 ipse
844 3014 992 3070 enim
1024 3013 1185 3070 nobis
1231 3022 1386 3072 notas
1439 3016 1571 3073 fecit
1612 3017 1730 3074 vias

135 3104 293 3174 vitae,
321 3104 415 3178 qui
445 3103 607 3160 nobis
625 3102 875 3159 semitam
906 3102 1279 3159 manifestavit
1303 3102 1372 3160 ad
1401 3103 1591 3160 vitam.
1624 3105 1728 3161 No-

137 3202 226 3251 tas
253 3193 401 3250 enim
426 3193 564 3249 mihi
593 3193 724 3251 fecit
743 3193 861 3250 vias
888 3192 1036 3261 vitae,
1056 3208 1182 3250 cum
1215 3209 1301 3248 me
1330 3193 1520 3251 docuit
1539 3192 1724 3264 fidem,

1860 760 2204 817 harmoniam
2236 760 2511 818 viscerum
2534 759 2649 832 jam
2679 760 2935 817 silentem
2967 761 3026 817 in
3052 770 3293 819 veterem
3321 779 3451 820 con-

1859 857 2083 906 centum
2115 848 2353 920 Spiritus
2402 847 2694 906 viviﬁcans
2721 847 3072 906 animaverit.
3132 849 3453 908 Sacerdotes

1857 957 1985 1012 ergo
2037 939 2358 1012 pradicant,
2391 954 2512 1011 qua;
2561 938 2814 995 Salvator
2841 947 2964 1011 post
2988 940 3448 998 resurrectionem

1855 1029 2132 1086 mirabilia
2181 1027 2404 1100 gesserit
2431 1028 2498 1084 ad
2555 1043 2780 1098 superos
2820 1045 2832 1083 :
2882 1035 3151 1100 martyres
3181 1029 3448 1100 revelent,

1856 1125 2058 1188 quanta
2088 1117 2147 1172 in
2178 1117 2295 1190 ipsa
2324 1122 2501 1172 morte
2545 1114 2831 1187 refrigeria
2857 1122 3112 1188 operatus
3139 1115 3219 1172 sit
3251 1117 3312 1174 in
3341 1117 3449 1176 de-

1855 1203 2081 1262 functis.

2341 1325 2489 1383 475
2519 1318 2754 1378 SERMO
2775 1287 2944 1378 Lx‘n.

1924 1415 2002 1470 De
2025 1413 2226 1472 bellico
2254 1417 2522 1486 tumultu,
2550 1434 2647 1475 seu
2673 1435 2773 1491 pro
2801 1420 3083 1478 communi
3116 1420 3444 1495 Martyrum.

1849 1512 1999 1588 Hunc
2045 1529 2330 1588 sermonem
2385 1530 2502 1588 cum
2552 1515 2678 1570 aliis
2698 1587 2713 1588 ί
2737 1516 2956 1588 duobus,
3012 1534 3239 1588 quorum
3278 1535 3447 1576 unum

1920 1584 2147 1640 Romani
2198 1585 2420 1658 editores
2451 1586 2508 1639 in
2532 1591 2659 1658 tom.
2684 1587 2715 1642 I
2743 1587 2903 1658 Oper.
2941 1584 3146 1645 'Amhr.
3201 1591 3442 1647 colloca—

1918 1661 2128 1720 verant,
2180 1657 2318 1711 alter
2367 1673 2490 1712 vero
2517 1657 2658 1711 inter
2685 1657 2946 1714 sernwnes
2995 1661 3163 1716 sancti
3217 1662 3447 1718 Maximi

1909 1724 2030 1800 jam
2059 1727 2302 1800 vulgatus
2348 1733 2439 1800 est,
2472 1726 2684 1796 hujusce
2715 1729 2900 1783 Patris
2944 1746 3012 1783 ea:
3039 1747 3186 1800 (equo
3214 1749 3319 1788 esse
3346 1751 3446 1789 as-

1918 1797 2050 1852 truit
2082 1797 2438 1873 Magtllonius
2471 1805 2649 1852 noster
2687 1800 2834 1855 Tom.
2863 1801 2898 1856 Ι
2925 1797 3106 1873 Musei
3131 1803 3251 1857 Ital.
3279 1810 3434 1873 part.

1917 1885 1980 1934 li,
2005 1883 2129 1940 pag.
2166 1869 2220 1924 ὅ.
2252 1869 2318 1924 Id
2353 1875 2487 1924 certe
2523 1886 2640 1923 cum
2671 1886 2968 1925 sermonum
2992 1871 3171 1937 dictio,
3209 1869 3319 1928 tum
3360 1875 3445 1929 ci-

1919 1945 2048 2015 tata
2093 1941 2203 1994 loco
2251 1940 2480 2015 indicato
2535 1941 2826 2015 auctoritas
2903 1943 3166 2015 Gennadii
3223 1945 3445 2015 pulchre

1917 2012 2214 2083 conﬁrmat.
2265 2012 2523 2097 Craterum
2573 2013 2714 2094 quod
2754 2014 2905 2097 139m.
2945 2014 3068 2069 edit.
3101 2012 3242 2096 hunc
3268 2015 3444 2097 ipsum

1918 2099 2227 2158 sermonem.
2265 2083 2371 2158 Pro
2423 2083 2710 2158 communi
2770 2085 3098 2158 Martyrum
3130 2083 3444 2158 inscriptum

1916 2155 2164 2230 uoluerit,
2194 2156 2352 2230 nulla
2386 2171 2484 2208 cur
2511 2155 2606 2209 hoc
2649 2153 2865 2230 faceret,
2898 2153 3038 2230 ratio
3067 2155 3214 2230 fuit;
3239 2153 3442 2230 proin-

1918 2226 2080 2294 deque
2117 2226 2294 2296 aptius
2333 2226 2471 2280 inter
2523 2242 2784 2281 sermones
2833 2228 2911 2283 De
2955 2227 3200 2285 Diversis
3239 2226 3338 2284 sub
3381 2246 3440 2286 eo

1918 2297 2069 2352 titulo
2095 2313 2248 2373 quem
2275 2296 2332 2350 in
2359 2301 2472 2373 ant.
2505 2297 2628 2353 edit.
2675 2314 2738 2353 ac
2763 2314 2888 2354 mss.
2914 2297 3159 2371 praefert,
3192 2300 3248 2356 in
3269 2307 3439 2373 poste-

1915 2384 2038 2423 rum
2066 2368 2171 2423 erit
2197 2368 2466 2425 locandus.

1917 2480 1967 2536 1.
2003 2479 2188 2536 Movet
2243 2478 2474 2536 fortasse
2527 2495 2649 2546 vos,
2696 2481 2911 2551 fratres,
2966 2483 3113 2557 quod
3165 2485 3438 2543 tumultus

1843 2567 2112 2624 bellorum
2162 2577 2216 2625 et
2261 2567 2605 2625 incursiones
2653 2572 2970 2641 praeliorum
3015 2573 3134 2630 fieri
3181 2573 3438 2634 audimus

1841 2657 2058 2714 assidue
2081 2675 2093 2714 :
2127 2665 2181 2713 et
2206 2673 2306 2714 cur
2321 2658 2525 2715 nostris
2539 2659 2882 2732 temporibus
2905 2660 3060 2730 ﬁant,
3083 2662 3434 2723 dilectionem

1842 2753 2078 2802 vestram
2110 2746 2336 2803 fortasse
2366 2747 2491 2820 plus
2529 2755 2767 2804 moveat.
2817 2748 2924 2805 Sed
2965 2748 3085 2807 hac
3120 2767 3283 2808 causa
3329 2759 3434 2823 est,

1841 2834 1970 2907 quia
1998 2842 2204 2908 quanto
2244 2835 2418 2906 magis
2467 2835 2710 2908 proximi
2735 2853 2928 2894 sumus
2956 2838 3150 2896 mundi
3189 2840 3432 2910 excidio,

1838 2931 1993 2980 tanto
2040 2923 2211 2997 magis
2253 2939 2419 2996 regno
2465 2923 2546 2996 (2)
2586 2941 2780 2982 sumus
2842 2928 3084 3000 proximi
3113 2929 3430 2988 Salvatoris.

1840 3015 1958 3087 Ipse
1987 3013 2135 3070 enim
2168 3014 2437 3069 Dominus
2477 3014 2574 3083 ait,
2623 3014 2772 3088 quod
2803 3015 2861 3072 in
2891 3018 3210 3076 novissimis
3236 3019 3434 3078 diebus

1852 3127 1871 3150 ι
1897 3103 2172 3175 Exsurget
2215 3118 2348 3174 gens
2393 3101 2658 3159 adversus
2702 3110 2938 3176 gentem,
2969 3113 3024 3162 et
3068 3123 3292 3179 regnum
3324 3107 3434 3166 ad-

1837 3205 2028 3248 versus
2056 3207 2285 3264 regnum
2310 3192 2508 3264 (Marc.
2546 3207 2672 3259 xm,
2703 3191 2803 3264 8);
2837 3218 2856 3244 ι
2897 3201 2952 3250 et
2997 3194 3130 3252 alibi
3163 3213 3176 3253 :
3243 3219 3263 3245 ι
3291 3196 3430 3256 Cum

144 3284 604 3353 misericordiam,
631 3282 928 3356 justitiam,
977 3283 1283 3339 castitatem
1308 3283 1430 3354 (1);
1463 3283 1552 3340 his
1578 3285 1727 3342 enim
1759 3293 1804 3356 ο
1837 3279 2090 3339 videritis
2135 3280 2300 3349 bella,
2345 3287 2399 3336 et
2435 3286 2595 3336 terra:
2639 3288 2843 3350 motus,
2898 3289 2954 3339 et
2994 3283 3185 3353 fames,
3230 3285 3427 3342 scitote

126 3375 456 3449 pervenitur
485 3372 782 3430 itineribus
828 3372 896 3428 ad
925 3373 1201 3428 salutem:
1239 3379 1293 3428 et
1340 3371 1466 3432 licet
1513 3390 1613 3430 nos
1662 3373 1721 3431 in

122 3463 468 3522 resolutione
489 3461 736 3532 corporis
764 3461 959 3517 mortis
976 3460 1170 3516 umbra
1191 3461 1513 3529 circumdet,
1537 3469 1722 3519 tamen

121 3569 343 3626 gressus
373 3567 502 3609 suos
534 3550 650 3607 vita
695 3565 806 3606 non
835 3549 1038 3606 deserit
1069 3567 1082 3606 :
1114 3550 1208 3606 sed
1252 3551 1397 3606 inter
1425 3550 1569 3623 ipsas
1599 3567 1722 3608 me—

120 3641 249 3700 dias
281 3641 485 3699 inferni
551 3641 697 3713 leges
750 3639 1132 3696 incunctanter
1168 3637 1376 3698 Christi
1419 3639 1722 3698 virtutibus

119 3731 496 3789 ambulamus.
528 3729 684 3788 Unde
699 3729 778 3786 ait
805 3739 1023 3787 sanctus
1053 3727 1357 3802 Propheta:
1392 3749 1418 3781 (ι
1450 3731 1587 3787 Nam
1617 3729 1720 3788 etsi

118 3820 483 3878 ambulavero
512 3819 571 3874 in
618 3817 800 3876 medio
847 3819 1056 3875 umbrat
1090 3817 1300 3886 mortis,
1349 3833 1460 3874 non
1509 3818 1717 3876 timebo

120 3911 291 3978 mala,
322 3907 582 3983 quoniam
615 3914 676 3964 tu
706 3923 919 3964 mecum
947 3922 1004 3962 es
1036 3908 1210 3978 (Psal.
1243 3923 1387 3976 xxii,
1408 3907 1488 3978 4).
1509 3930 1528 3956 ι
1561 3907 1720 3977 Quod

123 3999 476 4057 manifestius
521 3997 793 4054 Dominus
837 3997 916 4053 ait
964 3995 1032 4053 de
1082 3996 1253 4066 fideli,
1290 3996 1516 4054 dicens:
1563 4022 1582 4046 ι
1612 3997 1718 4065 Qui

120 4096 310 4146 autem
341 4087 516 4146 credit
533 4088 589 4144 in
612 4103 718 4156 me,
743 4103 854 4144 non
876 4086 1141 4143 morietur
1159 4086 1218 4142 in
1237 4096 1505 4144 aeternum
1529 4088 1716 4159 (Joan.

119 4195 207 4246 xr,
236 4177 350 4248 26).
383 4203 402 4226 ι
442 4177 512 4232 Et
538 4177 666 4234 licet
696 4177 982 4245 moriatur,
1014 4175 1183 4232 vivet.

198 4274 253 4330 Is.
283 4275 449 4345 Ergo,
497 4274 714 4339 fratres,
745 4291 870 4330 cum
903 4273 1108 4331 sanctis
1136 4275 1474 4349 martyribus
1503 4277 1718 4350 paschae

117 4362 349 4420 Domini
379 4361 606 4434 gloriam
637 4361 981 4419 conferamus
1016 4382 1027 4420 :
1065 4363 1429 4434 conferamus,
1465 4367 1716 4442 inquam,

118 4462 180 4511 et
209 4453 336 4510 licet
357 4451 556 4508 melius
585 4453 842 4508 noverint
869 4453 1075 4520 omnia,
1106 4462 1286 4512 tamen
1315 4472 1416 4512 nos
1441 4455 1556 4514 illis
1585 4474 1717 4530 prae-

123 4543 377 4601 dicamus
405 4541 867 4616 quemadmodum
910 4543 1179 4600 Dominus
1220 4543 1289 4600 de
1316 4545 1556 4617 sepulcri
1586 4564 1717 4620 gre—

1832 3371 2094 3445 quoniam
2119 3370 2176 3427 in
2199 3371 2454 3445 proximo
2467 3378 2549 3426 est
2562 3387 2790 3444 regnum
2813 3372 2910 3429 Dei
2937 3373 3088 3445 (Luc.
3111 3391 3232 3444 xxr,
3255 3375 3372 3448 3t).
3392 3399 3412 3425 ι

1829 3461 1976 3534 Ergo
2008 3460 2266 3518 vicinitas
2292 3462 2396 3518 ista
2441 3461 2712 3519 bellorum
2761 3461 3011 3521 vicinum
3061 3465 3235 3537 magis
3264 3466 3424 3525 nobis

1830 3552 2113 3610 Christum
2148 3568 2264 3610 esse
2306 3553 2664 3611 demonstrat.
2699 3556 2879 3629 Atque
2934 3555 3059 3613 ideo
3109 3558 3423 3616 venientem

1829 3642 2204 3700 adversarium
2239 3642 2434 3699 timere
2466 3658 2577 3699 non
2623 3641 2819 3710 debeo,
2851 3643 2980 3718 quia
2997 3661 3095 3718 per
3123 3643 3241 3704 haec
3269 3646 3426 3720 signa

1828 3733 2019 3790 venire
2045 3731 2228 3806 potius
2264 3732 2518 3805 intelligo
2549 3732 2886 3791 Salvatorem
2921 3752 2936 3801 ;
2991 3734 3246 3807 quamvis
3274 3736 3422 3793 enim

1829 3821 1932 3879 iste
1953 3829 2161 3879 metum
2191 3821 2425 3879 incutiat
2458 3821 2832 3895 temporalem,
2856 3822 2949 3879 ille
2977 3829 3160 3879 tamen
3188 3823 3422 3881 salutem

1827 3917 2030 3975 deserit
2082 3915 2469 3989 sempiternam
2527 3914 2631 3988 (3).
2693 3915 2894 3974 Potens
2920 3923 3002 3973 est
3039 3923 3220 3974 autem
3275 3916 3422 3976 idem

1826 4008 2115 4075 Dominus,
2142 4014 2200 4062 ut
2228 4013 2283 4062 et
2309 4004 2564 4061 hostilem
2596 4020 2628 4060 a
2673 4003 2836 4060 nobis
2883 4005 3111 4078 repellat
3139 4021 3420 4079 pavorem,

1827 4106 1880 4154 et
1905 4111 2058 4152 suam
2089 4093 2248 4151 nobis
2277 4093 2623 4168 praesentiam
2659 4091 2941 4164 largiatur.

1897 4185 1950 4242 2.
1981 4186 2082 4240 Per
2108 4184 2211 4241 hos
2236 4184 2404 4257 igitur
2422 4182 2696 4240 bellorum
2726 4181 3000 4238 tumultus
3028 4183 3222 4241 mundi
3251 4182 3424 4258 quod-

1825 4281 1950 4338 dam
1981 4278 2323 4352 signiﬁcatur
2341 4275 2620 4333 excidium
2649 4293 2663 4342 ;
2696 4274 2946 4332 futurum
2971 4275 3120 4334 enim
3144 4276 3422 4350 judicium

1826 4367 1944 4425 haec
1972 4365 2297 4441 inquietudo
2325 4363 2603 4438 praecedit.
2636 4363 2736 4421 Est
2758 4372 2942 4421 autem
2963 4364 3238 4439 quoddam
3273 4383 3423 4424 com-

1826 4455 2151 4512 monitionis
2183 4453 2265 4526 (4)
2299 4452 2566 4510 indicium
2601 4452 2724 4522 Dei,
2778 4451 2965 4510 videre
2991 4453 3140 4528 quod
3168 4462 3418 4524 metuas;

1825 4554 1886 4603 ut
1915 4545 2091 4619 possis
2140 4543 2452 4615 intelligere
2512 4543 2636 4616 plus
2663 4558 2962 4616 superesse,
3012 4542 3159 4616 quod
3187 4551 3417 4602 metuas.

124 4633 242 4689 mio
271 4632 635 4690 resurrexerit
661 4631 729 4688 ad
757 4648 1001 4706 superos.
1033 4633 1121 4689 Illi
1144 4633 1305 4691 nobis
1333 4636 1578 4693 revelent
1606 4653 1714 4710 quo
1746 4661 1794 4719 Β
1824 4639 1966 4693 Dum
1998 4634 2146 4692 enim
2188 4633 2334 4692 cauti
2364 4648 2557 4690 sumus
2579 4633 2647 4689 ad
2687 4647 2768 4701 ea,
2797 4647 2918 4706 quae
2943 4634 3244 4704 cernimus,
3275 4649 3419 4692 cau-

120 4731 282 4798 pacto
310 4723 379 4782 de
395 4723 598 4781 inferni
617 4723 892 4796 profundo
913 4725 1238 4782 remeaverit
1262 4726 1330 4783 ad
1355 4729 1672 4801 sepulcrum
1699 4747 1710 4786 :

123 4820 342 4882 notum,
379 4813 626 4886 inquam,
671 4813 832 4871 nobis
883 4814 1088 4872 faciant
1139 4816 1600 4889 quemadmodum
1655 4818 1711 4875 in

121 4903 377 4962 exanime
398 4902 514 4976 jam
552 4919 750 4977 corpus
801 4911 855 4960 et
910 4903 1175 4977 frigidum
1219 4921 1334 4962 sese
1377 4906 1528 4962 calor
1564 4906 1714 4964 insi-

123 4992 402 5063 nuaverit,
433 4993 661 5066 spiritus
702 4993 1008 5067 ingesserit,
1055 4995 1278 5066 sanguis
1325 4995 1610 5065 infuderit,
1658 5004 1712 5054 et

122 5084 324 5154 gelatas
354 5081 586 5139 humore
626 5098 793 5138 venas
823 5083 1042 5156 pristini
1073 5083 1280 5155 vigoris
1308 5085 1500 5156 pulsus
1528 5085 1712 5158 agita-

123 5170 302 5240 verit;
334 5179 548 5241 notum,
572 5173 818 5245 inquam,
841 5171 1000 5229 nobis
1019 5173 1223 5230 faciant
1248 5175 1707 5248 quemadmodum

1823 4727 1992 4784 tiores
2045 4725 2112 4782 ad
2141 4722 2237 4781 illa
2293 4723 2583 4788 eﬂicimur,
2619 4737 2740 4795 quae
2772 4737 3073 4794 speramus.
3105 4721 3208 4780 Vir
3233 4731 3418 4782 autem

1824 4815 2040 4889 sapiens
2067 4811 2156 4869 his
2183 4811 2398 4870 actibus
2425 4810 2659 4869 terrenis
2707 4808 3022 4878 instruitur,
3051 4811 3420 4884 quemadmo-

1821 4905 1954 4962 dum
1993 4903 2166 4960 futuri
2195 4903 2380 4961 saeculi
2409 4899 2606 4958 debeat
2634 4899 2910 4958 declinare
2931 4897 3208 4971 judicium
3242 4919 3257 4960 :
3285 4902 3419 4961 dum

1820 4996 1967 5053 enim
2000 4993 2261 5067 perspicit
2315 4991 2374 5048 in
2421 4990 2526 5049 hac
2557 4989 2839 5047 communi
2869 4990 3282 5062 perturbatione
3310 4993 3421 5068 pri-

1821 5103 1998 5143 mores
2042 5084 2192 5140 viros
2232 5083 2310 5154 (5)
2358 5081 2626 5138 tuitiones
2675 5082 2732 5136 in
2781 5079 3058 5138 mmnibus
3094 5097 3419 5156 praeparare.

1819 5177 1932 5249 ipse
1969 5173 2320 5231 admonetur
2346 5169 2811 5244 quemadmodum
2843 5169 2902 5227 in
2931 5169 3118 5228 futura
3139 5171 3422 5230 eversione

195 5308 312 5380 (98)
344 5310 424 5366 Ita
446 5325 573 5364 mss.
594 5307 846 5380 (Valliscl.
866 5315 921 5363 et
950 5306 1194 5365 Theodd.
1222 5327 1235 5376 ;
1266 5307 1400 5364 edit.
1424 5326 1553 5365 vero
1579 5327 1704 5366 cum
1813 5309 1952 5366 mimi
1977 5323 2158 5365 sumus
2185 5326 2222 5366 α
2264 5283 2450 5364 mundi
2493 5303 2720 5375 excidio,
2761 5311 2909 5364 tanto
2958 5305 3126 5380 magis
3159 5327 3194 5366 a
3239 5323 3420 5380 regno,

124 5379 226 5438 ms.
281 5380 476 5452 Lugd.,
509 5379 600 5450 qui
628 5380 754 5434 dum
794 5381 998 5448 (Rom,
1032 5387 1091 5434 ut
1117 5380 1210 5450 qui
1238 5380 1386 5452 dum)
1401 5387 1522 5452 post
1548 5399 1705 5437 mor-
1814 5389 1918 5440 etc.

343 5452 563 5524 incipiat
592 5457 767 5524 notam
793 5452 980 5524 habere
1005 5452 1146 5507 viam
1174 5452 1310 5524 vita.

1886 5454 1967 5527 (3)
1995 5456 2077 5513 Ita
2104 5469 2260 5522 mss.,
2291 5467 2482 5509 omnes
2523 5467 2656 5508 vero
2689 5450 2823 5507 edit.
2869 5450 2971 5508 ille
3023 5457 3193 5509 tamen
3231 5451 3424 5508 deserit

195 5524 310 5594 (99)
344 5521 545 5580 Omnes
576 5521 709 5577 edit.
741 5531 795 5578 et
821 5523 995 5581 codex
1025 5524 1222 5596 Lugd.,
1244 5523 1423 5593 fuerat
1453 5529 1703 5581 temerata
1811 5521 1916 5581 sem
1949 5521 2206 5583 'iternum.

195 5595 398 5665 stigio...
427 5601 555 5650 nota
574 5594 718 5664 facta
747 5598 858 5652 solo
887 5596 1077 5652 attrita
1104 5601 1198 5664 est,
1225 5602 1330 5652 etc.
1361 5612 1375 5663 ;
1412 5612 1539 5652 mss.
1574 5597 1700 5655 Val-
1883 5544 1963 5665 (λ)
1993 5598 2178 5657 Codex

122 5594 726 5677 gestigio..._nota_facta
747 5598 858 5677 solo
887 5596 1077 5652 attrita
1104 5594 1198 5664 est,
1225 5602 1330 5652 etc.
1361 5612 1375 5663 ;
1412 5612 1539 5652 mss.
1574 5597 1700 5655 Val-

294 5683 357 5746 a_c
384 5665 687 5746 'i‘heqd.__ut
710 5666 768 5746 i_n
795 5675 971 5746 textu.

193 5740 273 5882 (1)
305 5738 491 5796 Codex
516 5737 787 5805 Valliscl.,
809 5739 1094 5808 justitiam,
1125 5741 1468 5796 sanctitatem.

218 5811 273 5882 2)
303 5809 437 5870 Cod.
486 5808 685 5882 Lugd.,
732 5812 832 5869 Sed
869 5812 976 5869 haec
1007 5828 1168 5870 causa
1208 5818 1302 5880 est,
1331 5829 1468 5882 quan

218 5811 273 5883 2)
303 5809 437 5870 Cod.
486 5808 685 5882 Lugd.,
732 5812 832 5869 Sed
869 5812 976 5869 haec
1007 5828 1168 5870 causa
1208 5818 1302 5880 est,
1331 5818 1527 5885 quanto
1556 5829 1698 5886 pro-

1945 5599 1963 5678 )
1993 5598 2178 5678 Codex
2206 5595 2403 5678 Lugd.,
2432 5597 2697 5678 quoddam
2725 5593 3100 5678 commotionis.
3301 5663 3312 5676 .

1884 5670 2204 5751 (5).Omnes
2227 5669 2384 5738 edit.,
2403 5669 2613 5742 priores
2640 5669 2815 5721 viros:
2849 5669 3030 5739 aptius
3069 5681 3202 5737 ms.,
3216 5669 3424 5742 primo-

1808 5759 1893 5798 res
1931 5758 2097 5797 utros.
