3970 6380
723 445 727 450 “

551 578 746 637 mundi
777 575 1155 634 defensionem
1187 575 1516 632 Christianis
1543 584 1809 649 praeparet
1834 576 2141 635 animabus.
2173 580 2226 639 Α

554 669 844 726 Cernimus
885 667 1089 721 armari
1131 666 1378 723 civitatis
1426 675 1627 740 portas,
1671 667 1932 724 debemus
1978 669 2143 724 etiam

552 761 704 833 prius
748 758 804 813 in
835 757 997 812 nobis
1042 765 1227 828 portas
1275 773 1484 814 armare
1528 758 1759 830 justitiae
1795 778 1805 814 :
1840 767 1969 814 sunt
1995 760 2144 816 enim

551 857 721 922 portae
747 847 1002 917 justitiae,
1031 846 1097 902 de
1132 847 1332 919 quibus
1387 855 1606 905 sanctus
1651 849 1919 921 Propheta
1951 849 2096 906 dixit
2127 867 2140 907 :

565 962 582 982 -
614 937 837 1009 Aperite
889 936 1031 991 mihi
1089 944 1275 1008 portas
1315 936 1564 1007 justitiaa,
1617 946 1669 994 et
1714 937 1924 1010 reliqua
1967 939 2140 1009 (Psal.

565 1044 740 1094 cxvn,
774 1025 884 1097 19).
919 1051 936 1073 ιι
991 1026 1145 1082 Tunc
1197 1034 1376 1080 autem
1424 1026 1665 1082 civitatis
1721 1035 1876 1099 porta
1930 1026 2146 1083 munita

553 1130 670 1172 esse
699 1115 916 1188 poterit,
951 1117 994 1169 si
1044 1114 1196 1186 prius
1228 1115 1285 1169 in
1312 1114 1470 1170 nobis
1521 1124 1689 1187 portae
1737 1114 1970 1186 justitize
2010 1131 2144 1170 mu-

550 1204 800 1261 niantur.
831 1203 1098 1261 Caterum
1137 1203 1280 1259 nihil
1310 1204 1530 1277 prodest
1560 1222 1748 1261 muros
1777 1205 1992 1260 munire
2022 1220 2142 1276 pro-

552 1311 662 1366 pug
710 1293 904 1360 aculis,
939 1301 991 1347 et
1039 1291 1223 1348 Deum'
1248 1309 1546 1364 provocare
1578 1293 1832 1366 peccatis.
1866 1295 1966 1348 Illa
1993 1293 2142 1349 enim

553 1381 914 1438 constituitur
944 1381 1107 1448 ferro,
1140 1381 1288 1437 saxis
1325 1391 1378 1438 et
1423 1382 1685 1450 sudibus;
1737 1383 1854 1438 haec
1899 1389 2145 1436 armatur

551 1469 950 1536 misericordia,
1014 1469 1351 1541 innocentia,
1401 1471 1694 1526 castitate:
1757 1470 1853 1525 illa
1904 1469 2140 1523 telorum

550 1557 910 1614 multitudine
939 1559 1268 1627 custoditur,
1314 1559 1430 1616 huic
1481 1560 1790 1615 orationum
1836 1558 2144 1630 frequentia

549 1647 884 1702 defenditur.
925 1648 995 1702 Et
1016 1647 1084 1702 ad
1113 1648 1326 1720 plenam
1358 1648 1651 1704 tuitionem
1702 1647 1928 1702 urbium
1957 1655 2142 1719 portas

550 1736 860 1808 principum
883 1737 1060 1791 solent
1079 1739 1231 1808 signa
1253 1738 1554 1809 praecedere
1579 1758 1590 1793 :
1625 1738 1933 1793 animarum
1955 1747 2139 1792 autem

550 1832 828 1896 portarum
861 1833 1073 1880 nostras
1102 1825 1319 1896 signum
1349 1826 1646 1882 Salvatoris
1676 1827 1958 1898 anticipet.

1576 449 1670 503 AD
1711 446 1943 504 OPERA
1982 447 2037 504 S.
2066 445 2399 506 AMBROSII
2439 447 2818 507 APPENDIX.

3740 448 3848 510 756

2810 596 3046 655 SERMO
3085 598 3278 656 LXIII.

2251 705 2330 760 De
2358 718 2516 760 servo
2544 701 2887 760 centurionis
2908 703 2991 830 1ἐπι
3021 703 3345 831 lilvangelio,
3376 703 3436 762 in
3491 702 3846 762 dedicatione

2955 791 3036 831 asi
3063 793 3181 832 icae.

2253 917 2352 973 Hic
2399 935 2567 993 sermo
2612 917 2670 973 in
2707 919 3027 976 dedicatione
3079 920 3300 977 ecclesiae
3331 921 3541 978 habitus
3593 921 3850 993 cognosci'

2325 997 2430 1058 tur,
2463 992 2551 1045 sed
2601 997 2795 1061 praeter
2839 993 3033 1063 stylum
3060 993 3125 1048 ab
3155 993 3506 1049 Ambrosiano
3563 992 3854 1048 abhorren-

2325 1068 2444 1128 tem,
2471 1069 2519 1116 et
2555 1063 2775 1118 Paulini
2816 1064 2877 1118 de
2922 1064 3019 1118 hac
3063 1064 3385 1120 dedicatione
3413 1065 3700 1132 silentium,
3733 1081 3853 1119 cum

2323 1150 2485 1207 neque
2533 1134 2610 1207 de;
2647 1134 2886 1207 reliquiis
2915 1133 3031 1190 illic
3075 1136 3298 1203 detectis,
3349 1153 3512 1207 neque
3567 1137 3629 1191 de
3654 1135 3852 1192 sanctis

2322 1204 2550 1273 ejusdem
2578 1205 2825 1260 Basilica:
2843 1208 3090 1331 patronis
3118 1204 3684 1278 quidquam—dicatur,
3716 1209 3853 1263 hanc

2322 1276 2756 1331 consecrationem
2806 1296 2838 1331 a
2916 1278 3195 1331 Ambrosio
3242 1279 3555 1331 celebratam
3608 1295 3718 1331 non
3745 1294 3853 1331 esse

2321 1276 2756 1331 consecrationem
2806 1276 2872 1333 ab
2916 1278 3195 1333 Ambrosio
3242 1276 3555 1335 celebratam
3608 1295 3718 1334 non
3745 1294 3854 1334 esse

2322 1348 2528 1431 abunde
2547 1355 2708 1419 patet.
2752 1349 2939 1404 Verum
2991 1365 3154 1431 neque
3177 1367 3212 1404 a
3245 1367 3364 1431 (1]ιοΔ
3395 1352 3649 1431 prpesule,
3687 1367 3855 1431 neque

2321 1436 2424 1489 quo
2463 1421 2592 1493 loco,
2643 1436 2806 1493 neque
2851 1435 2953 1493 quo
2986 1426 3212 1492 tempore
3257 1420 3413 1493 facta'
3448 1421 3641 1493 fuerit,
3687 1420 3853 1493 hujus

2321 1490 2577 1546 sermonis
2605 1491 2763 1546 series
2785 1491 2987 1562 prodit.
3030 1524 3033 1528 ~

2325 1652 2375 1708 1.
2401 1651 2657 1724 Legimus
2685 1651 2744 1709 in
2760 1659 2960 1710 sancto
3003 1654 3330 1726 Evangelio,
3360 1670 3487 1712 cum
3508 1654 3860 1712 centurionis

2250 1740 2539 1814 cujusdam
2571 1759 2784 1811 servus,
2825 1745 2925 1815 qui
2956 1751 3072 1800 erat
3103 1743 3189 1800 illi
3233 1743 3544 1817 pretiosior,
3577 1744 3733 1817 gravi
3762 1761 3856 1816 pa-

2249 1829 2447 1903 ralysis
2474 1831 2800 1902 aegritudine
2828 1832 3124 1893 laboraret.
3157 1840 3212 1888 et
3240 1849 3336 1905 per
3363 1833 3607 1890 seniores
3637 1833 3855 1891 Judan-

617 1922 671 1978 3.
713 1922 878 1994 Ergo,
900 1921 1114 1989 fratres,
1138 1932 1357 1994 propter
1377 1923 1626 1978 futurum
1656 1923 1848 1979 mundi
1865 1923 2139 1995 judicium
2173 1938 2219 1998 Β
2251 1937 2372 1976 rum
2413 1921 2508 1976 ille
2538 1922 2790 1978 centurio
2848 1931 3063 1994 rogaret
3092 1922 3428 1979 Salvatorem
3461 1931 3524 1979 ut
3552 1923 3670 1996 ejus
3694 1924 3854 1981 dolo-

545 2015 714 2072 armis
740 2033 840 2071 nos
869 2016 1184 2073 coelestibus
1223 2018 1555 2084 muniamus,
1589 2020 1938 2090 accingamur
1967 2020 2138 2076 lorica

546 2103 698 2172 fidei,
731 2105 921 2160 salutis
943 2107 1093 2177 galea
1122 2114 1492 2178 protegamur,
1521 2107 1690 2163 verbo
1720 2108 1817 2163 Dei
1849 2109 2001 2164 velut
2031 2108 2137 2180 spi-

546 2192 694 2247 ritali
726 2193 906 2263 gladio
932 2194 1308 2262 defendamur,
1333 2196 1427 2267 qui
1445 2195 1590 2250 enim
1618 2187 1708 2252 his
1723 2197 2136 2254 armisinstruc-

547 2289 635 2336 tus
678 2282 868 2347 fuerit,
906 2299 1006 2338 nec
1046 2291 1368 2353 praesentem
1417 2285 1882 2356 perturbationem
1918 2287 2134 2353 metuit,

547 2384 648 2426 nec
678 2370 926 2425 futurum
953 2369 1227 2442 judicium
1281 2371 1636 2443 pertimescit,
1688 2373 1969 2445 Siquidem
2018 2391 2137 2430 san-

546 2466 668 2514 ctus
716 2458 893 2513 David
922 2459 1024 2515 hac
1054 2459 1347 2515 devotione
1385 2469 1683 2532 protectus,
1716 2462 1930 2517 Goliam
1975 2462 2137 2518 illum

546 2548 910 2602 fortissimum
931 2555 1201 2604 armatum
1223 2551 1389 2605 etiam
1414 2551 1641 2606 inermis
1661 2550 1923 2607 occiderit
1939 2554 1997 2624 (I
2017 2551 2134 2622 Reg.

545 2653 686 2703 xvn,
701 2636 821 2706 50),
837 2645 891 2692 et
911 2636 1092 2692 virum
1112 2637 1435 2693 bellicosum
1464 2638 1869 2694 munitionibus
1895 2640 2140 2711 undique

545 2724 970 2796 circumseptum
1002 2726 1118 2782 sola
1149 2725 1274 2780 fidei
1314 2726 1520 2782 virtute
1567 2727 1944 2798 prostraverit.
2000 2725 2136 2784 Cum

547 2815 694 2871 enim
725 2823 945 2870 sanctus
975 2814 1152 2872 David
1183 2832 1294 2871 non
1325 2816 1631 2888 operiretur
1659 2817 1827 2887 galea,
1861 2832 1970 2872 non
2007 2834 2138 2890 prie-

559 2906 871 2975 cingeretur
901 2904 1103 2976 gladio,
1138 2922 1248 2961 non
1278 2907 1464 2963 lancea
1484 2914 1728 2962 uteretur
1753 2925 1765 2970 ;
1802 2907 2005 2963 occidit
2033 2923 2141 2962 au-

554 3003 664 3050 tem
721 2993 882 3047 illum
937 3010 1046 3048 non
1102 2995 1210 3048 telo
1263 2995 1460 3063 ferreo,
1492 2995 1586 3050 sed
1643 2996 1824 3066 gladio
1881 2997 2138 3067 spiritali.

556 3081 821 3148 Quamvis
861 3081 1010 3134 enim
1041 3082 1268 3137 inermis
1305 3083 1480 3138 oculis
1515 3082 1801 3139 hominum
1834 3085 2138 3154 videretur,

551 3171 682 3228 satis
711 3179 894 3226 tamen
929 3179 1046 3227 erat
1075 3173 1244 3244 gratia
1297 3172 1608 3229 divinitatis
1637 3183 1894 3230 armatus.
1931 3176 2137 3234 Verum

2245 2012 2400 2067 ribus
2427 2011 2735 2069 mederetur
2792 2012 2932 2084 (erat
2971 2012 3127 2081 enim,
3159 2021 3218 2068 ut
3260 2013 3337 2069 ait
3364 2013 3647 2085 Scriptura
3678 2013 3844 2086 (Luc.

2244 2117 2347 2168 v11,
2369 2101 2424 2171 2)
2473 2101 2818 2171 moriturus),
2866 2101 3013 2157 inter
3057 2110 3253 2159 caetera
3287 2101 3355 2158 ad
3395 2101 3656 2174 majorem
3701 2119 3854 2159 com-

2247 2189 2613 2245 mendationis
2669 2190 2895 2262 gratiam
2954 2191 3202 2247 seniores
3261 2190 3577 2246 Judaaorum
3639 2191 3856 2248 dixisse

2245 2278 2483 2334 Domino
2518 2297 2529 2334 :
2573 2303 2590 2325 ε
2619 2279 2856 2349 Dignum
2890 2286 2973 2334 est
3009 2287 3071 2335 ut
3098 2279 3204 2335 hoc
3259 2279 3341 2334 illi
3393 2287 3633 2352 praestes,
3663 2279 3856 2352 diligit

2247 2366 2392 2422 enim
2426 2375 2639 2439 gentem
2671 2377 2936 2435 nostram,
2963 2375 3016 2422 et
3044 2384 3376 2441 synagogam
3408 2368 3524 2440 ipse
3552 2367 3857 2425 aediﬁcavit

2247 2457 2407 2514 nobis
2440 2458 2604 2529 (Ibid.
2641 2457 2696 2526 4,
2725 2459 2806 2529 5).
2832 2483 2850 2507 ι
2884 2459 2940 2515 Si
2970 2475 3099 2532 ergo
3128 2459 3548 2516 commendatur
3577 2461 3849 2529 Domino,

2249 2547 2343 2620 qui
2389 2545 2686 2603 aedificavit
2719 2547 3083 2620 Synagogam,
3142 2558 3349 2621 quanto
3378 2559 3458 2606 est
3483 2550 3855 2606 commenda-

2250 2635 2377 2702 tior,
2409 2635 2505 2706 qui
2558 2635 2852 2692 adiﬁcavit
2896 2636 3203 2693 Ecclesiam
3239 2639 3250 2694 l
3300 2639 3372 2694 Et
3412 2637 3458 2694 si
3506 2637 3554 2694 is
3605 2646 3856 2695 meretur

2251 2723 2503 2796 gratiam,
2567 2724 2664 2796 qui
2737 2725 3036 2797 impietatis
3103 2727 3506 2799 receptaculum
3566 2727 3854 2799 praestitit,

2250 2823 2454 2886 quanto
2484 2813 2744 2885 majorem
2777 2823 3017 2870 meretur
3047 2815 3312 2886 gratiam,
3344 2814 3440 2889 qui
3473 2816 3726 2888 religioni
3755 2816 3861 2872 do-

2255 2902 2527 2959 micilium
2561 2903 2922 2975 praeparavit!
2956 2904 3027 2959 Et
3055 2903 3100 2959 si
3119 2903 3213 2959 ille
3243 2904 3449 2960 caelesti
3474 2904 3864 2961 misericordia

2252 2991 2530 3060 visitatur,
2552 2992 2645 3064 qui
2669 2992 2982 3047 construxit
3007 2993 3187 3049 locum
3204 3036 3218 3060 ,
3241 2992 3335 3049 ubi
3365 2993 3618 3052 Christus
3637 3010 3864 3066 semper

2251 3089 2477 3154 negatur
2509 3099 2522 3148 ;
2557 3089 2762 3153 quanto
2789 3081 2960 3152 magis
2989 3081 3299 3137 visitandus
3326 3091 3427 3152 est,
3467 3083 3561 3156 qui
3592 3083 3864 3140 fabricari

2250 3170 2380 3226 fecit
2409 3170 2821 3226 tabernaculum
2859 3169 2968 3241 (6),
2997 3168 3094 3224 ubi
3141 3169 3394 3226 Christus
3437 3170 3685 3242 quotidie
3716 3189 3861 3246 pra)-

548 3260 665 3333 ipse
694 3261 959 3333 spiritalis
1003 3261 1215 3334 gladius
1246 3278 1356 3316 non
1388 3262 1495 3317 fuit
1543 3263 1787 3334 gladius;
1839 3279 1949 3320 non
1989 3264 2139 3320 enim
2171 3294 2213 3354 Ο
2247 3256 2462 3312 dicatur
2499 3257 2510 3311 ἲ

549 3350 731 3423 gladio
761 3351 966 3415 Golias,
998 3351 1091 3406 sed
1115 3350 1292 3422 lapide
1320 3359 1622 3422 prostratus
1651 3353 1931 3409 occubuit.
1975 3353 2144 3426 Legi-

549 3457 672 3496 mus
696 3439 752 3495 in
781 3440 1076 3511 Scripturis
1133 3440 1331 3513 lapidis
1366 3441 1633 3497 vocabulo
1681 3441 1960 3499 Christum
1994 3443 2142 3515 ﬁgu—

549 3528 738 3583 raliter
782 3529 1077 3600 designari,
1127 3529 1270 3584 sicut
1326 3528 1403 3585 ait
1452 3529 1754 3602 propheta:
1829 3555 1847 3578 ι
1877 3530 2138 3602 Lapidem

549 3632 713 3690 quem
761 3619 1194 3688 reprobaverunt
1237 3619 1594 3688 aediﬁcantes,
1645 3621 1737 3678 hic
1766 3621 1944 3678 factus
1971 3632 2053 3679 est
2084 3623 2141 3678 in

551 3713 713 3775 caput
742 3705 928 3776 anguli
955 3708 1126 3776 (Psal.
1159 3724 1331 3774 cxvu,
1365 3707 1480 3777 22).
1516 3734 1533 3755 ι
1577 3709 1750 3780 Igitur
1792 3726 1915 3766 cum
1962 3710 2143 3781 lapide

553 3792 738 3848 Golias
793 3795 1116 3864 percutitur,
1163 3796 1369 3853 Christi
1423 3797 1629 3853 virtute
1661 3800 2042 3869 prosternitur.
2074 3801 2144 3856 Et

553 3880 612 3935 in
643 3897 748 3953 qua
778 3883 999 3939 tandem
1027 3886 1273 3956 corporis
1301 3894 1452 3957 parte
1482 3888 1786 3958 percutitur
1817 3888 1844 3943 ‘1
1871 3889 1932 3944 In
1964 3889 2143 3946 fronte

552 3970 799 4037 scilicet;
827 3973 1053 4042 gentilis
1079 3974 1227 4028 enim
1258 3983 1312 4030 et
1339 3977 1637 4047 sacrilegus
1676 3981 1823 4038 476
1867 3976 2033 4033 homo
2064 3977 2144 4033 ibi

553 4069 858 4138 percutitur
905 4087 935 4125 a
965 4070 1204 4137 Christo,
1249 4071 1345 4127 ubi
1389 4073 1574 4127 deerat
1624 4073 1911 4130 Christus:
1962 4083 2016 4130 et
2064 4073 2142 4130 ibi

552 4161 790 4218 infertur
841 4164 889 4219 ei
930 4167 1126 4221 mortis
1153 4166 1408 4233 exitium,
1442 4167 1534 4222 ubi
1567 4169 1782 4237 signum
1815 4168 2006 4222 salutis
2032 4183 2142 4224 non

553 4249 856 4308 invenitur.
898 4254 1161 4320 Quamvis
1191 4254 1338 4309 enim
1383 4262 1524 4309 esset
1553 4254 1738 4310 Golias
1767 4255 2012 4327 undique
2043 4273 2142 4311 ar-

552 4356 767 4396 morum
796 4340 1135 4413 protectione
1165 4341 1434 4408 munitus,
1492 4343 1646 4397 frons
1672 4350 1856 4397 tamen
1887 4343 2004 4414 ejus
2039 4361 2144 4416 pa-

551 4428 699 4485 tebat
728 4429 795 4486 ad
826 4437 1058 4486 mortem
1090 4448 1103 4497 ;
1138 4430 1266 4502 quia
1303 4430 1646 4500 signaculum
1698 4431 1997 4489 Salvatoris
2028 4440 2140 4490 nOn

551 4524 811 4597 gestabat.
845 4526 1024 4598 Atque
1055 4525 1178 4581 ideo
1203 4525 1282 4581 ibi
1315 4525 1625 4597 perimitur,
1657 4524 1754 4582 ubi
1783 4525 1964 4582 nudus
1984 4542 2015 4581 a
2039 4527 2142 4584 Dei

549 4613 724 4683 gratia
747 4615 1035 4686 reperitur.

619 4710 677 4765 4.
718 4713 845 4767 Haec
881 4720 1063 4768 autem
1093 4711 1155 4768 in
1201 4713 1375 4785 ﬁgura
1415 4712 1561 4768 facta
1589 4730 1704 4770 esse
1734 4729 1895 4770 nemo
1936 4723 2017 4772 est
2045 4715 2138 4788 qui

549 4799 777 4856 nesciat.
816 4801 952 4856 Nam
997 4811 1051 4857 et
1092 4801 1270 4858 David
1317 4819 1595 4858 armorum
1634 4801 1979 4860 indumentis
2023 4821 2138 4861 sese

548 4889 674 4944 ante
702 4891 1062 4961 prmcinxerat
1097 4892 1155 4963 (Ι
1201 4893 1325 4963 Reg.
1360 4909 1499 4959 xvn,
1533 4893 1626 4962 39)
1665 4911 1676 4948 :
1726 4891 1818 4947 sed
1843 4909 1968 4948 cum
2001 4901 2138 4948 esset

549 4977 607 5031 in
628 4977 697 5032 iis
728 4979 906 5050 gravis
936 4988 989 5035 et
1017 4980 1334 5052 impeditus,
1371 4981 1446 5036 ita
1469 4989 1530 5036 ut
1563 4980 1842 5036 ambulare
1872 4981 1968 5036 vix
2002 4999 2137 5053 pos-

546 5073 649 5131 set,
677 5067 862 5122 eadem
892 5067 1010 5123 sine
1039 5071 1386 5125 cunctatione
1435 5069 1684 5141 projecit,
1714 5069 2029 5142 signiﬁcans
2053 5087 2133 5126 ar-

546 5169 634 5207 ma
658 5153 755 5208 illa
784 5153 950 5226 hujus
996 5157 1190 5212 mundi
1227 5175 1365 5214 vana
1393 5167 1446 5214 et
1475 5157 1761 5214 luxuriosa
1795 5175 1909 5216 esse
1949 5176 2132 5232 opera,

544 5241 601 5295 in
651 5241 852 5314 quibus
898 5244 989 5315 qui
1039 5261 1154 5300 sese
1188 5247 1515 5317 permiscere
1555 5247 1814 5314 voluerit,
1872 5256 2131 5320 tanquam

544 5331 724 5401 gravis
758 5341 811 5387 et
839 5333 1121 5404 gradiendi
1157 5335 1224 5390 ad
1271 5337 1467 5391 coelum
1500 5352 1723 5392 cursum
1754 5335 1988 5392 liberum
2020 5354 2131 5394 non

543 5418 783 5475 habebit.
817 5421 993 5478 Simul
1024 5432 1075 5478 et
1106 5423 1242 5478 illud
1274 5441 1375 5480 nos
1398 5424 1605 5492 docuit,
1639 5425 1785 5497 quod
1813 5441 1925 5480 non
1955 5425 2013 5482 in
2035 5443 2132 5482 ar—

542 5510 645 5564 mis
670 5519 882 5567 tantum
915 5512 1180 5587 speranda
1211 5513 1445 5570 victoria
1489 5522 1589 5583 est,
1646 5514 1742 5570 sed
1796 5515 1854 5571 in
1905 5515 2130 5573 nomine

541 5596 839 5656 Salvatoris
865 5600 1090 5657 oranda.

611 5766 690 5834 (6)
722 5767 823 5822 Ms.
852 5767 1047 5839 Lugd,
1078 5769 1170 5839 qui
1191 5767 1466 5839 fabrefecit
1495 5770 1909 5828 tabernaculum.

2321 3362 2374 3420 2.
2409 3365 2471 3419 In
2497 3363 2817 3420 centurione
2862 3364 3009 3419 enim
3042 3365 3311 3422 Dominus
3341 3383 3451 3422 non
3482 3368 3614 3440 quid
3664 3371 3861 3442 operis

2249 3452 2458 3521 fecerit,
2489 3452 2584 3508 sed
2615 3468 2721 3524 qua
2768 3461 2946 3509 mente
2975 3462 3230 3526 operatus
3290 3455 3382 3525 sit,
3441 3457 3856 3530 comprobavit.

2247 3543 2384 3598 Nam
2418 3541 2512 3615 qui
2540 3541 2597 3598 id
2625 3543 2890 3615 temporis
2920 3560 3029 3616 quo
3059 3544 3308 3601 nondum
3331 3545 3633 3603 Christiani
3665 3555 3856 3616 erant,

2251 3633 2487 3690 sollicite
2557 3649 2890 3705 synagogam
2967 3634 3099 3692 fecit
3160 3654 3171 3692 :
3239 3635 3287 3693 si
3364 3636 3599 3692 fuissent
3654 3637 3860 3710 utique

2251 3719 2572 3787 Christiani,
2625 3720 2956 3792 intelligitur
3008 3721 3155 3794 quod
3205 3725 3383 3779 multo
3431 3723 3725 3780 sollicitius
3776 3725 3858 3780 fe-

2251 3808 2412 3866 cisset
2443 3808 2748 3866 ecclesiam.
2798 3809 2904 3865 Sed
2947 3818 3132 3866 tamen
3173 3811 3302 3868 licet
3339 3829 3672 3885 synagogam
3716 3813 3854 3870 mdi-

2251 3894 2397 3962 ﬁcet,
2451 3896 2734 3952 Christum
2798 3897 3116 3968 praedicat;
3177 3899 3236 3953 in
3295 3899 3415 3970 ipso
3477 3900 3624 3955 enim
3683 3916 3857 3971 opere

2251 3991 2566 4039 commonet
2617 3983 2916 4054 pharisaaos
2957 3984 3154 4040 debere
3186 3986 3312 4042 illos
3357 3987 3633 4058 suscipere
3663 3988 3855 4044 Salva-

2250 4079 2462 4127 torem:
2515 4078 2570 4127 et
2614 4072 2956 4129 demonstrat
2999 4075 3286 4146 prOptérea
3338 4092 3394 4131 se
3427 4076 3857 4134 tabernaculum

2201 4161 2220 4184 '
2250 4158 2486 4229 amplius
2513 4159 2814 4228 addidisse,
2843 4169 2904 4216 ut
2935 4163 3323 4234 multipliciter
3370 4149 3447 4218 ibi
3479 4164 3703 4220 Domini
3740 4167 3856 4238 glo-

2249 4247 2387 4304 riam
2444 4249 2816 4321 loquerentur.
2887 4250 2944 4305 Si
3001 4251 3151 4306 enim
3211 4251 3389 4308 credit
3443 4253 3500 4308 in
3557 4253 3853 4311 Christum

2250 4337 2505 4392 conditor
2531 4338 2848 4408 Synagogaa,
2885 4338 3065 4393 multo
3093 4339 3265 4411 magis
3307 4341 3530 4398 credere
3558 4340 3724 4398 debet
3753 4343 3853 4400 ha-

2250 4424 2453 4482 bitator
2482 4426 2655 4498 ipsius
2683 4425 3001 4499 Synagogaa.

2321 4529 2373 4585 3.
2407 4529 2668 4587 Centurio
2707 4548 2834 4604 ergo
2865 4532 2909 4588 si
2944 4531 3279 4603 justiﬁcatus
3321 4542 3404 4591 est
3457 4545 3677 4609 propter
3705 4554 3852 4610 opus

2171 4642 2220 4700 D
2253 4618 2443 4688 fragile
2469 4621 2558 4675 vel
2584 4627 2882 4689 terrenum,
2929 4619 3319 4692 justiﬁcandus
3348 4624 3508 4695 plane
3537 4624 3627 4680 vir
3653 4626 3849 4683 claris-

2251 4707 2422 4763 simus
2467 4714 2522 4763 et
2562 4708 3086 4779 providentissimus
3138 4727 3321 4766 comes
3370 4719 3576 4779 noster,
3620 4723 3852 4786 propter

2252 4813 2392 4868 opus
2411 4804 2522 4850 tam
2545 4804 2866 4868 perpetuum
2898 4798 2983 4852 vel
3033 4799 3250 4854 caeleste
3283 4818 3294 4855 :
3331 4801 3426 4873 qui
3456 4817 3642 4857 comes
3697 4803 3852 4860 sicut

2249 4892 2328 4938 est
2379 4883 2699 4939 centurione
2753 4883 3023 4956 dignitate
3053 4886 3252 4955 potior,
3307 4885 3383 4942 ita
3424 4896 3479 4943 et
3536 4887 3643 4945 ﬁde
3671 4887 3848 4946 debet

2247 4988 2362 5028 esse
2386 4972 2658 5028 devotior.
2706 4971 2932 5044 Sapiens
2983 4973 3072 5028 vir
3101 4981 3155 5029 et
3185 4975 3476 5046 religiosus
3505 4992 3710 5045 comes,
3743 4979 3844 5051 qui

2247 5071 2513 5136 quantum
2545 5062 2602 5118 in
2647 5062 2795 5119 bello
2844 5063 3164 5135 imperatori
3193 5063 3419 5133 militat,
3451 5072 3666 5122 tantum
3696 5075 3754 5123 et
3787 5068 3846 5123 in

2244 5168 2374 5224 pace
2403 5152 2607 5208 militat
2639 5151 2908 5208 Salvatori
2945 5170 2956 5206 :
2991 5160 3045 5207 et
3083 5160 3349 5224 quantum
3382 5153 3608 5211 festinat
3632 5155 3700 5211 de
3731 5155 3847 5212 ho—

2244 5242 2410 5298 stium
2441 5241 2696 5297 manibus
2745 5240 2993 5313 captivos
3023 5257 3232 5308 eruere,
3279 5249 3435 5298 tanto
3473 5243 3647 5316 magis
3675 5245 3847 5301 festi-

2243 5345 2338 5391 nat
2383 5351 2414 5390 a
2461 5333 2665 5390 diaboli
2716 5349 2774 5388 se
2834 5332 3117 5404 sacrilegio
3169 5332 3420 5390 liberare.
3466 5335 3548 5392 Ibi
3583 5337 3845 5394 inimicos

2241 5425 2445 5481 terreni
2478 5424 2617 5496 regis
2645 5421 2929 5489 interﬁcit,
2971 5421 3065 5477 hic
3094 5422 3438 5481 adversarios
3476 5425 3700 5482 Domini
3732 5444 3842 5484 cce-

2242 5515 2393 5571 lestis
2421 5514 2732 5585 insequitur
2763 5528 2774 5566 :
2805 5511 2880 5566 ibi
2909 5510 3168 5567 barbaros
3189 5513 3384 5582 vincit,
3409 5513 3500 5570 hic
3529 5513 3838 5572 daamones.

2237 5603 2482 5676 Sapiens,
2515 5602 2762 5674 inquam,
2809 5599 2908 5672 qui
2942 5598 3085 5656 sicut
3115 5617 3297 5657 comes
3349 5601 3696 5675 imperatoris
3726 5612 3835 5675 est,
