3970 6364
201 424 319 482 757

1100 424 1469 484 SERMONES
1506 423 1681 482 TRES
1718 425 1819 482 EX
1857 424 2114 486 CODICE
2151 425 2598 485 SESSORIANO.

3400 422 3507 484 758

200 546 288 604 ita
317 555 374 605 et
401 565 582 606 comes
611 548 819 608 Christi
849 565 966 608 esse
996 549 1289 606 desiderat.
1321 549 1458 606 Nam
1497 548 1635 606 bene
1683 550 1806 606 uti-
1837 561 1887 621 Α
1915 551 2091 625 pergit
2136 550 2204 608 ad
2247 551 2473 610 domum
2519 545 2809 609 Domitius.
2839 551 2960 609 Non
2999 551 3176 625 pergit
3211 551 3505 624 Dominus,

200 651 321 709 que
360 643 416 693 et
443 635 696 709 religiose
721 637 948 711 agendo,
981 638 1303 711 dignitatem
1333 655 1488 694 suam
1519 640 1672 710 cupit
1694 655 1809 695 esse

198 732 557 798 perpetuam,
577 727 878 784 secundum
912 727 1057 801 quod
1088 727 1352 798 scriptum
1383 735 1463 783 est
1493 726 1551 782 in
1579 727 1807 800 prophe-

199 820 264 869 ta
292 831 312 871 :
362 841 379 864 ι
413 803 486 873 Et
513 834 632 887 vos,
682 835 716 874 ο
756 818 884 875 boni
933 835 1106 891 reges,
1136 818 1308 875 bonas
1336 819 1499 876 facite
1529 819 1648 876 vias
1677 836 1809 877 ves-

198 912 326 963 tras
353 915 410 964 et
437 907 620 964 studia
648 917 847 978 vestra,
881 917 936 966 et
977 909 1162 966 audite
1210 925 1396 966 vocem
1449 910 1675 967 Domini
1707 913 1807 969 Dei

198 997 423 1067 vestri;
456 1008 509 1056 et
538 1000 828 1072 pmnitebit
865 1001 1164 1058 Dominum
1195 1001 1350 1070 mali,
1394 1001 1540 1075 quod
1591 1004 1809 1061 locutus

198 1094 295 1143 est
319 1088 585 1147 adversus
611 1107 712 1147 vos
743 1090 957 1163 (Ιενετη.
995 1107 1154 1159 xxvr,
1187 1090 1298 1163 l3).
1332 1115 1351 1140 ι

282 1177 340 1235 4.
374 1179 518 1253 Ergo
548 1196 674 1237 cum
718 1180 974 1237 centurio
1016 1188 1231 1255 rogaret
1273 1180 1592 1247 Dominum,
1634 1188 1695 1237 ut
1739 1181 1808 1239 de

198 1277 391 1326 morte
419 1278 634 1327 erueret
659 1281 1036 1344 agrotantem,
1053 1279 1107 1328 et
1126 1272 1292 1328 vellet
1320 1271 1590 1328 Dominus
1616 1271 1684 1328 ad
1713 1272 1808 1330 do-

197 1376 367 1418 mum
397 1363 739 1421 centurionis
766 1381 1008 1440 pergere,
1041 1365 1100 1422 in
1135 1382 1241 1439 qua
1282 1364 1534 1422 servulus
1573 1365 1809 1423 decum-

198 1447 395 1520 bebat,
444 1452 522 1508 ait
577 1454 829 1511 centurio
864 1473 876 1511 :
913 1461 1060 1518 4'77
1130 1478 1148 1500 ι
1205 1454 1457 1523 Domine,
1518 1471 1630 1511 non
1683 1471 1806 1512 sum

199 1547 414 1622 dignus
441 1558 503 1607 ut
529 1551 704 1607 intres
729 1551 833 1608 sub
862 1559 1067 1608 tectum
1096 1567 1278 1607 meum
1313 1552 1523 1623 (Matth.
1554 1551 1792 1622 vm,v).»

197 1641 457 1700 Excusat
485 1642 654 1716 igitur
683 1644 956 1712 centurio,
987 1651 1040 1712 et
1078 1659 1146 1699 ne
1181 1642 1283 1699 sub
1315 1650 1518 1699 tectum
1548 1645 1668 1715 ejus
1708 1644 1807 1700 in-

199 1733 561 1806 grediebatur
575 1733 866 1801 Dominus,
890 1732 1181 1806 indignum
1199 1748 1254 1789 se
1275 1731 1431 1788 dicit.
1445 1733 1586 1789 Ecce
1606 1733 1806 1806 dignus

197 1831 294 1879 est
331 1839 513 1880 comes
547 1830 752 1891 noster,
797 1821 899 1880 sub
927 1821 1086 1894 cujus
1117 1829 1323 1878 tectum
1364 1821 1528 1878 hodie
1557 1821 1806 1879 Salvator

197 1908 538 1983 ingreditur.

280 2011 337 2068 5.
378 2011 678 2068 Videamus
733 2011 851 2085 ipsa
906 2011 1246 2068 centurionis
1292 2010 1576 2068 excusatio
1639 2025 1803 2084 quam

197 2099 408 2158 habeat
436 2103 665 2174 gratiam
690 2121 704 2170 ;
753 2103 832 2158 ait
860 2103 1006 2160 enim
1042 2121 1053 2158 :
1107 2128 1123 2150 ι
1153 2102 1406 2171 Domine,
1439 2119 1549 2158 non
1577 2121 1696 2159 sum
1724 2102 1803 2160 di-

200 2205 352 2263 gnus
379 2198 441 2248 ut
468 2190 640 2248 intres
666 2191 769 2248 sub
797 2197 1000 2248 tectum
1034 2207 1216 2247 meum
1251 2209 1263 2246 :
1316 2190 1411 2247 sed
1461 2190 1552 2248 dic
1589 2199 1802 2248 tantum

201 2281 401 2348 verbo,
454 2289 509 2338 et
553 2280 839 2338 sanabitur
884 2297 1020 2352 puer
1066 2295 1221 2336 meus
1272 2279 1484 2351 (Ibid.).
1517 2305 1536 2328 ι
1593 2281 1638 2337 Ο
1666 2281 1804 2336 ﬁdes

201 2369 545 2439 Christiana,
593 2387 715 2444 quas
761 2387 887 2427 cum
934 2369 1249 2427 humilitate
1293 2377 1469 2426 totum
1513 2370 1806 2444 impetrare

200 2459 520 2516 consuesti!
569 2458 711 2516 Ecce
739 2457 1026 2531 religiosus
1055 2459 1306 2516 centurio
1333 2458 1401 2514 ad
1430 2459 1802 2530 accipiendam

202 2551 444 2608 salutem
479 2548 698 2624 dignior
725 2549 808 2618 ﬁt,
840 2549 972 2606 dum
1002 2565 1060 2607 se
1088 2549 1375 2622 proﬁtetur
1399 2549 1690 2623 indignum
1715 2567 1725 2605 :
1752 2558 1805 2606 et

201 2639 342 2695 dum
373 2638 516 2696 aedes
544 2656 670 2695 suas
703 2638 999 2711 injuriosas
1027 2647 1204 2713 putat,
1252 2639 1422 2711 magis
1460 2655 1550 2694 eas
1579 2637 1802 2694 honori-

198 2727 340 2785 ﬁcas
367 2728 498 2785 fecit
524 2736 578 2784 et
603 2736 799 2801 gratas.
833 2729 1040 2800 Magnae
1087 2727 1235 2783 enim
1285 2734 1339 2782 et
1385 2727 1635 2798 perfectae
1674 2726 1802 2782 ﬁdei

193 2819 294 2876 vir
313 2819 420 2890 (7),
447 2817 542 2891 qui
564 2815 1194 2890 intelligeretChristum
1217 2815 1518 2873 Dominum
1537 2817 1801 2873 coalorum

193 2923 339 2975 esse,
370 2906 503 2963 dum
551 2906 839 2963 verebatur
886 2923 954 2962 ne
995 2905 1224 2977 hospitii
1272 2904 1358 2962 sui
1402 2920 1528 2961 eum
1575 2913 1804 2977 angusta

195 3014 315 3055 non
344 2997 672 3071 acciperent.
703 2997 854 3070 Ergo
877 2993 1288 3055 contradicente
1316 2993 1657 3062 centurione,
1689 3008 1801 3049 non

1835 1917 1879 1978 Β

1917 641 2011 697 sed
2044 640 2220 713 pergit
2266 641 2488 697 Domini
2532 639 2851 698 medicina:
2898 657 3009 697 non
3065 640 3256 698 visitat
3298 657 3503 716 aegrum

1916 729 2187 798 Salvator,
2219 729 2312 786 sed
2343 729 2532 786 visitat
2561 731 2765 788 sanitas
2790 730 3110 789 Salvatoris.

1987 846 2040 902 6.
2072 847 2151 902 De
2179 845 2440 903 fratribus
2469 863 2600 904 vero
2625 847 2830 904 nostris
2858 847 3064 905 sanctis
3090 847 3228 906 viris
3258 848 3506 909 Vitalino

1916 941 1971 990 et
2007 934 2221 992 Maiano
2251 936 2386 1008 quid
2414 936 2594 992 dicam
2621 937 2650 992 7
2695 936 2819 993 Scio
2866 937 2992 993 illos
3039 937 3266 1010 gloriam
3309 938 3378 996 ab
3409 937 3505 996 ho-

1918 1023 2163 1080 minibus
2205 1041 2316 1081 non
2367 1042 2628 1099 quaerere,
2659 1031 2807 1090 478
2835 1025 2943 1082 nisi
2989 1041 3021 1081 a
3072 1027 3190 1082 solo
3220 1027 3333 1084 Deo
3366 1044 3378 1083 :
3409 1027 3505 1084 sed

1917 1128 2097 1176 tamen
2137 1122 2356 1180 laudem
2387 1139 2576 1179 eorum
2607 1125 2709 1180 etsi
2755 1141 2854 1197 ego
2901 1133 3127 1196 taceam,
3178 1126 3296 1200 ipsa
3342 1143 3508 1200 opera

1917 1209 2256 1282 loquuntur;
2288 1213 2355 1270 ad
2379 1213 2623 1286 ipsorum
2645 1216 2791 1271 enim
2822 1215 3038 1272 laudem
3069 1216 3322 1288 pertinet,
3347 1215 3504 1291 quid-

1916 1299 2051 1371 quid
2084 1299 2141 1356 in
2170 1301 2294 1358 aliis
2332 1304 2496 1376 paulo
2541 1312 2667 1359 ante
2711 1303 3074 1360 laudavimus.
3106 1306 3240 1362 Nam
3271 1303 3379 1362 hoc
3408 1313 3506 1363 ta-

1916 1387 2273 1447 bernaculum
2319 1394 2419 1448 etsi
2468 1393 2693 1466 plurimi
2741 1402 3190 1461 construxerunt,
3223 1393 3282 1450 bi
3319 1404 3502 1453 tamen

1915 1487 2138 1551 sumptu
2168 1481 2376 1552 operati
2403 1489 2534 1537 sunt
2560 1499 2671 1538 uno
2700 1499 2944 1540 assensu.
2989 1484 3062 1541 Et
3115 1500 3223 1557 quo
3278 1485 3501 1542 tandem

1914 1575 2156 1639 sumptu,
2189 1585 2315 1625 cum
2345 1568 2457 1625 sint
2486 1570 2544 1625 in
2598 1572 2800 1626 saiculo
2853 1570 3155 1629 mediocres
3183 1581 3238 1630 et
3263 1581 3454 1631 tenues
3473 1573 3504 1631 τ

1914 1657 2017 1712 Illo
2044 1656 2276 1726 scilicet,
2319 1657 2387 1714 de
2426 1673 2534 1730 quo
2584 1658 2662 1714 ait
2712 1661 3051 1731 Apostolus:
3099 1685 3118 1709 ε
3147 1662 3506 1720 Ahundantia

1913 1745 2064 1814 ﬁdei,
2094 1753 2147 1802 et
2183 1746 2397 1802 divitiis
2452 1747 2824 1819 simplicitatis
2879 1751 2969 1820 (II
3008 1752 3134 1806 Cor.
3184 1768 3306 1819 VIII,
3357 1752 3438 1822 2).
3470 1776 3490 1800 ι

1914 1835 2012 1891 Est
2041 1835 2187 1890 enim
2220 1835 2422 1893 sanctis
2453 1834 2590 1892 viris
2618 1852 2830 1909 semper
2857 1837 3012 1893 dives
3046 1838 3162 1910 ipsa
3188 1845 3499 1910 paupertas.

1915 1923 2068 1981 Unde
2107 1923 2271 1980 credo
2314 1923 2416 1982 hos
2443 1924 2630 1982 beatos
2661 1925 2804 1982 hanc
2833 1926 3119 1983 ecclesiam
3167 1943 3278 1984 non
3318 1928 3504 1985 minus

1913 2013 2254 2070 orationibus
2285 2030 2450 2088 quam
2497 2014 2791 2086 impendiis
2835 2015 3165 2082 fabricasse;
3223 2015 3304 2074 sic
3354 2015 3502 2075 enim

1912 2102 2198 2174 oportebat
2225 2109 2287 2158 ut
2333 2118 2471 2174 opus
2522 2102 2728 2160 Christi
2773 2103 3026 2176 precibus
3073 2103 3245 2176 magis
3284 2120 3503 2163 cresce-

1913 2197 1995 2246 ret
2023 2207 2186 2264 quam
2215 2191 2513 2248 cernentis.
2547 2191 2740 2247 Totam
2782 2192 2930 2248 enim
2960 2192 3321 2250 substantiam
3359 2203 3414 2251 et
3443 2194 3502 2251 in

1913 2279 2081 2351 hujus
2125 2279 2392 2336 facturam
2438 2279 2618 2351 operis
2661 2281 3060 2353 expenderunt,
3091 2291 3145 2339 et
3179 2282 3310 2356 ipsis
3354 2289 3504 2343 certe

1915 2367 2058 2423 nihil
2099 2368 2270 2424 deest.
2316 2369 2438 2440 Ipsa
2488 2369 2649 2441 plane
2686 2377 2786 2438 est,
2847 2370 2991 2427 sicut
3029 2369 3296 2440 diximus,
3347 2371 3505 2430 dives

1916 2457 2269 2530 locuplesque
2297 2465 2604 2529 paupertas,
2636 2475 2756 2532 quae
2778 2458 3042 2532 expendit
3069 2459 3278 2530 omnia,
3299 2467 3354 2516 et
3381 2477 3501 2534 pos-

1912 2547 2053 2603 sidet
2095 2545 2298 2602 omnia.
2358 2545 2461 2604 Sed
2515 2547 2633 2605 haec
2675 2564 2707 2603 a
2736 2550 2850 2605 Deo
2899 2548 3182 2607 benedicta
3217 2557 3320 2619 est,
3361 2549 3504 2607 sicut

1912 2635 2010 2690 illa
2039 2635 2226 2705 vidua,
2273 2635 2341 2692 de
2375 2653 2482 2709 qua
2531 2636 2670 2694 dicit
2726 2638 2995 2696 Dominus
3050 2639 3110 2696 in
3157 2638 3497 2712 Evangelio:

1911 2723 2111 2780 Mulier
2139 2724 2256 2783 haec
2283 2725 2452 2783 vidua
2477 2743 2681 2801 pauper
2710 2729 2832 2801 plus
2863 2745 3028 2802 quam
3075 2745 3266 2787 omnes
3305 2729 3459 2786 misit
3484 2747 3500 2798 ;

1912 2830 2039 2870 nam
2082 2831 2272 2872 omnes
2317 2816 2375 2873 hi
2403 2833 2473 2873 ex
2501 2817 2804 2876 abundanti
2833 2819 2939 2877 sibi
2965 2819 3236 2878 miserunt
3275 2819 3335 2878 in
3385 2835 3504 2877 mu-

1911 2921 2038 2962 nera
2067 2907 2188 2976 Dei,
2217 2906 2336 2964 hac
2375 2917 2559 2966 autem
2602 2918 2781 2967 totum
2834 2910 3046 2970 victum
3098 2927 3284 2980 suum,
3339 2925 3502 2984 quem

1909 2993 2126 3063 habuit,
2158 2996 2326 3052 misit.

279 3150 362 3223 (7)
395 3150 603 3210 Cretera
633 3167 806 3226 usque
835 3150 903 3208 ad
931 3149 1099 3207 ﬁnem
1128 3147 1296 3223 hujus
1323 3146 1594 3206 sermonis
1623 3146 1682 3203 in
1712 3145 1837 3204 cod.
1871 3147 2045 3222 Lugd.
2080 3147 2300 3208 desunt.

674 3532 2165 3714 SERMONES
2330 3527 3031 3704 TRES

1161 3810 1235 3868 IN
1270 3807 1764 3879 ANTIQUISSIMO
1802 3806 2061 3868 CODICE
2099 3803 2528 3866 SESSORIANO

1021 3996 1657 4148 SANGTI
1798 3990 2680 4146 AMBROSII

1725 4286 1974 4338 NOMINE

803 4468 1298 4537 INSCRIPTI
1378 4469 1495 4536 ET
1574 4467 1704 4535 EX
1786 4465 2120 4534 EODEM
2203 4461 2550 4533 CODICE
2625 4459 2888 4528 EDITI

1086 4805 1287 4869 (Romae
1313 4819 1375 4856 ex
1409 4805 1611 4856 omcina
1646 4803 1852 4855 libraria
1897 4803 2158 4855 Bonarum
2187 4802 2414 4865 Artium,
2442 4803 2602 4866 1833.)

193 5160 736 5224 Eminentissimo
784 5164 850 5221 et
899 5155 1456 5221 Reverendissimo
1498 5155 1793 5237 Principi
1820 5153 2316 5220 Iacobo-Aloisio
2353 5149 2656 5232 Brignole
2687 5150 3006 5219 Ianuemi
3028 5156 3104 5220 in
3131 5139 3409 5237 amplis‘

276 5275 466 5321 mum
495 5266 774 5338 patrum
805 5255 1262 5319 cardinalium
1289 5254 1634 5336 collegium
1674 5275 1717 5318 a
1745 5253 2042 5334 Gregorio
2072 5252 2221 5318 XVI.
2260 5253 2448 5317 Pont.
2479 5249 2660 5317 Μαω.
2691 5254 3009 5319 bonorum
3031 5256 3336 5317 omnium
3365 5251 3483 5316 ad-

269 5353 652 5435 probatione
709 5354 980 5427 adlecta,
1027 5351 1098 5415 D.
1149 5352 1433 5416 Leander
1475 5353 1558 5415 De
1602 5351 2298 5417 Corrieris-Schelmius
2333 5349 2706 5415 Hetmsws.
2750 5349 2822 5416 Β.
2862 5350 2930 5417 (ι’.
2973 5349 3044 5412 D.
3078 5347 3157 5413 Ν.
3189 5349 3260 5411 Α.
3297 5348 3368 5424 0.
3401 5345 3480 5410 E.

273 5470 354 5514 er
386 5454 618 5516 animo
639 5452 932 5536 plaudit,
974 5470 1057 5518 ac
1082 5451 1332 5534 publice
1354 5450 1756 5533 gratulatur.

283 5615 606 5681 Proximis
651 5616 755 5679 his
792 5616 1154 5696 mensibus,
1187 5616 1492 5696 Princeps
1522 5615 2072 5694 Eminentissime,
2102 5633 2306 5696 quum
2337 5634 2375 5678 a
2407 5617 2714 5697 Gregorio
2741 5617 2902 5680 XVI
2933 5614 3247 5680 Pontiﬂce
3274 5614 3483 5677 Maxi-

195 5733 304 5781 mo
334 5717 404 5778 in
442 5716 706 5778 Patrum
736 5717 1249 5796 Purpuratorum
1277 5713 1638 5794 Collegium
1666 5721 2054 5796 c00ptarere,
2103 5715 2174 5776 in
2205 5713 2320 5778 illa
2345 5715 2566 5793 Urbis,
2601 5732 2674 5778 ac
2703 5714 3028 5778 Hetruria:
3063 5730 3223 5778 meae
3262 5717 3490 5794 gratu-
