3970 6366
496 397 597 494 7δρ
1512 433 1608 488 AD
1647 431 1881 488 OPERA
1918 431 1974 488 s.
2009 430 2344 492 AMBROSII
2382 434 2761 493 APPENDIX.
3693 442 3809 501 reo

494 563 734 626 latione
768 560 862 644 (*),
898 565 1218 639 Optassem
1249 565 1417 622 certe
1463 559 1729 640 aliquod
1753 561 1900 623 Tibi
1947 561 2210 639 signum
2239 561 2575 624 ostendere
2597 561 2980 624 exsultantis
3005 561 3210 624 animi
3231 581 3363 643 prae
3383 562 3633 641 laetitia,
3661 565 3809 627 nisi

496 662 832 740 dignitatis
877 659 1254 737 magnitudo
1280 659 1659 738 obstitisset,
1691 668 1751 721 et
1787 659 2055 721 facultas
2089 657 2398 721 defuisset
2425 657 2744 722 voluntati
2773 677 2952 723 mea.
2981 659 3163 740 Quod
3189 662 3366 723 enim
3395 680 3600 726 unum
3633 670 3808 728 tunc

496 767 630 823 erat
674 759 863 837 mihi,
905 777 1056 820 sane
1089 776 1382 838 parvum,
1427 758 1494 819 id
1530 759 1794 819 vixdum
1834 758 2235 833 inchoatum,
2287 775 2496 836 neque
2547 756 2757 819 adhuc
2804 759 2984 821 omni
3037 759 3358 822 industria
3399 759 3803 841 perpolitum

496 859 858 937 refugiebat
902 857 1306 936 splendorem
1358 877 1684 938 purpurae,
1719 867 1781 920 et
1816 861 2013 920 ferme
2040 855 2418 937 postulabat,
2453 874 2534 918 ne
2568 874 2635 917 se
2683 857 2754 917 in
2786 856 2991 920 oculis
3028 865 3215 938 atque
3264 867 3608 939 conspectu
3651 860 3803 924 Tuo

499 976 796 1038 cogerem
844 956 1105 1036 pudere.
1155 958 1350 1018 Nunc
1405 974 1578 1022 vero,
1639 974 1840 1036 quum
1903 958 2116 1037 ipsum
2179 955 2338 1017 illud
2394 974 2581 1035 opere
2637 964 2830 1039 atque
2900 976 3098 1020 manu
3158 959 3533 1038 perfectum,
3590 978 3628 1022 a
3684 977 3802 1023 me

501 1058 957 1141 quoquomodo
988 1059 1094 1134 sit,
1137 1057 1215 1117 ad
1255 1057 1552 1118 eumdem
1584 1057 1672 1118 Te
1709 1061 1890 1135 quasi
1912 1060 2060 1137 jure
2088 1059 2372 1136 mancipi
2403 1058 2586 1128 redit,
2623 1058 2728 1120 cui
2762 1057 3003 1137 pridem
3041 1059 3292 1122 domini
3327 1062 3429 1122 sui
3459 1059 3802 1124 voluntate

498 1161 782 1222 dicatum
823 1158 1265 1234 donatumque
1317 1163 1434 1217 est.
1478 1155 1632 1216 Sine
1663 1155 1863 1230 igitur
1907 1173 2021 1236 pro
2061 1156 2357 1220 comitate
2390 1156 2500 1217 illa
2529 1158 2665 1218 Tua
2696 1174 2827 1219 non
2867 1165 2994 1219 tam
3041 1157 3272 1237 specie,
3321 1175 3514 1237 quam
3548 1177 3617 1221 re
3649 1159 3804 1239 ipsa

499 1260 751 1333 cognita
780 1265 968 1334 atque
1003 1260 1351 1332 perspecta,
1386 1254 1524 1314 sine
1556 1253 1634 1314 ad
1661 1255 1826 1316 Tuas
1856 1272 2089 1315 manus
2117 1259 2337 1317 venire
2363 1257 2669 1334 exiguum
2697 1255 2890 1318 hocce
2922 1255 3256 1318 literarum
3295 1257 3796 1336 munusculum,

495 1357 666 1436 quod
695 1352 832 1414 dari
874 1352 1019 1413 Tibi
1060 1370 1098 1412 a
1151 1370 1294 1412 mea
1333 1354 1643 1414 tenuitate
1671 1361 1893 1432 potest,
1922 1372 1959 1414 a
1990 1356 2075 1415 Te
2103 1363 2316 1415 autem
2347 1355 2553 1434 accipi
2586 1354 2886 1432 Principe
2925 1353 3410 1418 humanissimo
3437 1362 3500 1418 et
3537 1358 3800 1436 sapien-

497 1455 749 1524 tissimo
779 1451 986 1512 debet.
1041 1450 1130 1511 Hi
1184 1457 1336 1510 sunt
1380 1456 1504 1511 tres
1551 1449 1896 1512 Sermones
1945 1449 2008 1511 S.
2048 1451 2396 1529 Ambrosii,
2429 1461 2491 1514 et
2533 1453 2794 1531 quidem
2846 1451 3044 1528 illius,
3081 1461 3152 1515 ut
3180 1453 3481 1526 arbitror,
3512 1456 3628 1534 qui
3660 1456 3793 1518 fuit

497 1551 1005 1615 Mediolanensis
1031 1550 1405 1628 Episc0pus,
1439 1549 1648 1612 Patris
1677 1548 2219 1628 eloquentissimi,
2252 1566 2462 1628 nuper
2492 1567 2529 1611 a
2559 1569 2661 1612 me
2687 1552 2757 1612 in
2785 1550 3188 1614 Sessorianis
3228 1551 3464 1632 pluteis
3499 1553 3793 1630 inventi;

499 1652 635 1730 qui,
665 1650 764 1711 vel
807 1649 990 1710 nulla
1027 1665 1171 1708 mea
1200 1664 1412 1725 opera,
1449 1646 1574 1724 ipsi
1621 1665 1734 1726 per
1783 1666 1850 1709 se
1889 1647 2038 1709 addi
2076 1649 2232 1711 Tuas
2282 1647 2702 1712 Bibliothecae
2760 1647 3023 1726 vellent,
3077 1650 3373 1712 omnium
3419 1659 3799 1714 sanctorum

496 1750 764 1810 Patrum
818 1747 1144 1826 Sapientia
1193 1747 1464 1810 referta.
1525 1749 1690 1809 Mihi
1740 1765 1895 1812 vero
1941 1756 2413 1828 perOpportuna
2443 1749 2631 1812 offert
2657 1766 2726 1810 se
2775 1748 3024 1811 occasio
3055 1747 3339 1828 alicujus
3372 1749 3522 1810 Tibi
3566 1748 3798 1826 gratim

493 1843 874 1921 referendae,
905 1846 960 1907 si
990 1844 1112 1908 hoc
1135 1847 1401 1908 nomine
1432 1846 1813 1925 appellanda
1846 1854 1942 1909 est
1973 1846 2286 1909 exhibitio
2317 1847 2680 1910 devotionis
2708 1864 2857 1924 erga
2889 1847 2978 1907 Te
3007 1864 3170 1908 mea;
3204 1863 3317 1925 pro
3348 1845 3797 1924 singularibus

495 1944 569 2006 in
605 1963 710 2007 me
739 1945 992 2007 meritis
1031 1946 1207 2020 Tuis,
1258 1964 1404 2025 quae
1437 1946 1700 2025 rependi
1737 1963 1924 2025 aequo
1953 1946 2143 2008 modo
2174 1962 2462 2025 unquam
2501 1963 2682 2025 posse
2713 1944 3034 2022 proﬁteor.
3073 1943 3265 2018 Quod
3311 1942 3634 2023 reliquum
3663 1952 3790 2022 est,

497 2045 584 2108 Te
619 2062 856 2125 quaeso,
894 2051 964 2106 ut
995 2044 1048 2106 si
1081 2043 1218 2106 haec
1251 2045 1580 2106 Ambrosii
1620 2048 1857 2124 scripta
1900 2042 2208 2122 aliquam,
2261 2045 2427 2121 quod
2460 2045 2732 2105 minime
2762 2042 3008 2117 dubito,
3041 2060 3080 2104 a
3115 2041 3204 2103 Te
3234 2042 3514 2120 gratiam
3537 2045 3790 2119 ineant,

497 2163 571 2208 ea
599 2147 737 2224 ipsa
769 2150 936 2221 utar,
966 2149 1041 2206 ut
1083 2142 1245 2206 mihi
1275 2143 1467 2204 fidem
1501 2149 1564 2204 et
1593 2142 2120 2205 benevolentiam
2149 2142 2358 2203 Tuam
2390 2144 2702 2220 maiorem
2726 2141 3104 2220 adjungam.

577 2246 822 2308 Dabam
850 2244 1076 2307 Romae
1103 2261 1175 2305 ex
1210 2241 1455 2305 aedibus
1485 2240 1874 2303 Sessorianae
1905 2238 2329 2303 Bibliotheca:
2362 2241 2534 2304 vuiI.
2567 2238 2715 2304 Kal.
2745 2239 2958 2302 Julias
2987 2239 3546 2306 u.m.ccc.xxme.

573 2485 642 2558 (‘)
684 2484 816 2541 Ems
844 2481 1163 2561 vir,_quum
1195 2480 1506 2561 apostolicae
1526 2479 1827 2561 legationis
1855 2479 2001 2552 apud
2030 2479 2286 2561 Magnum
2317 2479 2604 2561 Hetruriae
2620 2480 2838 2561 Ducem
2887 2478 3228 2561 Lsoronpun
3261 2483 3310 2540 II
3328 2498 3528 2561 _nupe_r
3554 2499 3797 2561 munere

500 2551 840 2631 fungeretur,
871 2551 940 2612 eo
964 2551 1264 2631 honoreac
1303 2552 1570 2631 dignitate
1601 2551 1958 2631 praefulgens,
1992 2551 2164 2631 magis
2203 2553 2410 2631 virtute
2441 2559 2665 2631 et_recte
2695 2551 2876 2631 factis,
2904 2554 3295 2631 augustissimo
3323 2551 3589 2631 Principi,
3617 2564 3794 2631 atque

499 2623 757 2686 omnibus
786 2628 985 2683 charus
1011 2625 1136 2682 fuit.
1169 2627 1311 2682 Hinc
1339 2623 1684 2698 a'GnEconlo
1720 2625 1870 2698 ὶςνι.
1906 2623 2243 2698 Pont._Max.
2279 2629 2465 2696 (quem
2499 2626 2659 2698 Deus
2678 2623 2776 2678 diu
2805 2623 3082 2695 sospitet),
3114 2625 3272 2698 cujus
3301 2628 3484 2682 statim
3514 2623 3708 2685 amore
3728 2637 3795 2686 et

499 2700 908 2758 existimatione
935 2700 1139 2773 clarere
1168 2698 1356 2770 coepit,
1386 2707 1440 2773 et
1463 2695 1699 2773 maxime
1738 2695 1914 2764 ﬂoret,
1954 2697 2009 2750 in
2033 2696 2134 2773 illa
2150 2694 2335 2773 rerum
2361 2694 3206 2773 perturbatione.actemporuni
3224 2699 3540 2773 acerbitate,
3572 2716 3694 2773 qua)
3723 2699 3792 2757 in

500 2773 621 2844 ipso
639 2773 723 2828 sui
747 2771 1098 2843 pontiﬁcatus
1113 2765 1363 2848 iugi-essu
1384 2769 1583 2848 iterum
1609 2768 1915 2840 iterumque
1946 2768 2246 2848 recruduit,
2272 2765 2506 2848 quatuor
2540 2765 2842 2848 provinciis
2863 2765 3454 2848 Bononiamferrarize,
3487 2765 3798 2848 Ravennae,

500 2839 555 2900 e't
587 2839 813 2899 Forilivi
847 2851 1003 2899 extra
1033 2839 1280 2921 ordinem
1309 2841 1630 2921 praepositus
1659 2846 1738 2919 est
1755 2857 1774 2918 .;
1813 2839 1875 2894 ac
1897 2839 2100 2921 exinde
2141 2839 2310 2921 veluti
2342 2847 2600 2919 contento
2629 2839 3369 2921 adumetam_cursu_Pub|ic~i
3402 2843 3615 2921 Aerarii
3647 2844 3798 2921 Prae-

501 2916 676 2971 fectus
713 2915 914 2982 dictus,
943 2929 1087 2968 anno
1133 2909 1444 2985 insequenti
1486 2911 1568 2985 ad
1587 2910 1863 2985 fastigium
1897 2910 2122 2985 honoris
2158 2918 2399 2985 evectus,
2441 2910 2539 2985 vix
2569 2910 2903 2985 septilustris
2932 2909 3077 2985 inter
3114 2913 3302 2985 Patres
3332 2912 3651 2970 Cardinales
3679 2915 3800 2970 ad—

504 2985 740 3058 scriptus
780 2993 879 3041 est.
914 2985 1026 3040 Hac
1055 3001 1184 3039 vero
1214 2982 1303 3058 die
1341 3000 1443 3058 vni
1481 2982 1878 3058 l_.__l_ral_.__.|u_lias
1903 2982 2240 3058 IdemPont.
2273 2983 2418 3058 _M_ax_.
2453 2982 2610 3058 illum
2641 2982 2826 3038 Titulo
2865 2983 2921 3037 S.
2957 2982 3184 3058 Joannis
3200 2991 3348 3058 ante
3377 2992 3589 3058 portam
3621 2985 3797 3058 Lati-

501 3052 634 3136 nani
661 3058 916 3136 donavit,
941 3064 1101 3136 atque
1132 3056 1311 3136 sacris
1335 3054 1603 3136 ‘Consili'i‘s
1634 3052 1812 3133 libris
1845 3052 2121 3136 notandis,
2160 3054 2443 3136 Legitimis
2481 3054 2699 3112 Ritibus
2744 3055 3157 3124 cognoscendis,
3200 3052 3794 3129 Veris'lndulgentiis

498 3129 774 3202 sacrisque
800 3123 1069 3200 Reliquiis
1099 3125 1424 3194 statuendis,
1452 3132 1506 3180 et
1542 3124 1830 3197 Episcopis
1857 3123 2153 3197 probandis
2181 3123 2435 3182 adscivit.

1317 3636 1438 3720 D.
1529 3632 2123 3720 LEANDRI
2206 3629 2960 3718 PR/EFATIO.

569 4057 612 4112 Ι.
638 4054 816 4112 Sancti
841 4052 1110 4109 Ambrosii
1133 4053 1332 4126 scripta
1361 4071 1561 4112 summo
1588 4055 1647 4110 in
1671 4053 1865 4110 honore
1891 4051 2071 4132 habita
2105 4055 2148 4117 Ο
2183 4053 2428 4111 alienum
2459 4052 2752 4111 redderent
2776 4055 2874 4128 (ὁ).
2899 4052 3076 4122 Quare
3096 4065 3208 4108 non
3233 4049 3527 4106 defuerunt
3545 4049 3785 4107 Romani

499 4151 643 4215 sunt,
669 4161 828 4215 eaque
854 4145 910 4199 in
937 4144 1122 4200 multis
1142 4146 1269 4200 olim
1298 4146 1485 4200 vitiata
1509 4164 1543 4201 a
1562 4145 2086 4220 Maurinisprwpur-
2195 4143 2502 4217 pontifices,
2534 4145 2627 4217 qui
2658 4161 2783 4201 cum
2811 4152 2924 4200 tam
2953 4141 3154 4198 veteris
3178 4148 3397 4213 tamque
3425 4139 3561 4196 bene
3593 4141 3787 4206 meriti

498 4242 622 4308 gata
658 4233 827 4304 fuere.
863 4264 934 4274 —
971 4232 1156 4288 Sancti
1189 4233 1490 4301 Ambrosii,
1524 4232 1618 4306 qui
1662 4235 1862 4290 saeculo
1891 4245 2086 4309 quarto

499 4323 862 4396 episcopalem
896 4321 1187 4378 Mediolani
1217 4321 1618 4377 nobilissimam
1662 4322 1844 4379 sedem
1884 4326 2082 4397 tenuit,

501 4411 728 4486 plurimi
785 4426 999 4484 semper
1034 4410 1236 4483 scripta
1293 4409 1484 4467 fecisse
1548 4413 1754 4482 Patres,
1797 4415 2087 4486 pontiﬁces

497 4503 790 4570 maximos,
819 4499 1053 4557 concilia
1081 4499 1439 4568 mcumenica,
1486 4508 1538 4557 et
1567 4502 1829 4574 ipsosmet
1858 4503 2084 4563 hetero-

497 4592 672 4648 doxos
699 4607 860 4647 nemo
890 4589 1139 4646 eruditus
1169 4590 1385 4662 ignorat
1409 4591 1512 4662 (α).
1531 4592 1789 4648 Attamen
1810 4611 1961 4666 eque
1988 4611 2082 4650 no-

497 4689 627 4738 runt
654 4697 862 4750 omnes,
881 4680 1024 4736 inter
1043 4695 1206 4750 opera
1225 4678 1453 4752 hujusce
1480 4681 1810 4739 sanctissimi
1836 4685 2082 4755 praesulis

493 4769 811 4843 apocrypha
839 4771 1014 4826 multa
1046 4768 1215 4825 fuisse
1245 4771 1416 4825 relata
1439 4770 1736 4843 multisque
1764 4773 1899 4829 adeo
1928 4773 2082 4830 vitiis

494 4861 712 4929 referta,
744 4869 805 4917 ut
835 4859 1097 4934 quiddam
1127 4859 1292 4918 etiam
1309 4876 1342 4916 a
1361 4859 1635 4919 catholico
1663 4876 1828 4918 sensu
1859 4879 2080 4935 prorsus

566 5041 648 5112 (α)
690 5040 917 5112 Videris,
953 5042 1151 5098 selecta
1206 5050 1453 5100 veterum
1495 5042 1828 5110 testimonia,
1870 5059 1990 5112 quae
2020 5043 2079 5101 in

491 5112 672 5189 primo
712 5111 996 5189 volumine
1041 5113 1405 5189 S._A_mbrosii
1436 5131 1586 5186 oper.
1628 5115 1729 5172 sub
1759 5111 2078 5189 prafatione

491 5181 521 5239 ἐι
550 5181 816 5239 Maurinis
844 5183 1075 5238 collecta
1103 5183 1395 5240 habentur.

562 5256 640 5329 (b)
676 5253 850 5329 Porro
880 5253 1012 5308 olim
1042 5256 1095 5311 S.
1129 5255 1420 5329 Ambrosio
1441 5258 1510 5314 ad
1538 5259 1796 5315 Paulinas
1821 5259 2075 5329 epistolas

491 5325 876 5399 tribuebantur
901 5327 1315 5399 commentaria,
1339 5344 1574 5399 quorum
1607 5348 1734 5387 sane
1766 5325 1956 5387 auctor
1979 5332 2074 5387 ali-

2195 4233 2262 4290 de
2288 4232 2536 4289 Ecclesia
2570 4233 2748 4290 Patris
2777 4233 2980 4305 scripta
3005 4232 3070 4288 ad
3102 4246 3246 4287 sanae
3277 4228 3540 4287 doctrinae
3562 4231 3782 4291 laudem

2195 4331 2456 4394 cuperent
2485 4321 2840 4392 efﬂorescere,
2872 4322 3009 4378 viris
3039 4319 3216 4376 doctis
3230 4319 3582 4376 vehementer
3597 4332 3785 4382 essent

2195 4422 2460 4481 auctores,
2497 4422 2558 4471 ut
2594 4414 2808 4474 collatis
2835 4415 3004 4484 curis,
3032 4413 3100 4469 ad
3127 4429 3327 4470 novam
3356 4413 3656 4472 editionem
3685 4433 3781 4474 ex-

2193 4502 2496 4559 cudendam
2514 4504 2735 4575 optimae
2762 4513 2905 4561 nota:
2933 4503 3149 4561 codices
3169 4503 3358 4560 sedulo
3379 4505 3782 4578 perquirerent,

2193 4591 2464 4665 simulque
2485 4594 2832 4660 conferrent;
2866 4610 2934 4650 ex
2960 4593 3163 4666 quibus
3181 4600 3234 4649 et
3261 4593 3528 4666 genuinos
3558 4607 3784 4668 possent

2190 4681 2586 4738 Ambrosianos
2614 4683 2759 4739 fetus
2787 4683 3033 4754 seligere,
3067 4682 3232 4739 falsos
3260 4699 3532 4756 respuere,
3573 4692 3626 4741 et
3663 4701 3780 4743 cer-

2193 4778 2274 4826 tas
2303 4769 2544 4842 ejusdem
2585 4773 2837 4845 praesulis
2875 4773 3173 4828 sententias
3201 4771 3415 4829 elicere.
3449 4773 3589 4831 Hinc
3624 4790 3781 4830 man-

2190 4859 2330 4916 datis
2359 4877 2699 4918 summorum
2716 4861 3041 4935 pontiﬁcum
3072 4861 3156 4918 Pii
3187 4862 3284 4933 IV,
3303 4872 3356 4920 et
3381 4863 3464 4920 Pii
3486 4865 3557 4936 V,
3578 4864 3780 4938 Grego-

2190 5049 2368 5117 tendit,
2392 5067 2561 5125 uxore
2580 5053 3138 5125 propteradulterium
3155 5053 3462 5125 repudiata,
3491 5053 3658 5110 aliam
3679 5054 3777 5111 du-

2186 5138 2297 5197 cere
2327 5139 2340 5197 _:
2372 5122 2534 5197 rixari
2565 5130 2738 5197 autem
2765 5124 2831 5180 ab
2852 5125 3094 5180 adultero
3132 5122 3345 5197 conjuge
3372 5132 3630 5197 separata:
3659 5143 3778 5183 cum

2185 5193 2296 5268 alio
2317 5193 2452 5268 inire
2481 5194 2784 5268 conjugium
2811 5197 2961 5251 licere
2986 5203 3138 5268 negat
3168 5193 3335 5268 (Hinc
3349 5193 3558 5265 (Iahon,
3582 5198 3777 5254 Uxora

2185 5264 2302 5319 viro
2345 5265 2609 5340 l7_,_caus.
2644 5267 2732 5336 32,
2767 5275 2957 5339 quaest.
3002 5264 3066 5336 7,’
3085 5268 3152 5340 de
3171 5264 3279 5340 quo
3305 5264 3775 5340 Romanicorrec-

2185 5343 2330 5391 tores
2357 5336 2578 5393 videndi
2611 5336 2796 5406 sunt).'
2826 5340 2926 5395 Sed
2958 5355 3048 5394 nec
3096 5336 3200 5396 illa
3247 5340 3403 5396 etiam
3451 5339 3580 5395 satis
3639 5358 3773 5398 sana

489 5398 620 5485 quid
642 5415 705 5452 cu
718 5395 1877 5485 mnsarna‘doctrinabaud'conspnumhabet.
1904 5404 2071 5485 Certe,
2101 5427 2148 5485 D
2184 5413 2323 5485 sunt,
2356 5409 2495 5477 quod
2519 5407 2716 5485 factam.
2743 5395 2814 5465 ad
2843 5411 3122 5485 imaginem
3148 5395 3275 5485 lDei
3303 5412 3572 5485 mulierem
3611 5395 3715 5485 esse

487 5468 1093 5545 scribuntBenedictini
1117 5469 1356 5545 editores
1373 5471 1429 5527 in
1451 5471 1716 5529 admonit.
1743 5490 1908 5545 praev.
1925 5468 2070 5544 t.IV,

487 5538 544 5593 in
572 5541 802 5611 append.
823 5541 939 5618 _col.
973 5542 1062 5618 3t),
1091 5540 1298 5610 defendi
1325 5559 1431 5618 non
1461 5551 1622 5618 potest
1651 5538 1832 5600 eoritm
1865 5546 1945 5616 (id
1967 5538 2067 5618 est,

484 5611 1372 5687 commentariorum)anctor,quin
1387 5611 1502 5670 cum
1525 5615 1746 5687 Origene
1768 5611 2068 5687 senserit,in

482 5683 746 5762 coluntate
769 5683 1061 5762 dcentonum
1089 5703 1192 5742 esse
1218 5685 1284 5762 αζ)
1313 5704 1494 5762 errore
1523 5683 1751 5762 resilire.
1779 5683 2066 5762 Explora-

485 5757 593 5808 tum
620 5769 822 5824 quoque
845 5756 992 5810 ulcus
1020 5765 1111 5827 est,
1133 5757 1273 5830 quod
1292 5759 1486 5816 marito
1514 5759 1601 5830 fas
1631 5777 1790 5831 usque
1817 5756 1922 5818 esse
1949 5779 2064 5817 con-

2183 5479 2444 5562 episcopos
2500 5482 2824 5562 superiorem
2867 5479 3201 5562 presbyteris.
3241 5484 3464 5562 gradum
3521 5483 3772 5562 obtinere,

2176 5556 2270 5626 aut
2306 5550 2513 5626 diuersa
2548 5550 2752 5626 institui
2785 5550 3148 5626 ordinatione,
3179 5550 3489 5626 inﬁciatur;
3533 5561 3581 5610 et
3616 5550 3774 5626 quae;

2176 5620 2299 5748 datin
2315 5622 2713 5751 qllzia‘cogiiziuni
2739 5624 3118 5681 catholicorum
3133 5620 3321 5683 sensui
3349 5620 3524 5684 minus
3539 5620 3770 5698 congrua

2176 5709 2236 5747 su
2275 5711 2328 5748 in
2452 5712 2515 5750 ra
2556 5713 2573 5749 ι
2603 5739 2614 5751 .

2175 5709 2392 5749 sucinae
2432 5709 2614 5752 tradit.
