3970 6394
229 446 331 505 761

1115 446 1485 509 SERMONES
1523 450 1702 510 TRES
1739 451 1842 509 EX
1879 450 2141 512 CODICE
2181 452 2629 513 SESSOBIANO.

3421 456 3525 516 762

227 573 301 631 rii
325 575 474 644 XIII,
507 591 570 633 ac
584 575 770 634 studio
787 584 842 634 et
871 576 1055 634 labore
1070 577 1213 634 Sixti
1234 577 1305 646 V,
1327 579 1572 634 Romana
1590 578 1821 634 Ambro-
1855 585 1904 644 Α
1935 576 2040 646 bis,
2073 578 2297 650 accipio,
2327 588 2382 635 et
2411 581 2619 652 arripio
2644 599 2657 648 ;
2681 597 2778 637 con
2803 597 2936 639 vero
2963 592 3148 642 servat
3174 599 3208 638 n
3236 590 3363 640 ante
3383 584 3420 652 l,
3445 598 3522 651 in,

228 665 298 722 sii
329 680 558 739 operum
588 666 762 723 editio
789 675 1109 724 caeterarum
1137 667 1388 724 omnium
1416 667 1823 724 absolutissima

225 755 438 828 prodiit
470 755 528 812 in
551 757 728 812 lucem
753 757 858 828 (a).
877 757 1083 814 Verum
1113 773 1236 814 cum
1253 765 1308 813 et
1329 757 1495 813 inilla
1520 773 1630 813 non
1654 773 1823 829 pauca

225 845 624 917 reperirentur,
657 861 800 918 qua,
855 854 917 902 ut
948 847 1006 902 in
1036 845 1280 918 ejusdem
1312 847 1348 902 S
1396 846 1638 904 doctoris
1660 863 1822 919 opera

223 936 442 1008 praefati
483 944 612 993 sunt
655 937 891 992 Maurini
926 937 1026 1006 (b),
1062 954 1174 992 non
1224 937 1388 993 modo
1416 937 1485 992 ab
1522 937 1817 1006 haereticis,

224 1041 421 1082 verum
453 1026 615 1082 etiam
648 1027 715 1082 ab
740 1018 1066 1084 orthodoxis
1079 1026 1224 1084 haud
1255 1027 1373 1084 sine
1403 1044 1564 1084 causa
1593 1028 1822 1084 minime

225 1115 634 1188 probarentur;
667 1125 863 1189 prmsto
894 1117 1001 1173 fuit
1025 1117 1142 1189 ipsa
1193 1117 1565 1173 Maurinorum
1605 1133 1819 1185 manus,

224 1205 323 1278 qui
355 1205 662 1273 Herculeis,
696 1215 755 1262 ut
779 1207 853 1262 ita
874 1207 1076 1275 dicam,
1112 1207 1282 1262 ferme
1311 1206 1819 1264 exantlatislabori-

222 1295 399 1352 busiu
422 1296 691 1352 rimandis
703 1297 1080 1364 bibliothecis,
1105 1304 1158 1352 et
1175 1296 1460 1353 codicibus
1476 1297 1822 1354 conferendis

223 1386 466 1459 episcopi
501 1385 926 1442 Mediolanensis
981 1385 1183 1458 scripta
1227 1387 1377 1442 omni
1410 1403 1566 1442 naevo
1599 1394 1822 1459 purgata

222 1484 446 1532 suomet
467 1475 828 1532 restituerunt
849 1476 1070 1545 honori,
1092 1492 1290 1533 novam
1315 1477 1690 1550 prvulgando
1709 1477 1820 1534 edi-

220 1566 459 1634 tionem,
489 1583 611 1640 quae
641 1567 949 1639 superiores
976 1581 1166 1622 omnes
1199 1566 1397 1638 judicii
1429 1566 1746 1624 maturitate
1768 1574 1822 1622 et

222 1657 589 1714 multitudine
620 1657 950 1715 eruditionis
993 1657 1152 1714 facile
1180 1659 1459 1729 superavit
1493 1659 1589 1730 (ο).

295 1748 365 1805 II.
422 1748 798 1805 Maurinorum
852 1748 1010 1803 editio
1069 1748 1236 1803 tribus
1265 1749 1472 1804 ditatur
1499 1749 1821 1804 sermonibus

217 1852 250 1893 e
277 1837 449 1893 codice
479 1837 784 1894 Sessoriano
812 1838 858 1892 di
871 1837 1152 1910 promptis.
1183 1868 1254 1878 —
1280 1838 1397 1894 1am
1445 1854 1574 1894 vero
1621 1839 1821 1911 quibus

1926 684 1986 738 p,
2014 683 2075 728 r;
2094 675 2256 739 atque
2275 667 2331 722 in
2358 684 2643 742 nunquam
2670 670 2906 727 dimittit
2924 679 3102 728 naute
3126 673 3176 741 b,
3211 689 3282 740 m,
3309 689 3366 744 ρ,
3399 689 3445 740 s,
3474 671 3521 731 si

1931 756 2119 826 impleo
2141 755 2368 812 verbum
2387 759 2686 832 exceperis.
2707 760 2986 819 Vocabula
3006 769 3186 818 autem
3209 761 3520 835 aput,aliut,

1931 845 2510 915 illut,istut,jubat,etc.
2524 865 2775 921 .quorum
2795 850 2958 908 lectio
2975 853 3295 925 plerumque
3314 868 3346 907 a
3360 867 3523 909 sensu

1932 934 2148 990 aurium
2171 935 2462 992 scribentis
2476 936 2682 994 dictata
2698 940 2862 996 verba
2881 941 3214 1013 excipientis
3229 941 3521 1014 pendebat,

1932 1023 2045 1079 fere
2073 1040 2287 1096 semper
2316 1026 2544 1083 recitato
2573 1029 2738 1084 modo
2766 1029 2822 1084 in
2835 1031 3021 1087 codice
3041 1023 3244 1104 scripta
3264 1031 3519 1103 reperies,

1930 1112 1988 1168 in
2019 1130 2128 1187 quo
2177 1115 2318 1170 bona
2358 1125 2615 1189 rectaque
2649 1119 2923 1190 scriptura
2976 1119 3272 1186 habentur,
3315 1122 3520 1190 cretum,

1929 1203 2712 1276 condicio,intellego,querelta,
2737 1209 2937 1276 uincla,
2954 1219 3117 1282 atque
3136 1210 3245 1266 alia
3261 1209 3520 1282 plurima,

1931 1307 2050 1363 quae
2073 1291 2130 1347 in
2148 1293 2283 1348 meis
2303 1295 2531 1351 scholiis
2547 1297 2996 1369 palaeographicis
3024 1299 3201 1354 textui
3230 1298 3522 1356 substratis

1931 1377 2077 1434 haud
2111 1379 2462 1440 inobservata
2515 1385 2736 1457 reliqui.
2765 1387 2929 1442 Nulla
2954 1395 3212 1459 prasterea
3241 1385 3299 1442 in
3332 1385 3521 1442 codice

1931 1483 2099 1538 pausa
2153 1478 2255 1538 est,
2309 1472 2466 1528 nulla
2511 1473 2894 1532 admirationis
2951 1476 3037 1533 vel
3073 1473 3522 1546 interrogationis

1932 1555 2109 1627 signa,
2141 1559 2296 1614 nulla
2342 1559 2638 1616 verborum
2669 1562 2954 1620 distinctio
2982 1571 3240 1637 apparet;
3274 1563 3368 1622 sed
3397 1579 3522 1620 raro

1931 1653 2134 1717 puncta
2163 1653 2217 1702 et
2235 1648 2422 1704 eadem
2453 1665 2668 1722 semper
2697 1651 2896 1718 media,
2926 1670 2989 1710 ac
3019 1653 3096 1709 ita
3124 1663 3327 1712 temere
3356 1668 3518 1725 appo-

1929 1732 2053 1801 sita,
2088 1741 2149 1790 ut
2177 1736 2348 1807 magis
2377 1753 2570 1795 sensus
2589 1749 2820 1812 augeant
2837 1740 3272 1813 ambiguitatem.
3302 1742 3521 1800 Littera

1931 1821 1990 1879 in
2019 1822 2129 1879 fine
2159 1839 2416 1883 versuum
2447 1829 2746 1901 aliquando
2777 1830 3088 1896 minuntur,
3117 1830 3204 1885 vel
3243 1831 3300 1886 in
3332 1847 3520 1888 mono-

215 1927 446 1984 laudata
475 1926 647 1983 editio
677 1926 861 1999 augeri
911 1926 1103 1998 possit,
1137 1943 1280 1996 ecce,
1314 1935 1375 1984 ut
1404 1944 1503 2000 ego
1558 1928 1818 1995 arbitror,
1850 1944 1894 2003 Β
1929 1929 2173 2003 gramma
2200 1925 2418 1974 coeunt.
2479 1917 2759 1974 Librarius
2788 1918 3011 1975 nonnisi
3076 1918 3294 1991 parcius
3321 1919 3522 1977 litteris

213 2021 335 2070 tres
363 2015 501 2070 mihi
529 2029 809 2070 sermones
834 2014 1028 2070 inediti
1053 2014 1111 2070 in
1147 2014 1476 2072 Sessorianis
1504 2031 1680 2087 nuper
1698 2017 1816 2088 plu-

213 2105 331 2163 teis
351 2105 676 2180 deprehensi
699 2113 990 2179 sunt,quos
1008 2106 1210 2162 eruditi
1228 2107 1335 2162 viri
1352 2109 1467 2164 sive
1484 2107 1652 2163 fontis
1671 2108 1818 2164 unde

215 2201 450 2250 manant
478 2202 806 2252 vetustatem
846 2203 1114 2268 spectent,
1145 2195 1262 2251 sive
1288 2195 1618 2253 documenta
1641 2197 1818 2253 utilis-

219 2284 382 2352 sima,
405 2300 524 2356 quae
546 2283 675 2340 inde
691 2283 760 2340 ad
784 2283 1163 2340 informandos
1182 2283 1619 2340 Christianorum
1640 2301 1818 2343 mores

217 2374 528 2432 redundare
556 2383 767 2432 certum
799 2380 902 2440 est,
959 2373 1236 2446 paulisper
1264 2372 1592 2447 respiciant,
1622 2375 1818 2448 dignos

217 2464 383 2538 plane
413 2470 730 2536 agnoscent,
766 2461 1005 2530 conﬁdo,
1032 2477 1171 2535 quos
1197 2463 1396 2536 cupide
1424 2479 1616 2520 omnes
1644 2481 1706 2521 ac
1726 2465 1815 2521 be-

219 2555 421 2611 nevole
451 2553 750 2627 excipiant.

293 2650 386 2705 lll.
426 2648 942 2721 Sessoriani_codicis
960 2654 1206 2716 vetustas,
1235 2654 1281 2704 et
1304 2648 1725 2721 palaeographia.
1747 2679 1818 2690 —

222 2739 372 2795 Fons
390 2737 609 2812 quidem
630 2718 825 2792 hor'um
847 2753 1160 2793 sermonum
1179 2737 1625 2810 praclarissimus
1644 2738 1817 2794 codex

223 2826 323 2883 ille
343 2827 761 2884 Nonantulanus
785 2834 885 2893 est,
919 2827 1108 2882 forma:
1134 2828 1244 2882 fere
1265 2827 1562 2899 quadratas,
1585 2835 1638 2883 et
1665 2827 1818 2882 sotti-

223 2918 455 2974 lissimis
502 2916 836 2973 membranis
883 2924 1216 2989 compactus,
1267 2916 1361 2990 qui
1383 2917 1658 2989 quondam
1704 2933 1820 2972 nu-

219 3008 394 3065 meris
443 3008 624 3076 60,90,
677 3015 771 3063 aut
821 3007 921 3063 134
950 3007 1328 3080 praesignatus,
1377 3006 1541 3062 modo
1583 3007 1642 3062 in
1672 3023 1818 3063 novo

219 3098 471 3169 catalogo
497 3113 529 3152 a
567 3112 654 3152 me
701 3096 951 3153 confecto
993 3095 1508 3169 quinquagesimum
1563 3095 1817 3169 quintum

223 3187 459 3245 sortitus
514 3195 594 3244 est
624 3203 937 3244 numerum.
971 3185 1108 3256 Ejus
1162 3186 1513 3258 scripturam,
1568 3201 1689 3258 quin
1742 3185 1819 3242 ita

217 3276 459 3335 evanida
487 3284 587 3347 est,
617 3284 679 3332 ut
709 3278 892 3350 plures
920 3283 1184 3333 occurant
1219 3275 1427 3347 paginas
1485 3275 1644 3332 valde
1673 3275 1818 3333 lectu
1848 3309 1892 3370 Ο

216 3366 472 3425 difﬁciles
483 3374 538 3424 et
552 3366 949 3422 obscuratiome
967 3366 1022 3420 in
1038 3381 1242 3421 excuso
1258 3363 1728 3439 specimine,quod
1758 3366 1814 3422 in

216 3458 468 3518 Romana
497 3460 553 3517 S.
583 3458 810 3516 Maximi
832 3457 1074 3514 editione
1095 3456 1225 3512 anni
1254 3455 1409 3522 1784,
1442 3455 1552 3512 tab.
1580 3457 1631 3524 1,
1665 3471 1722 3512 n.
1757 3455 1812 3526 2,

215 3563 342 3622 pag.
375 3549 479 3608 200
508 3549 728 3616 visitur,
759 3554 1092 3620 cognoscent
1120 3544 1344 3603 eruditi.
1369 3546 1471 3602 Illa
1501 3544 1701 3620 quippe
1720 3562 1815 3603 se-

213 3641 435 3710 cundae,
465 3649 528 3697 ut
577 3639 793 3709 dicunt,
823 3641 1080 3697 Romanas
1112 3639 1292 3696 aetatis
1319 3639 1386 3696 ad
1423 3637 1812 3711 Langobardi-

213 3747 344 3790 cnm
378 3731 460 3803 (ἀ)
493 3729 838 3799 inclinantis,
878 3745 947 3785 ne
970 3745 1096 3786 cum
1127 3729 1570 3786 eminentissimo
1591 3729 1812 3786 Besutio

212 3819 398 3878 dicam
423 3838 481 3877 γι
533 3821 629 3893 (e),
662 3820 800 3876 mihi
844 3823 1043 3878 saeculo
1072 3837 1153 3878 vn
1183 3822 1269 3875 vel
1299 3819 1368 3876 ad
1405 3835 1685 3877 summum
1716 3819 1814 3876 iu-

209 3923 380 3972 eunte
410 3931 514 3972 vru
542 3923 766 3974 exarata
791 3915 1029 3973 videtur.
1060 3915 1322 3987 Ejusdem
1345 3915 1495 3972 enim
1527 3915 1810 3989 orthogra-

211 4005 348 4080 phia
375 4005 442 4062 ad
475 4006 707 4079 priscam
756 4023 1005 4063 normam
1036 4007 1344 4064 rectissime
1373 4007 1576 4082 scripta
1602 4015 1720 4076 est;
1757 4018 1812 4066 et

211 4095 436 4169 quidem
462 4097 736 4155 constanti
767 4097 901 4153 adeo
923 4105 1172 4154 veterum
1205 4097 1458 4155 codicum
1480 4099 1809 4156 auctoritate

211 4177 451 4254 ﬁrmata,
477 4195 539 4243 ut
567 4187 727 4259 plane
757 4186 824 4242 ad
862 4187 1149 4244 rectiorem
1181 4187 1342 4253 illum
1373 4187 1655 4244 scribendi
1677 4206 1807 4245 mo-

211 4275 348 4331 dum
377 4275 576 4330 reverti
605 4291 820 4332 necesse
847 4275 938 4331 sit.
971 4277 1090 4332 Jam
1121 4292 1253 4333 vero
1275 4275 1379 4333 hoc
1409 4276 1599 4333 eodem
1631 4277 1689 4334 in
1719 4295 1806 4335 co-

212 4362 338 4418 dice
376 4379 656 4436 nunquam
689 4363 866 4420 forma
895 4365 1234 4435 Vscribitur,
1267 4367 1361 4424 sed
1381 4383 1595 4440 semper
1621 4376 1703 4424 est
1725 4370 1772 4425 U
1789 4386 1801 4435 ;

1927 2002 2301 2074 singularibus
2320 2007 2406 2062 vel
2431 2007 2586 2080 siglis
2599 2007 2854 2075 utitur,et
2864 2007 3086 2082 quidem
3100 2007 3315 2082 iis,qua:
3328 2007 3522 2082 priscis

1927 2091 2233 2149 tabellariis
2259 2094 2424 2151 obvia
2450 2097 2695 2166 fuerunt,
2725 2105 2786 2154 ut
2804 2113 2893 2153 ex.
2922 2115 3002 2170 gr.
3029 2098 3202 2169 Incp.,
3234 2098 3372 2164 Dns,
3419 2099 3518 2165 Ds,

1928 2180 2030 2248 ihs,
2057 2198 2182 2255 aps,
2231 2200 2337 2256 sps,
2378 2202 2478 2254 scs,
2519 2203 2608 2256 nr,
2662 2203 2759 2260 pro
2789 2187 3001 2258 Incipit,
3045 2188 3324 2254 Dominus,
3355 2187 3518 2254 Deus,

1927 2270 2093 2338 Iesus,
2129 2271 2392 2342 Christus,
2426 2276 2681 2346 Spiritus,
2715 2278 2959 2346 Sanctus,
2992 2283 3190 2345 noster,
3223 2283 3278 2334 et
3323 2275 3382 2332 in
3410 2275 3519 2334 ﬁne

1928 2373 2127 2416 vocum
2155 2361 2203 2418 b.
2238 2369 2292 2418 et
2315 2379 2369 2434 q.
2395 2379 2518 2420 cum
2551 2365 2734 2422 medio
2763 2373 2967 2438 puncto
2996 2382 3096 2439 pro
3127 2365 3220 2421 bus
3248 2373 3303 2422 et
3329 2382 3446 2437 que.

2000 2457 2094 2515 IV.
2125 2459 2469 2517 Ambrosiani
2519 2480 2780 2520 sermones
2813 2470 2915 2520 tres
2944 2464 3001 2519 in
3036 2463 3131 2519 hoc
3158 2463 3330 2520 eodem
3350 2462 3520 2520 codice

1927 2548 2154 2602 contenti
2181 2566 2286 2620 qua
2303 2551 2365 2606 de
2383 2570 2440 2607 re
2456 2559 2762 2609 censeantur
2788 2553 2992 2610 inediti.
3023 2583 3094 2595 —
3112 2553 3270 2620 Quod
3299 2567 3429 2610 vero
3457 2551 3516 2609 in

1928 2633 2034 2692 hoc
2062 2637 2453 2710 antiquissimo
2481 2642 2672 2700 codice
2707 2658 2986 2699 sermones
3014 2650 3123 2700 tres
3151 2641 3205 2699 S.
3237 2640 3516 2700 Ambrosii

1927 2729 2152 2784 nomine
2194 2729 2489 2805 inscriptos
2517 2735 2755 2792 inveniri
2789 2736 3025 2793 ineditos
3065 2751 3321 2804 asseram,
3353 2751 3516 2792 coar-

1929 2824 2058 2887 gnat
2091 2835 2177 2874 me
2206 2836 2368 2877 nemo
2390 2843 2403 2888 ;
2429 2839 2554 2879 nam
2581 2825 2626 2880 si
2660 2825 2717 2882 id
2747 2827 2931 2882 minus
2960 2832 3122 2893 recte,
3157 2824 3304 2881 haud
3331 2833 3516 2883 tamen

1927 2913 2130 2963 temere
2147 2908 2340 2966 dixero
2359 2930 2372 2978 ;
2403 2929 2526 2970 cum
2558 2915 2813 2971 adhibita
2828 2932 2959 2972 cura
2973 2931 3081 2988 qua
3096 2931 3207 2971 non
3230 2915 3384 2987 potui
3406 2930 3515 2971 ma-

1927 2992 2061 3066 jore,
2092 2995 2218 3053 illos
2240 3014 2341 3056 nec
2370 3000 2428 3056 in
2461 3001 2740 3058 Ambrosii
2761 3003 3048 3077 hucusque
3075 3003 3314 3075 vulgatis
3341 3003 3515 3076 operi-

1926 3084 2050 3152 bus,
2081 3101 2184 3144 nec
2212 3087 2356 3145 inter
2385 3089 2478 3146 SS.
2533 3092 2852 3164 Augustini,
2901 3091 3128 3150 Maximi
3158 3101 3212 3150 et
3241 3091 3516 3165 Fulgentii

1928 3190 2112 3247 opera,
2143 3192 2263 3250 quas
2293 3187 2510 3236 vetusta
2559 3188 2716 3238 aetate
2748 3198 2874 3240 cum
2903 3182 3284 3240 Ambrosianis
3311 3183 3516 3242 scimus

1928 3264 2091 3320 ivisse
2121 3269 2413 3338 permixta,
2444 3287 2545 3328 nec
2575 3272 2719 3329 inter
2745 3274 2980 3330 aliorum
3013 3272 3108 3330 SS.
3129 3275 3351 3330 Patrum
3381 3274 3511 3331 scri-

1925 3361 2016 3425 pta
2045 3358 2360 3429 repererim.
2394 3360 2673 3433 Praecipue
2701 3369 2886 3419 autem
2918 3379 3098 3418 meum
3133 3362 3238 3420 hoc
3257 3361 3510 3436 praijudi-

1921 3444 2069 3500 cium
2098 3449 2454 3505 cumulabant
2476 3451 2580 3506 tria
2605 3451 2701 3508 illa
2716 3451 2867 3507 Isaiae
2889 3451 3205 3508 testimonia
3232 3467 3291 3518 x,
3313 3450 3402 3519 33,
3420 3450 3509 3520 34,

1922 3539 1976 3588 et
1995 3549 2073 3602 χι,
2107 3535 2162 3604 5,
2194 3553 2315 3610 qua:
2345 3537 2558 3612 integra
2588 3542 2844 3613 leguntur
2863 3541 2922 3596 in
2950 3541 3112 3598 tertio
3138 3556 3387 3598 sermone
3409 3540 3507 3612 (f);

1921 3622 2052 3694 quia
2099 3639 2294 3698 nempe
2347 3627 2682 3686 Sabatierius
2738 3630 2798 3686 in
2831 3629 2946 3686 suis
3000 3629 3225 3686 biblicis
3272 3629 3511 3702 antiqua

1921 3711 2194 3771 versionis
2245 3716 2568 3790 fragmentis
2597 3719 2706 3788 vel,
2736 3727 2798 3776 ut
2826 3719 2921 3774 illa
2948 3735 3006 3787 x,
3040 3717 3129 3787 33,
3161 3717 3252 3788 34,
3285 3717 3508 3775 nonnisi

1921 3801 2118 3858 mutila
2165 3803 2384 3874 referat,
2414 3808 2501 3862 vel
2529 3816 2592 3864 ut
2629 3807 2770 3863 illud
2798 3824 2877 3874 xr,
2919 3807 2975 3875 5,
3016 3821 3240 3878 prorsus
3267 3805 3506 3863 omittat.

1921 3888 2057 3946 Cum
2087 3891 2234 3948 enim
2256 3901 2449 3950 auctor
2479 3895 2573 3952 ille
2595 3895 2652 3952 in
2683 3896 2991 3970 quaerendis
3008 3903 3255 3953 veterum
3283 3893 3509 3952 biblica-

1921 3994 2043 4034 rum
2073 3981 2389 4040 versionum
2410 3984 2765 4053 testimoniis,
2790 3987 3030 4042 maxime
3053 3985 3112 4043 in
3129 3983 3405 4054 Patribus,
3427 3984 3506 4042 di-

1919 4068 2200 4142 ligentiam
2230 4088 2450 4130 omnem
2482 4073 2743 4132 adhibere
2771 4076 2971 4133 solitus
2986 4076 3172 4146 fuerit,
3205 4075 3338 4132 hinc
3359 4073 3506 4132 haud

1916 4158 2228 4218 inconsulte
2281 4164 2692 4236 conjiciendum
2745 4166 2956 4239 putavi,
2993 4182 3179 4239 reapse
3207 4163 3506 4222 Sabatierii

1915 4256 2072 4306 aetate
2099 4251 2282 4311 adhuc
2310 4254 2642 4311 membranis
2685 4255 2784 4312 hos
2813 4255 3099 4314 delituisse
3128 4271 3430 4313 sermones.

1986 4359 2055 4415 V.
2086 4361 2293 4417 Eorum
2321 4380 2618 4420 sermonum
2649 4366 2790 4422 tituli
2809 4373 2856 4421 et
2901 4365 3159 4437 analysis.
3191 4394 3263 4406 —
3296 4364 3504 4421 Horum

212 4468 391 4525 neque
412 4453 526 4510 ulla
540 4453 646 4509 alia
663 4470 823 4526 quam
847 4470 955 4509 una
967 4455 1340 4529 diphthongus
1359 4476 1421 4513 ae
1434 4457 1637 4532 absque
1658 4475 1805 4514 nexu
1913 4457 2094 4505 autem
2126 4451 2337 4522 Primus
2373 4471 2552 4510 sermo
2584 4456 2931 4525 inscribitur,
2967 4457 3030 4512 de
3056 4456 3329 4526 Per/00w;
3367 4455 3507 4511 alter

211 4550 548 4614 usurpatur;
599 4542 694 4617 qui
736 4542 796 4598 in
830 4545 1158 4615 pervetustis
1196 4545 1480 4604 codicibus
1508 4557 1802 4621 perpetuus
1909 4541 1977 4598 de
2005 4542 2193 4599 eodem
2222 4555 2565 4618 argumento,
2597 4548 2864 4603 Adversus
2879 4565 2962 4603 eos
2990 4547 3083 4618 qui
3112 4547 3292 4602 dicunt
3300 4564 3502 4619 posses-

211 4631 326 4688 fere
369 4648 488 4688 mos
515 4640 616 4689 est.
663 4632 992 4691 Constanter
1023 4650 1239 4708 quoque
1268 4635 1327 4693 in
1358 4637 1455 4693 illo
1486 4639 1800 4710 praepositio
1831 4669 1881 4728 Π
1910 4632 2107 4728 sionem
2134 4653 2239 4692 non
2255 4637 2672 4707 distrahendum,
2693 4638 3057 4707 sed/ructibus
3077 4637 3503 4694 misericordiam

208 4723 283 4778 ad
309 4721 510 4778 retinet
555 4722 792 4778 litteram
827 4722 862 4776 ά
890 4729 1015 4778 ante
1044 4739 1092 4791 c,
1119 4740 1163 4790 e,
1192 4741 1264 4792 τη,
1295 4742 1350 4792 η,
1380 4742 1438 4796 p,
1468 4743 1519 4794 r,
1547 4743 1591 4795 s,
1629 4743 1800 4800 eaque
1832 4720 1875 4728 -
1907 4720 2226 4794 faciendam;
2260 4727 2456 4783 tertius
2483 4727 2997 4795 vero,deCharitate
3019 4726 3314 4782 selectione
3330 4727 3502 4782 sancti

208 4809 280 4868 ad
299 4818 614 4886 sequentem
643 4827 937 4868 consonam
957 4827 1069 4868 non
1091 4811 1444 4884 reformatur,
1468 4814 1575 4873 nisi
1594 4815 1652 4873 in
1681 4833 1797 4874 ver-

399 4945 482 5002 ΑΙ)
508 4961 653 5002 anno
685 4945 822 5002 1580
848 4947 916 5004 ad
945 4961 1035 5003 an.
1071 4948 1229 5006 i585.

308 4964 342 5000 a

308 5017 360 5090 δ)
389 5018 448 5090 In
493 5018 725 5090 praefat.
758 5026 798 5090 ιι
828 5020 869 5074 I-

306 5088 732 5163 c)_I-Iaicedi_tio,_
757 5089 994 5163 incoepta
1013 5107 1104 5147 an.
1127 5090 1282 5163 i686,
1306 5089 1556 5151 absoluta
1576 5094 1682 5152 fuit
1702 5112 1794 5153 an.

210 5158 346 5233 L690
363 5159 585 5233 Parisiis
605 5161 821 5218 duobus
837 5158 1058 5219 in3folio
1076 5162 1456 5220 voluminibus
1479 5183 1492 5233 ;
1517 5175 1570 5222 et
1596 5167 1796 5224 iterum

205 5230 454 5312 Yenetiis
481 5241 716 5312 quatuor
739 5233 974 5312 in_-foli_o
1003 5234 1383 5312 voluminibus
1398 5230 1669 5312 $11.;1748,
1691 5257 1798 5312 qua

204 5309 350 5381 utor.
384 5303 534 5381 lianc
573 5305 1448 5381 etiam_formis_excudicuravit
1476 5303 1797 5368 Franciscus

205 5373 466 5429 Pitterius
496 5375 552 5430 in
574 5392 672 5431 sua
691 5376 913 5434 officina
941 5377 1166 5434 libraria
1196 5379 1405 5436 Veneta
1432 5389 1555 5437 octo
1575 5382 1795 5440 in-folio

205 5445 534 5502 voluminib.
573 5462 662 5502 an.
693 5448 849 5505 1781.

278 5515 361 5599 (ᾳ)
402 5517 464 5599 Id
493 5526 595 5599 est,
622 5535 738 5599 non
782 5520 849 5577 ad
878 5537 994 5599 eam
1029 5521 1378 5599 scripturam,
1424 5540 1530 5598 qua
1572 5525 1795 5599 Longo-

200 5587 356 5668 bardi
410 5588 726 5659 utebantur,
758 5593 947 5668 populi
979 5587 1202 5668 quidem
1234 5587 1398 5652 rudes
1439 5587 1500 5654 et
1537 5587 1789 5654 omnium

202 5659 508 5742 litterarum
536 5659 936 5742 expertes,_sed
967 5659 1035 5724 ad
1063 5683 1205 5736 eam,
1238 5684 1345 5742 qua
1392 5669 1523 5742 Itali
1546 5670 1631 5728 usi
1662 5678 1793 5727 sunt

201 5739 582 5875 quigempore
613 5736 1100 5808 Longobardorum
1127 5736 1312 5815 regum
1381 5741 1648 5815 parebant
1666 5742 1790 5800 im-

1906 4813 2071 4869 Pauli
2097 4817 2324 4887 apostoli
2345 4824 2529 4872 contra
2557 4817 2724 4872 malos
2752 4815 2847 4886 qui
2887 4813 3034 4868 bonis
3067 4813 3318 4872 invident.
3351 4814 3499 4897 titu—

1979 4951 2052 5022 (e)
2084 4952 2207 5009 Em.
2236 4951 2511 5018 Besutius,
2534 4951 2622 5006 vir
2641 4950 2917 5022 excellens
2941 4950 3094 5022 omni
3125 4949 3289 5008 laude
3319 4951 3494 5010 virtu-

1905 5021 2060 5104 tiset
2091 5023 2316 5104 ingenii,
2343 5093 2355 5104 _
2372 5022 2626 5104 idemque
2673 5021 3067 5104 adeoprofana
3084 5031 3139 5104 et_
3157 5023 3396 5104 maxime
3416 5042 3496 5080 sa-

1904 5111 1997 5150 cra
2025 5092 2220 5152 doctus
2245 5092 2612 5164 archeologia,
2641 5101 2702 5148 ut
2732 5092 2981 5149 sibi‘eum
3011 5093 3310 5153 academici
3333 5096 3494 5152 Etru-

1905 5183 2118 5238 scarum
2183 5165 2570 5238 antiquitatum
2607 5164 2992 5221 vetustissima:
3048 5165 3202 5238 urbis
3244 5166 3495 5238 Cortona:

1905 5237 2210 5309 principem
2242 5237 2525 5309 Locumoni
2555 5239 2779 5294 nomine
2810 5237 3095 5309 elegerint,
3142 5237 3258 5295 haec
3285 5239 3354 5295 de
3391 5237 3496 5295 hoc

1907 5308 2095 5364 codice
2124 5309 2444 5382 inqquadarn
2478 5308 2766 5382 chartacea
2793 5308 3060 5382 schedula
3075 5309 3222 5382 circa
3239 5325 3330 5364 an.
3356 5309 3494 5382 1730

1903 5386 2088 5452 notata
2107 5380 2334 5452 reliquit
2357 5398 2368 5434 :
2395 5381 2524 5452 Cod.
2560 5380 2684 5446 134,
2712 5382 2769 5435 in
2781 5397 3018 5451 pergam.
3045 5380 3490 5451 in-fol.,cetustis-

1903 5451 2025 5524 simi
2051 5451 2392 5521 characteris,
2416 5459 2464 5508 et
2489 5451 2738 5524 fortassis
2774 5452 3119 5524 steculisexti,
3163 5457 3211 5524 et
3227 5458 3491 5510 certemea

1902 5523 2111 5597 quidem
2161 5523 2413 5580 sententia
2441 5522 2566 5597 plus
2622 5525 2766 5581 mille
2813 5523 3020 5597 abhinc,
3053 5522 3208 5597 annis
3236 5524 3487 5597 scriptus.

1901 5596 2088 5724 ﬁlurta.
2106 5597 2346 5724 continet,
2377 5595 2455 5653 εἴ
2469 5596 2648 5670 primo
2677 5611 2968 5652 sermonem
2994 5595 3050 5653 S.
3112 5595 3401 5668 Augustini
3427 5597 3492 5654 de

1955 5684 2024 5724 un
2048 5685 2132 5724 us.
2160 5685 2188 5724 e
2216 5687 2264 5724 c.

1955 5669 2132 5726 antiis.
2160 5676 2264 5726 etc.

1999 5711 2344 5816 Ῠῗξῶῖρρ.
2376 5741 2444 5800 27
2473 5749 2528 5799 et
2554 5740 2624 5798 se
2656 5739 2843 5812 (Infra
2861 5740 2987 5796 coll.
3021 5738 3126 5796 iss
3148 5744 3197 5796 et
3226 5737 3377 5810 138).
