3970 6386
417 435 520 493 767

1221 435 1590 495 SEBMONES
1627 437 1684 495 S.
1726 435 2079 496 AMBROSIO
2119 434 2488 496 HACTENUS
2524 435 2865 498 ASCBIPTI.

3608 443 3720 502 768

414 582 502 625 res
529 564 818 624 notissima
843 573 926 622 est
954 565 1060 638 (a).
1090 565 1175 622 En
1207 573 1392 623 autem
1421 566 1628 624 similia
1664 567 1922 640 leguntur
1952 567 2010 623 in
2038 569 2088 628 A
2123 564 2634 639 potiusexcludant;
2656 583 2775 640 qua:
2791 565 3014 640 quidem
3035 568 3224 625 omnia
3237 570 3480 629 maxime
3501 571 3726 646 liquent

415 654 504 712 his
555 653 884 712 Sessorianis
935 654 1302 723 sermonibus,
1348 671 1486 729 quos
1544 657 1747 729 pariter
1793 673 2010 730 quoque

416 742 612 800 habuit
637 742 708 799 ad
733 741 883 811 illos,
913 743 1008 816 qui
1033 742 1147 815 jam
1178 743 1371 800 divina
1401 745 1736 816 professione
1765 745 2010 818 deputati

414 840 544 890 sunt
579 831 720 889 cmlo
755 832 861 904 (b),
891 833 1098 906 quique
1134 831 1248 902 jam
1279 835 1486 891 mortui
1539 851 1635 907 per
1675 835 2008 906 baptismum

414 920 693 978 natalibus
723 921 937 988 mundi,
990 921 1270 978 nobilitati
1310 939 1404 996 per
1447 924 1678 995 gratiam
1727 924 1842 980 nati
1881 931 2014 979 sunt

415 1012 554 1069 caalo
593 1013 698 1084 (ο).
734 1012 795 1068 9°
827 1011 937 1068 Nec
980 1018 1044 1067 ut
1091 1011 1192 1068 bos
1219 1027 1498 1070 sermones
1522 1013 1830 1071 tribuamus
1868 1017 2012 1072 Am-

413 1100 622 1171 brosio,
653 1099 784 1159 inde
825 1100 968 1157 nihil
1019 1101 1242 1157 videtur
1269 1103 1524 1160 accedere
1551 1103 2009 1174 confirmationis,

415 1191 564 1264 quod
596 1191 651 1248 in
685 1189 801 1247 illis
825 1190 894 1247 ad
923 1190 1145 1263 vigilias
1177 1191 1561 1260 traducendas,
1593 1193 1936 1267 hymnosque
1960 1201 2014 1250 et

415 1281 656 1355 psalmos
675 1280 952 1336 canendos
973 1279 1162 1336 ﬁdeles
1177 1280 1379 1338 invitet
1395 1282 1506 1355 (d);
1532 1299 1655 1338 nam
1671 1282 1776 1339 hoc
1801 1283 1940 1338 nihil
1954 1282 2012 1338 in

414 1369 529 1427 suis
547 1369 769 1444 scriptis
785 1367 1116 1426 familiarius
1136 1370 1428 1428 Ambrosio
1449 1373 1543 1443 (e);
1565 1389 1722 1446 quem
1747 1372 2008 1445 primum,

413 1459 643 1517 Iustina
672 1458 1050 1532 persecutione
1079 1459 1344 1529 fervente,
1369 1461 1606 1533 vigilias,
1629 1478 1694 1518 ac
1722 1471 1783 1518 ut
1813 1462 2010 1534 hymni

415 1555 471 1604 et
514 1547 711 1622 psalmi
755 1547 812 1604 in
843 1547 1076 1606 ecclesia
1106 1557 1436 1606 canerentur
1467 1551 1771 1608 secundum
1805 1568 2009 1609 morem

415 1641 778 1700 Orientalium
799 1641 1038 1714 partium
1055 1641 2010 1716 instituisse,tumS.Augnstinus(f),

414 1739 532 1788 tum
565 1730 829 1788 Paulinus
858 1731 917 1786 in
946 1730 1226 1788 Ambrosii
1247 1731 1379 1788 Vita
1409 1733 1486 1804 (g)
1518 1741 1809 1790 testantur.
1840 1733 1931 1791 10°
1958 1742 2012 1791 et

416 1823 506 1880 11°
532 1823 738 1880 Verum
771 1831 833 1878 ut
852 1831 1176 1894 argumenta
1203 1823 1311 1880 alia
1342 1840 1454 1880 non
1484 1833 1685 1893 essent,
1716 1825 2012 1895 duo,scili-

2117 671 2186 711 ex
2216 656 2385 713 variis
2422 655 2753 712 lectionibus
2781 657 2990 714 codicis
3017 658 3192 715 nostri
3219 659 3401 716 textui
3429 659 3721 734 subjectis,

2119 751 2180 800 ut
2207 744 2263 800 in
2290 761 2348 802 re
2367 745 2543 801 oculis
2567 745 2703 818 ipsis
2724 745 3063 818 inspicienda
3086 746 3296 803 diutius
3325 747 3608 805 immorari
3628 765 3723 807 su-

2121 849 2513 906 pervacaneum
2545 835 2773 891 omnino
2799 834 2890 904 sit,
2921 852 2984 894 ac
3010 835 3228 893 inutile.
3261 836 3352 893 12°
3383 845 3436 894 et
3467 838 3556 895 13°
3577 839 3722 896 Pra-

2121 932 2267 980 terea
2294 933 2440 981 certe
2465 926 2741 997 praeterire
2770 942 2881 982 non
2908 943 3152 998 possum,
3183 927 3334 984 hisce
3363 927 3421 984 in
3452 929 3723 986 sermoni-

2119 1013 2223 1070 bus
2245 1031 2342 1086 pro
2373 1015 2736 1071 Ambrosiano
2758 1033 2908 1073 more
2933 1033 3212 1090 nunquam
3243 1017 3520 1076 auditores
3541 1017 3721 1085 allici,

2122 1120 2300 1178 neque
2321 1112 2638 1161 accuratum
2666 1104 2940 1174 ordinem,
2970 1122 3148 1180 neque
3177 1107 3526 1164 artificiosam
3552 1108 3724 1180 parti-

2123 1194 2330 1249 tionem
2350 1194 2554 1250 servari
2579 1213 2592 1262 ;
2612 1195 2887 1268 simulque
2907 1195 3292 1265 animadverti,
3310 1207 3586 1254 auctorem
3604 1213 3723 1255 non

2122 1283 2287 1338 semel
2318 1283 2587 1356 respicere
2629 1283 2697 1338 ad
2744 1283 2799 1341 S.
2846 1285 3037 1341 Basilii
3080 1301 3263 1356 opera,
3313 1302 3473 1360 quem
3505 1286 3721 1344 fontem

2121 1371 2475 1427 Ambrosium
2508 1372 2565 1427 in
2595 1373 2710 1429 suis
2731 1373 3030 1446 pangendis
3052 1373 3208 1431 libris
3230 1384 3581 1448 praegustasse
3601 1393 3722 1434 cer-

2123 1461 2401 1518 tissimum
2422 1471 2524 1520 est.
2548 1463 2782 1519 Exstant
2803 1463 3024 1536 quidem
3047 1481 3158 1536 prie
3174 1464 3298 1520 aliis
3317 1466 3372 1521 S.
3400 1465 3589 1523 Basilii
3619 1465 3721 1522 ho-

2124 1552 2312 1619 miliae,
2345 1568 2465 1625 quin
2495 1552 2640 1608 inter
2666 1553 2840 1609 editas
2860 1559 2990 1609 sunt
3011 1554 3060 1621 7,
3093 1553 3146 1619 8,
3177 1553 3246 1609 20
3275 1561 3329 1610 et
3358 1553 3421 1610 21
3445 1553 3724 1627 (j),cujus

2122 1659 2251 1699 sane
2281 1644 2510 1700 materia
2552 1661 2678 1701 cum
2711 1644 2833 1700 istis
2867 1644 3145 1701 Ambrosii
3177 1645 3538 1704 concionibus
3567 1645 3722 1704 haud

2121 1748 2310 1805 parum
2355 1733 2520 1789 habet
2565 1733 2868 1790 affinitatis.
2922 1732 3011 1790 14°
3049 1734 3183 1802 Quis
3233 1733 3456 1791 demum
3504 1735 3725 1808 ignorat

2121 1824 2326 1880 multos
2365 1823 2759 1881 Ambrosianos
2806 1822 3077 1880 excidisse
3116 1823 3438 1882 sermones?
3467 1824 3722 1884 Profecto

412 1921 498 1971 cet
525 1919 636 1969 tam
667 1927 883 1970 summa
910 1927 1124 1981 eorum,
1155 1930 1276 1988 quin
1325 1913 1383 1970 in
1415 1913 1502 1971 his
1532 1916 1878 1973 sermonibus
1915 1917 2012 1973 di-
2039 1931 2084 1992 Β
2119 1913 2358 1970 Maurini
2389 1915 2594 1970 multos
2622 1912 2900 1970 Ambrosii
2931 1913 3245 1987 deperditos
3271 1921 3580 1972 memorant
3612 1914 3718 1987 (k),

413 2009 618 2060 cuntur
646 2001 984 2059 contractius
1012 2019 1138 2059 cum
1188 2004 1286 2072 eis,
1318 2020 1440 2078 qua:
1476 2005 1535 2061 in
1569 2005 2009 2062 enarrationibus

413 2093 472 2151 in
503 2093 745 2166 psalmis,
776 2093 1075 2166 praesertim
1099 2095 1293 2167 psalmi
1315 2112 1490 2153 cxvm
1529 2096 1706 2154 fusius
1732 2098 2005 2171 leguntur,

413 2181 738 2250 consensio;
771 2197 935 2256 quam
974 2183 1186 2252 eadem,
1231 2199 1339 2257 qua
1371 2184 1427 2240 in
1459 2184 1570 2242 illis
1614 2186 1813 2254 utitur,
1845 2193 1906 2241 ut
1950 2185 2008 2240 in

413 2272 694 2346 hucusque
711 2270 966 2328 admissis
990 2271 1269 2328 Ambrosii
1287 2273 1544 2346 operibus
1563 2274 1852 2347 reperitur,
1875 2275 2006 2331 Vul-

413 2370 556 2437 gata,
571 2360 660 2417 vel
687 2362 801 2418 sola
815 2361 1128 2418 sufﬁcerent
1150 2371 1214 2419 ut
1241 2363 1634 2421 Ambrosianos
1662 2364 1764 2422 hos
1794 2372 2008 2421 nostros

413 2468 690 2512 sermones
715 2467 850 2520 esse,
883 2451 1093 2508 nemini
1121 2459 1332 2509 certum
1354 2469 1465 2510 non
1488 2453 1642 2510 fieret
1669 2463 1724 2511 et
1760 2456 2007 2530 explora-

412 2551 552 2601 tum.
583 2543 821 2616 lngenue
849 2550 1031 2602 tamen
1062 2543 1238 2601 fateor
1263 2543 1381 2600 illic
1405 2543 1730 2619 quandoque
1759 2546 1884 2602 aliis
1911 2547 2008 2603 ali-

412 2633 560 2709 quod
580 2650 744 2693 sacra
764 2633 1059 2707 Scriptura
1081 2633 1232 2690 locos
1254 2634 1436 2690 verbis
1455 2634 1614 2691 citari
1640 2653 1653 2703 ;
1685 2643 1741 2691 at
1772 2636 1826 2693 id
1863 2636 2007 2694 nihil

413 2739 636 2797 prorsus
650 2740 784 2781 meai
800 2723 1084 2781 sententiae
1096 2724 1314 2782 ofﬁcere
1332 2741 1512 2781 assero
1538 2743 1550 2780 :
1585 2732 1700 2781 tum
1731 2725 1861 2798 quia
1899 2751 1916 2772 ε
1938 2742 2008 2782 ex

412 2829 636 2888 operum
663 2813 720 2871 8.
738 2813 1016 2871 Ambrosii
1050 2813 1284 2871 lectione
1307 2815 1394 2886 (ut
1411 2814 1618 2872 Natalis
1641 2815 1801 2871 Alex.
1825 2815 2010 2872 verbis

410 2911 532 2960 utar
545 2904 651 2976 (la),
671 2920 790 2976 quae
805 2902 1147 2962 Benedictini
1168 2904 1742 2962 editoresconfirmant
1757 2905 1854 2977 (ἢ)
1881 2921 2008 2960 con-

411 3001 536 3062 stat,
554 3011 680 3051 eum
703 3010 812 3050 non
835 2993 1029 3052 iisdem
1043 3011 1153 3050 sem
1165 3011 1259 3066 per
1275 2994 1459 3051 verbis
1475 2994 1691 3051 eosdem
1713 2995 2007 3065 Scriptum

411 3101 578 3143 sacrm
606 3083 755 3142 locos
786 3086 1031 3142 laudasse
1058 3103 1072 3152 ;
1105 3109 1124 3134 ›
1163 3093 1275 3141 tum
1307 3084 1436 3158 quia
1465 3085 1521 3139 in
1551 3082 1882 3140 Sessorianis
1899 3099 2009 3140 ser-

412 3175 672 3234 monibus
697 3176 813 3233 haac
838 3193 948 3233 non
970 3174 1330 3233 confirmatur
1349 3173 1638 3242 dissensio,
1661 3172 1770 3229 nisi
1791 3189 1930 3241 raro,
1955 3180 2008 3230 et

2121 2003 2415 2077 pluresque
2455 2004 2541 2060 vel
2577 2003 2706 2060 inde
2732 2002 3004 2076 conjicere
3045 2011 3147 2072 est,
3179 2020 3304 2061 cum
3339 2003 3483 2060 nihil
3512 2005 3721 2062 certius
3823 2004 3839 2016 '

2119 2092 2209 2161 sit,
2234 2093 2588 2151 Ambrosium
2618 2109 2727 2149 non
2763 2093 2928 2149 modo
2955 2093 3188 2166 singulis
3213 2093 3408 2150 diebus
3422 2091 3721 2151 dominicis

2117 2183 2501 2240 concionatum
2522 2184 2709 2252 fuisse,
2733 2200 2924 2241 verum
2947 2183 3108 2240 etiam
3122 2184 3446 2258 quotidiano
3465 2201 3718 2243 sermone

2118 2282 2263 2332 stato
2311 2275 2440 2330 anni
2489 2282 2735 2347 tempore
2765 2275 3207 2344 catechumenos,
3238 2283 3630 2348 competentes,
3663 2282 3719 2331 et

2119 2380 2307 2422 recens
2364 2364 2663 2436 baptizatos
2726 2365 2793 2436 (ι)
2854 2365 3202 2435 instruxisse,
3243 2373 3305 2422 ut
3351 2381 3416 2422 ex
3473 2365 3718 2438 ejusdem

2117 2453 2337 2527 scriptis
2373 2454 2497 2526 (τη),
2530 2454 2615 2510 vel
2644 2461 2698 2510 et
2744 2471 2813 2510 ex
2860 2454 3309 2512 loculentissimis
3337 2455 3634 2528 Augustini
3664 2464 3720 2514 et

2117 2541 2334 2600 Paulini
2367 2542 2700 2600 testimoniis
2730 2551 3068 2616 compertum
3102 2543 3367 2601 habemus
3394 2547 3483 2617 (η)
3517 2563 3529 2603 :
3560 2561 3719 2604 auec-

2118 2633 2276 2691 dotos
2298 2648 2426 2705 ergo
2446 2630 2839 2689 Ambrosianos
2865 2631 3142 2690 invenisse
3163 2649 3440 2691 sermones
3466 2634 3604 2692 mihi
3633 2635 3716 2691 in-

2119 2723 2306 2780 videat
2335 2738 2517 2790 nemo,
2548 2738 2724 2797 neque
2753 2723 3100 2780 confidentia
3150 2739 3237 2779 me
3284 2723 3588 2782 insimulet.
3627 2723 3716 2782 15.

2119 2815 2192 2870 Et
2221 2828 2278 2869 re
2303 2813 2527 2886 quidem
2559 2828 2689 2868 vera
2717 2828 2901 2869 nonne
2931 2812 3127 2869 horum
3149 2829 3464 2870 sermonum
3484 2813 3717 2871 Ambrov

2119 2903 2262 2960 sinm
2287 2912 2564 2960 auctorem
2601 2903 2734 2959 facit
2752 2903 3028 2959 Sessorian
3039 2920 3100 2960 us
3120 2904 3340 2977 optimae
3369 2912 3512 2960 nota:
3542 2903 3719 2961 codex

2119 2993 2398 3050 miscellus
2419 2992 2521 3062 (ο),
2536 2992 2628 3064 qui
2651 2992 2876 3048 invidus
2899 2993 3050 3049 mille
3069 3003 3122 3050 et
3135 2995 3256 3067 plus
3279 2993 3439 3051 annis
3458 2993 3557 3051 has
3571 2997 3722 3050 Am-

2118 3081 2404 3138 brosianas
2429 3095 2672 3150 gemmas
2687 3080 2938 3136 obvolvit
2960 3082 2987 3136 7
3008 3083 3068 3138 In
3089 3098 3153 3137 eo
3173 3083 3394 3155 quippe,
3431 3099 3599 3140 manu
3627 3098 3719 3140 co-

2117 3169 2259 3228 dicis
2287 3168 2614 3242 antiquitate
2643 3170 2781 3242 pari,
2824 3170 2885 3227 S.
2938 3171 3216 3227 Ambrosii
3247 3172 3472 3227 nomine
3504 3171 3562 3227 hi
3602 3181 3717 3230 tres

411 3267 470 3322 in
516 3266 586 3323 iis
631 3273 846 3325 tantum
893 3266 1027 3324 locis
1066 3265 1325 3331 citandis,
1354 3280 1491 3337 quos
1527 3262 1760 3319 diversis
1788 3279 2003 3336 semper
2033 3294 2076 3354 C
2117 3258 2498 3316 inscribuntur
2522 3273 2820 3316 sermones.
2844 3257 2944 3316 Cui
2966 3275 3094 3331 ergo
3115 3258 3278 3330 hujus
3297 3259 3540 3316 nominis
3558 3260 3707 3331 viro,

409 3355 594 3413 verbis
613 3372 745 3413 usus
765 3363 846 3412 est
865 3355 1191 3412 Ambrosius
1205 3352 1394 3420 citare;
1422 3359 1539 3409 tum
1561 3351 1690 3425 quia
1711 3351 1998 3408 varietates

409 3445 520 3503 illa
549 3446 683 3504 tales
702 3454 853 3516 sunt,
873 3452 937 3502 ut
957 3443 1092 3520 quin
1116 3442 1392 3515 duplicem
1413 3451 1644 3516 arguant
1664 3441 1994 3511 versionem,

480 3663 564 3737 (a)
594 3661 796 3737 Videris
826 3659 931 3717 hac
954 3658 1023 3716 de
1051 3673 1108 3714 re
1123 3655 1434 3737 Augustini
1465 3655 1863 3737 Confessiopum
1897 3655 1994 3713 lib.

408 3728 621 3804 vr,'cap.
645 3732 678 3788 3
697 3740 751 3787 et
766 3731 818 3804 4,
842 3747 954 3804 nec
964 3746 1082 3804 non
1105 3728 1381 3804 Ambrosii
1414 3743 1595 3804 opera,
1624 3728 1685 3804 de
1718 3729 1866 3800 Fuga
1891 3745 2000 3784 sa:-

406 3799 533 3874 culi,
562 3799 624 3860 de
642 3803 800 3860 Iacob
828 3802 1028 3874 etiVita
1067 3802 1236 3874 beata,
1256 3800 1401 3874 etde
1427 3799 1712 3874 Mysteriis.

507 3869 558 4017 bi
592 3874 765 3931 Serm.
801 3873 911 4018 Lg
943 3873 992 3939 1,
1024 3889 1078 3946 p.
1114 3873 1179 3928 Η
1211 3871 1394 3943 (Infra
1423 3869 1544 3927 coll.
1578 3869 1869 3944 109-112.)

507 3965 530 4002 c
584 3946 756 4018 Serm.
789 3947 842 4014 3,
919 3944 1024 4018 _10,
1050 3961 1104 4018 p.
1136 3944 1204 4001 26
1231 3942 1421 4018 (Infra
1455 3943 1548 4018 col:
1572 3942 1738 4018 _135).
1779 4014 1798 4018 Α

499 3942 552 4018 fc)
584 3946 756 4003 Serm.
789 3947 842 4014 3,
876 3942 906 4018 ς
937 3942 1104 4018 10,’ρ.
1136 3944 1204 4001 26
1224 3942 1421 4013 (Infra
1455 3943 1548 3998 col.
1591 3942 1738 4013 135).
1851 3942 1856 3944 ⁷

499 4019 558 4089 d)
599 4017 773 4075 Serm.
825 4019 877 4088 1,
911 4016 939 4089 §
968 4018 1037 4089 5,7
1067 4023 1128 4089 et
1157 4032 1320 4072 serm.
1351 4015 1404 4083 3,
1453 4014 1481 4086 §
1529 4015 1614 4083 11,
1646 4030 1736 4088 pp.
1769 4014 1803 4072 6
1849 4022 1902 4071 et
1930 4013 1999 4072 30

411 4087 746 4170 (Infracoil.
910 4087 956 4143 et
987 4087 1133 4170 1-40).
1296 4159 1310 4170 _
1389 4167 1398 4170 _
1436 4157 1467 4170 Μ
1533 4157 1569 4170 ν

481 4155 552 4233 (e)
585 4163 665 4233 Ita
688 4161 746 4233 in
779 4160 874 4233 lib.
907 4177 970 4216 ur
997 4155 1248 4233 Hecaem.
1290 4159 1316 4213 1
1351 4167 1410 4233 et
1432 4157 1504 4224 5;
1533 4155 1630 4233 lib.
1664 4157 1796 4233 rr_de
1820 4160 2001 4233 Inter-

400 4227 542 4306 ρειι.
574 4232 795 4306 David.,
826 4232 878 4299 6,
896 4239 1046 4306 _t9m.
1081 4232 1124 4298 Ι,
1174 4230 1232 4286 in
1263 4229 1478 4306 prae/"ai.
1513 4227 1581 4284 ad
1612 4229 1747 4306 psal.
1781 4245 1821 4296 ι,
1861 4238 1914 4286 et
1928 4230 2000 4306 _i_n

406 4299 633 4376 psalmis
660 4321 859 4376 xuvui,
890 4302 980 4371 23,
1003 4319 1178 4358 cxvut
1202 4319 1215 4368 ;
1243 4299 1406 4357 serm.
1435 4303 1484 4368 7,
1517 4299 1637 4371 pag.
1657 4299 1746 4367 25,
1770 4308 1904 4357 tom.
1928 4301 1996 4369 II,

405 4381 570 4518 at???
586 4375 928 4518 fugiamus
957 4443 1149 4518 desua
1179 4450 1352 4518 matre
1369 4441 1492 4518 jam
1532 4442 1830 4518 Mediolani
1855 4459 1998 4500 com-

479 4460 554 4519 (ι)
586 4460 928 4518 augustinus
957 4460 1024 4500 ne
1051 4460 1149 4498 sua
1179 4460 1352 4499 matre
1405 4460 1492 4497 am
1532 4460 1830 4499 memoram
1855 4460 1998 4500 com-

406 4518 642 4575 moranti
668 4517 742 4573 ita
759 4517 1004 4590 loquitur
1020 4515 1123 4590 iib.
1155 4531 1221 4590 rx
1240 4460 1503 4590 Con/ess”
1519 4532 1568 4571 c.
1596 4515 1661 4590 i2
1680 4534 1701 4590 :_
1727 4516 1819 4590 Ibi
1833 4521 2001 4590 mater

2112 3363 2180 3404 ne
2200 3346 2406 3404 codicis
2427 3347 3178 3420 praetergrediamuraatatem,
3201 3349 3346 3417 illos,
3379 3356 3576 3422 praeter
3596 3349 3709 3405 Me-

2105 3439 2504 3508 diolanensem,
2533 3437 2880 3496 tribuemus?
2907 3439 3028 3496 Non
3061 3447 3208 3496 certe
3237 3440 3530 3497 Ambrosio
3559 3439 3700 3499 Ori-

2176 3659 2259 3730 (k)
2279 3659 2341 3716 In
2361 3657 2580 3716 Praefat.
2603 3657 2669 3716 ad
2699 3665 2835 3715 tom.
2859 3659 2933 3716 III
2953 3665 3007 3715 et
3029 3657 3125 3726 IV,
3149 3673 3299 3730 oper.
3321 3657 3376 3716 S.
3400 3657 3703 3716 Ambrosii.

2115 3731 2240 3791 Vide
2259 3730 2422 3786 etiam
2441 3731 2521 3787 sic
2551 3730 2894 3800 Cerilietum,
2919 3731 3055 3788 Hist.
3091 3731 3329 3800 generale
3355 3731 3443 3785 des
3474 3734 3706 3787 Auteurs

2108 3803 2807 3875 sacrésietecclésiastiques,
2842 3801 3132 3875 tom,_ViI,
3174 3819 3292 3875 pag.
3333 3801 3439 3858 574
3467 3810 3704 3875 etseqq.

2181 3875 2249 3956 (γι)
2282 3873 2448 3953 Trina
2473 3874 2590 3956 ὴξξρ
2621 3871 3390 3956 ρέτνθῐυξωιρἱᾳῑίῃοῑίοίοιιφ
3417 3871 3710 3956 cpdicibus

2108 3943 2390 4003 Vaticanis
2418 3943 2727 4016 explicatur
2758 3961 2790 3999 a
2818 3945 2888 4000 cl.
2922 3943 3066 4016 Maio
3095 3943 3153 3998 in
3179 3951 3310 4016 nota
3341 3945 3366 3999 1
3397 3944 3470 4016 ad
3494 3945 3705 4016 Expla-

2118 3961 2390 4003 vancams
2418 3961 2486 4000 ex
2531 3961 2727 4000 ucatur
2758 3961 2790 3999 a
2818 3961 2888 4000 Cl.
2922 3961 3066 3998 maio
3095 3961 3153 3998 Ill
3179 3961 3310 3999 nata
3341 3961 3366 3999 ι
3397 3961 3470 4000 αα
3494 3961 3705 4016 Expla-

2107 4023 2218 4073 nat.
2250 4016 2470 4088 symboli
2592 4016 2818 4088 Nicetes
2837 4013 3148 4087 Aquileien.
3186 4013 3448 4086 episcopi,
3480 4031 3604 4088 pag.
3633 4015 3710 4073 35

2108 4085 2364 4146 Romanae
2395 4087 2528 4142 edit.
2557 4102 2646 4141 an.
2684 4085 2839 4140 1827.

2206 4164 2287 4228 τη)
2310 4157 2422 4213 Lib.
2461 4157 2527 4214 de
2556 4154 2833 4228 Mysteriis
2861 4171 2900 4222 ι,
2933 4154 3332 4228 t_om._iII,__c91.
3359 4154 3484 4228 408.

2206 4164 2287 4228 τη)
2310 4161 2422 4213 Lib.
2461 4161 2527 4214 de
2556 4161 2833 4227 Mysteriis
2861 4171 2900 4222 ι,
2933 4161 3068 4209 tom.
3103 4161 3196 4220 III,
3225 4161 3332 4210 col.
3359 4161 3484 4212 408.

2182 4161 2264 4302 in)
2298 4230 2501 4300 Reapse
2529 4225 2882 4302 Ambrosium
2917 4224 3150 4302 singulis
3173 4225 3709 4302 diebusdominicis

2109 4297 2494 4359 concionatum
2520 4313 2635 4353 esse
2664 4297 2819 4353 testis
2849 4305 2930 4353 est
2960 4297 3298 4368 Augustinus
3329 4297 3426 4354 lib.
3456 4315 3516 4355 γι
3549 4299 3706 4356 Con-

2107 4372 2257 4451 [ess.,
2287 4386 2405 4451 cap.
2429 4369 2489 4451 Δἔξ,
2523 4368 2804 4451 scribens:
2835 4369 3199 4451 Eumquidem
3231 4369 3286 4451 in
3310 4371 3569 4451 populum
3587 4387 3704 4451 cer-

2109 4439 2229 4498 bum
2249 4439 2487 4497 veritatis
2507 4447 2639 4495 recte
2659 4446 2965 4495 tractantem
2981 4439 3125 4495 omni
3137 4439 3220 4495 die
3237 4439 3497 4497 dominico
3521 4441 3702 4496 audie-

2109 4515 2246 4570 bam.
2279 4515 2356 4569 De
2393 4511 2713 4584 assiduitate
2731 4528 2895 4584 vero,
2922 4527 3029 4584 qua
3059 4511 3435 4584 baptizandos
3461 4512 3697 4570 docebat

404 4606 538 4657 mea,
570 4590 772 4645 ancilla
811 4581 900 4644 tua
932 4585 1166 4657 (scilicet
1195 4581 1500 4656 Ambrosii)
1530 4586 1925 4652 sollicitudinis,
1955 4592 2002 4640 et
2030 4651 2070 4657 _
2110 4584 2454 4657 Ambrosius,
2482 4585 2562 4640 sic
2589 4583 2854 4657 Paulinus
2873 4581 3086 4657 in'ejus
3103 4581 3254 4657 Vita,
3284 4599 3346 4657 _n.
3379 4583 3472 4657 38,
3501 4584 3700 4657 loqui-

401 4651 713 4734 oigiliarum
736 4651 947 4734 primas
963 4666 1150 4734 tenens,
1184 4651 1510 4734 crationibus
1540 4657 1761 4734 uiuebat;
1793 4663 1846 4711 et
1876 4651 1998 4727 post
2030 4651 2080 4710 D
2108 4664 2200 4712 tur
2225 4675 2237 4713 :
2271 4658 2335 4713 In
2364 4655 2517 4711 rebus
2545 4655 2701 4734 etiam
2740 4655 2935 4734 divinis
2960 4651 3239 4734 implendis
3267 4651 3624 4734 foriissimus,
3642 4654 3703 4710 in

405 4729 575 4805 pauca
604 4729 987 4806 prosequitur:
1019 4732 1161 4788 Tunc
1179 4729 1358 4801 hymni
1380 4734 1429 4782 et
1445 4729 1644 4800 psalmi
1673 4733 1732 4781 ut
1757 4743 1998 4781 caneren-

409 4810 497 4860 tur
524 4805 806 4880 secundum
835 4820 1034 4880 morem
1065 4800 1417 4880 Orientalium
1432 4799 1672 4880 partium
1701 4798 2000 4880 institutum

405 4881 498 4944 est,
524 4882 570 4951 et
587 4893 652 4931 ex
671 4876 766 4931 illo
786 4876 843 4951 in
861 4874 1169 4951 hodiernum
1190 4877 1463 4951 retentum,
1488 4871 1670 4951 multis
1683 4871 1799 4951 jam
1819 4877 2000 4951 etpcne

406 4941 645 5019 omnibus
670 4947 924 5019 gregibus
940 4946 1064 5012 tuis,
1087 4950 1134 5019 et
1154 4961 1252 5019 per
1278 4948 1466 5019 cratera
1481 4941 1624 5019 orbis
1645 4941 1993 5019 imitantibus.

407 5017 644 5078 Consule
671 5011 838 5074 Etiam
870 5017 966 5072 lib.
1001 5011 1058 5072 1x
1089 5011 1333 5072 de'Civit.
1359 5013 1474 5075 Dei,
1500 5011 1585 5082 12,
1617 5013 1722 5069 col.
1762 5013 1884 5070 162.

479 5089 558 5161 (g)
590 5088 755 5161 Ibid.,
778 5106 833 5161 n.
869 5088 954 5161 i3,
979 5089 1056 5143 ait
1075 5087 1368 5161 Paulinus:
1393 5086 1503 5161 Hoc
1530 5092 1999 5161 tempore,_nempe

405 5156 524 5234 quo
539 5156 748 5234 Ariani
775 5159 1058 5234 basilicam
1092 5159 1403 5234 Portianam
1449 5156 1706 5234 invadere
1736 5156 1999 5234 niteban-

406 5228 516 5300 tur,
546 5232 780 5304 primum
807 5231 1341 5304 antiphonce,hymni,
1371 5246 1436 5304 ac
1463 5229 1658 5304 vigilia;
1683 5229 1740 5304 in
1762 5228 2002 5304 Ecclesia

405 5301 786 5363 Mediblanensi
810 5301 1063 5359 celebrari
1083 5301 1362 5374 cmperunt.
1397 5301 1564 5372 Cujus
1584 5301 1896 5374 celebritatis
1910 5301 1999 5374 ide-

406 5375 545 5431 notio
572 5393 734 5448 usque
771 5377 829 5432 in
866 5373 1175 5431 hodiernum
1205 5373 1340 5428 diem
1383 5374 1691 5448 nonsolum
1733 5373 1789 5426 in
1827 5373 2001 5448 eadem

408 5443 666 5514 Ecclesia;
694 5466 878 5506 verum
902 5463 1001 5521 per
1030 5461 1205 5504 omnes
1226 5461 1356 5517 pene
1397 5443 1683 5500 Occidentis
1696 5443 2002 5517 provincias

406 5526 598 5576 manet.

481 5590 561 5661 (ἡ)
593 5591 732 5648 Hist.
762 5593 988 5661 Eccles.,
1037 5606 1161 5648 saec.
1195 5607 1271 5650 Iv.
1300 5595 1441 5661 part.
1477 5604 1515 5654 ι,
1555 5603 1608 5658 p.
1641 5587 1767 5661 508,
1807 5588 1912 5644 col.
1945 5589 1998 5644 2.

481 5659 556 5739 (ᾗ)
583 5663 645 5739 I_n
677 5664 886 5739 praefat.
918 5659 1006 5737 ap.
1042 5663 1211 5739 libros
1241 5659 1316 5739 de
1341 5659 1713 5739 sacramentis,
1747 5666 1876 5739 tem.
1905 5661 1998 5716 III.

481 5729 846 5806 (1")Toi‘n,n
885 5729 1109 5806 operum
1157 5734 1211 5791 s.
1267 5729 1458 5788 Basilii
1493 5729 1627 5788 edit.
1661 5731 1858 5800 Paris.,
1908 5747 1998 5787 an.

412 5805 568 5884 1711,
603 5820 726 5879 pag.
751 5805 842 5874 51,
872 5805 964 5874 62,
1005 5806 1106 5864 156
1132 5813 1349 5879 etseqq.

2107 4734 2310 4785 tantum
2339 4733 2398 4782 ut
2421 4727 2561 4797 quod
2576 4727 2762 4782 solitus
2790 4732 2905 4781 erat
2928 4727 3068 4781 circa
3084 4727 3428 4797 baptizandos
3442 4728 3584 4783 solus
3603 4726 3700 4781 im-

2101 4801 2266 4872 plere,
2290 4799 2518 4870 quinque
2534 4804 2716 4871 postea
2741 4797 2968 4870 episcopi
2983 4803 3210 4869 tempore
3237 4814 3339 4868 quo
3359 4797 3590 4867 decessit,
3604 4798 3701 4852 vix

2105 4873 2400 4928 implerent.

2205 4944 2258 5014 ο)
2291 4944 2353 4998 In
2383 4941 2570 4998 codice
2598 4950 2721 5014 post
2741 4957 2939 5014 nomen
2969 4939 3453 5014 Ambrcsiititulus
3470 4940 3703 5014 episcopi

2107 5011 2420 5086 omittitur;
2444 5011 2690 5086 attamen
2707 5029 2822 5086 non
2839 5011 2969 5086 hinc
2987 5011 3304 5086 aliquisihos
3327 5011 3606 5086 sermones
3623 5011 3700 5068 al-

2107 5087 2210 5143 teri
2256 5085 2549 5142 Ambrosio
2603 5102 2632 5140 a
2683 5082 3098 5155 Mediolanensi'
3125 5084 3380 5155 episcopo
3433 5082 3701 5141 distincto

2108 5165 2359 5230 acceptos
2386 5157 2582 5212 referat
2607 5175 2618 5212 :
2647 5172 2774 5230 nam
2807 5155 2852 5211 si
2883 5154 3089 5212 codicis
3116 5155 3285 5230 aetati,
3313 5154 3361 5210 si
3382 5170 3699 5230 sermonum

2109 5225 2277 5301 style,
2320 5236 2373 5283 et
2403 5227 2709 5301 sententiis,
2743 5244 3043 5301 eorumque
3063 5225 3322 5301 auctoris
3350 5226 3702 5301 moribus,_et

2110 5296 2365 5356 instituto
2396 5299 2536 5354 ratio
2557 5299 2839 5365 habeatur,
2871 5296 3010 5354 nulli
3028 5297 3146 5368 ejus
3174 5296 3435 5365 nominis,
3463 5297 3570 5353 nisi
3593 5298 3699 5353 Me-

2109 5372 2415 5444 diolanensi
2447 5372 2700 5444 episcopo
2717 5370 3042 5444 tribuendos
3056 5369 3442 5444 esse,_fateatur
3462 5377 3698 5444 oportet,

2111 5442 2377 5501 Caeterum
2410 5439 2526 5499 tum
2556 5439 2880 5508 sanctitatis,
2899 5457 3024 5497 cum
3057 5439 3552 5512 dignitatisgtitulos
3583 5457 3699 5512 pas-

2111 5516 2212 5588 sim
2246 5515 2303 5570 in
2333 5515 2576 5588 antiquis
2603 5513 2886 5588 codicibus
2917 5510 3450 5588 velconsuetudine,
3487 5510 3700 5588 vel—po-

2111 5581 2499 5664 iiussocordia
2540 5585 2966 5659 praetermittunt
2998 5581 3256 5664 iibrarii;
3288 5591 3341 5664 et
3386 5581 3700 5664 quidem—fin

2112 5659 2217 5714 hoc
2241 5659 2358 5730 ipso
2379 5654 2689 5724 codice,ex.
2711 5673 2784 5728 g.,
2803 5654 3074 5730 nonnulla
3083 5655 3352 5730 _opuscula
3372 5654 3701 5728 simpliciter

2112 5732 2172 5801 8.
2200 5725 2510 5801 Augustino
2553 5725 2865 5801 constanter
2911 5725 3310 5801 inscribuntur,
3343 5725 3696 5799 quie'tamen

2111 5800 2180 5860 ad
2211 5797 2475 5874 Hipponae
2502 5800 2816 5874 episcopum
2841 5797 3144 5857 certissime
3175 5797 3468 5870 pertinent.
