3970 6388
465 395 564 452 771

1469 395 1564 450 AD
1603 393 1840 452 OPERA
1877 395 1932 450 S.
1975 393 2308 452 AMBROSII
2346 394 2726 453 APPENDIX.

3656 391 3768 452 772

461 519 600 576 situs
628 516 696 574 ab
729 517 992 574 Anselmo
1023 516 1236 584 abbate,
1269 517 1624 574 continentur
1653 519 1898 574 homilia
1931 519 1997 574 73
2029 535 2040 573 :
2083 523 2134 580 Α
2162 518 2396 574 rissimis
2424 519 2627 585 verbis,
2659 528 2713 575 et
2741 518 2964 592 quidem
2986 518 3163 590 prima
3179 534 3347 574 manu
3375 518 3430 575 S.
3462 518 3768 576 Ambrosio

461 623 531 664 ex
561 607 764 680 quibus
808 607 1079 679 pleraque
1105 605 1164 660 in
1203 606 1390 662 Sancti
1409 606 1564 664 .Galli
1596 608 1897 679 exemplari
1946 607 2054 662 ha-

461 697 682 755 bentur.
713 696 1046 767 Inscriptum
1081 704 1194 751 erat
1225 695 1280 750 in
1305 695 1486 751 fronte
1515 695 1720 752 codicis
1744 711 1942 751 nomen
1963 712 2052 750 au-

462 785 631 844 ctoris
648 803 662 852 ;
691 787 786 841 sed
813 801 878 840 eo
897 785 1092 841 abraso
1121 785 1293 841 sancti
1319 785 1597 840 Ambrosii
1619 802 1819 840 nomen
1849 786 2051 841 substi-

463 882 667 931 tutum.
698 875 938 931 Maxima
969 891 1091 946 pars
1121 881 1302 930 tamen
1334 874 1527 929 barum
1548 874 1898 930 homiliarum
1925 884 2054 931 sunt

460 965 712 1034 Maximi,
742 965 954 1021 tametsi
993 964 1240 1036 quaedam
1271 963 1392 1018 alia
1427 964 1749 1036 Hieronymi
1779 973 1831 1020 et
1857 967 2054 1037 Augu-

461 1054 595 1112 stini
643 1055 746 1110 sub
788 1070 975 1109 eorum
1008 1052 1232 1108 nomine
1273 1053 1488 1108 inserta
1518 1061 1648 1108 sunt
1693 1078 1710 1100 ι
1769 1055 1881 1109 Nec
1931 1055 2054 1110 aliis

463 1145 648 1202 verbis
677 1145 828 1201 hunc
855 1143 1098 1200 codicem
1122 1143 1358 1198 celebrat
1381 1143 1760 1212 Blanchinius,
1779 1145 2054 1216 simulque

462 1233 800 1290 novissimus
828 1232 1006 1289 editor
1034 1233 1310 1288 Romanus
1339 1247 1562 1302 operum
1591 1231 1645 1286 S.
1686 1231 1934 1298 Maximi,
1959 1232 2052 1304 qui

464 1321 522 1377 in
550 1322 872 1394 praefatione
905 1321 986 1392 (α)
1019 1320 1096 1376 ita
1127 1320 1285 1375 illum
1308 1327 1556 1376 accurate
1576 1321 1856 1376 describit:
1880 1322 2055 1376 cAlter

466 1419 548 1467 est
577 1411 1001 1484 pracipuorum,
1026 1425 1162 1482 quos
1178 1409 1319 1476 dixi,
1337 1409 1509 1465 codex
1526 1409 1895 1464 Nonantulani
1919 1409 2052 1464 olim

465 1499 783 1557 monasterii
813 1499 870 1554 in
897 1514 1025 1570 agro
1053 1497 1374 1565 Mutinensi,
1392 1513 1540 1554 nunc
1567 1498 1825 1553 Romana
1856 1497 2054 1553 biblio-

465 1590 636 1646 theca
666 1587 1112 1647 Cisterciensium
1136 1587 1528 1642 monachorum
1548 1587 1756 1642 Sancta
1777 1586 1968 1644 Crucis
1996 1587 2054 1642 in

466 1679 791 1735 Jerusalem.
811 1678 910 1732 Est
929 1675 976 1731 is
995 1674 1167 1731 codex
1189 1673 1637 1730 membranaceus
1661 1675 1882 1743 in—fol.,
1906 1689 2054 1731 nota-

465 1774 554 1823 tus
572 1782 803 1822 numero
830 1765 946 1833 XC,
971 1772 1033 1820 ut
1047 1764 1202 1820 frons
1225 1763 1465 1818 exterior
1486 1763 1786 1820 voluminis
1809 1764 2055 1832 exhibet,

2163 607 2564 664 inscribuntur.
2597 611 2778 679 Atque
2808 607 2913 662 hoc
2931 608 3050 663 loco
3076 623 3189 663 rem
3211 607 3463 673 eruditis,
3485 616 3548 664 ut
3577 623 3767 680 spero,

2156 694 2461 767 jucundam
2485 713 2595 752 non
2617 696 2858 752 reticebo
2880 714 2892 761 ;
2919 711 3113 768 nempe
3132 695 3280 769 quod
3300 712 3368 752 ex
3398 696 3504 752 hoc
3531 697 3651 769 ipso
3673 713 3769 753 co-

2162 783 2284 841 dice
2312 785 2471 856 plane
2518 785 2815 853 evincitur,
2865 784 3247 840 Mabillonium
3297 793 3351 840 et
3392 784 3677 840 laudatum
3706 783 3767 840 S.

2162 876 2389 931 Maximi
2419 875 2687 931 editorem
2732 876 2787 930 in
2822 875 3177 931 numerandis
3205 875 3570 943 sermonibus,
3604 876 3702 949 qui
3737 892 3771 932 a

2161 963 2256 1020 cit.
2288 980 2406 1036 pag.
2444 965 2543 1020 129
2575 965 2632 1019 in
2664 965 2768 1020 hoc
2798 965 2984 1020 codice
3015 965 3390 1034 continentur,
3424 965 3570 1021 haud
3607 982 3771 1022 accu-

2163 1059 2276 1107 rate
2308 1054 2486 1124 ipsum
2529 1053 2774 1109 codicem
2824 1053 3187 1122 consuluisse,
3238 1071 3362 1109 cum
3408 1053 3617 1125 primus
3671 1071 3773 1110 eos

2163 1159 2352 1199 omnes
2375 1144 2439 1199 73
2461 1144 2851 1211 numeraverit,
2875 1144 3013 1198 alter
3031 1144 3285 1215 quamvis
3301 1151 3362 1198 ut
3377 1143 3432 1198 S.
3457 1143 3772 1200 Maximi60

2163 1231 2566 1304 recognoverit,
2597 1240 2778 1287 tamen
2825 1231 2883 1286 in
2915 1232 3130 1287 notitiis
3162 1231 3380 1303 praviis
3423 1232 3495 1304 (c)
3535 1231 3676 1288 duos
3714 1246 3776 1294 et,

2163 1321 2445 1392 sexaginta
2460 1319 2829 1392 exscripserit.
2855 1315 3092 1393 Uterque
3119 1322 3264 1377 enim
3292 1321 3426 1376 satis
3451 1321 3646 1377 habuit
3673 1321 3775 1378 ad'

2167 1417 2378 1465 vertere
2407 1410 2669 1476 indicem,
2703 1411 2796 1482 qui
2816 1411 2964 1466 hisce
2984 1410 3330 1466 sermonibus
3354 1410 3452 1465 fol.
3485 1409 3582 1466 cit.
3615 1417 3776 1467 recto

2164 1498 2545 1570 praemittitur,
2575 1506 2630 1553 et
2657 1506 2950 1570 utrumque
2996 1498 3140 1552 idem
3174 1497 3341 1554 index
3373 1497 3608 1564 fefellit;
3637 1513 3776 1554 nam

2163 1587 2222 1643 in
2250 1605 2317 1644 eo
2341 1589 2620 1660 geminato
2649 1605 2803 1645 num.
2838 1589 2904 1646 13
2933 1597 3294 1645 numerantur
3322 1596 3432 1644 tres
3456 1596 3510 1644 et
3540 1598 3778 1662 septua-

2165 1676 2316 1750 ginta
2349 1693 2646 1744 sermones,
2678 1678 2931 1750 quamvis
2958 1694 3142 1749 reapse
3163 1677 3275 1733 sint
3294 1677 3445 1733 tituli
3465 1677 3531 1734 74
3550 1696 3562 1733 :
3583 1677 3778 1734 simul-

2165 1782 2271 1838 que
2301 1767 2546 1822 Maximo
2584 1767 2652 1822 62
2697 1766 3033 1834 tribuantur,
3077 1765 3179 1822 etsi
3227 1782 3416 1822 eorum
3459 1775 3779 1838 postremus

464 1870 774 1928 quanquam
806 1854 956 1909 intus
988 1869 1106 1926 pag.
1145 1853 1193 1921 1,
1227 1869 1337 1924 pra
1365 1869 1421 1908 se
1453 1868 1741 1908 numerum
1774 1853 2056 1910 CXXXIV
2091 1871 2137 1930 B
2173 1870 2403 1911 numero
2448 1856 2510 1910 61
2558 1863 2796 1911 notetur.
2830 1856 3017 1928 Neque
3047 1871 3180 1910 vero
3215 1855 3273 1910 in
3302 1872 3534 1912 numero
3562 1858 3776 1927 solum,

463 1945 640 2012 ferat;
673 1944 993 2017 caterisque
1015 1944 1184 2016 hujus
1198 1943 1548 1999 bibliotheca
1571 1943 1855 2000 codicibus
1876 1953 1938 2000 ut
1965 1961 2056 2000 an-

465 2036 740 2108 tiquitate,
764 2037 841 2091 ita
859 2036 1199 2092 accuratiore
1218 2033 1513 2107 Scriptura
1531 2035 1766 2090 lectione
1783 2035 2063 2106 integrita-

466 2133 626 2198 teque
655 2115 948 2198 pracellit,
970 2133 1282 2198 spectatque
1313 2124 1380 2180 ad
1410 2141 1488 2180 vn
1562 2126 1646 2180 vel
1687 2141 1962 2180 summum
1995 2124 2062 2180 ad

467 2230 570 2270 vni
597 2215 856 2270 Ecclesia
883 2215 1166 2270 saculum.
1202 2215 1410 2268 Ductus
1439 2211 1744 2267 litterarum
1778 2211 1835 2267 in
1865 2228 1929 2267 eo
1958 2213 2061 2268 Bo-

469 2319 668 2362 manus
699 2311 800 2372 est,
817 2303 1012 2360 atatis.
1045 2311 1105 2359 ut
1133 2302 1309 2370 aiunt,
1335 2301 1607 2369 secunda,
1633 2301 1918 2373 paululum
1942 2318 2058 2358 ver-

470 2410 601 2468 gens
629 2393 699 2449 ad
739 2391 1214 2464 Longobardicum
1233 2435 1245 2447 .
1279 2392 1328 2446 A
1381 2407 1501 2463 pag.
1536 2390 1638 2447 129
1666 2390 1734 2445 ad
1766 2391 1867 2446 169
1897 2408 2066 2446 sexa-

469 2482 622 2554 ginta
636 2481 833 2554 partim
859 2479 1348 2552 homilias,partim
1365 2495 1642 2535 sermones
1657 2480 2064 2551 complectitur,

468 2570 536 2628 de
547 2570 748 2644 quibus
761 2569 1231 2626 eminentissimus
1243 2568 2066 2624 cardinalisBesutiusinindice

474 2659 825 2716 bibliotheca
855 2659 1063 2714 Sancta
1082 2658 1276 2716 Crucis
1308 2658 1385 2729 (b)
1415 2657 1496 2714 sic
1525 2659 1716 2714 statuit
1749 2675 1760 2713 :
1795 2665 2063 2713 auctorem

469 2749 667 2803 eosdem
678 2749 864 2802 habere
873 2754 1107 2802 sanctum
1119 2747 1556 2805 Maximummihi
1568 2753 1762 2801 certum
1774 2753 1891 2802 est.»
1909 2746 2066 2814 Quod

472 2847 654 2894 autem
685 2836 744 2892 bi
775 2836 1138 2893 laudatissimi
1163 2836 1270 2892 viri
1306 2836 1361 2891 in
1394 2836 1708 2906 Sessoriano
1738 2836 1926 2892 codice
1943 2836 2064 2891 nul-

474 2927 589 2982 lum
621 2925 900 2982 Ambrosii
921 2926 1218 2999 genuinum
1251 2941 1555 2981 sermonem
1580 2933 1885 2980 memorent
1915 2926 2064 2979 inve-

473 3014 604 3083 niri,
633 3015 767 3087 quin
788 3031 977 3070 omnes
996 3014 1249 3087 quamvis
1265 3014 1556 3069 recentiori
1590 3030 1754 3068 manu
1773 3011 2067 3068 Ambrosio

373 3147 386 3162 .
472 3104 731 3173 tributos,
744 3105 838 3161 SS.
853 3103 1526 3176 Augustino,Hieronymo
1542 3110 1597 3157 et
1611 3103 1852 3159 Maximo
1867 3102 2066 3158 ascribi

2172 1942 2266 1999 sed
2296 1941 2460 2000 etiam
2492 1943 2550 1999 in
2572 1945 2752 2000 titulis
2781 1943 2835 2000 S.
2870 1943 3098 2000 Maximi
3126 1944 3306 2000 editor
3330 1961 3457 2000 cum
3478 1945 3660 2002 indice
3687 1962 3777 2002 er-

2171 2032 2316 2088 ravit
2342 2051 2355 2100 ;
2389 2033 2534 2106 quod
2567 2041 2628 2088 ut
2655 2034 2857 2089 clarius
2886 2042 3161 2105 appareat,
3202 2033 3296 2089 hic
3321 2049 3499 2105 opera
3529 2036 3776 2106 pretium

2171 2120 2311 2176 duxi
2339 2122 2524 2177 omnia
2540 2139 2635 2194 per
2661 2122 2879 2195 singula
2895 2138 3198 2191 recensere,
3219 2139 3341 2195 qua
3361 2124 3420 2178 in
3450 2123 3557 2180 hoc
3575 2124 3777 2180 eodem

2172 2211 2362 2268 codice
2392 2211 2766 2267 continentur.

2245 2303 2390 2358 VIII.
2425 2303 2552 2368 Qua
2580 2301 2635 2354 in
2659 2301 2964 2356 Sessoriano
3001 2300 3172 2356 codice
3211 2301 3560 2358 continentur.
3593 2332 3664 2344 —
3700 2301 3781 2358 Et

2172 2391 2397 2464 quidem
2434 2390 2666 2445 habetur
2693 2390 2750 2444 in
2773 2405 2842 2445 eo
2866 2389 2966 2445 fol.
3001 2391 3028 2445 1
3059 2399 3207 2446 recto
3239 2392 3295 2447 S.
3334 2391 3631 2463 Augustini
3661 2395 3780 2449 sel-'-

2177 2498 2266 2536 mo
2294 2480 2361 2536 de
2390 2481 2630 2552 Nuptiis,
2663 2480 2757 2553 qui
2805 2481 3011 2552 absque
3051 2481 3216 2536 titulo
3244 2481 3355 2537 inc.
3420 2506 3438 2528 ι
3461 2482 3678 2553 Nuptia
3712 2482 3778 2538 in

2174 2570 2376 2642 quibus
2395 2570 2646 2628 Christus
2678 2579 2731 2626 et
2763 2580 3100 2636 munerator,
3133 2577 3186 2626 et
3213 2571 3451 2626 conviva
3486 2571 3777 2640 decubuit,

2173 2669 2279 2716 etc.
2313 2686 2330 2709 ι
2372 2663 2495 2716 Des.
2535 2685 2552 2706 ι
2585 2662 2772 2734 Itaque
2800 2661 2885 2716 illi
2915 2660 3175 2717 desiccati
3223 2669 3355 2716 sunt
3384 2669 3437 2716 et
3465 2669 3730 2717 aruerunt
3759 2680 3775 2730 ;

2175 2765 2275 2806 nos
2308 2767 2438 2806 vero
2473 2750 2834 2818 comedimus,
2883 2759 2938 2806 et
2966 2749 3234 2818 bibimus,
3273 2757 3328 2805 et
3355 2750 3545 2806 refecti
3583 2767 3784 2807 sumus

2175 2856 2271 2913 per
2297 2840 2474 2912 ipsum
2503 2840 2682 2894 Iesum
2715 2839 3020 2907 Christum,
3060 2838 3156 2912 qui
3184 2839 3327 2894 vivit
3355 2855 3479 2895 cum
3511 2840 3689 2908 Patre,
3719 2849 3785 2898 et

2173 2945 2300 2986 cum
2324 2929 2533 3000 Spiritu
2567 2938 2756 2985 sancto
2783 2929 2842 2984 in
2881 2930 3083 2985 sacula
3113 2930 3461 2987 saculorum.
3502 2932 3701 2984 Amen.
3743 2953 3766 2977 ι

2175 3019 2334 3074 Hunc
2355 3034 2682 3086 sermonem,
2715 3018 2770 3072 in
2791 3035 2898 3090 quo
2930 3019 3274 3088 Augustinus
3302 3026 3488 3073 tuetur
3513 3017 3787 3074 adversus

2174 3107 2524 3174 Manichaos,
2555 3123 2680 3162 vere
2710 3106 2995 3164 Christum
3026 3106 3333 3161 instituisse
3362 3104 3636 3178 conjugia,
3680 3105 3790 3160 in-

475 3195 672 3262 velint,
704 3194 757 3250 id
792 3195 1067 3250 neminem
1103 3191 1369 3260 movebit,
1430 3190 1522 3262 qui
1566 3199 1772 3246 attente
1801 3191 2064 3247 conside—
2094 3226 2136 3286 Ο
2175 3207 2257 3254 ter
2281 3199 2455 3254 editos
2475 3197 2712 3268 reperire
2733 3212 2842 3252 non
2875 3195 3047 3266 potui,
3077 3195 3248 3250 Porro
3275 3195 3342 3250 de
3375 3194 3520 3249 bono
3549 3196 3787 3266 Νιιριίει-

476 3292 577 3352 ret,
612 3283 738 3339 illos
767 3283 834 3339 de
864 3284 933 3339 iis
963 3291 1174 3338 tantum
1205 3280 1551 3335 sermonibus
1582 3280 1755 3352 loqui,
1785 3298 1920 3353 quos
1959 3298 2064 3337 co-

474 3375 582 3431 dex
611 3391 640 3429 a
695 3390 814 3447 pag.
850 3375 951 3429 129
981 3370 1383 3441 complectitur,
1433 3388 1542 3426 non
1586 3387 1715 3427 vero
1744 3371 1810 3427 de
1840 3374 2062 3441 nostris,

481 3480 618 3538 quos
647 3464 952 3537 superiores
977 3459 1243 3517 exhibent
1265 3462 1506 3533 pagella,
1525 3462 1727 3536 quique
1747 3463 1806 3516 in
1826 3462 1939 3518 illis
1959 3463 2063 3519 cla-

534 3599 635 3729 ιςῖὶ
661 3599 878 3722 Parit]!5
895 3595 1007 3722 $13,
1039 3612 1158 3717 pa‘g.
1204 3596 1270 3652 16
1299 3605 1352 3654 et
1380 3614 1491 3670 seq.
1528 3599 1760 3668 (Nostra
1779 3597 1990 3653 Patrol.
2027 3603 2062 3652 t.

639 3712 652 3729 ,
682 3686 738 3721 σο
769 3709 780 3722 .
883 3698 917 3707 ·-
1007 3684 1105 3729 sq._

474 3667 652 3736 LVII,
682 3669 780 3738 col.
815 3667 990 3722 17-18
1007 3671 1113 3738 sq.)

550 3726 880 3811 (b)'Utinam
913 3726 1283 3811 modojindex
1314 3739 1406 3794 ille
1443 3745 1682 3794 exstaret
1715 3741 1726 3795 Ι
1787 3756 1889 3794 nos
1918 3739 2064 3811 enim

477 3809 728 3868 accurate
753 3817 806 3864 et
827 3809 1040 3865 erudite
1070 3809 1288 3865 doceret
1351 3827 1431 3866 ua
1453 3819 1654 3882 quanta
1695 3826 1764 3866 ue
1794 3809 2068 3882 pretiosis-

477 3881 616 3938 sima
645 3881 703 3936 in
723 3897 783 3936 ea
805 3881 936 3935 olim
955 3879 1292 3937 bibliotheca
1312 3828 1574 3938 (iuissent:
1600 3827 1694 3938 sed
1724 3881 1969 3936 externis
1985 3897 2065 3935 ar-

477 3881 616 3938 sima
645 3881 703 3936 in
723 3897 783 3936 ea
805 3881 936 3935 olim
955 3879 1292 3937 bibliotheca
1323 3879 1574 3948 fuissent;
1600 3879 1694 3938 sed
1724 3879 1969 3936 externis
1985 3897 2065 3935 ar-

481 3952 586 4008 mis
608 3953 818 4008 Italiam
851 3953 1604 4020 invadentibus,bibliotheca
1625 3969 1770 4008 anno
1804 3953 1939 4008 1809
1961 3969 2069 4007 ex-

478 4025 678 4097 pilata,
697 4039 810 4097 una
825 4040 949 4097 cum
979 4025 1148 4097 variis
1179 4041 1307 4097 mss.
1331 4023 1636 4092 codicibus,
1670 4023 1967 4097 multisque
1984 4039 2069 4097 ra-

477 4093 930 4166 rissimisllibris,
959 4103 1013 4150 et
1069 4096 1178 4166 hic,
1210 4095 1380 4166 index
1427 4111 1642 4166 pessum
1677 4096 1779 4150 ivit
1810 4093 2069 4166 nobisine

478 4181 678 4238 magno
708 4165 1324 4238 litterariareipublica
1344 4165 1694 4238 detrimento.
1730 4166 1827 4220 His
1847 4165 2069 4238 quidem

480 4235 610 4308 mss.
634 4236 887 4308 codicum
906 4237 962 4290 in
982 4235 1336 4308 bibliothecis
1351 4237 1793 4308 delitescentium
1812 4235 2072 4308 catalogis

479 4307 623 4380 nihil
645 4323 760 4363 esse
779 4307 1062 4380 utilius‘ad
1095 4307 1492 4380 exornandam,
1525 4307 2073 4380 amplificandam,et

480 4379 647 4434 altius
676 4377 1081 4450 provehendam
1116 4379 1562 4434 remlitterariam
1595 4377 1739 4450 apud
1768 4378 1961 4434 doctos
1981 4394 2073 4432 ex-

480 4449 755 4522 ploratum
786 4449 1206 4522 confessumque
1236 4457 1336 4522 est.
1379 4451 1607 4518 Verum,
1631 4449 1837 4522 prater
1863 4465 1924 4504 ea
1953 4465 2072 4522 qua

480 4519 644 4603 supra
699 4520 1018 4603 retulimus,
1068 4519 1184 4603 hac
1213 4521 1378 4603 etiam
1422 4519 1720 4603 praenotata
1751 4519 1985 4603 exstant
2002 4521 2073 4603 _de

482 4591 589 4649 hoc
617 4592 804 4665 codice
825 4592 894 4665 ab
913 4591 1351 4665 eminentissimo
1382 4591 1502 4648 viro
1523 4593 1581 4647 in
1611 4593 1813 4649 charta
1834 4593 2073 4665 plagula;

481 4679 604 4739 qua
633 4673 715 4721 est
743 4663 848 4736 ipsi
877 4661 1055 4720 codici
1091 4663 1147 4718 in
1179 4664 1358 4720 fronte
1403 4673 1604 4721 assuta.

1121 4772 1255 4830 Con.
1302 4773 1422 4829 134.

561 4863 822 4931 Continet,
841 4879 964 4935 pag.
987 4864 1036 4930 1,
1055 4880 1342 4918 sermonem
1371 4865 1426 4920 8.
1441 4863 1729 4934 Augustini
1747 4864 1808 4918 de
1827 4863 2041 4935 Nuptiis
2057 4880 2078 4928 ;

659 4953 694 5007 ᾳ
712 4935 924 5007 ῃα9.2,
950 4936 1111 4990 libros
1143 4935 1537 5007 Confessionum
1573 4936 1627 4991 8.
1664 4936 1968 5007 Augustini.

556 5006 613 5070 2,
659 5005 804 5074 {.80
831 5006 886 5060 S.
919 5006 1188 5061 Ambrosii
1213 5024 1381 5062 sermo
1411 5007 1474 5061 de
1505 5005 1760 5062 Caritate.

562 5077 617 5150 3,
732 5076 822 5150 81,
933 5078 1152 5150 Hieron.
1184 5079 1534 5150 Epitaphium
1566 5079 1620 5134 S.
1657 5079 1861 5150 Paula.

557 5148 614 5218 4,
654 5146 699 5219 f.
731 5146 822 5219 88,
856 5149 910 5219 8.
945 5149 1213 5203 Ambrosii
1233 5146 1410 5203 sermo
1440 5151 1503 5203 de
1533 5149 1791 5219 Perfecto.

555 5222 611 5289 5,
647 5217 692 5290 .
733 5218 822 5291 89,
843 5217 1088 5274 Cassiani
1103 5221 1406 5275 coltationes
1429 5217 1770 5291 septem-qua
1784 5219 2082 5275 suntabba-

631 5291 696 5346 tis
748 5290 1101 5345 Chare-monis
1149 5298 1197 5346 et
1240 5293 1326 5348 ab.
1359 5290 1569 5364 Ioseph,
1610 5290 1744 5348 etin
1779 5292 1930 5347 editis
1963 5297 2086 5346 sunt

631 5363 695 5417 ab
729 5363 790 5416 11
825 5362 896 5416 ad
922 5363 1005 5417 17.

629 5381 695 5418 αο
729 5381 790 5416 11
825 5381 896 5416 aa
922 5381 1005 5417 ll.

559 5434 615 5504 6,
642 5433 687 5506 f.
721 5432 846 5501 129,
878 5434 933 5506 8.
966 5433 1194 5492 Maximi
1249 5451 1508 5489 sermones
1561 5434 1651 5500 61,
1682 5435 1775 5505 qui
1832 5441 2003 5490 tamen
2029 5434 2087 5489 in

665 5507 758 5560 hoc
786 5505 955 5560 codice
986 5507 1296 5560 tribuuntur
1325 5507 1380 5562 8.
1413 5505 1713 5562 Ambrosio.

560 5575 614 5640 7,
643 5573 687 5644 f.
721 5576 930 5650 169.78.
981 5577 1204 5650 August.
1265 5593 1432 5650 sermo
1460 5578 1554 5650 dei
1571 5594 1626 5632 eo
1672 5579 1811 5649 quod
1837 5579 2089 5650 scriptum

667 5653 739 5718 est
769 5665 789 5712 ;
814 5648 912 5703 Hic
936 5655 1009 5703 est
1039 5647 1168 5717 dies,
1199 5665 1348 5718 quem
1367 5647 1488 5718 fecit
1516 5647 1792 5706 Dominus.

562 5713 628 5786 8,
651 5715 696 5786 f.
724 5718 848 5789 169,
881 5720 937 5778 8.
961 5713 1400 5790 Ηὶενοήῃῖεενπιὸ
1427 5720 1488 5775 de
1522 5721 1714 5778 Exodo
1739 5722 1793 5777 in
1815 5721 2088 5794 Quadrag.

2173 3305 2292 3344 rum
2311 3301 2617 3342 sermonem
2642 3284 2900 3340 habuisse
2919 3281 3290 3353 Augustinum
3321 3289 3533 3337 constat
3549 3298 3619 3338 ex
3634 3283 3788 3354 ejus-

2172 3377 2294 3434 dem
2350 3377 2676 3448 fragmento,
2737 3372 2884 3446 quod
2929 3388 2998 3428 ex
3047 3370 3196 3426 Beda
3233 3378 3287 3425 et
3322 3372 3483 3426 Floro
3535 3372 3788 3428 afferunt

2172 3466 2406 3524 Maurini
2440 3472 2480 3520 t.
2509 3465 2555 3521 V
2586 3481 2759 3536 oper.,
2792 3470 2932 3535 part.
2967 3478 3027 3529 ιι,
3059 3460 3165 3516 col.
3193 3460 3364 3527 1519;
3401 3467 3455 3514 at
3475 3461 3629 3515 nulla
3648 3477 3785 3517 cum

2243 3583 2300 3650 9,
2331 3581 2373 3651 Γ.
2414 3581 2534 3649 170,
2568 3582 2622 3636 8.
2644 3579 2871 3649 August.
2902 3593 3071 3651 sermo
3100 3575 3556 3651 adigompetentes
3584 3583 3632 3630 et
3661 3575 3786 3651 Gaf-

2318 3646 2658 3719 thecuménos,
2718 3646 2765 3705 et
2805 3667 2920 3720 usq.
2976 3648 3048 3703 ad
3085 3646 3129 3716 f.
3169 3650 3192 3720 7!
3209 3648 3297 3716 75,
3341 3655 3631 3720 sequuntur
3675 3647 3789 3702 alii

2315 3741 2593 3803 sermones,
2619 3724 2712 3794 qui
2739 3719 3049 3776 tribuuntur
3079 3721 3134 3774 in
3161 3719 3254 3774 hoc
3291 3720 3460 3775 codice
3495 3721 3558 3776 8.
3595 3719 3784 3790 Augu-

2249 3803 2573 3936 10ft;,ioi75,
2619 3864 2674 3922 8.
2712 3864 2964 3936 Hierony.
3013 3879 3184 3919 sermo
3232 3862 3295 3918 de
3323 3861 3516 3918 Exodo
3554 3859 3612 3914 in
3657 3858 3778 3930 Vig.

2249 3939 2572 4090 11ῗῗῗε1ιῗέ,
2603 4009 2658 4064 8.
2683 4006 2874 4064 Basilii
2892 4005 3145 4062 Instituta
3171 4005 3565 4071 monachorum,
3584 4003 3787 4074 Ruﬁno

2318 4086 2424 4134 inte
2497 4086 2618 4133 rete.
3739 4132 3745 4137 _

2251 4152 2336 4220 12,
2364 4151 2406 4222 f.
2430 4098 2566 4214 1ΞῚΟΟ,
2600 4149 2658 4222 8.
2678 4147 2914 4222 August.
2937 4163 3116 4222 sermo
3145 4148 3208 4203 de
3230 4144 3642 4222 Resurrectione,

2254 4216 2429 4280 Codex
2447 4221 2576 4275 mihi
2600 4216 2812 4274 videtur
2830 4219 3250 4290 antiquissimus,
3269 4227 3314 4274 et
3335 4216 3640 4287 conferendi
3658 4223 3788 4272 sunt

2177 4311 2438 4349 sermones
2466 4293 2658 4347 horum
2689 4293 2915 4346 Patrum
2942 4309 3058 4346 cum
3089 4292 3239 4346 editis
3267 4292 3586 4346 earumdem.

2249 4367 2334 4420 Ex
2363 4365 2452 4420 his
2473 4362 2657 4419 verbis
2685 4363 2916 4433 triapro
2946 4371 3132 4418 nostra
3151 4361 3421 4418 sententia
3440 4359 3780 4433 colligimus:

2179 4437 2439 4510 primum,
2473 4434 2758 4510 Besutium
2791 4431 2858 4510 S'._
2881 4433 3160 4510 Ambrosii
3192 4435 3417 4510 nomine
3452 4447 3622 4510 unum
3673 4431 3787 4486 Me-

2185 4504 2558 4564 diolanensem
2602 4504 2959 4560 Ambrosium
2990 4505 3366 4571 intellexisse;
3401 4519 3466 4559 eo
3493 4504 3638 4556 enim
3671 4516 3788 4556 no-

2103 4578 2152 4636 D
2186 4580 2333 4634 mine
2363 4577 2692 4648 simpliciter
2715 4575 2892 4648 utitur
2938 4577 3100 4648 etiam
3137 4592 3291 4648 num.
3329 4575 3384 4640 6,
3413 4573 3505 4628 ubi
3537 4579 3684 4648 certe
3715 4572 3788 4627 ad

2184 4643 2646 4723 Mediolanensem
2682 4647 2958 4723 respexit;
2989 4647 3208 4723 deinde,
3237 4661 3515 4723 sermones
3545 4643 3643 4698 bos
3673 4659 3790 4723 np-

2185 4731 2328 4777 stros
2357 4727 2418 4775 ut
2462 4721 2517 4774 S.
2565 4713 2808 4774 doctoris
2847 4735 3132 4788 germanos
3164 4713 3306 4774 fetus
3333 4717 3606 4788 habuisse,
3650 4713 3792 4788 alias

2187 4799 2428 4848 notasset
2455 4809 2467 4858 ;
2502 4807 2627 4845 nam
2661 4789 2807 4862 quod
2842 4786 3088 4862 spurium
3119 4806 3183 4844 ac
3203 4787 3554 4862 subdititium
3573 4801 3715 4862 opus
3736 4786 3790 4840 ei

2185 4864 2368 4920 visum
2399 4857 2498 4930 est,
2527 4857 2846 4919 constanter
2870 4857 3106 4925 notavit,
3143 4868 3203 4915 ut
3241 4877 3394 4914 num.
3428 4858 3461 4914 6
3489 4857 3638 4930 et9;
3678 4872 3794 4930 pq—

2187 4945 2411 5002 stremo,
2443 4928 2725 4989 sermones
2745 4948 2937 4988 omnes
2964 4948 3100 5003 quos
3120 4931 3213 4986 hic
3241 4931 3413 4987 codex
3434 4928 3662 5003 exhibet
3689 4928 3790 4983 SS.

2188 5001 2442 5080 Patribus
2469 5005 2760 5080 tribuisse,
2799 5011 2851 5058 et
2897 5001 3042 5080 inter
3083 5004 3208 5058 illos
3239 5001 3536 5080 nonnullos
3569 5007 3794 5080 putasse

2189 5078 2427 5134 ineditos
2464 5077 2744 5142 inveniri;
2790 5077 3004 5146 etenim,
3039 5073 3328 5146 postremis
3373 5072 3574 5137 verbis,
3607 5079 3668 5125 ut
3697 5086 3794 5146 eos

2190 5166 2467 5206 sermones
2497 5141 2805 5214 conferant,
2839 5145 2905 5201 ad
2947 5141 3094 5201 edita
3116 5147 3208 5200 SS.
3234 5145 3478 5209 Patrum,
3499 5149 3689 5214 etnon
3719 5141 3792 5214 ad

2191 5221 2424 5294 aliorum
2453 5219 2675 5294 scripta
2694 5212 2929 5294 lectores
2961 5215 3246 5294 amandat._
3275 5215 3337 5270 In
3365 5214 3471 5294 hoc
3498 5213 3712 5294 syllabo
3745 5212 3795 5294 is

2192 5293 2420 5366 quidem
2434 5283 2620 5366 seruio
2647 5291 2808 5366 desit,
2837 5289 2930 5366 qui
2964 5288 3202 5366 secundo
3233 5287 3352 5366 loco
3383 5285 3482 5366 hic
3503 5283 3650 5356 typis
3669 5283 3795 5363 vul-

2194 5356 2368 5435 gatur.
2403 5365 2499 5435 Ille
2533 5378 2663 5418 cum
2694 5356 3169 5435 breviss_imus__s_it,
3216 5367 3270 5435 et
3319 5357 3374 5412 in
3402 5356 3550 5435 calce
3579 5356 3794 5435 pagina

2193 5427 2404 5508 positus
2433 5434 2539 5508 viri
2571 5430 2998 5508 eminentissimi
3020 5429 3363 5508 diligentiam
3397 5427 3538 5499 fugit
3560 5427 3796 5507 ;_potius

2194 5496 2342 5562 enim
2371 5505 2720 5562 continuatio
2752 5502 2936 5575 primi,
2964 5496 3290 5572 quam'alter
3308 5496 3486 5556 sermo
3515 5496 3694 5571 primo
3710 5496 3793 5552 in-

2193 5578 2341 5634 tuito
2373 5578 2614 5634 videtur.

2273 5649 2340 5722 (c)
2371 5649 2498 5721 Pag.
2527 5645 2633 5712 174
2659 5652 2713 5702 et
2739 5660 2888 5718 seqq.
