3970 6374
215 385 329 444 773

1096 381 1466 440 SEBMONES
1503 379 1680 438 TBES
1719 379 1819 435 EX
1859 377 2116 438 CODICE
2154 376 2602 436 SESSORIANO.

3413 377 3516 435 774

213 514 322 570 illo
351 520 432 570 est
459 511 978 594 nostrbconsensio.
1013 510 1116 568 Hic
1144 528 1324 567 sermo
1353 527 1492 583 aegre
1520 509 1720 582 legitur
1750 509 1808 564 in
1847 509 1896 569 Α
1926 506 2202 579 Baptistae.
2228 531 2246 554 ι
2281 506 2434 563 Edit.
2466 507 2565 563 ubi
2595 523 2740 579 sup.,
2771 506 2832 562 iu
2860 505 3092 578 append.
3124 507 3230 564 col.
3265 506 3353 564 41.
3387 507 3515 564 Fol.

211 603 410 662 codice
431 611 550 660 tum
572 601 822 659 evanidis
846 610 1139 670 vetustate,
1163 610 1216 657 et
1235 600 1394 658 sorde
1415 600 1668 657 obductis
1685 599 1812 656 cha-

211 693 549 761 racteribus,
589 709 714 749 cum
744 691 800 746 in
831 693 944 747 oris
968 692 1402 764 circumquaque
1438 691 1585 747 carie
1613 690 1814 747 detrita

212 783 450 855 pagella.
477 783 593 837 Fol.
626 783 658 838 2
694 791 861 848 recto,
897 789 1204 854 sequuntur
1233 779 1480 852 ejusdem
1510 781 1564 837 S.
1604 783 1813 853 Augus-

212 873 326 928 tini
359 871 484 927 libri
516 871 581 926 13
610 870 1050 938 Confessionum,
1083 887 1316 944 quorum
1357 870 1555 926 titulus
1604 869 1681 924 ita
1704 907 1708 912 -
1732 876 1814 924 est

211 961 288 1017 ad
318 962 519 1017 calcem
554 960 674 1015 folii
707 961 732 1015 1
766 959 912 1016 versi
947 977 959 1015 :
1008 985 1025 1006 ι
1055 960 1206 1031 Incp.
1231 959 1360 1014 libri
1393 957 1810 1016 Coufessionum

211 1048 463 1122 ejusdem
499 1049 552 1105 S.
586 1047 901 1121 Augustini.
935 1072 953 1094 ι
999 1049 1114 1105 Ηοο
1153 1065 1289 1121 Opus
1318 1064 1430 1103 non
1479 1057 1563 1103 est
1601 1047 1812 1103 distin-

211 1148 370 1198 ctum
417 1140 474 1195 in
504 1139 702 1212 capita,
735 1148 788 1196 et
817 1137 1040 1195 uberem
1070 1155 1100 1194 a
1144 1139 1521 1196 Maurinorum
1569 1137 1812 1194 editione

212 1237 439 1302 praestat
476 1229 813 1285 variantium
858 1236 1093 1301 segetem
1131 1246 1230 1302 pro
1283 1245 1426 1286 nova
1465 1227 1807 1285 excudenda.

211 1319 339 1375 Fol.
377 1319 441 1377 79
468 1335 627 1375 verso
667 1337 679 1374 :
714 1319 860 1375 INCP.
893 1319 948 1376 S.
981 1322 1230 1375 Annos:
1260 1335 1439 1375 sunmo
1467 1336 1540 1374 os
1570 1317 1810 1374 Camn-

209 1425 284 1464 ’τε
335 1424 408 1464 nx
443 1425 708 1466 LECTIONE
745 1394 835 1468 8ῖι
873 1410 1047 1466 PAULI
1073 1426 1332 1466 arosrom
1369 1426 1581 1464 cornua
1611 1424 1809 1472 sucos,

209 1513 312 1562 om
332 1515 487 1556 coms
514 1516 796 1564 mvmunr.
828 1500 924 1573 qui
953 1515 1136 1556 sermo
1165 1498 1258 1555 hic
1277 1498 1440 1554 tertio
1475 1497 1600 1553 lobo
1624 1499 1808 1569 vulga-

207 1596 325 1646 tur.
358 1590 477 1646 Fol.
511 1589 578 1646 81
616 1590 858 1659 recto,S.
885 1589 1209 1662 Hieronymi
1239 1588 1578 1662 epitaphium
1610 1595 1809 1644 sanctae

203 1677 390 1734 Paulae
408 1695 532 1735 cum
561 1680 858 1752 epigrapho
890 1697 901 1733 :
948 1703 966 1726 ‹
998 1680 1149 1750 Incp.
1184 1677 1467 1750 epitaﬁum
1510 1677 1638 1748 (sic)
1669 1692 1810 1733 san-

203 1776 314 1825 ctae
336 1768 516 1824 Paula
546 1786 576 1824 a
605 1767 766 1824 beato
791 1769 1132 1840 Hieronymo
1161 1766 1297 1839 prbo
1327 1766 1554 1822 factum.
1588 1791 1605 1813 ιι
1649 1764 1807 1836 Ejus-

1924 595 2025 652 132
2046 603 2217 662 recto,
2238 611 2298 651 vr
2323 613 2335 652 :
2367 596 2551 667 «Incp.
2577 595 2747 652 alium
2771 594 2897 668 (sic)
2921 593 2990 650 de
3010 594 3188 651 natale
3207 594 3501 668 ejusdem.-

1921 687 2074 743 Edit.
2096 685 2240 757 apud
2261 684 2316 741 8.
2342 683 2693 741 Ambrosium
2728 683 2873 740 inter
2900 683 3086 756 spuria
3114 685 3219 742 col.
3241 685 3367 741 570.
3393 685 3510 741 Fol.

1922 783 2016 842 cit.
2052 800 2230 852 verso,
2261 801 2377 840 vn:
2427 808 2444 830 ι
2475 785 2624 855 Ιιιορ.
2659 784 2725 841 de
2753 783 2942 840 Natale
2971 783 3065 840 SS.
3103 782 3248 839 Petri
3277 790 3331 838 et
3359 783 3513 839 Pauli

1923 871 2320 941 apostolorum.
2354 896 2372 917 ι
2426 870 2575 926 Edit.
2609 870 2756 941 apud
2786 870 2842 925 8.
2871 870 3197 938 Maximum,
3247 870 3354 927 col.
3385 869 3511 926 577.

1923 959 2042 1014 Fol.
2071 957 2171 1015 133
2192 965 2362 1028 recto,
2383 976 2484 1015 vm
2505 977 2516 1014 :
2539 983 2556 1005 ι
2579 960 2729 1031 Incp.
2753 958 2820 1014 de
2831 960 3010 1014 natale
3034 958 3089 1014 8.
3118 957 3381 1031 Cypriani
3404 957 3514 1030 epi-

1921 1046 2094 1118 scopi.
2127 1071 2145 1093 ι
2195 1046 2342 1102 Edit.
2378 1047 2472 1102 ubi
2503 1065 2604 1120 sup
2637 1092 2651 1116 ,
2683 1047 2790 1104 col.
2824 1046 2951 1103 255.
2983 1047 3102 1102 Fol.
3135 1045 3231 1104 cit.
3257 1047 3314 1103 in
3344 1049 3509 1117 calce,

1923 1148 1982 1188 ιχ
2012 1151 2023 1188 :
2078 1157 2095 1180 ‹
2115 1133 2251 1189 Item
2283 1134 2565 1206 sequentia
2584 1133 2650 1190 de
2671 1132 2861 1189 eodem
2888 1147 3157 1189 sermone.
3181 1155 3199 1178 ι
3235 1131 3386 1187 Edit.
3417 1132 3512 1188 ubi

1921 1237 2107 1293 supra,
2138 1222 2222 1278 col
2254 1222 2378 1280 595.
2411 1224 2532 1279 Fol.
2563 1222 2658 1280 cit.
2692 1239 2875 1289 verso,
2907 1239 2944 1276 x
2974 1239 2986 1277 :
3056 1244 3074 1269 ι
3104 1221 3254 1294 Incp.
3285 1220 3354 1277 de
3381 1236 3514 1293 pas-

1920 1318 2073 1374 sione
2096 1320 2183 1375 vel
2206 1321 2374 1376 natali
2397 1328 2736 1390 sanctorum,
2759 1319 2816 1377 id
2838 1328 2939 1390 est,
2965 1318 3429 1388 Octavi,Adventi
3457 1325 3513 1374 et

1919 1415 2192 1473 Solutoris
2226 1417 2501 1474 Taurinis.
2534 1442 2552 1466 -
2597 1418 2746 1474 Edit.
2781 1417 2876 1474 ubi
2902 1434 3051 1490 sup.,
3081 1417 3188 1474 col.
3221 1415 3344 1472 261.
3388 1415 3507 1473 Fol.

1922 1502 2024 1560 134
2048 1515 2220 1575 recto,
2241 1523 2301 1562 ιιι
2326 1525 2337 1562 :
2377 1531 2394 1552 ε
2411 1507 2562 1578 Incp.
2586 1507 2654 1562 de
2677 1507 2851 1579 gratia
2872 1504 3159 1580 Baptismi.
3184 1528 3201 1551 ι
3239 1503 3390 1561 Edit.
3415 1503 3511 1560 ubi

1917 1609 2040 1666 sup.
2073 1595 2179 1650 col.
2211 1596 2334 1652 617.
2367 1597 2485 1652 Fol.
2518 1597 2613 1653 cit.
2648 1613 2826 1665 verso,
2857 1613 2938 1653 xu
2967 1615 2979 1652 :
3026 1621 3044 1643 ι
3073 1597 3210 1652 Item
3240 1594 3308 1651 de
3340 1595 3510 1652 natali
3593 1617 3596 1620 ·

1919 1690 2249 1755 martyrum.
2272 1709 2290 1731 ι
2322 1685 2474 1742 Edit.
2501 1685 2595 1741 ubi
2613 1702 2762 1758 sup.,
2787 1686 2894 1742 col.
2919 1685 3042 1741 617.
3067 1685 3185 1740 Fol.
3218 1684 3319 1740 135
3339 1690 3508 1752 recto,

1919 1788 2053 1828 xm:
2093 1797 2111 1820 ι
2139 1775 2291 1846 Incp.
2327 1774 2394 1830 de
2423 1775 2593 1830 natali
2613 1774 2707 1830 SS.
2731 1773 2911 1842 Canti,
2944 1773 3196 1832 Cantiani
3223 1780 3277 1830 et
3296 1772 3511 1830 Cantia-

204 1854 336 1912 dem
359 1862 416 1913 1n
448 1858 557 1914 ﬁne
587 1858 784 1914 titulus
823 1857 1060 1930 sepulcri
1090 1858 1291 1928 legitur
1332 1856 1532 1913 litteris
1560 1856 1808 1912 unciali-
1837 1869 1883 1930 Β
1917 1860 2088 1918 uillas.
2121 1888 2140 1911 ι
2189 1861 2342 1918 Edit.
2373 1861 2469 1918 ubi
2508 1878 2652 1934 sup.,
2693 1863 2800 1919 col.
2845 1861 2969 1918 615.
3021 1861 3139 1916 Fol.
3173 1860 3269 1917 cit.
3327 1875 3506 1928 verso,

197 1953 332 2022 bus,
359 1963 413 2010 et
437 1953 506 2009 ad
538 1955 688 2012 illam
721 1955 950 2010 formam
988 1954 1303 2023 elaboratis,
1337 1971 1500 2027 quam
1534 1957 1700 2028 vulgo
1733 1955 1806 2012 la-

203 2044 368 2116 pides
411 2045 670 2114 retinent,
710 2045 1078 2118 conscriptus,
1116 2046 1175 2101 in
1213 2062 1322 2119 quo
1354 2053 1571 2101 mortua
1602 2045 1810 2102 dicitur

204 2131 398 2203 Paula,
425 2135 666 2190 Honorio
707 2136 945 2206 Augusto
978 2152 1035 2190 v1
1083 2142 1130 2190 et
1153 2135 1480 2190 Aristhenito
1527 2135 1804 2206 consulib.,

205 2241 324 2282 non
357 2227 651 2296 Arestenio,
683 2235 746 2283 ut
776 2232 832 2284 iu
863 2229 997 2286 edit.
1029 2246 1178 2302 oper.
1211 2230 1265 2286 S.
1291 2231 1616 2303 Hieronymi
1643 2231 1805 2288 habe-

209 2328 307 2377 tur
332 2322 565 2380 Mariaui
598 2325 860 2394 Victoris,
893 2341 992 2382 nec
1019 2327 1355 2394 Aristwneto,
1389 2335 1450 2382 ut
1483 2327 1807 2384 Parisiensis

211 2411 386 2468 editio
410 2420 547 2468 tom.
577 2412 671 2481 ιν,
709 2414 818 2471 col.
849 2414 974 2481 669,
1006 2421 1060 2469 et
1089 2414 1424 2471 Veronensis
1457 2425 1592 2472 tom.
1617 2416 1661 2484 Ι,
1693 2417 1802 2472 col.

205 2500 334 2570 689,
368 2501 626 2559 retinent.
663 2503 783 2559 Fol.
815 2503 884 2560 88
913 2511 1062 2560 recto
1095 2504 1259 2560 :INCP.
1291 2520 1470 2560 sanato
1493 2503 1547 2560 S.
1581 2507 1803 2560 AMBRO-

209 2589 260 2646 si
291 2606 363 2646 nn
388 2589 695 2660 Pnnruc'ro,
729 2592 824 2665 qui
853 2592 1064 2666 primus
1103 2593 1160 2650 in
1191 2593 1384 2649 ordine
1414 2609 1564 2650 nunc
1595 2593 1804 2666 prodiit

204 2679 268 2736 in
295 2679 496 2738 lucem.
529 2681 648 2737 Fol.
679 2680 777 2738 cit.
806 2697 965 2738 verso
1001 2699 1012 2737 :
1059 2682 1205 2738 luce.
1245 2699 1490 2738 muscum
1519 2698 1802 2739 anvnusus

1919 1967 2079 2007 xnu:
2132 1976 2150 2000 ε
2177 1952 2314 2007 Item
2345 1951 2412 2008 de
2439 1951 2610 2008 natali
2640 1958 2976 2008 sanctorum.
3010 1976 3028 1998 ι
3070 1949 3220 2006 Edit.
3243 1950 3336 2007 ubi
3359 1966 3506 2023 sup.,

1916 2039 2023 2096 col.
2048 2039 2170 2095 621.
2203 2040 2323 2096 Fol.
2350 2041 2450 2097 136
2474 2048 2644 2109 recto,
2671 2057 2780 2096 xv:
2820 2064 2838 2089 ι
2865 2040 3015 2112 Incp.
3039 2038 3106 2095 de
3125 2055 3190 2095 eo
3210 2038 3356 2112 quod
3377 2039 3508 2096 scri-

1918 2135 2073 2200 ptum
2103 2135 2184 2184 est
2208 2128 2266 2184 in
2297 2130 2529 2186 Aaibus
2555 2130 2967 2203 apostolorum:
3020 2131 3200 2186 Erant
3227 2129 3301 2184 eis
3329 2131 3505 2188 omnia

1914 2221 2210 2275 communia
2249 2220 2396 2293 (sic),
2442 2231 2498 2278 et
2525 2221 2592 2277 de
2622 2221 2778 2290 Cain,
2821 2229 2875 2276 et
2902 2220 2968 2276 de
2994 2221 3249 2276 Anuania
3295 2220 3446 2292 (sic).
3473 2245 3492 2269 ι

1915 2307 2066 2364 Edit.
2097 2308 2193 2364 ubi
2215 2325 2359 2381 sup.,
2381 2310 2488 2366 col.
2513 2309 2636 2366 429.
2662 2310 2780 2366 Fol.
2806 2309 2902 2366 cit.
2928 2325 3105 2376 verso,
3130 2325 3228 2365 xvr
3253 2327 3264 2366 :
3313 2333 3331 2357 ι
3352 2311 3502 2382 Incp.

1915 2397 2198 2469 sequentia
2224 2397 2291 2453 de
2321 2397 2576 2466 avaritia,
2597 2406 2652 2454 et
2669 2397 2736 2454 de
2757 2399 2990 2454 Anania.
3011 2421 3030 2445 ι
3063 2397 3213 2454 Edit.
3239 2397 3334 2453 ubi
3358 2413 3504 2470 sup.,

1913 2493 2020 2550 col.
2055 2493 2179 2550 323.
2200 2495 2318 2551 Fol.
2355 2495 2456 2551 137
2485 2502 2656 2564 recto,
2674 2512 2793 2551 xvu
2821 2514 2832 2551 :
2871 2520 2889 2544 ι
2920 2496 3070 2568 Incp.
3102 2493 3507 2552 exhortatioad

1913 2582 2148 2654 plebem,
2199 2591 2253 2640 et
2284 2583 2351 2640 de
2375 2601 2440 2641 eo
2468 2585 2616 2658 quod
2649 2585 2914 2657 scriptum
2944 2593 3025 2642 est
3071 2586 3128 2641 in
3166 2585 3501 2658 Evangelio:

1913 2672 2061 2728 Sicut
2085 2672 2274 2744 fulgur
2300 2675 2363 2729 de
2390 2675 2486 2729 sub
2513 2676 2640 2730 calo
2661 2693 2681 2740 ;
2706 2675 2784 2730 ita
2813 2675 2916 2730 erit
2943 2676 3197 2731 adventus
3216 2675 3319 2748 ﬁlii
3339 2675 3504 2730 homi-

197 2786 302 2831 nes
335 2788 428 2835 om
457 2787 1084 2840 mcumgossnssromw
1101 2789 1211 2829 NON
1235 2789 1683 2841 nrsrnanuunau,
1702 2791 1799 2829 suo
1905 2763 1989 2818 πίε
2008 2782 2030 2829 ;
2052 2772 2106 2820 ει
2132 2765 2201 2822 de
2228 2765 2443 2822 duobus
2464 2767 2521 2822 in
2550 2767 2691 2824 lecto
2722 2782 2854 2824 uno.
2877 2793 2895 2816 ι
2919 2767 3070 2824 Edit.
3100 2767 3196 2823 ubi
3226 2783 3372 2840 sup.,
3393 2767 3502 2824 col.

198 2885 506 2926 FRUCTIBUS
543 2886 976 2926 MISERICORDIAM
1010 2885 1345 2936 FACIENDAM,
1502 2885 1681 2925 sermo
1712 2886 1800 2926 SB-

201 2958 452 3015 cundum
475 2959 534 3014 in
551 2957 639 3014 his
658 2959 808 3015 foliis
827 2957 932 3014 sibi
955 2957 1200 3014 vindicat
1223 2959 1424 3013 locum.
1449 2958 1568 3012 Fol.
1595 2957 1664 3014 89
1687 2975 1796 3015 rec-

201 3054 296 3104 to:
331 3046 556 3105 Joannis
578 3048 819 3106 Cassiani
841 3047 1161 3104 collationes
1183 3048 1212 3102 7
1236 3047 1456 3102 Patrum
1478 3045 1797 3116 Thebaidis,

201 3153 442 3210 quarum
460 3139 517 3194 in
539 3138 716 3196 fronte
737 3139 936 3210 legitur
959 3155 970 3193 :
1011 3163 1028 3185 ι
1048 3137 1176 3194 Haec
1191 3136 1383 3193 insunt
1405 3138 1458 3191 in
1483 3135 1588 3192 hoc
1607 3137 1797 3192 codice

1903 2850 1957 2907 5.
1992 2853 2109 2909 Fol.
2146 2853 2248 2912 138
2268 2862 2438 2920 recto,
2463 2872 2606 2911 xvm
2633 2873 2644 2910 :
2675 2880 2693 2901 ι
2715 2857 2868 2929 Incp.
2892 2855 2959 2912 de
2976 2857 3280 2930 sequentia.
3303 2881 3323 2904 ι
3348 2855 3500 2912 Edit.

1907 2941 2002 2997 ubi
2033 2959 2178 3014 sup.,
2201 2945 2308 3002 col.
2329 2947 2384 3002 9.
2409 2946 2528 3002 Fol.
2548 2946 2644 3002 cit.
2672 2962 2853 3015 verso,
2881 2963 3006 3002 ιίιιιι
3032 2963 3044 3001 ;
3083 2971 3101 2994 ι
3127 2946 3279 3018 Incp.
3307 2945 3375 3002 de
3401 2944 3496 3001 ho-

1912 3029 2230 3102 spitalitate.
2265 3059 2284 3082 ι
2326 3033 2477 3090 Edit.
2501 3033 2598 3089 ubi
2614 3050 2759 3107 sup.,
2781 3035 2889 3090 col.
2909 3033 3034 3090 645.
3063 3033 3184 3090 Fol.
3207 3034 3308 3090 139
3330 3041 3502 3103 recto,

1909 3133 2015 3174 xx:
2038 3119 2285 3191 ulncp.de
2300 3121 2745 3193 eleemosynis,et
2771 3122 2868 3178 ubi
2889 3122 3032 3178 sedit
3055 3121 3325 3178 Dominus
3346 3123 3503 3179 .lesus

203 3209 534 3282 collationes
572 3209 811 3299 septem,
851 3229 905 3284 id
958 3235 1059 3296 est,
1090 3226 1302 3282 abbatis
1333 3226 1705 3284 Chaeremonis
1730 3225 1796 3282 de

1913 3222 2074 3280 super
2103 3215 2329 3280 puteum
2360 3209 2637 3264 Samaria.
2672 3235 2690 3258 ι
2740 3209 2892 3265 Edit.
2925 3209 3022 3265 ubi
3052 3225 3202 3281 sup.,
3232 3211 3338 3265 col.
3374 3209 3499 3268 325.

202 3313 561 3387 perfectione,
592 3297 836 3387 ejusdem
872 3316 939 3371 de
982 3315 1254 3383 castitate,
1294 3313 1539 3385 ejusdem
1573 3315 1640 3371 de
1661 3332 1797 3387 pro—
1905 3297 2024 3387 FP];
2055 3297 2152 3352 οίῖ·
2186 3312 2364 3387 νοτες),
2395 3313 2523 3387 Χᾚε
2588 3321 2607 3344 ⁸
2631 3298 2892 3387 Ρτξθῗδῖίο
2940 3298 3027 3387 ῨῨῘ
3071 3297 3375 3370 increpatio
3432 3299 3502 3355 ad

201 3385 561 3457 tectionéDei
585 3385 842 3467 {abbatis
866 3402 1158 3458 Nestoritis
1187 3401 1266 3457 de
1281 3402 1515 3472 spiritali
1546 3385 1792 3471 scientia,

203 3488 455 3562 ejusdem
476 3489 544 3547 de
572 3490 997 3547 charismatibus
1011 3489 1251 3558 divinis;
1284 3489 1496 3546 abbatis
1516 3489 1715 3562 Ioseph
1730 3490 1797 3546 de

201 3579 472 3646 amicitia,
495 3578 736 3651 ejusdem
766 3579 834 3635 de
859 3579 1192 3635 definiendo.
1221 3604 1240 3627 ι
1284 3578 1526 3650 Singulis
1554 3579 1797 3636 collatio-

200 3665 372 3723 nibus
398 3666 768 3738 capitulorum
786 3667 936 3723 tituli
960 3673 1089 3723 sunt
1106 3666 1378 3738 inscripti,
1395 3675 1450 3722 et
1477 3667 1657 3740 primo
1678 3668 1799 3724 loco

203 3754 435 3827 ponitur
464 3755 714 3826 praefatio
744 3755 812 3812 ad
848 3755 1186 3812 Honoratum
1217 3763 1272 3812 et
1311 3740 1670 3825 Eucherium,
1704 3759 1798 3830 qui

201 3851 388 3900 tamen
421 3860 532 3899 non
561 3845 921 3901 nominantur
949 3844 1006 3900 in
1032 3844 1243 3902 codice.
1263 3845 1749 3916 Exstantvulgatas
1768 3863 1801 3903 a

201 3947 364 3989 num.
404 3932 466 3987 11
498 3931 568 3988 ad
597 3933 662 3988 17
692 3933 752 3988 iu
780 3932 912 3989 edit.
946 3933 1189 3990 Romana
1241 3933 1372 3988 anni
1422 3933 1552 3989 1611
1608 3933 1800 3990 formis

201 4035 408 4076 excusa
435 4036 662 4076 camerae
687 4021 1020 4092 apostolicae.
1052 4021 1172 4078 Fol.
1207 4020 1309 4077 129
1332 4030 1502 4090 recto,
1525 4021 1800 4094 incipiunt

204 4123 482 4164 sermones
512 4109 690 4181 prima
717 4126 885 4165 manu
927 4111 983 4166 S.
1034 4110 1277 4166 Maximo
1330 4111 1678 4179 Taurinensi,
1703 4128 1800 4168 se—

206 4197 388 4256 cunda
417 4215 582 4256 manu
603 4198 658 4255 8.
687 4199 982 4256 Ambrosio
1001 4198 1221 4268 tributi,
1247 4207 1301 4255 et
1328 4199 1511 4255 denuo
1536 4201 1798 4257 recentio-

207 4285 259 4342 ri
288 4287 558 4358 scriptura
581 4287 636 4344 S.
665 4288 910 4344 Maximo
941 4287 1202 4357 restituti,
1235 4305 1371 4361 quos
1400 4288 1569 4345 index
1598 4289 1800 4347 titulo-

207 4388 332 4428 rum
356 4375 632 4446 praacedit,
663 4377 722 4431 in
743 4393 875 4450 quo,
899 4385 960 4433 ut
983 4376 1097 4450 jam
1128 4378 1464 4446 notavimus,
1486 4380 1798 4452 septuagin-

208 4468 512 4534 taquatuor
535 4465 684 4521 tituli
708 4475 1081 4534 recensentur,
1100 4473 1154 4522 et
1183 4465 1380 4521 iterato
1409 4481 1562 4523 num.
1587 4467 1673 4536 13,
1691 4477 1801 4526 tres

207 4555 265 4604 et
279 4553 634 4642 septuaginta
664 4560 1044 4611 numerantur.
1080 4554 1167 4608 Ex
1197 4570 1260 4609 eo
1290 4563 1402 4610 tres
1428 4561 1481 4610 et
1511 4557 1798 4628 sexaginta
1828 4583 1877 4642 ι)

208 4638 417 4710 priores
443 4641 636 4698 titulos
663 4644 934 4717 excerpsit
963 4644 1029 4699 P.
1068 4643 1288 4700 Brunus
1325 4642 1381 4699 S.
1411 4643 1640 4700 Maximi
1680 4645 1800 4702 edi-

208 4735 314 4797 tor,
347 4738 419 4799 et,
448 4739 512 4788 ut
548 4749 714 4806 supra
737 4735 918 4804 innui,
952 4751 1072 4808 pag.
1115 4735 1216 4792 174
1248 4735 1306 4790 in
1339 4735 1554 4792 notitiis
1583 4737 1802 4808 praeviis

208 4817 479 4891 vulgavit,
508 4821 641 4878 dum
681 4823 748 4880 de
787 4824 1071 4882 codicibus
1101 4825 1232 4898 agit,
1259 4825 1537 4898 quibusin
1569 4843 1668 4882 sua
1689 4827 1800 4884 edi-

208 4909 360 4968 tione
391 4912 707 4971 adornanda
733 4932 865 4972 usus
887 4924 988 4972 est.
1023 4917 1137 4972 Hoc
1158 4933 1288 4972 vero
1318 4916 1531 4985 ordine,
1570 4925 1624 4973 et
1651 4917 1801 4974 hisce

207 5000 388 5057 titulis
417 5001 473 5058 in
505 5020 730 5077 corpore
759 5004 1021 5063 codicisii
1048 5022 1326 5062 sermones
1357 5005 1650 5062 habentur.
1679 5007 1796 5062 Fol.

213 5089 314 5146 129
337 5106 515 5160 verso,
551 5094 576 5148 1
610 5111 621 5148 :
668 5096 850 5168 «Incp.
876 5111 1055 5151 sermo
1075 5096 1142 5150 de
1164 5097 1342 5152 natale
1363 5078 1544 5155 ssFum
1570 5096 1718 5153 Petri
1748 5103 1802 5153 et

211 5177 365 5235 Pauli
394 5184 788 5254 apostolorum.
823 5210 843 5235 ι
884 5185 1083 5242 Editus
1111 5197 1192 5243 est
1228 5189 1372 5260 apud
1398 5191 1453 5246 S.
1495 5190 1799 5246 Maximum

210 5268 394 5325 Romae
425 5286 686 5329 excusum
717 5290 806 5330 an.
851 5275 1008 5344 1784,
1041 5277 1147 5333 col.
1189 5277 1312 5335 229.
1344 5280 1462 5336 Fol.
1497 5278 1598 5336 130
1627 5285 1799 5351 recto,

211 5372 284 5413 ιιι
332 5381 350 5407 ι
378 5359 531 5434 Ιιιορ.
563 5361 631 5418 de
662 5379 853 5420 eorum
883 5367 1080 5421 natale.
1109 5389 1128 5414 ι
1164 5366 1312 5423 Edit.
1349 5367 1442 5422 ubi
1475 5383 1664 5439 supra,
1691 5367 1798 5424 col.

211 5445 333 5504 573.
369 5448 488 5505 Fol.
518 5451 614 5507 cit.
645 5469 826 5522 verso,
856 5471 918 5511 ιιι
943 5472 954 5510 :
977 5479 994 5502 ι
1023 5455 1176 5528 Incp.
1206 5455 1274 5511 de
1302 5458 1599 5528 margarita
1621 5456 1801 5512 Evan-

214 5544 360 5618 gelii.
389 5546 577 5604 nEdit.
603 5550 699 5608 ubi
731 5568 914 5624 supra,
935 5552 1041 5609 col.
1065 5552 1188 5611 389.
1211 5555 1331 5611 Fol.
1359 5554 1455 5611 131
1487 5561 1658 5624 recto,
1695 5572 1751 5612 IV
1783 5571 1796 5612 :

229 5657 247 5682 ι
275 5634 427 5708 Incp.
458 5636 527 5692 de
561 5639 740 5696 natale
768 5639 823 5696 8.
851 5640 1129 5700 Laurenti.
1166 5641 1351 5702 nEdit.
1383 5643 1480 5701 ubi
1509 5661 1658 5718 sup.,
1690 5645 1796 5703 col.

215 5721 336 5784 579.
370 5723 489 5781 Fol.
523 5727 620 5784 cit.
654 5744 884 5798 verso,v
912 5741 974 5784 τ’·
1006 5732 1157 5806 Incp.
1191 5731 1259 5790 de
1290 5733 1472 5792 natale
1492 5734 1548 5793 8.
1571 5732 1800 5794 Joannis

1908 3384 2144 3456 plebem.
2178 3410 2196 3433 ι
2246 3386 2398 3442 Edit.
2435 3386 2493 3441 in
2517 3386 2749 3458 append.
2785 3396 2920 3442 tom.
2954 3385 3004 3443 V
3031 3401 3181 3458 Oper.
3215 3388 3269 3442 S.
3294 3388 3499 3459 Augu-

1911 3473 2066 3542 stini,
2113 3490 2268 3530 num.
2300 3476 2389 3531 87.
2439 3475 2557 3530 Fol.
2600 3475 2702 3531 140
2745 3483 2916 3543 recto,
2958 3490 3113 3530 xxn:
3179 3497 3198 3522 ι
3226 3474 3378 3546 Incp.
3430 3473 3498 3529 de

1910 3579 2078 3636 grano
2111 3564 2355 3636 synapis,
2385 3571 2440 3618 et
2468 3565 2536 3621 de
2563 3564 2618 3620 S.
2649 3565 2947 3621 Laurentio
2977 3571 3237 3636 martyre.
3270 3588 3289 3612 ι
3341 3562 3495 3621 Edit.

1907 3661 2052 3734 apud
2107 3660 2162 3718 S.
2225 3662 2528 3718 Maximum
2562 3706 2578 3732 ,
2623 3663 2730 3720 col.
2792 3662 2878 3719 36.
2949 3663 3068 3719 Fol.
3139 3663 3235 3720 cit.
3291 3679 3493 3735 verso,

1909 3767 2085 3807 xxm:
2159 3775 2177 3799 ι
2205 3751 2501 3824 Sequentia
2541 3752 2610 3808 de
2657 3768 2824 3824 grano
2879 3752 3088 3826 sinapis
3132 3751 3486 3826 superiore.»

1907 3838 2059 3895 Edit.
2100 3839 2197 3896 ubi
2244 3857 2392 3913 sup.,
2434 3843 2541 3897 col.
2580 3841 2871 3898 365.'Fol.
2923 3841 3018 3898 141
3073 3851 3245 3908 recto,
3293 3858 3496 3900 xxnn:

1923 3951 1942 3976 ι
1972 3929 2122 3999 Incp.
2153 3927 2220 3984 de
2251 3930 2306 3984 id
2340 3930 2468 4001 (sic)
2500 3932 2645 4003 quod
2675 3930 2942 4002 scriptum
2971 3937 3051 3987 est
3082 3948 3094 3987 :
3144 3931 3362 3988 Reddite
3386 3946 3504 4002 qua!

1908 4016 2008 4072 Dei
2033 4023 2156 4072 sunt
2182 4017 2314 4084 Deo,
2355 4027 2410 4074 et
2439 4016 2507 4073 de
2536 4018 2926 4075 militantibus.
2960 4042 2977 4065 ι
3040 4017 3192 4076 Edit.
3228 4018 3322 4074 ubi
3353 4035 3501 4092 sup.,

1907 4105 2014 4163 col.
2045 4106 2168 4164 375.
2203 4107 2319 4163 Fol.
2355 4106 2458 4162 142
2487 4113 2658 4176 recto,
2687 4123 2804 4163 xxv
2831 4124 2842 4163 :
2881 4129 2900 4154 ι
2920 4107 3072 4180 Incp.
3107 4105 3175 4163 de
3204 4107 3394 4165 eodem
3422 4123 3503 4163 se-
3598 4175 3600 4178 τ

1909 4197 2152 4267 quentia.
2182 4219 2200 4243 ι
2255 4196 2406 4251 Edit.
2438 4195 2532 4251 ubi
2565 4212 2711 4269 sup.,
2746 4197 2854 4252 col.
2887 4196 3010 4253 347.
3037 4198 3158 4253 Fol.
3190 4197 3288 4255 cit.
3317 4213 3500 4267 verso,

1908 4299 2081 4340 xxvr:
2132 4286 2315 4358 «Incp.
2347 4285 2414 4342 de
2443 4301 2500 4341 eo
2533 4285 2731 4357 (deest)
2764 4286 2911 4359 quod
2944 4287 3210 4359 propheta
3235 4287 3314 4344 ait
3341 4287 3408 4343 ad
3439 4287 3498 4342 ﬁ-

1909 4372 2032 4442 lios,
2060 4373 2303 4432 scilicet:
2337 4374 2610 4446 Caupaues
2637 4375 2810 4430 uestri
2837 4376 3061 4432 miscunt
3083 4393 3282 4448 aquam
3309 4377 3484 4434 uino.-

1908 4460 2058 4518 Edit.
2109 4463 2204 4520 ubi
2252 4481 2399 4537 sup.,
2436 4464 2543 4521 col.
2573 4463 2698 4520 339.
2765 4465 2884 4520 Fol.
2937 4463 3037 4520 143
3089 4473 3258 4532 recto,
3295 4480 3494 4522 xxvn:

1921 4575 1939 4599 ε
1968 4553 2120 4625 Incp.
2167 4553 2234 4608 de
2264 4554 2473 4626 pSalmo
2501 4569 2621 4620 xxx,
2672 4559 2726 4606 et
2772 4552 2840 4609 de
2884 4553 3135 4624 passione
3185 4553 3432 4610 Domini.
3463 4578 3484 4602 ι

1907 4639 2058 4697 Edit.
2109 4641 2204 4697 ubi
2235 4659 2379 4714 sup.,
2431 4643 2537 4698 col.
2596 4639 2715 4694 137.
2765 4640 2883 4696 Fol.
2919 4639 3019 4697 144
3048 4649 3221 4709 recto,
3272 4656 3492 4698 xxvm:

1923 4761 1941 4784 ι
1972 4739 2122 4812 Incp.
2157 4739 2225 4796 de
2253 4739 2559 4797 defectione
2591 4742 2756 4797 lunas.
2785 4763 2804 4788 ι
2857 4737 3010 4794 Edit.
3063 4737 3158 4794 ubi
3190 4754 3336 4810 sup.,
3385 4739 3495 4796 col.

1908 4827 2032 4884 333.
2083 4830 2199 4885 Fol.
2233 4829 2328 4885 cit.
2371 4846 2546 4897 verso,
2595 4845 2836 4885 xxvnn:
2901 4850 2918 4873 ι
2951 4827 3085 4882 Item
3117 4825 3184 4882 de
3211 4826 3498 4899 sequentia

1909 4915 2172 4987 ejusdem.
2206 4943 2224 4968 ι
2267 4917 2416 4972 Edit.
2448 4917 2544 4972 ubi
2569 4932 2714 4987 sup.,
2747 4917 2856 4972 col.
2889 4915 3014 4972 337.
3037 4915 3157 4971 Fol.
3195 4915 3297 4971 145
3326 4925 3495 4986 recto,

1909 5022 2028 5062 xxx
2053 5026 2065 5064 :
2112 5031 2130 5054 ι
2160 5008 2309 5079 Incp.
2341 5006 2409 5064 de
2438 5022 2502 5062 eo
2530 5005 2676 5079 quod
2702 5004 2968 5077 scriptum
2991 5005 3151 5062 estin
3171 5005 3495 5078 Evangelia,

1908 5095 2124 5153 dicente
2169 5095 2441 5152 Domino:
2495 5094 2731 5151 Facilius
2767 5101 2842 5149 est
2858 5095 3112 5151 camelum
3135 5111 3235 5167 per
3258 5093 3501 5166 foramen

1908 5203 2033 5241 acus
2054 5185 2466 5255 transire,quam
2485 5184 2701 5240 diuitem
2717 5185 2926 5241 intrare
2944 5184 3001 5240 in
3016 5201 3176 5256 regno
3192 5186 3484 5240 caelorum.-

1909 5283 2058 5340 Edit.
2108 5281 2204 5338 ubi
2234 5299 2379 5354 sup.,
2424 5283 2530 5339 col.
2589 5281 2714 5339 385.
2766 5283 2886 5338 Fol.
2940 5281 3038 5339 cit.
3087 5298 3266 5348 verso,
3315 5296 3494 5338 xxxx:

1925 5396 1944 5420 ε
1972 5373 2124 5445 Ιιιορ.
2153 5371 2220 5428 de
2249 5387 2313 5428 eo
2339 5371 2485 5445 quod
2511 5371 2778 5444 scriptum
2809 5379 2924 5428 est:
2973 5371 3157 5427 Simile
3180 5375 3258 5425 est
3283 5385 3502 5441 regnum

1910 5465 2008 5521 Dei
2036 5464 2310 5534 fermento.
2342 5489 2361 5514 ι
2421 5465 2573 5522 Edit.
2606 5464 2702 5520 ubi
2729 5481 2875 5537 sup.,
2923 5463 3029 5521 col.
3059 5461 3184 5519 369.
3231 5461 3350 5518 Fol.
3399 5460 3502 5518 146

1909 5564 2078 5624 recto,
2110 5571 2308 5612 xxxn:
2345 5579 2364 5602 ‹
2387 5555 2538 5628 Incp.
2570 5553 2638 5611 de
2667 5552 3041 5626 hospitalitate
3061 5550 3119 5607 in
3138 5550 3489 5624 Evangelia.

1911 5643 2063 5700 Edit.
2093 5643 2187 5699 ubi
2210 5660 2355 5717 sup.,
2379 5645 2484 5701 col.
2506 5643 2631 5700 351.
2655 5642 2774 5698 Fol.
2802 5640 2902 5698 147
2923 5647 3305 5708 recto,xxxm.
3325 5641 3499 5714 «Incp.

1909 5732 1978 5791 de
2002 5732 2208 5807 jejunis
2228 5731 2332 5805 (sic
2360 5733 2523 5792 solita
2545 5730 2710 5802 crasi)
2738 5730 2792 5786 in
2816 5728 2982 5788 initio
3000 5727 3486 5803 Quadragesimaa»
