3970 6422
480 386 586 446 775

1476 384 1572 440 AD
1609 383 1844 442 OPERA
1881 381 1936 440 S.
1977 380 2312 442 AMBROSII
2349 381 2730 440 APPENDIX.

3673 374 3789 432 776

477 520 632 578 Edit.
668 517 766 574 ubi
796 532 941 590 sup.,
985 517 1092 574 col.
1124 516 1249 573 467.
1303 517 1422 574 Fol.
1457 517 1560 575 148
1603 525 1773 587 recto,
1819 533 2062 574 xxxun:
2096 518 2147 578 A
2180 514 2282 571 167
2307 522 2473 583 recto,
2508 532 2614 572 1.x:
2655 516 2846 588 «Incp.
2868 521 2992 586 post
3009 510 3552 599 pryfaniaOdictnm
3577 509 3770 583 (sic).-

490 633 509 656 ι
537 611 674 665 Item
705 605 1010 681 sequentia,
1034 615 1088 662 et
1114 613 1363 679 tempore
1393 607 1732 664 ieiuniorum
1765 622 1876 663 non
1906 607 2070 662 luxu-

474 698 754 756 riandum.
781 722 802 746 ν
843 695 994 752 Edit.
1019 695 1117 751 ubi
1152 713 1298 768 sup.,
1321 698 1426 752 col.
1458 696 1580 753 457.
1614 699 1732 752 Fol.
1765 697 1858 752 cit.
1892 712 2067 764 verso,

477 807 673 846 xxxv:
737 810 757 834 ι
798 789 949 859 Incp.
979 787 1046 843 de
1076 786 1166 842 die
1193 797 1380 843 sancto
1409 787 1655 854 Paschal,
1704 795 1756 842 et
1807 787 1874 842 de
1911 802 2072 844 cruce

475 877 724 936 Domini.
757 901 777 925 δ
838 875 989 932 Edit.
1022 874 1118 931 ubi
1149 893 1295 947 sup.,
1327 877 1432 932 col.
1469 877 1589 931 151.
1623 877 1721 931 Fol
1760 875 1860 932 149
1890 893 2069 943 verso,

476 983 656 1023 xxxvr
681 984 692 1022 :
715 988 734 1012 ι
765 966 900 1021 Item
932 963 1000 1020 de
1029 979 1188 1020 cruce
1214 973 1267 1018 et
1287 965 1354 1019 de
1372 965 1770 1020 resurrectione
1791 965 2058 1020 Domini.-

476 1055 629 1112 Edit.
673 1053 768 1110 ubi
799 1069 945 1125 sup.,
996 1052 1101 1108 col.
1138 1051 1260 1107 153.
1312 1053 1430 1107 Fol.
1484 1052 1584 1108 150
1616 1061 1784 1121 recto,
1831 1070 2065 1108 xxxvii:

492 1168 513 1194 ι
541 1145 694 1216 Incp.
727 1142 1014 1216 sequentia
1040 1141 1107 1198 de
1138 1140 1429 1213 sepulchro
1459 1142 1684 1198 Domini
1713 1143 2056 1199 Saluatoris.-

479 1233 632 1290 Edit.
665 1231 808 1304 apud
839 1230 895 1288 S.
927 1230 1281 1287 Ambrosium
1306 1231 1406 1286 sub
1428 1247 1582 1286 num.
1605 1232 1672 1286 53
1695 1233 1852 1288 Rom.
1877 1233 2070 1289 editio-

481 1322 587 1378 nis.
612 1321 732 1377 Fol.
763 1320 858 1376 cit.
893 1334 1072 1388 verso,
1095 1336 1355 1376 xxxvm:
1393 1321 1580 1393 «Incp.
1615 1320 1682 1376 de
1712 1321 2072 1378 Pentecosten

483 1409 638 1481 (sic),
667 1417 721 1465 et
747 1408 815 1465 de
847 1410 1058 1482 psalmo
1084 1409 1387 1465 centesimo
1417 1425 1583 1466 nono.
1607 1434 1624 1456 ι
1657 1409 1809 1466 Edit.
1845 1411 1990 1466 inter
2012 1413 2068 1468 S.

481 1497 713 1556 Maximi
743 1513 927 1570 opera,
977 1498 1084 1554 col.
1115 1498 1236 1554 197.
1289 1498 1410 1553 Fol.
1449 1498 1544 1553 151
1580 1505 1750 1567 recto,
1783 1515 2067 1556 xxxvnu:

493 1611 513 1636 ε
537 1589 690 1663 Incp.
722 1589 790 1645 de
805 1605 874 1644 eo
891 1588 1037 1660 quod
1064 1586 1332 1658 scriptum
1354 1595 1434 1643 est
1456 1587 1513 1643 in
1535 1590 1838 1659 Evangelio
1859 1608 1870 1646 :
1888 1591 2072 1661 Vulpes

480 1677 667 1748 faueas
695 1679 902 1746 habent,
936 1682 989 1733 et
1018 1676 1253 1748 reliqua.
1280 1700 1299 1724 ι
1333 1677 1484 1733 Edit.
1525 1677 1619 1733 ubi
1648 1679 1918 1750 sup.,col.
1945 1679 2068 1736 379.

479 1768 599 1826 Fol.
629 1767 730 1824 152
761 1776 926 1836 recto,
948 1783 1020 1823 xi.
1045 1783 1056 1821 :
1095 1790 1114 1813 ι
1140 1765 1448 1839 Increpatio
1468 1767 1535 1823 ad
1556 1767 1816 1838 plebem,,
1840 1775 1895 1825 et
1923 1767 1990 1824 de
2009 1785 2073 1824 eo

2179 603 2332 660 Edit.
2358 604 2502 660 inter
2524 603 2579 659 S.
2605 603 2886 660 Ambrosii
2912 618 3189 660 sermones
3213 602 3273 658 in
3292 599 3524 674 append.
3547 599 3788 672 rejectos

2179 708 2343 749 serm.
2380 694 2464 761 11,
2496 694 2602 749 col.
2634 691 2762 750 502.
2795 694 2915 749 Fol.
2944 692 3038 748 cit.
3071 708 3250 759 verso,
3280 707 3371 747 LXI
3406 709 3417 746 :
3474 715 3492 738 ι
3524 691 3678 762 Incp.
3716 688 3789 747 de

2180 790 2368 838 sancta
2413 782 2857 854 Quadragesima.
2893 808 2910 831 ι
2968 780 3118 838 Edit.
3169 781 3312 854 apud
3359 780 3415 836 S.
3451 779 3782 848 Maximum,

2181 870 2286 925 col.
2325 869 2445 925 109.
2473 871 2592 926 Fol.
2617 871 2729 927 168
2757 887 2934 938 verso,
2966 887 3080 926 Lxu
3106 887 3118 924 :
3166 895 3184 916 ‹
3220 871 3370 942 Incp.
3399 884 3576 924 sermo
3607 868 3788 924 S.Au-

2182 957 2386 1029 gustini
2417 957 2484 1013 de
2520 958 2576 1014 id
2617 958 2744 1029 (sic)
2786 957 2933 1031 quod
2969 959 3235 1030 scriptum
3265 964 3384 1014 est:
3423 957 3516 1012 Hic
3545 964 3621 1012 est
3646 957 3784 1025 dies,

2180 1064 2330 1118 quem
2375 1046 2499 1117 fecit
2548 1050 2832 1114 Dominus,
2877 1050 3213 1116 exsultemus,
3253 1055 3300 1103 et
3339 1047 3687 1102 iucundemur
3727 1045 3792 1100 in

2180 1152 2256 1192 eo.
2285 1161 2302 1184 -
2345 1137 2496 1194 Edit.
2544 1139 2688 1210 apud
2744 1138 3108 1194 Lovanienses
3137 1146 3272 1193 tom.
3302 1137 3354 1192 Χ
3383 1152 3532 1208 oper.
3563 1134 3619 1191 S.
3653 1136 3791 1191 Au-

2182 1229 2410 1299 gustini,
2443 1246 2607 1286 serm.
2640 1229 2732 1298 89,
2772 1230 2881 1286 col.
2912 1227 3037 1285 560.
3089 1229 3206 1284 Fol.
3242 1227 3345 1284 169
3390 1234 3558 1293 recto,
3591 1241 3735 1282 Lxm
3766 1242 3778 1281 :

2195 1341 2215 1365 ι
2241 1318 2393 1390 Ιηορ.
2426 1335 2604 1374 sermo
2629 1319 2683 1374 S.
2719 1317 3042 1390 Hieronymi
3073 1317 3140 1374 de
3168 1316 3348 1373 Exod.
3380 1316 3438 1371 in
3466 1313 3784 1386 Quadrage—

2181 1407 2319 1465 sima
2368 1417 2494 1465 ante
2537 1407 2764 1465 Pascha.
2801 1434 2820 1456 ι
2868 1407 3020 1463 Edit.
3061 1423 3092 1462 a
3122 1404 3395 1463 Vallarsio
3438 1404 3498 1460 in
3543 1400 3787 1475 append.

2180 1504 2316 1553 tom.
2339 1499 2438 1566 XI,
2462 1500 2570 1555 col.
2599 1497 2721 1565 210,
2746 1497 3006 1553 editionis
3028 1495 3378 1553 Veronensis.
3409 1493 3523 1550 Sub
3548 1491 3656 1549 boc
3673 1507 3792 1549 ser-

2183 1602 2346 1643 mone
2373 1587 2608 1660 aliisque
2638 1587 2782 1642 infra
2804 1585 3061 1643 notandis
3090 1600 3261 1657 usque
3291 1583 3360 1639 ad
3392 1583 3492 1638 fol.
3520 1581 3622 1638 176
3650 1581 3790 1637 latet

2181 1675 2498 1732 Plinianum
2547 1675 2804 1732 Historia;
2837 1675 3102 1732 naturalis
3139 1675 3534 1747 fragmentum,
3583 1669 3790 1727 iisdem

2182 1765 2440 1840 spatiosis
2473 1766 2672 1822 litteris
2703 1776 3012 1835 exaratum,
3047 1765 3247 1838 quibus
3276 1765 3335 1820 in
3373 1763 3644 1820 Vaticano
3675 1778 3793 1836 pa-

478 1857 626 1932 qnod
656 1856 919 1929 scriptum
951 1863 1034 1911 est
1059 1854 1118 1910 in
1147 1856 1450 1928 Euangelio
1477 1874 1488 1911 :
1517 1858 1619 1924 Qui
1647 1857 1819 1926 habet,
1854 1858 2073 1914 dabitur
2105 1875 2151 1936 B
2184 1857 2429 1913 limsesto
2452 1857 2738 1929 politicum
2759 1873 2897 1929 opus
2919 1857 2991 1913 M.
3012 1857 3160 1912 Tulli
3179 1856 3445 1928 scriptum
3467 1853 3634 1911 fuisse
3654 1869 3790 1910 con-

479 1947 555 2015 ei;
587 1954 636 2004 et
662 1947 999 2002 cantauimus
1028 1946 1201 2012 uobis,
1232 1952 1281 2001 et
1307 1962 1416 2000 non
1442 1947 1698 2002 saltastis.
1730 1970 1749 1994 ι
1799 1946 1950 2002 Edit.
1977 1945 2074 2002 ubi

477 2055 624 2112 sup.,
655 2039 762 2096 col.
792 2039 916 2096 661.
941 2040 1060 2096 Fol.
1091 2039 1187 2096 cit.
1218 2056 1397 2108 verso,
1429 2057 1556 2096 xm:
1586 2064 1604 2088 ι
1626 2041 1779 2114 Incp.
1810 2040 1907 2098 ubi
1930 2043 2076 2097 Deus

481 2129 710 2186 sabbato
739 2145 964 2185 manum
1011 2129 1218 2186 aridam
1249 2131 1484 2189 curauit.
1514 2156 1532 2180 ι
1598 2131 1750 2188 Edit.
1801 2132 1895 2188 ubi
1925 2147 2072 2203 sup.,

481 2217 589 2275 col.
621 2219 746 2275 383.
779 2219 897 2274 Fol.
933 2219 1034 2276 153
1066 2235 1245 2288 verso,
1278 2236 1430 2277 xui:
1475 2244 1494 2269 ‹
1528 2222 1680 2295 Incp.
1715 2222 1782 2278 de
1812 2223 2070 2278 Penteco-

365 2317 367 2320 ’
482 2315 605 2365 sten
637 2307 787 2380 (sic).
822 2333 842 2358 ι
881 2308 1032 2364 Edit.
1054 2309 1152 2365 ubi
1179 2325 1326 2381 sup.,
1351 2311 1457 2366 col.
1485 2311 1604 2367 191.
1631 2311 1751 2366 Fol.
1778 2310 1881 2367 154
1901 2319 2071 2380 recto,

481 2413 660 2454 me:
722 2419 742 2444 ι
775 2398 924 2469 Incp.
974 2397 1042 2452 de
1091 2397 1182 2453 die
1219 2407 1438 2455 sanctae
1482 2398 1827 2470 Ephyfaniae
1858 2401 2008 2472 (sic).
2042 2427 2062 2451 ι

482 2487 636 2543 Edit.
660 2485 755 2542 ubi
776 2502 923 2558 sup.,
949 2487 1056 2542 col.
1079 2485 1328 2542 413.Fol.
1357 2487 1451 2544 cit.
1478 2503 1654 2555 verso,
1679 2503 1838 2544 mer
1858 2505 1870 2544 :
1892 2513 1910 2536 ι
1935 2490 2073 2546 Item

484 2575 554 2632 de
583 2576 673 2632 die
693 2574 1134 2648 Ephyfaniorum
1164 2576 1315 2645 (sic),
1333 2583 1388 2632 et
1411 2575 1477 2630 de
1498 2576 1822 2647 Euangelio,
1843 2577 1936 2633 ubi
1968 2580 2073 2634 Do-

484 2664 674 2720 minus
701 2663 1006 2736 baptizatus
1029 2673 1131 2732 est,
1173 2671 1227 2720 et
1273 2664 1340 2720 de
1369 2664 1579 2736 psalmo
1608 2681 1810 2721 xxvm.
1845 2691 1864 2714 ι
1921 2666 2072 2723 Edit.

482 2752 578 2809 ubi
609 2769 754 2826 sup.,
807 2753 913 2808 col.
945 2752 1070 2810 241.
1128 2753 1247 2808 Fol.
1284 2752 1385 2808 155
1421 2759 1595 2821 recto,
1627 2769 1772 2808 xnv:
1815 2754 1967 2826 Incp.
2007 2755 2076 2812 de

481 2859 546 2899 eo
575 2843 721 2915 quod
748 2841 1014 2914 scriptum
1047 2849 1128 2898 est
1158 2841 1216 2897 in
1243 2841 1546 2913 Euangelio
1570 2859 1581 2898 :
1622 2843 1862 2899 Hominis
1890 2845 2076 2900 cuius-

482 2931 605 2986 dam
625 2932 809 2986 diuitis
827 2931 1035 3002 fruetus
1053 2932 1229 2986 uberes
1251 2947 1376 3000 ager
1398 2930 1642 2986 adtulit»
1672 2932 1824 2988 Edit.
1848 2933 1997 2990 inter
2016 2935 2070 2991 S.

481 3019 670 3076 Basilii
703 3036 868 3094 opera
895 3020 1044 3076 hom.
1075 3019 1128 3085 6,
1157 3027 1290 3075 tom.
1325 3019 1395 3086 Il,
1419 3035 1538 3092 pag.
1576 3019 1664 3082 43.
1695 3036 1726 3076 a
1756 3038 1864 3094 qua
1893 3030 2074 3078 tamen

482 3109 686 3166 multas
711 3109 804 3166 hic
821 3109 995 3164 nostri
1020 3107 1226 3164 codicis
1248 3124 1432 3164 sermo
1455 3109 1729 3166 \ariantes
1748 3110 1930 3169 habet.
1953 3112 2071 3169 Fol.

2185 1944 2452 2019 spicimus
2474 1947 2578 2019 (a).
2603 1947 2723 2002 Fol.
2749 1945 2971 2019 sup.cit.
3007 1945 3107 2002 169
3137 1960 3314 2014 verso,
3349 1959 3486 1999 Lxur
3518 1961 3530 2000 :
3578 1967 3596 1990 ι
3624 1943 3786 2015 Incp.

2187 2050 2369 2091 sermo
2399 2036 2456 2092 S.
2487 2035 2787 2108 Augustini
2833 2035 2900 2091 ad
2933 2040 3308 2107 competentes
3337 2039 3392 2089 et
3421 2029 3791 2090 catechume-

2185 2141 2309 2193 nos,
2341 2150 2359 2173 ι
2396 2124 2491 2198 qui
2525 2124 2761 2197 incipit:
2799 2148 2817 2171 ι
2847 2123 3093 2180 Audiant
3121 2121 3525 2187 catechumeni,
3553 2121 3790 2179 audiant

2185 2227 2405 2283 omnes,‘
2418 2230 2608 2270 omnes
2630 2215 2882 2279 timeant,
2906 2231 3068 2270 nemo
3087 2220 3435 2280 contemnat;
3457 2212 3529 2268 sit
3559 2211 3697 2268 mihi
3722 2211 3789 2268 in

2184 2303 2560 2359 consolatione
2609 2313 2793 2361 uester
2837 2303 3080 2374 auditus,
3114 2329 3132 2353 ι
3194 2311 3299 2360 etc.
3351 2303 3439 2359 An
3477 2301 3570 2359 hic
3600 2317 3788 2358 sermo

2185 2395 2484 2451 anecdotus
2510 2394 2602 2464 sit,
2632 2396 2991 2467 pronuntiare
3021 2411 3132 2452 non
3163 2395 3366 2461 audeo;
3417 2392 3564 2449 idem
3593 2392 3686 2450 dic
3713 2391 3789 2448 de

2185 2483 2320 2552 illis,
2354 2499 2590 2555 quorum
2621 2483 2768 2540 infra
2815 2485 2977 2540 initia
3013 2485 3267 2540 referam.
3315 2483 3432 2540 Fol.
3469 2482 3570 2539 170
3598 2497 3785 2551 verso,

2185 2589 2294 2628 va
2323 2590 2335 2628 :
2383 2598 2400 2619 ι
2434 2573 2567 2630 Item
2608 2573 2851 2630 eiusdem
2883 2590 3063 2630 sermo
3094 2574 3162 2630 de
3190 2571 3510 2628 remissione
3537 2578 3789 2644 peccato-

2185 2677 2339 2729 rum;
2368 2685 2386 2708 ι
2417 2677 2578 2733 quem
2602 2661 2782 2734 primo
2805 2678 2875 2718 ex
2895 2662 3001 2719 hoc
3020 2661 3209 2720 codice
3228 2669 3489 2718 eruerunt
3515 2659 3787 2728 Maurini,

2185 2757 2238 2804 et
2266 2748 2373 2804 ﬁde
2405 2749 2584 2806 eidem
2615 2752 2795 2808 codici
2817 2767 3040 2824 prorsus
3068 2752 3337 2821 adhibita,
3370 2753 3516 2807 inter
3544 2749 3791 2825 genuina

2185 2856 2348 2912 opera
2381 2841 2436 2896 S.
2469 2843 2765 2914 Augustini
2804 2843 3096 2900 ediderunt
3145 2851 3278 2900 tom.
3311 2843 3380 2910 V,
3412 2849 3550 2914 part.
3585 2858 3623 2910 1,
3667 2839 3787 2896 col.

2183 2930 2310 2986 572.
2343 2931 2461 2987 Fol.
2497 2933 2591 2988 171
2627 2948 2808 3002 verso,
2840 2950 3000 2990 var:
3025 2961 3042 2982 ι
3075 2935 3224 3006 Incp.
3258 2931 3402 2988 alius
3430 2930 3673 2988 eiusdem
3712 2928 3792 2985 de

2185 3022 2380 3077 missas
2403 3022 2710 3080 cotidianas
2731 3024 2883 3094 (sic),
2919 3049 2936 3071 -
2977 3024 3070 3097 qui
3101 3024 3332 3094 incipit:
3368 3047 3387 3070 ι
3417 3017 3791 3094 Congregatio

2185 3109 2547 3167 beatitudinis
2575 3120 2768 3168 uestrae
2791 3113 2896 3168 FF.
2929 3113 3050 3168 ΚΚ.
3084 3112 3215 3168 facit
3237 3128 3334 3167 nos
3363 3111 3540 3166 nimio
3570 3107 3782 3182 gaudio

483 3197 588 3255 158
616 3208 787 3266 recto,
821 3213 979 3254 xnvr:
1041 3219 1058 3242 ι
1088 3197 1240 3268 Incp.
1273 3197 1340 3252 de
1369 3213 1434 3253 eo
1461 3199 1609 3270 quod
1655 3201 1919 3272 scriptum
1951 3209 2031 3258 est
2056 3219 2068 3258 :
2107 3237 2150 3297 Ο
2185 3216 2303 3256 esse
2327 3200 2580 3273 repletos,
2603 3201 2696 3256 sed
2727 3201 2855 3272 quia
2883 3210 3043 3272 pauet
3072 3208 3262 3272 pectus
3289 3200 3497 3254 catenis
3525 3197 3788 3270 corporis

484 3286 616 3353 Quis
643 3288 822 3358 major
849 3290 922 3341 est
962 3285 1020 3339 in
1060 3301 1219 3355 regno
1251 3287 1556 3343 caelorum?
1581 3313 1599 3335 ι
1638 3289 1789 3344 Edit.
1821 3290 1965 3362 apud
2012 3291 2066 3347 S.

481 3373 805 3441 Maximum,
836 3373 944 3430 col.
976 3371 1102 3430 285.
1135 3374 1254 3430 Fol.
1281 3375 1378 3431 cit.
1413 3391 1592 3445 verso,
1620 3393 1775 3434 van
1803 3395 1814 3432 :
1868 3401 1886 3425 ι
1914 3380 2066 3452 Incp.

481 3463 550 3521 de
577 3463 790 3520 duabus
814 3461 1089 3520 nauiculis
1118 3463 1176 3519 in
1204 3465 1526 3538 Euangelio.
1559 3490 1576 3513 ι
1611 3467 1762 3523 Edit.
1792 3466 1890 3523 ubi
1919 3485 2067 3540 sup.,

481 3554 590 3612 col.
623 3553 748 3610 639.
779 3553 899 3609 Fol.
934 3552 1035 3610 159
1067 3569 1246 3622 verso,
1269 3571 1446 3610 vam
1472 3572 1484 3612 :
1522 3579 1539 3602 -
1567 3557 1718 3628 Incp.
1749 3557 1816 3614 de
1847 3557 2071 3614 ieiuniis

482 3641 570 3698 vel
599 3649 788 3699 sancta
815 3639 1257 3714 Quadragesima.
1282 3669 1300 3692 ι
1335 3645 1486 3700 Edit.
1521 3645 1614 3700 ubi
1637 3662 1784 3718 sup.,
1809 3648 1918 3703 col.
1942 3646 2068 3705 461.

481 3731 601 3788 Fol.
637 3729 736 3787 160
765 3738 934 3800 recto,
958 3747 1157 3789 xnvnn
1182 3750 1232 3788 ει
1261 3733 1412 3805 Incp.
1437 3733 1503 3788 de
1527 3733 1735 3790 ieiunio
1754 3735 1976 3790 Domini
2011 3735 2070 3791 in

481 3817 716 3889 deserto,
737 3828 791 3876 et
819 3819 966 3894 quod
993 3837 1100 3876 non
1126 3821 1183 3876 in
1210 3822 1324 3876 solo
1344 3838 1484 3892 pane
1512 3823 1651 3878 uiuit
1670 3824 1842 3880 homo.
1866 3848 1883 3872 ι
1917 3823 2068 3880 Edit.

483 3906 582 3965 ubi
607 3925 754 3982 sup.,
787 3909 894 3966 col.
926 3908 1049 3966 433.
1076 3909 1194 3966 Fol.
1229 3908 1327 3966 161
1351 3917 1522 3979 recto,
1545 3927 1612 3967 L:
1647 3935 1664 3959 ι
1691 3912 1825 3968 Item
1845 3929 2070 3986 sequen-

480 3998 560 4055 tia
596 3998 664 4056 de
690 3999 918 4056 ieiuniis
946 3999 1440 4072 Quadragesimae.»
1473 4001 1626 4057 Edit.
1658 4001 1756 4057 ubi
1789 4018 1936 4076 sup.,
1962 4004 2067 4059 col.

481 4087 606 4147 465.
639 4089 759 4145 Fol.
796 4089 894 4147 cit.
932 4105 1112 4156 verso,
1140 4106 1212 4146 L1:
1258 4115 1276 4137 ι
1304 4090 1456 4163 Incp.
1485 4091 1555 4146 de
1583 4090 1806 4148 Pascha.
1842 4117 1861 4140 ι
1917 4092 2068 4148 Edit.

481 4177 578 4236 ubi
609 4195 754 4252 sup.,
791 4180 898 4236 col.
932 4180 1053 4236 179.
1087 4181 1206 4236 Fol.
1248 4179 1350 4235 162
1377 4196 1558 4249 verso,
1589 4198 1700 4238 Lu:
1771 4206 1790 4230 ι
1815 4181 1950 4238 Item
1978 4198 2073 4237 se-

481 4269 708 4343 quentia
736 4270 806 4326 de
830 4275 1081 4330 sanctum
1110 4268 1238 4340 (sic)
1267 4269 1524 4326 Paschae.
1557 4293 1576 4318 ι
1610 4270 1760 4326 Edit.
1795 4271 1892 4327 ubi
1921 4288 2068 4344 sup.,

481 4358 590 4417 col.
623 4358 747 4414 181.
780 4358 900 4414 Fol.
934 4357 1160 4426 cit.,LnI
1184 4376 1195 4414 :
1217 4382 1236 4406 ι
1267 4358 1401 4414 Item
1427 4359 1731 4432 sequentia.
1756 4385 1775 4408 ι
1800 4360 1950 4417 Edit.
1976 4360 2071 4416 ubi

481 4463 627 4520 sup.,
657 4447 764 4503 col.
801 4446 922 4502 185.
956 4447 1075 4503 Fol.
1109 4446 1411 4525 163.recto,
1443 4464 1565 4504 LIV:
1614 4474 1631 4497 ι
1660 4449 1812 4521 Incp.
1842 4448 1908 4505 de
1939 4450 2072 4505 Pen-

480 4543 723 4594 tecosten
751 4534 903 4608 (sic).
937 4559 957 4582 ι
1001 4535 1152 4592 Edit.
1186 4525 1283 4592 ulil
1314 4553 1458 4609 sup.,
1494 4539 1602 4596 col.
1639 4538 1760 4594 187.
1803 4539 1920 4593 Fol.
1965 4537 2068 4593 164

481 4634 649 4694 recto,
681 4643 787 4683 Lv:
846 4649 865 4673 ι
897 4626 1048 4697 Incp.
1082 4625 1150 4682 de
1177 4634 1429 4683 accusato
1459 4627 1696 4682 Domino
1724 4627 1868 4698 apud
1912 4627 2067 4683 Pila-

479 4724 621 4785 tum,
654 4723 708 4772 et
741 4715 810 4772 de
840 4714 1106 4771 Susanna.
1133 4741 1150 4763 ι
1184 4715 1333 4772 Edit.
1365 4716 1458 4771 ubi
1484 4734 1628 4790 sup.,
1661 4717 1766 4772 col.
1803 4716 1922 4772 141.
1947 4717 2064 4773 Fol.

478 4806 576 4863 cit.
610 4821 792 4874 verso,
827 4822 917 4861 va
949 4823 960 4860 :
1004 4831 1021 4852 -
1045 4806 1179 4861 Item
1209 4806 1511 4878 sequentia.
1542 4831 1560 4854 ι
1599 4806 1750 4861 Edit.
1793 4806 1888 4862 ubi
1919 4823 2066 4878 sup.,

479 4894 589 4951 col.
624 4893 745 4951 143.
796 4894 918 4950 Fol.
957 4893 1056 4950 165
1091 4910 1270 4962 verso,
1315 4911 1460 4950 Lvn:
1524 4919 1542 4940 ε
1572 4895 1722 4966 Incp.
1776 4894 1843 4950 de
1889 4897 2068 4951 natale

479 4982 722 5039 Domini.
755 5006 776 5029 ι
820 4982 972 5038 Edit.
1010 4982 1105 5038 ubi
1132 5000 1276 5054 sup.,
1309 4982 1416 5040 col.
1450 4981 1572 5040 403.
1614 4982 1732 5038 Fol.
1767 4982 1866 5040 166
1898 4991 2064 5052 recto,

479 5085 653 5130 LVIII:
721 5070 918 5142 «Incp.
970 5070 1038 5125 de
1079 5071 1334 5128 kalendis
1356 5072 1651 5129 Ianuariis.
1686 5098 1704 5121 ι
1760 5072 1913 5128 Edit.
1972 5073 2068 5130 ubi

479 5175 626 5232 sup.,
657 5159 764 5216 col.
797 5157 924 5214 409.
956 5160 1073 5214 Fol.
1104 5161 1200 5217 cit.
1232 5177 1413 5230 verso,
1438 5180 1595 5220 LVIIII
1620 5181 1631 5219 :
1654 5188 1671 5212 ι
1697 5164 1848 5236 Incp.
1872 5170 2068 5220 tracta-

480 5257 571 5308 tus
589 5249 657 5307 de
678 5247 993 5322 Ephyfania
1016 5249 1188 5323 (sic).-
1219 5251 1368 5308 Edit.
1393 5254 1489 5310 ubi
1511 5270 1658 5327 sup.,
1674 5255 1780 5313 col.
1803 5255 1928 5312 428.
1948 5255 2066 5311 Fol.

556 5447 636 5518 (a)
675 5447 842 5528 Plinii
873 5447 979 5504 hoc
1001 5448 1375 5528 fragmentum
1402 5451 1458 5506 in
1499 5452 1813 5510 Sessoriano
1843 5463 2070 5528 quater—

483 5518 653 5592 nione
672 5519 888 5592 integro
908 5518 1172 5592 scriptum
1196 5521 1262 5576 ad
1283 5521 1416 5578 libb.
1440 5540 1576 5580 xxiv
1607 5533 1660 5581 et
1681 5543 1795 5582 xxv
1818 5518 1954 5582 Hist.
1977 5545 2070 5582 na-

485 5589 950 5672 turalispertinet.
974 5589 1118 5672 Illud
1143 5595 1394 5672 quamvis
1415 5595 1644 5672 editum,
1664 5605 1856 5672 _t_amen
1881 5599 1937 5672 in
1954 5599 2070 5672 ses-

483 5663 719 5738 soriani‘s
739 5663 1020 5738 anecdot_i_s
1035 5663 1331 5738 aliquando
1353 5663 1648 5738 proferam.
1664 5669 1782 5724 Non
1807 5669 1954 5724 enim
1980 5669 2069 5725 de-

485 5745 646 5803 spero
675 5731 791 5788 fore
815 5741 936 5806 post
955 5731 1234 5794 Hermblai
1254 5731 1501 5806 Barbari,
1534 5739 1792 5808 Arduini,
1811 5739 2071 5797 aliorum-

2185 3289 2508 3361 obligatum,
2559 3306 2672 3345 non
2702 3305 2922 3362 possum
2952 3289 3155 3357 dicere,
3206 3297 3473 3362 quantum
3503 3286 3779 3358 splendor

2178 3378 2351 3433 animi
2374 3379 2542 3434 uestri
2563 3378 2796 3446 delectat
2813 3378 3033 3445 audire;
3058 3385 3242 3433 tamen
3267 3376 3577 3449 adgredior,
3602 3401 3621 3424 ι
3660 3383 3780 3434 etc.

2181 3469 2298 3523 Fol.
2350 3468 2451 3524 172
2493 3475 2662 3536 recto,
2709 3484 2881 3524 van.
2944 3493 2962 3516 ι
3000 3469 3152 3540 Incp.
3204 3467 3274 3524 de
3318 3465 3548 3524 decimis
3594 3481 3788 3523 sermo

2179 3555 2443 3612 eiusdem.
2479 3581 2497 3604 ι
2533 3557 2685 3612 Edit.
2717 3557 2774 3613 in
2802 3557 3036 3630 append.
3069 3557 3283 3625 tom.V,
3313 3557 3421 3614 col.
3453 3555 3580 3626 460,
3607 3571 3638 3611 a
3666 3572 3789 3630 quo

2180 3654 2362 3702 tamen
2393 3645 2580 3704 differt
2621 3645 2679 3703 in
2707 3648 3014 3704 nonnullis.
3058 3647 3176 3704 Fol.
3215 3647 3316 3704 173
3345 3653 3516 3714 recto,
3546 3662 3725 3704 vam
3768 3665 3784 3703 :

2191 3757 2211 3783 ι
2241 3735 2378 3791 Item
2408 3736 2580 3792 alium
2605 3736 2732 3808 (sic)
2764 3735 2832 3792 de
2859 3745 3048 3794 sancto
3079 3737 3324 3793 Helisseo
3355 3736 3481 3809 (sic)
3509 3754 3522 3803 ;
3555 3759 3574 3784 ι
3616 3734 3788 3808 cujus

2180 3824 2406 3881 initium
2436 3833 2553 3882 est:
2591 3851 2610 3873 ι
2629 3825 2820 3883 Dulcis
2839 3826 3089 3884 insonuit
3118 3826 3344 3883 auribus
3372 3824 3574 3882 nostris
3600 3840 3788 3898 nuper

2181 3915 2406 3971 recitata
2427 3914 2666 3984 libertas,
2690 3915 2822 3972 dum
2844 3917 3020 3972 saeuit
3040 3915 3186 3972 inter
3204 3933 3304 3972 nos
3325 3930 3509 3972 amara
3527 3913 3787 3986 captiui-

2180 4009 2284 4070 tas,
2308 4027 2326 4050 ι
2365 4010 2470 4060 etc.
2495 4004 2613 4059 Fol.
2644 4002 2747 4060 174
2770 4012 2938 4072 recto,
2965 4020 3162 4060 varm
3187 4021 3199 4058 :
3239 4004 3425 4076 ulncp.
3447 4002 3618 4058 alium
3645 4002 3779 4076 (sic)

2180 4089 2249 4147 de
2271 4092 2380 4146 loco
2409 4091 2630 4162 (deest),
2653 4090 2748 4146 ubi
2769 4091 2962 4149 beatus
2989 4091 3185 4146 Petrus
3215 4091 3272 4146 in
3301 4090 3438 4146 mari
3470 4098 3786 4162 tempesta-

2181 4187 2291 4235 tem
2319 4179 2586 4235 sustinuit
2614 4179 2671 4234 in
2698 4179 2850 4236 naui.
2880 4204 2900 4228 ι
2934 4181 3020 4236 En
3053 4179 3232 4252 prima
3250 4177 3452 4235 verba:
3491 4178 3784 4236 «Nutritos

2181 4265 2442 4339 hyrundo
2463 4268 2645 4338 pullos
2664 4284 2815 4333 suos,
2837 4285 2960 4324 cum
2983 4268 3206 4324 uolandi
3230 4276 3346 4323 arte
3363 4267 3629 4340 disponit,
3644 4285 3778 4342 pau-

2181 4353 2359 4410 lulum
2393 4353 2615 4426 quidem
2655 4354 2714 4410 in
2743 4371 2865 4411 aere
2894 4355 3148 4423 dimittit,
3190 4355 3390 4428 quibus
3427 4364 3612 4412 tamen
3655 4356 3781 4429 ipsa

2181 4444 2368 4499 uicina
2401 4452 2500 4514 est,
2549 4461 2616 4501 ne
2647 4445 2786 4501 forte
2816 4444 3072 4502 decidant
3099 4445 3426 4516 trepidando
3463 4444 3645 4501 adhuc
3674 4445 3778 4501 in-

2180 4533 2326 4589 ﬁrmi
2359 4535 2618 4604 uolando,
2652 4560 2669 4582 »
2716 4543 2820 4593 etc.
2868 4537 2986 4592 Fol.
3015 4535 3111 4592 cit.
3142 4551 3319 4605 verso,
3351 4552 3464 4592 Lxx
3497 4553 3510 4592 :
3569 4561 3589 4583 ι
3616 4536 3773 4610 Incp.

2180 4640 2358 4680 sermo
2392 4623 2446 4680 S.
2477 4624 2800 4698 Hieronymi
2831 4626 2897 4682 de
2928 4625 3122 4682 Exodo
3149 4626 3208 4681 in
3239 4625 3431 4697 uigilia
3459 4625 3717 4682 Paschae.
3739 4650 3760 4675 ι

2177 4713 2329 4769 Edit.
2397 4713 2543 4770 inter
2601 4714 2954 4786 supposititia
3016 4715 3051 4770 S
3119 4715 3414 4787 Augustini
3461 4715 3666 4788 scripta
3711 4715 3773 4772 in

2179 4803 2412 4874 append.
2463 4811 2601 4859 tom.
2635 4803 2704 4870 V,
2755 4813 2809 4860 et
2849 4803 2993 4876 apud
3025 4804 3360 4860 Vallarsium
3392 4805 3536 4860 inter
3579 4804 3771 4876 spuria

2179 4899 2314 4948 tom.
2359 4892 2436 4948 XI
2483 4908 2632 4964 oper.
2687 4893 2743 4948 S.
2786 4893 3134 4965 Hieronymi,
3185 4894 3290 4949 col.
3339 4893 3463 4950 212.
3512 4893 3630 4949 Fol.
3668 4894 3774 4950 175

2181 4999 2359 5051 verso,
2393 4999 2528 5039 LXXI
2553 5001 2564 5038 :
2623 5008 2640 5030 ι
2671 4983 2821 5054 Incp.
2849 4983 3095 5039 eiusdem
3127 4984 3185 5038 in
3215 4983 3304 5039 die
3329 4982 3608 5040 dominica
3631 4983 3775 5040 Pas-

2180 5073 2337 5131 chae.
2368 5097 2386 5119 ι
2453 5072 2607 5128 Edit.
2639 5072 2732 5128 ubi
2767 5088 2911 5143 sup.,
2961 5073 3068 5128 col.
3107 5072 3230 5128 200.
3280 5072 3398 5128 Fol.
3445 5072 3547 5128 176
3588 5088 3774 5139 verso,

2182 5179 2370 5220 Lxxn:
2408 5188 2425 5209 ε
2447 5162 2599 5234 Incp.
2622 5161 2866 5218 eiusdem
2888 5160 3273 5234 S.Hieronymi
3295 5161 3350 5215 in
3372 5160 3462 5216 die
3482 5162 3776 5219 Dominica

2182 5251 2440 5311 Paschae.
2494 5277 2512 5301 ι
2577 5251 2730 5310 Edit.
2772 5252 2869 5309 ubi
2925 5268 3107 5325 supra,
3167 5252 3274 5310 col.
3327 5250 3452 5308 215.
3501 5251 3621 5308 Fol.
3668 5251 3774 5308 177

2179 5469 2284 5527 que
2299 5452 2872 5527 praestantissimorum
2887 5453 3130 5508 virorum
3149 5451 3496 5527 conatus,qui
3515 5451 3774 5527 pleraque

2181 5523 2380 5581 menda
2408 5525 2475 5580 ab
2511 5527 2612 5581 hoc
2642 5525 2894 5581 Pliniano
2925 5541 3084 5596 opere
3113 5540 3181 5579 ex
3215 5523 3589 5580 vitiosissimis
3617 5523 3769 5580 codi-

2179 5596 2522 5677 cib_u_s_eruto
2574 5599 3109 5677 longabperosaque
3151 5611 3281 5677 cura
3322 5597 3772 5677 sustulerunt,_et

2180 5667 2319 5723 mihi
2354 5667 2520 5741 hujus
2558 5665 2917 5741 vetustissimi
2965 5665 3267 5741 palimsesti
3309 5667 3633 5726 auctoritate
3659 5666 3772 5722 alia

2179 5739 2450 5809 nonnulla
2475 5755 2786 5814 expungere
2811 5739 3041 5797 fortasse
3069 5739 3253 5796 licere.
