3970 6380
188 364 303 423 777

1089 364 1457 421 SERMONES
1496 363 1672 420 TRES
1729 364 1831 419 EX
1870 362 2126 421 CODICE
2165 362 2613 420 SESSORIANO.

3400 364 3505 423 778

191 502 374 562 recte,
416 502 714 550 occurrunt
741 494 796 550 S.
826 491 1019 548 Basilii
1047 491 1499 563 Magnilnstituta
1513 490 1806 547 monacho-
1833 494 1885 553 Α
1913 498 2035 559 test,
2092 489 2310 545 eosdem
2365 489 2721 546 Ambrosium
2753 488 3007 546 habuisse
3031 489 3185 547 feriis
3214 490 3504 551 Paschali-

190 601 351 654 rum,
391 600 513 659 quae
562 586 622 643 in
666 595 804 643 tom.
838 586 886 641 II
913 600 1062 657 oper.
1096 582 1229 641 edit.
1267 582 1533 640 Parisien.
1568 582 1805 640 an.l730

192 688 231 726 a
271 674 380 730 col.
422 675 526 731 327
557 674 702 731 edita
731 681 1118 747 sunt,quaaque
1148 673 1253 729 hoc
1280 674 1448 730 titulo
1476 673 1804 746 prmsignan-

191 772 295 820 tur
322 764 383 820 in
419 764 608 821 codice
632 784 643 820 :
692 788 710 812 ι
740 764 998 820 Instituta
1022 764 1420 821 monachorum
1448 764 1621 821 sancti
1643 763 1806 819 Basi-

192 851 297 909 lici
332 852 458 925 (sic)
483 852 1465 925 episcopiCacsariensisCappadociae
1487 854 1544 909 in
1561 853 1800 911 Christo.

192 941 468 1013 Prologus
497 942 674 998 sancti
713 942 899 998 Rufini
932 942 1292 1013 praesbyteri.
1318 968 1337 991 ι
1380 941 1549 997 Miror
1570 943 1802 998 cl.Fon-

195 1031 502 1099 taninium,
533 1031 784 1104 quamvis
814 1032 965 1089 hunc
987 1033 1232 1089 codicem
1265 1033 1513 1102 vidisset,
1551 1032 1699 1090 haud
1726 1040 1803 1089 ta-

191 1138 330 1179 men
377 1121 828 1180 animadvertisse
872 1122 1133 1179 Ruﬁnum
1176 1131 1426 1180 sanctum
1476 1123 1736 1195 appellari
1783 1141 1797 1191 ;

130 1270 148 1278 ,
194 1212 351 1284 quod
409 1211 631 1285 quidem
678 1214 814 1269 alias
852 1220 1091 1269 notasset
1136 1214 1193 1269 in
1234 1214 1376 1269 ﬁnae
1407 1231 1516 1269 suae
1548 1212 1800 1269 Historiae

191 1300 595 1374 Aquileiensis,
644 1300 804 1372 cujus
842 1301 900 1356 in
934 1310 1210 1373 postremo
1249 1301 1586 1373 paragrapho
1616 1300 1802 1358 Rufini

193 1390 394 1447 laudes
448 1392 742 1461 recensuit,
798 1400 853 1448 et
905 1392 972 1448 de
1022 1391 1122 1447 illo
1171 1398 1233 1446 ut
1260 1390 1329 1447 de
1355 1399 1547 1448 sancto
1586 1391 1802 1448 monuit

193 1479 541 1552 scripturum
570 1480 689 1537 fore
720 1480 1072 1537 Bollandum.
1114 1481 1348 1535 Demum
1378 1479 1478 1536 fol.
1504 1479 1606 1536 200
1632 1488 1798 1548 recto,

194 1589 402 1642 Lxxnr,
451 1581 534 1630 est
576 1588 775 1641 sermo,
821 1570 916 1644 qui
963 1569 1324 1627 inscribitur:
1390 1571 1589 1642 «Incp.
1623 1586 1802 1626 sermo

193 1661 377 1717 sancti
410 1661 703 1734 Augustini
724 1660 791 1716 de
810 1659 1258 1717 resurrectione.»
1292 1660 1451 1715 Hunc
1471 1675 1799 1726 sermonem,

194 1752 297 1824 qui
346 1751 481 1808 olim
513 1752 657 1807 inter
685 1751 740 1807 S.
769 1750 1049 1821 Fulgentii
1068 1750 1270 1822 scripta
1297 1748 1800 1817 recensebatur,Be-

192 1842 472 1900 nedictini
530 1841 767 1899 editores
810 1859 960 1915 oper.
1011 1842 1067 1897 S.
1096 1840 1394 1912 Augustini
1423 1840 1590 1912 hujus
1622 1840 1793 1897 nostri
1827 1862 1873 1922 Β

189 1940 254 1987 et
282 1932 509 1989 alterius
537 1931 745 1989 codicis
762 1931 1090 1988 auctoritate
1111 1928 1292 1985 innixi
1312 1929 1600 2002 Fulgentio
1629 1927 1796 2001 abju—

186 2021 478 2091 dicarunt,
536 2029 590 2078 et
618 2022 765 2078 inter
794 2022 1061 2095 genuinos
1092 2022 1236 2078 fetus
1265 2021 1564 2093 Augustini
1595 2022 1797 2095 vulga—

191 2120 336 2169 runt
381 2120 518 2170 tom.
550 2113 620 2180 V,
652 2121 793 2185 part.
824 2131 863 2183 Ι,
896 2114 1003 2170 col.
1036 2112 1193 2169 1024.
1225 2114 1327 2169 Hic
1353 2130 1530 2169 sermo
1570 2130 1796 2171 mancus

191 2211 283 2260 est
327 2202 385 2258 in
432 2202 640 2270 codice,
686 2202 780 2275 qui
823 2203 1035 2260 duabus
1065 2204 1293 2275 integris
1318 2204 1541 2276 pagellis
1564 2204 1796 2261 mutilus

197 2302 311 2362 est,
347 2292 547 2366 quibus
590 2309 701 2349 non
742 2292 907 2349 modo
950 2292 1117 2365 hujus
1169 2294 1441 2349 sermonis
1475 2293 1658 2349 amisit
1686 2311 1795 2366 po-

190 2389 404 2440 strema
430 2382 617 2451 verba,
648 2399 842 2439 verum
869 2382 1035 2439 etiam
1062 2383 1288 2439 alterius
1316 2380 1560 2453 ejusdem
1590 2382 1645 2438 S.
1669 2383 1795 2438 Au-

194 2476 411 2550 gustini
468 2476 758 2546 sermonis,
816 2476 911 2550 qui
958 2474 1134 2532 nostri
1162 2475 1369 2532 codicis
1397 2482 1537 2531 esset
1570 2491 1791 2545 Lxxnu,

191 2585 425 2643 prorsus
454 2569 585 2625 fecit
608 2566 1065 2641 jacturam,cujus
1092 2566 1291 2623 titulus
1314 2565 1495 2622 adhuc
1524 2566 1583 2621 in
1612 2565 1794 2622 indice

190 2660 299 2717 fol.
327 2660 426 2718 129
464 2669 640 2726 recte,
672 2659 752 2716 sic
781 2658 1016 2731 legitur:
1073 2658 1244 2714 «Item
1268 2656 1511 2728 ejusdem
1532 2656 1590 2712 in
1619 2656 1795 2728 capite

194 2750 333 2807 libri
366 2766 543 2807 sermo
573 2749 641 2805 de
678 2749 953 2806 uersiculo
982 2748 1180 2822 psalmi
1210 2746 1489 2803 undecimi
1513 2764 1524 2804 :
1567 2746 1663 2815 Tu,
1688 2747 1794 2802 Do-

191 2842 358 2909 mine,
390 2840 627 2897 seruabis
653 2856 768 2908 nos,
798 2845 846 2895 et
872 2839 1125 2897 custodies
1150 2854 1246 2894 nos
1273 2855 1308 2894 a
1333 2836 1664 2911 generatione
1690 2835 1795 2890 ista

205 2947 373 3003 usque
399 2932 456 2987 in
483 2939 772 2989 aeternum.
802 2957 823 2983 ι

275 3022 374 3078 ΙΧ.
385 3021 709 3092 Conjecturce
720 3024 781 3079 de
795 3021 996 3079 Ambro
1025 3023 1300 3080 sianorum
1311 3036 1608 3078 sermonum
1626 3023 1792 3088 (etate,

199 3117 251 3168 et
276 3119 501 3184 tempore
538 3129 641 3184 quo
677 3113 842 3169 habiti
892 3120 1032 3170 sunt.
1074 3145 1146 3157 —
1183 3113 1289 3170 Sed
1316 3113 1483 3169 misso
1511 3110 1698 3168 codice
1727 3107 1796 3164 ad

200 3201 601 3260 Ambrosianos
624 3219 904 3261 sermones
933 3203 1275 3261 redeundum
1323 3209 1423 3259 est.
1463 3199 1609 3257 Fieri
1647 3197 1795 3255 enim
1828 3236 1873 3297 ο

1912 579 2207 637 bus.Enim
2237 596 2369 638 vero
2398 580 2546 655 quod
2574 580 2712 640 dicit
2739 581 2920 654 primo
2945 598 3213 654 sermone,
3235 600 3327 641 eos
3353 583 3503 642 allo-

1914 669 2028 742 qui,
2064 670 2159 744 qui
2204 672 2316 727 Deo
2365 670 2483 744 ipsa
2522 670 2834 729 devotionis
2864 672 3200 744 professione
3222 671 3335 745 jam
3365 690 3503 747 pro-

1912 757 2052 813 ximi
2078 758 2322 831 deputati
2353 768 2483 817 sunt
2507 761 2645 817 cmlo
2678 761 2786 832 (b);
2818 770 2872 818 et
2899 762 3100 818 clarius
3129 761 3187 817 in
3216 762 3502 835 tertio,qui

1913 843 2202 915 pompiset
2224 844 2417 901 mundi
2439 846 2819 902 voluntatibus
2846 846 3094 918 abjectis,
3126 847 3342 902 meliori
3374 863 3501 904 con-

1913 951 2078 991 cursu
2107 935 2175 991 ad
2204 938 2405 994 coelum
2428 939 2723 995 transitum
2744 939 3005 1009 fecerant,
3027 939 3232 1013 quique
3260 940 3329 996 ab
3349 941 3501 997 omni

1912 1024 2050 1082 facie
2073 1026 2419 1098 contagionis
2448 1028 2687 1101 antiquae
2716 1046 2811 1102 per
2840 1030 3304 1102 regenerationem
3344 1031 3504 1087 salu-

1910 1115 2045 1171 taris
2074 1116 2276 1175 lavacri
2306 1119 2603 1191 purgati,et
2631 1136 2726 1193 per
2740 1119 3073 1193 baptismum
3102 1119 3307 1177 mortui
3337 1127 3503 1179 nata-

1910 1206 2058 1264 libus
2074 1208 2572 1277 mundi,nobilitati
2586 1226 2682 1284 per
2710 1210 2938 1284 gratiam
2956 1213 3072 1268 nati
3092 1218 3220 1269 sunt
3240 1212 3378 1268 cmlo
3402 1211 3496 1284 (c):

1912 1295 1968 1351 id
1991 1297 2213 1369 quidem
2236 1297 2544 1371 signiﬁcare
2563 1299 2803 1367 videtur,
2835 1300 3004 1358 verba
3030 1301 3098 1357 ad
3127 1300 3339 1374 plebem
3358 1300 3498 1369 ﬁeri,

1910 1400 2031 1458 quae
2081 1384 2196 1457 jam
2254 1386 2545 1460 baptisma,
2601 1388 2669 1445 ad
2717 1388 2865 1463 quod
2923 1389 3146 1446 nonnisi
3201 1388 3261 1446 in
3307 1389 3502 1463 pervi-

1911 1476 2042 1549 gilio
2089 1477 2309 1535 Paschaa
2354 1481 2778 1552 admittebatur,
2825 1491 3121 1557 receperat.
3167 1483 3288 1541 Huc
3335 1483 3499 1540 etiam

1909 1564 2037 1621 addi
2067 1574 2263 1639 potest,
2296 1568 2413 1627 illic
2454 1569 2509 1626 S.
2543 1569 2824 1627 doctorem
2850 1571 2919 1627 de
2947 1570 3214 1628 ineffabili
3243 1573 3500 1630 Incarna-

1909 1655 2080 1713 tionis
2117 1658 2385 1731 mysterio
2421 1659 2727 1717 clarissime
2762 1661 2916 1734 loqui
2939 1661 3197 1735 (d),quod
3217 1662 3501 1721 studiosis-

1909 1746 2046 1801 sime
2092 1752 2227 1804 tunc
2255 1747 2521 1820 temporis
2549 1748 2796 1805 nondum
2825 1748 3114 1822 baptizatis
3132 1751 3387 1809 celabant
3406 1769 3500 1809 an-

1908 1834 2108 1892 tistites
2132 1853 2148 1904 ;
2189 1836 2465 1908 simulque
2494 1837 2759 1910 explicari
2798 1838 3004 1912 accepti
3028 1837 3142 1911 jam
3173 1842 3500 1898 sacramenti

1906 1923 2251 1998 baptismatis
2278 1925 2503 1982 effectus
2535 1927 2606 2000 (θ)
2634 1945 2647 1995 ;
2681 1937 2845 2002 atque
2872 1928 3155 1986 auditores
3179 1928 3411 1998 hortari,
3430 1945 3499 1985 ne

1906 2031 2031 2072 cum
2062 2015 2282 2084 saeculo,
2310 2014 2400 2072 cui
2431 2016 2490 2071 in
2519 2015 2610 2072 die
2640 2016 3057 2091 redemptionis,
3086 2018 3143 2075 id
3186 2026 3267 2074 est
3293 2017 3499 2092 baptis-

1907 2104 2091 2173 matis,
2133 2121 2242 2178 quo
2285 2106 2593 2178 consignati
2634 2106 2851 2163 fuerant
2881 2107 3113 2180 Spiritui
3149 2116 3357 2177 sancto,
3379 2110 3499 2166 vale

1906 2194 2180 2263 dixerant,
2239 2196 2410 2251 ullam
2467 2196 2525 2251 in
2574 2204 2855 2270 posterum
2907 2198 3222 2255 societatem
3265 2199 3494 2270 inirent,

1906 2286 2035 2359 quia
2062 2294 2303 2344 veterem
2327 2287 2609 2345 hominem
2632 2289 2850 2361 spoliati
2881 2297 2934 2345 et
2973 2288 3191 2346 Christo
3223 2306 3494 2348 commor-

1907 2375 2010 2443 tui,
2068 2391 2130 2433 eo
2178 2376 2389 2433 scilicet
2434 2376 2523 2433 die
2580 2394 2787 2436 novum
2819 2377 3099 2435 hominem
3131 2379 3333 2448 induti,
3373 2397 3499 2437 cum

1906 2462 2024 2536 ipso
2055 2464 2370 2521 revixerant
2399 2465 2719 2537 (f).Verum
2742 2467 2787 2522 si
2809 2467 2931 2540 quis
2962 2467 3019 2523 id
3049 2484 3159 2524 non
3197 2468 3327 2525 satis
3356 2471 3501 2527 clare

1905 2570 1974 2610 ex
2009 2553 2211 2627 prioris
2252 2555 2523 2611 sermonis
2548 2563 2812 2612 contextu
2849 2555 3029 2614 evinci
3056 2564 3231 2630 putat,
3260 2574 3324 2614 eo
3354 2558 3500 2632 quod

1904 2648 2075 2702 relata
2120 2646 2287 2702 verba
2328 2648 2396 2702 ad
2426 2649 2847 2706 catechumenos
2878 2658 2931 2707 et
2959 2659 3327 2725 competentes
3354 2670 3501 2710 com-

1905 2736 2064 2792 mode
2094 2736 2286 2792 referri
2317 2747 2540 2811 queant,
2573 2739 2622 2795 ei
2652 2756 2763 2796 non
2795 2740 3095 2811 obsistam;
3128 2750 3180 2799 et
3209 2741 3254 2798 si
3299 2743 3358 2798 in
3397 2743 3500 2800 hac

1905 2827 2177 2883 sententia
2205 2827 2447 2899 primum
2480 2845 2789 2887 sermonem
2819 2847 2883 2888 ac
2920 2833 3155 2889 alterum
3195 2832 3264 2889 ad
3303 2848 3502 2904 praece-

1906 2915 2127 2973 dentem
2176 2915 2693 2992 Quadragesimam;
2750 2938 2857 2994 qua
2899 2922 3222 2994 quotidiano
3250 2938 3500 2979 sermone

1905 3006 2327 3066 catechumenos
2374 3014 2428 3065 et
2474 3017 2844 3083 competentes
2883 3010 3111 3069 docebat
3152 3011 3499 3081 Ambrosius,

1880 3097 2185 3164 ,remittere
2233 3096 2409 3167 malit,
2459 3115 2570 3155 non
2597 3100 2936 3173 repugnabo.
2977 3100 3133 3157 Haud
3162 3116 3250 3156 me
3282 3100 3415 3156 latet
3439 3100 3494 3157 S.

1909 3187 2265 3244 Ambrosium
2296 3186 2654 3259 baptizandos
2683 3188 2751 3244 ad
2788 3186 3132 3246 terrestrium
3158 3205 3342 3245 rerum
3371 3205 3497 3245 con-

203 3309 320 3350 non
348 3301 526 3366 potest
555 3301 617 3350 ut
658 3293 726 3350 ab
755 3295 869 3351 illis
898 3296 1171 3363 recedam,
1203 3294 1527 3367 priusquam
1557 3290 1623 3347 de
1656 3296 1803 3344 tem—
1828 3276 1873 3297 υ
1911 3284 2183 3350 ῐθωριιιω
2234 3276 2508 3349 Ρπωοίριιθ
2558 3277 2909 3334 adhortatum
2958 3278 3164 3335 ἷυίεεθε
3214 3278 3309 3334 sed
3346 3294 3499 3351 δῖίῖαθ

199 3398 359 3456 pore,
402 3399 510 3457 quo
531 3382 707 3440 habiti
738 3393 888 3454 sunt,
921 3385 1279 3457 quaestionem
1305 3383 1498 3439 saltem
1539 3379 1803 3451 attingam

200 3472 376 3529 Porro
411 3472 524 3545 jam
554 3482 774 3531 auctore
809 3475 1052 3546 cognito,
1083 3490 1399 3530 sermonum
1428 3485 1645 3544 quoque
1676 3474 1805 3524 mtas

202 3569 487 3634 comperta
520 3570 619 3619 est.
655 3562 1034 3620 Nihilominus
1062 3563 1129 3619 de
1147 3579 1291 3619 anno
1323 3577 1431 3634 quo
1458 3558 1633 3615 habiti
1653 3564 1800 3626 sunt,

202 3647 353 3705 nihil
412 3650 548 3706 certi
595 3650 804 3708 habeo:
839 3659 892 3709 et
918 3652 963 3708 si
992 3636 1133 3726 quid.
1163 3649 1520 3723 conjecturis,
1573 3662 1802 3720 quarum

202 3746 392 3796 tamen
425 3738 701 3811 judicium
738 3741 1019 3814 integrum
1044 3743 1171 3799 volo
1198 3756 1313 3798 esse
1340 3755 1504 3812 penes
1523 3738 1801 3806 lectorem,

206 3829 374 3886 liceat
422 3828 729 3901 indulgere,
782 3830 911 3886 illos
941 3847 1086 3887 anno
1118 3830 1221 3887 389
1259 3828 1408 3885 haud
1436 3827 1612 3883 multo
1651 3825 1806 3881 anti—

205 3917 431 3992 quiores
467 3918 723 3975 arbitror.
772 3919 911 3977 Cum
943 3921 1092 3977 enim
1124 3922 1183 3976 in
1212 3919 1417 3976 eisdem
1448 3916 1654 3974 mentio
1685 3923 1804 3971 tum

204 4007 567 4067 ecclesiastici
624 4017 838 4078 cantus,
889 4026 1016 4066 cum
1066 4010 1427 4082 psalmorum,
1466 4006 1804 4079 hymnorum

209 4105 264 4155 et
293 4098 636 4171 vigiliarum,
658 4114 821 4171 quam
853 4098 1205 4171 disciplinam
1235 4095 1532 4155 Mediolani
1574 4096 1629 4153 S.
1661 4096 1807 4153 Am-

205 4184 427 4243 brosius
447 4202 592 4241 anno
619 4186 723 4242 386
751 4186 972 4243 circiter
1010 4187 1347 4257 instituerat,
1378 4203 1480 4243 nec
1510 4186 1676 4241 semel
1706 4200 1809 4242 nec

209 4276 439 4333 obscure
477 4275 572 4330 ﬁat
635 4275 756 4347 (a);
802 4285 928 4333 ante
980 4276 1124 4333 illud
1153 4286 1368 4350 tempus
1396 4276 1498 4333 hos
1524 4293 1807 4334 sermones

212 4365 446 4437 scriptos
473 4366 664 4436 fuisse,
696 4366 993 4425 dicendum
1016 4385 1129 4424 non
1150 4369 1329 4424 est.Et
1347 4368 1465 4425 hac
1492 4366 1809 4440 conjectura

210 4454 343 4512 inde
367 4455 613 4513 fortassis
642 4456 960 4514 conﬁrmari
992 4465 1191 4530 potest,
1224 4457 1373 4531 quod
1402 4457 1463 4514 in
1492 4458 1656 4515 tertio
1684 4474 1807 4514 ser-

210 4561 376 4602 mone
403 4548 577 4603 multa
602 4546 1055 4620 habeantur,quaa
1083 4556 1144 4604 ut
1177 4547 1311 4603 alibi
1341 4555 1669 4620 praenotasse
1698 4564 1808 4604 me-

1914 3367 2046 3436 scio,
2071 3367 2197 3423 illos
2224 3374 2348 3440 post
2377 3376 2687 3440 susceptum
2717 3368 3060 3440 baptismain
3092 3367 3284 3423 iisdem
3324 3383 3499 3424 mora-

1914 3455 2061 3512 libus
2088 3456 2519 3529 praeceptis,quae
2536 3472 2593 3512 se
2609 3456 2840 3514 docente
2855 3455 2972 3528 jam
2994 3455 3320 3525 didicerant,
3339 3456 3502 3515 novis

1915 3547 2275 3605 concionibus
2312 3548 2683 3606 confirmasse.
2735 3549 2989 3605 Profecto
3029 3564 3325 3617 sermones,
3368 3547 3503 3621 qui-

1913 3638 2018 3694 bus
2058 3643 2312 3696 constant
2358 3636 2490 3694 libri
2541 3637 2603 3692 de
2650 3638 2800 3709 Fuga
2851 3636 3049 3707 saeculi,
3103 3644 3156 3693 et
3184 3637 3245 3693 de
3271 3638 3430 3693 Iacob
3456 3643 3505 3692 et

1923 3727 2040 3787 Vita
2068 3727 2237 3797 beata,
2272 3726 2369 3783 ubi
2401 3726 2763 3799 potissimum
2787 3725 2855 3783 de
2896 3725 3062 3799 hujus
3105 3725 3301 3783 mundi
3342 3726 3504 3784 rebus

1914 3816 2238 3874 abdicandis
2270 3817 2470 3890 agitur,
2501 3815 2572 3872 ad
2600 3832 2789 3873 recens
2824 3815 3127 3889 baptizatos
3152 3815 3349 3872 habuit
3374 3815 3504 3872 Am-

1914 3909 2150 3979 brosius,
2182 3919 2244 3967 ut
2268 3910 2400 3967 scite
2425 3908 2628 3966 eruditi
2654 3909 2892 3967 Maurini
2920 3908 3298 3966 demonstrant
3328 3909 3428 3981 (g).

1987 4002 2060 4061 X.
2096 4004 2175 4060 De
2202 4004 2392 4060 horum
2419 4018 2721 4059 sermonum
2747 4000 3085 4057 doctrina.—
3115 4000 3236 4056 Non
3264 4006 3346 4055 est
3372 4014 3505 4055 vero

1916 4093 2136 4167 cur,qui
2168 4110 2317 4151 nunc
2344 4093 2640 4166 prodeunt,
2665 4106 2943 4149 sermones
2954 4076 3214 4158 laudem;
3257 4105 3384 4147 nam
3399 4089 3505 4162 ipsi

1916 4201 1995 4253 se,
2024 4191 2086 4239 ut
2122 4199 2385 4256 auguror,
2416 4182 2648 4240 eruditis
2669 4181 2882 4255 piisque
2910 4179 3206 4237 lectoribus
3230 4195 3506 4237 commen-

1917 4271 2153 4330 dabunt.
2187 4271 2346 4341 Quod
2372 4278 2556 4328 autem
2587 4272 2646 4327 in
2688 4287 2876 4327 eorum
2898 4270 3203 4343 praesertim
3236 4270 3417 4342 primo
3442 4284 3507 4326 ac

1918 4362 2158 4420 secundo
2179 4361 2504 4419 Ambrosius
2525 4360 2859 4433 evangelicis
2888 4360 3072 4417 verbis
3090 4359 3301 4428 doceat,
3351 4357 3507 4416 Chri-

1917 4452 2223 4509 stianorum
2270 4467 2385 4508 esse
2423 4450 2612 4507 omnia
2650 4467 2749 4507 sua
2783 4450 2929 4507 bona
2966 4449 3296 4520 relinquere,
3327 4454 3381 4502 et
3409 4462 3507 4519 pro

1921 4540 2143 4600 Christo
2188 4539 2522 4613 pauperibus
2554 4539 2911 4607 distribuere,
2944 4545 3106 4610 atque
3134 4552 3249 4592 sese
3281 4550 3507 4607 prorsus

211 4635 375 4704 mini,
409 4635 757 4694 difﬁcillimis
784 4638 1013 4695 Iustinae
1037 4638 1436 4710 persecutionis
1472 4638 1811 4711 temporibus

1921 4630 2126 4687 divinae
2170 4629 2531 4703 providentiae
2560 4627 2921 4693 committere;
2961 4641 3073 4681 non
3102 4624 3180 4680 ita
3198 4623 3387 4679 stricte
3422 4622 3505 4678 in-

211 4726 457 4799 apprime
483 4728 781 4784 convenire
809 4728 1072 4785 videntur
1099 4747 1113 4798 ;
1158 4745 1279 4802 quae
1310 4728 1529 4802 quidem
1562 4729 1808 4785 Ariano—

220 4831 347 4871 rum
394 4816 675 4890 impunita
724 4818 948 4875 vexatio
995 4835 1304 4891 compressa
1342 4825 1422 4875 est
1447 4825 1572 4874 ante
1600 4835 1808 4875 annum

215 4905 319 4963 389
358 4923 468 4979 quo
496 4908 925 4966 Valentinianus
957 4909 1153 4965 Junior
1180 4926 1290 4966 una
1321 4925 1448 4967 cum
1479 4907 1805 4977 Theodosio,

213 4995 492 5053 exstincto
508 4997 753 5055 Maximo
775 4998 1411 5072 tyranno,Mediolanum
1433 5014 1684 5055 reversus
1705 5005 1806 5054 est.

213 5085 370 5153 Quod
422 5095 604 5144 autem
653 5088 713 5145 hi
760 5098 869 5145 tres
916 5105 1193 5145 sermones
1232 5088 1422 5145 eodem
1459 5104 1606 5144 anno
1633 5086 1811 5145 habiti

215 5174 348 5244 sint,
399 5193 469 5233 ex
507 5194 701 5236 eorum
754 5195 902 5236 nexu
946 5179 1403 5253 colligationeque
1434 5184 1600 5253 patet.
1631 5177 1812 5246 Quoto

216 5281 348 5321 vero
368 5266 502 5321 anni
532 5269 768 5341 tempori
798 5269 969 5326 iidem
996 5270 1083 5326 illi
1114 5270 1432 5343 assignandi
1462 5268 1595 5338 sint,
1636 5269 1811 5324 multo

216 5354 454 5411 minoris
502 5354 847 5417 difﬁcultatis
884 5376 973 5419 res
1001 5368 1101 5419 est.
1131 5360 1387 5419 Dubitari
1414 5358 1564 5418 enim
1588 5360 1689 5418 vix
1721 5375 1812 5432 po-

314 5518 373 5650 (ἐξ
404 5519 581 5647 Beiram.
605 5523 725 5650 Silﬁ
750 5526 804 5594 5,
836 5532 889 5583 et
918 5526 1092 5584 Serm.
1127 5528 1231 5600 3,§
1264 5529 1349 5585 11.

317 5592 370 5660 b)
404 5592 569 5661 Ihid.,
605 5592 722 5721 gi:
789 5592 797 5594 “

313 5679 339 5717 c
402 5664 577 5720 Serm.
651 5709 664 5733 ,
732 5667 758 5738 ἓ
793 5668 846 5737 4,
879 5670 912 5727 6
939 5679 995 5726 et
1029 5671 1114 5729 10.

315 5661 378 5808 (Β)
407 5733 576 5804 lbid.,
608 5736 668 5807 ἐξ
690 5667 744 5807 ἔξ,
774 5739 808 5794 lt
836 5748 890 5796 et
916 5742 1001 5799 10.

542 5834 783 5892 PATROL.
825 5837 1001 5895 XVII.

1917 4718 2277 4791 telligendum
2309 4725 2411 4787 est,
2442 4734 2505 4775 ac
2544 4718 2591 4772 si
2629 4722 2966 4789 praeceptum
3006 4712 3147 4769 illud
3166 4712 3369 4784 absque
3397 4710 3506 4768 dis-

1917 4808 2121 4881 pendio
2150 4816 2368 4865 aeternae
2387 4807 2581 4864 salutis
2601 4822 2633 4861 a
2652 4804 2848 4878 quovis
2860 4802 3129 4875 praeteriri
3160 4815 3272 4857 non
3312 4799 3504 4873 possit;

1921 4899 2015 4955 sed
2046 4899 2113 4955 ab
2142 4914 2207 4954 eo
2238 4896 2519 4954 observari
2541 4902 2595 4951 et
2626 4891 2917 4965 adimpleri
2945 4891 3087 4948 illud
3108 4889 3330 4964 quidem
3352 4899 3508 4963 opor-

1920 4996 2054 5057 tere,
2101 4986 2196 5061 qui
2224 4987 2293 5043 ad
2322 5001 2638 5058 supremum
2686 4981 2914 5055 gradum
2950 4981 3278 5054 evangelicae
3305 4980 3511 5053 perfec-

1919 5078 2089 5135 tionis
2108 5074 2393 5149 pervenire
2410 5072 2726 5132 contendat.
2756 5071 3008 5129 Profecto
3027 5069 3514 5144 nullus,quidquid

1919 5172 2245 5231 heterodoxi
2288 5171 2553 5229 neoterici
2595 5170 2886 5240 blaterent,
2927 5169 3071 5227 hanc
3098 5168 3513 5227 distinctionem

1921 5262 2440 5336 antiquissimam,et
2460 5260 2901 5319 inAmbrosianis
2921 5259 3141 5333 scriptis
3157 5257 3515 5331 reperiri,ibit

1924 5363 2160 5435 inﬁcias,
2191 5362 2289 5438 qui
2309 5363 2503 5421 saltem
2531 5362 2723 5437 legerit
2747 5377 2866 5437 cap.
2896 5360 2986 5434 11,
3017 5359 3116 5418 lib.
3140 5376 3159 5415 ι
3184 5359 3252 5415 de
3281 5356 3511 5425 Ofﬁciis,

1999 5525 2260 5669 (7)1bid.,
2294 5525 2415 5619 §§§39
2447 5535 2501 5584 et
2537 5525 2645 5610 10._

1999 5603 2016 5669 (
2060 5600 2080 5669 )
2118 5598 2367 5669 Ibid.,3§
2407 5600 2571 5657 modo
2598 5617 2645 5657 c1

1999 5598 2080 5743 (Ῑέ
2118 5598 2367 5672 Ibid.,§§
2407 5600 2574 5682 modo
2598 5599 2750 5657 citat.

2003 5672 2059 5743 (g
2114 5671 2175 5727 In
2209 5670 2636 5730 admomtiomb.
2670 5686 2750 5743 pr:

2114 5671 2175 5727 In
2209 5666 2636 5730 admonitionib.
2670 5666 2910 5744 praeviis.

3202 5832 3273 5901 25
