3970 6364
79 362 208 419 785

1010 362 1377 420 SERMONES
1414 362 1589 421 TRES
1627 363 1729 420 EX
1785 362 2044 422 CODICE
2082 364 2529 423 SESSOBIANO.

3309 367 3413 427 786

76 494 326 557 monet,
366 485 435 542 ad
466 486 816 542 Timotheum
849 484 1093 542 scribens
1121 504 1132 542 :
1181 509 1199 532 ‹
1249 487 1393 542 Ilaec
1423 485 1707 556 meditare,
1739 489 1790 549 A
1824 487 1948 553 bus,
1970 496 2033 544 ut
2061 488 2342 544 rationum
2370 489 2717 546 saecularium
2744 490 2949 548 scribta
2976 490 3211 565 accipias
3240 492 3412 565 perle-

75 573 146 629 in
183 574 290 632 his
319 585 470 633 esto:
516 584 578 632 ut
614 576 890 648 profectus
938 582 1065 632 tuus
1096 575 1352 647 adpareat
1408 576 1665 635 omnibus
1688 578 1710 618 ί

79 662 137 735 (Ι
189 665 432 721 Τοὶιηοιὴ.
472 683 546 734 1v,
584 667 697 737 15).
730 691 749 714 ›

159 753 281 810 IV.
315 755 591 812 Voluntas
624 755 866 826 religiosi
888 754 1131 811 hominis
1152 756 1479 812 caelestibus
1500 758 1712 829 legibus

75 834 1104 912 (Ιθῐθῐιῑει,ἐῑι11ιιίιιίιοἱιιεῑιῐὶςίιῐὶοιιίδ
1125 848 1583 903 meditationibus
1599 849 1710 906 die-

77 932 197 988 bus
235 948 309 990 ac
339 933 599 991 noctibus
623 943 1006 1006 occupatanon
1030 935 1192 993 habet
1211 953 1442 991 uacuum
1464 944 1705 1009 tempus,

75 1038 206 1095 quo
248 1024 538 1079 saeculum
560 1024 784 1094 cogitet,
809 1042 917 1097 quo
940 1026 1334 1097 possessionem
1357 1034 1530 1091 curet,
1553 1044 1709 1083 exor-

77 1118 184 1166 net
212 1112 435 1167 urbana
456 1113 700 1184 praedia,
716 1114 1454 1187 rusticationisdisciplinam
1470 1119 1706 1187 excolat,

73 1201 361 1257 redditus
392 1211 675 1275 supputet,
709 1204 935 1275 inpensa
958 1205 1217 1259 discutiat
1244 1207 1285 1260 ⁵³.
1321 1206 1376 1261 Si
1400 1206 1545 1260 enim
1574 1207 1709 1262 istut

77 1290 428 1362 arripuerit,
449 1292 575 1347 illut
606 1292 828 1360 deserit,
878 1293 1180 1348 secundum
1212 1295 1357 1365 quod
1388 1296 1709 1352 Dominicus

76 1396 292 1435 sermo
315 1382 570 1451 promisit
595 1400 605 1436 :
658 1406 675 1428 ι
704 1382 875 1437 Nemo
894 1398 1102 1453 ponens
1126 1401 1348 1437 manum
1384 1384 1440 1437 in
1465 1393 1707 1440 aratrum

82 1469 238 1542 (hoc
284 1479 368 1526 est
406 1471 625 1525 caelesti
682 1472 1013 1542 operationi,
1064 1480 1116 1527 et
1161 1473 1483 1529 Dominicae
1532 1474 1709 1530 crucis

79 1559 269 1630 signo
302 1571 322 1597 ιι
354 1563 400 1631 3)
434 1570 578 1616 retro
608 1564 925 1633 respiciens,
958 1571 1117 1634 aptus
1159 1570 1239 1617 est
1268 1562 1326 1617 in
1357 1580 1521 1635 regno
1551 1564 1650 1619 Dei
1686 1567 1707 1600 ⁸

82 1649 294 1720 (Luca:
316 1668 393 1718 ιχ,
428 1652 541 1721 62).
569 1677 584 1697 ι
619 1652 739 1706 Non
762 1653 909 1706 enim
940 1662 1115 1724 potest
1137 1662 1433 1726 utrumque
1456 1671 1709 1726 peragere

80 1742 252 1813 quod
279 1740 388 1797 sibi
412 1742 705 1797 inimicum
728 1752 807 1797 est
830 1742 1062 1810 ratione,
1079 1744 1312 1797 ueritate
1334 1742 1636 1811 diuersum,
1656 1752 1709 1800 et

1822 578 1994 650 genda
2018 596 2031 646 ;
2067 587 2229 652 atque
2248 578 2324 635 ita
2342 579 2426 648 lit,
2450 589 2510 637 ut
2527 580 2736 637 diuinis
2759 581 2916 639 libris
2939 583 3244 639 mundanas
3262 599 3412 657 prae-

1822 667 2001 724 ferens
2029 669 2288 733 rationes,
2324 671 2597 743 praecepti
2636 680 2983 744 contemptor
3028 673 3254 743 existas,
3302 691 3411 748 quo

1819 763 2025 820 crebris
2055 762 2525 819 admonitionibus
2547 762 2854 833 intimatur,
2888 780 2957 820 ne
2987 764 3127 820 liber
3156 766 3412 824 manibus

1818 855 1978 921 desit,
2014 872 2081 910 ne
2108 855 2272 911 corde
2303 854 2420 909 eius
2442 854 2730 910 meditatio
2758 855 3113 928 conquiescat
3131 858 3172 911 δ.
3196 857 3268 911 Et
3288 856 3412 913 ideo

1818 945 2087 1000 Dominus
2129 945 2184 999 in
2239 944 2543 1015 Euangelio
2593 945 2867 1017 perfectis,
2924 952 2978 1000 et
3015 946 3411 1003 consummatis

1820 1037 2011 1090 uolens
2067 1052 2180 1091 esse
2246 1036 2583 1103 consultum,
2643 1036 2830 1092 omnia
2885 1052 3022 1109 quae
3068 1036 3413 1108 possiderent

1819 1123 1985 1177 uendi
2014 1125 2247 1191 censuit,
2281 1133 2333 1180 et
2366 1123 2589 1195 inpendi
2613 1126 2632 1159 ⁷
2660 1142 2672 1179 :
2705 1125 2859 1180 nulla
2888 1132 2950 1179 ut
2973 1125 3183 1181 ratione
3210 1126 3277 1181 ab
3294 1126 3411 1182 eius

1820 1211 2029 1280 possint
2058 1210 2264 1266 dilectu
2286 1211 2310 1245 ἀ
2340 1211 2557 1277 diuelli,
2590 1211 2679 1265 uel
2711 1210 3074 1267 meditatione
3112 1212 3332 1269 auocari
3361 1225 3404 1269 ³.

1818 1299 1949 1353 Inde
1980 1307 2059 1355 est
2098 1299 2245 1372 quod
2277 1300 2657 1355 necessitatem
2680 1300 2854 1372 ipsam
2885 1301 3226 1369 mortalium,
3252 1302 3308 1357 id
3329 1309 3409 1357 est

1818 1388 2101 1456 uestitum,
2135 1390 2345 1444 uictum
2378 1398 2431 1444 et
2457 1397 2646 1461 potum
2683 1389 2914 1461 cogitari
2948 1389 3267 1461 prohibuit:
3298 1398 3352 1445 et
3377 1406 3411 1446 a

1818 1493 1872 1531 se
1910 1478 2096 1531 omnia
2128 1477 2544 1549 perﬁcientibus
2570 1478 2824 1549 promisit
2849 1478 3090 1551 adponi“
3119 1496 3133 1546 ;
3167 1487 3227 1535 ut
3256 1480 3411 1537 nulla

1818 1564 2156 1632 necessitate,
2184 1565 2346 1620 sicuti
2368 1581 2526 1637 saepe
2556 1566 2661 1620 iam
2684 1566 2893 1622 dictum
2915 1574 3014 1634 est,
3036 1583 3069 1622 a
3095 1567 3409 1624 conmercia

1818 1652 1998 1708 diuini
2029 1653 2208 1725 operis
2244 1654 2575 1721 retarderis;
2618 1655 2773 1709 nulla
2799 1661 2861 1709 ut
2898 1663 2951 1710 te
2976 1655 3107 1711 anni
3145 1656 3409 1713 sterilitas

1818 1742 2034 1809 turbet;
2073 1742 2225 1797 nulla
2256 1742 2474 1812 frugum
2506 1741 2690 1812 inopia
2710 1740 3043 1815 ariditasque
3064 1758 3404 1816 camporum,

79 1834 389 1889 aemulum
414 1834 725 1890 uoluntate.
751 1834 864 1887 Hoc
884 1832 1031 1888 enim
1050 1835 1312 1889 saeculum
1336 1834 1559 1905 cogitat,
1584 1834 1711 1890 illut
1744 1850 1791 1909 B
1821 1847 1920 1887 nec
1948 1832 2192 1886 olearum
2223 1832 2620 1904 uinearumque
2642 1832 2892 1887 fallentes
2941 1830 3153 1886 fructus
3198 1848 3408 1888 excru-

76 1922 323 1977 caelum
354 1929 605 1993 exoptat;
643 1921 749 1978 hoc
779 1921 1088 1977 rationibus
1118 1921 1416 1976 mundanis
1472 1921 1705 1990 insistit,

79 2009 227 2065 illut
247 2010 465 2066 diuinis
483 2009 846 2078 orationibus,
869 2017 921 2064 et
936 2009 1388 2065 meditationibus
1406 2018 1581 2064 uacat.
1608 2012 1708 2065 De-

82 2102 280 2171 nique
312 2108 373 2155 ut
407 2100 555 2156 dicta
584 2100 746 2155 rebus
767 2098 1085 2170 adprobem,
1110 2106 1163 2152 et
1194 2098 1464 2153 sermonis
1489 2097 1594 2151 mei
1617 2096 1706 2151 ad-

80 2189 411 2245 sertionem
445 2189 708 2261 operibus
731 2188 969 2255 firmem,
997 2194 1121 2241 utar
1147 2187 1401 2257 exemplo
1441 2188 1483 2241 ⁵.
1518 2185 1575 2241 Si
1603 2184 1706 2239 tibi

83 2278 347 2352 gestanti
386 2278 642 2334 diuinum
666 2277 870 2332 librum
892 2276 950 2331 in
973 2274 1250 2341 manibus,
1268 2274 1507 2331 etoculis
1527 2274 1707 2346 apices

82 2368 361 2442 carpenti
383 2369 500 2442 pari
518 2368 814 2440 aclegenti,
829 2367 1129 2440 diuinaque
1146 2374 1432 2440 praecepta
1453 2366 1707 2423 sensibus

82 2467 534 2525 conmendanti"
564 2467 841 2523 rationum
884 2464 1033 2533 libri,
1071 2465 1161 2520 uel
1209 2472 1536 2537 conparatae
1570 2481 1704 2537 pos-

87 2557 377 2615 sessionis
405 2556 621 2613 tabulae
652 2557 791 2612 forte
810 2555 1121 2623 tradantur,
1145 2571 1363 2611 necesse
1384 2565 1487 2623 est,
1505 2562 1573 2610 ut
1591 2554 1704 2610 abi-

89 2647 217 2705 cias
245 2657 269 2683 ο
289 2646 498 2703 librum
528 2646 753 2703 diuinae
781 2646 935 2718 legis,
968 2661 1127 2718 quem
1160 2646 1404 2716 gestabas
1432 2645 1491 2700 in
1532 2645 1703 2701 mani-

169 2765 197 2792 ι
231 2753 624 2809 Parenthesim
666 2752 758 2808 hic
805 2751 918 2808 suis
956 2751 1126 2821 signis
1177 2766 1341 2807 ausus
1382 2767 1503 2805 sum
1550 2750 1704 2806 desi-

93 2841 305 2898 gnare,
334 2832 399 2898 _ut
425 2825 657 2898 lectores
686 2824 763 2898 de-
800 2822 1114 2898 parenthesi
1144 2822 1404 2878 certiores
1445 2822 1700 2898 facerem,

89 2893 166 3025 3e
204 2893 587 2951 Ambrosiana
617 2893 915 2968 explicatio
942 2910 1066 2950 cum
1098 2909 1250 2951 sacro
1276 2900 1435 2949 textu
1460 2894 1705 2949 confun-

132 2975 359 3024 eretur.

268 2984 359 3022 ur.

132 2984 323 3095 efeltta
352 3037 411 3092 in
441 3037 563 3094 cod.
596 3054 695 3110 pro
725 3036 1136 3110 commendanti:
1171 3035 1377 3093 etenim
1432 3051 1469 3092 η
1497 3043 1625 3093 ante
1652 3053 1705 3092 m

90 3110 503 3193 apudveteres
535 3108 934 3193 orthographos
962 3108 1198 3193 sonabat
1226 3116 1289 3163 ut
1308 3124 1380 3189 in.

1820 1920 1997 1987 cient;
2016 1938 2125 1975 non
2145 1938 2402 1993 pecorum
2418 1920 2775 1977 morientium
2788 1920 3317 1979 damnaconcutiaut
3335 1924 3403 1979 ¹⁰.

1890 2010 1960 2067 V.
1995 2011 2207 2066 Maneat
2256 2010 2427 2065 libera
2455 2010 2885 2082 inconcussaque
2925 2009 3166 2079 deuotio,
3198 2020 3259 2068 ut
3307 2012 3407 2069 Dei

1819 2098 1906 2155 sui
1937 2108 1990 2154 et
2014 2098 2239 2154 Domini
2270 2099 2475 2155 Christi
2498 2098 2791 2153 dilectione
2808 2114 3053 2170 possessa
3081 2099 3306 2171 hymnis
3326 2117 3407 2158 re-

1820 2196 1998 2255 sonet,
2014 2187 2357 2243 orationibus
2373 2195 2547 2255 uacet,
2565 2187 2786 2243 ieiuniis
2802 2204 2864 2245 ac
2874 2188 3084 2260 uigiliis
3104 2188 3319 2246 insistat
3336 2192 3407 2259 ¹¹,

1819 2286 1874 2336 et
1902 2278 1959 2332 in
1991 2277 2375 2350 propheticum
2393 2278 2519 2335 illut
2547 2277 2823 2334 canticum
2848 2295 3085 2351 congrue
3113 2287 3167 2336 et
3195 2295 3406 2353 conpe-

1817 2384 1997 2432 tenter
2025 2376 2348 2447 abrumpat:
2399 2400 2416 2423 ι
2473 2375 2635 2432 Ficus
2665 2392 2777 2431 non
2811 2376 2998 2432 afferet
3025 2376 3258 2446 fructus,
3294 2393 3406 2433 non

1818 2476 1980 2523 erunt
2008 2466 2290 2522 nascentia
2322 2465 2382 2520 in
2411 2465 2610 2521 uineis.
2669 2465 2968 2523 Mentietur
3021 2481 3159 2537 opus
3184 2464 3401 2522 oliuae:

1819 2556 1997 2628 campi
2027 2572 2138 2611 non
2164 2554 2517 2627 praestabunt
2571 2570 2768 2611 escam.
2826 2553 3095 2611 Deficient
3131 2570 3161 2610 a
3204 2554 3406 2627 pabulo

1819 2667 1981 2706 oues:
2013 2659 2067 2706 et
2092 2666 2203 2705 non
2234 2656 2396 2705 erunt
2424 2648 2482 2704 in
2505 2647 2855 2721 praesepibus
2884 2648 3052 2704 boues
3078 2647 3142 2703 ¹².
3166 2648 3283 2720 Ego
3311 2664 3405 2704 au-

1816 2757 1983 2824 tinui,
1997 2765 2182 2827 utpote
2204 2773 2324 2828 qua;
2344 2756 2485 2827 sapit
2503 2756 2914 2827 antiquitatem,
2930 2763 2985 2809 et
3004 2754 3080 2828 ita
3095 2770 3250 2828 aeque
3262 2763 3406 2811 recte

1816 2830 2020 2899 scripta
2050 2825 2106 2882 in
2136 2825 2380 2899 antiquis
2407 2825 2468 2882 ac
2498 2825 2718 2897 optima:
2750 2834 2893 2899 nota:
2932 2825 3095 2899 codd.
3136 2825 3406 2899 frequen-

1814 2897 2025 2955 tissime
2052 2897 2312 2955 occurrit.
2344 2899 2594 2954 Profecto
2641 2899 2793 2953 illam
2827 2898 2884 2952 in
2916 2897 3404 2968 palimsesto’Tul—

1813 2970 1961 3026 liauo
1990 2971 2056 3026 de
2088 2970 2316 3041 Republ.
2352 2971 2397 3025 Ι.
2426 2971 2513 3036 35,
2547 2986 2597 3040 p.
2629 2970 2719 3037 94,
2752 2977 2805 3024 et
2834 2969 3039 3041 invar.
3064 2970 3197 3041 lect.
3218 2968 3395 3041 Cicer.

1814 3042 1918 3114 leg.
1951 3042 2079 3111 1,6,
2110 3039 2320 3114 legebat
2376 3042 2446 3096 cl.
2488 3039 2809 3114 Maius,_qui
2839 3040 3003 3114 etiam
3063 3039 3167 3095 hac
3232 3039 3299 3114 de
3343 3056 3402 3097 re

1814 3110 1963 3185 oper.
1989 3110 2101 3169 icit.
2134 3110 2195 3180 ιι,
2228 3113 2318 3181 32,
2350 3128 2406 3168 n.
2438 3131 2493 3185 (ι,
2533 3129 2587 3183 p.
2632 3110 2771 3185 7206,
2803 3111 3079 3185 sapienter
3135 3110 3396 3185 notabat:

172 3192 197 3263 ξ
230 3183 320 3238 Ita
344 3181 525 3277 pede}
550 3198 679 3237 cum
705 3178 821 3237 una
850 3182 870 3237 ἱ
898 3181 1187 3237 manifesta
1206 3180 1367 3249 crasi,
1399 3186 1453 3235 et
1475 3178 1535 3234 in
1564 3179 1701 3235 anti—
1738 3215 1782 3277 Ο
1813 3178 1934 3239 Jam
1969 3203 2033 3239 ne
2065 3178 2363 3277 scripturas
2392 3178 2661 3277 ¹ιήιὶειξοὰιῐ
2712 3178 3116 3277 ainan'iiensium
3166 3183 3396 3277 arbitrio

94 3252 255 3327 quis,
266 3252 446 3327 codd._
468 3252 833 3327 frequentata.

167 3324 197 3361 ἀ
230 3325 322 3380 Ita
350 3325 473 3381 cod.
510 3321 609 3397 pro
634 3326 852 3390 delectu,
877 3340 1041 3397 quam
1069 3322 1360 3379 lectionem
1390 3321 1597 3379 idcirco
1618 3338 1697 3377 re-

168 3425 186 3458 ¹
221 3423 471 3496 Vulgata
503 3423 818 3496 manifestus
844 3424 915 3496 sit
942 3439 1040 3495 pro
1058 3423 1347 3496 adpareat,
1372 3430 1426 3477 et
1452 3422 1698 3496 Vulgatze

86 3493 411 3567 concinunt
440 3493 665 3567 antiqua
716 3495 895 3551 versio
934 3493 1078 3566 apud
1107 3493 1312 3567 Sabat.,
1345 3501 1506 3567 atque
1552 3493 1699 3551 Am-

89 3566 428 3622 brosiastes.
488 3566 708 3645 Graecus
764 3583 896 3621 vero
941 3573 1127 3621 textus
1157 3566 1389 3645 φανιράἧ
1422 3571 1471 3625 ἕν
1511 3577 1691 3645 πᾶσὶν,

89 3645 189 3701 sed
222 3646 420 3717 plures
441 3662 570 3700 mss.
604 3644 789 3700 delent
807 3652 877 3708 ἕν.

162 3726 184 3759 ³
207 3724 439 3796 Similia
471 3726 727 3796 leguntur
748 3726 805 3780 in
832 3724 967 3796 psal.
993 3740 1187 3792 cxvm,
1217 3740 1379 3781 serm.
1407 3725 1491 3782 13.
1523 3726 1575 3793 7,
1598 3725 1695 3781 ubi

92 3795 388 3868 Davidicze
420 3795 772 3865 perfectionis
790 3795 1082 3867 prmposito
1103 3797 1374 3868 exemplo,
1400 3798 1479 3853 sic
1508 3796 1573 3851 de
1595 3797 1693 3853 illo

88 3867 166 3922 ait
194 3886 205 3922 :
244 3868 374 3923 Non
402 3867 744 3920 swcularibus
772 3869 981 3921 animus
1009 3867 1382 3922 traducebatur
1406 3870 1692 3934 illecebris;

90 3938 533 4019 non_pecuniaria
564 3940 911 4019 coacernandi
930 3940 1244 4019 patrimonii
1268 3940 1571 4019 cupiditate
1581 3944 1692 4019 [la-_

92 4010 319 4078 grabat;
356 4026 459 4062 non
488 4009 794 4078 proferendi
825 4009 1007 4064 limitis
1034 4012 1445 4080 excludendique
1474 4012 1690 4081 ﬁnitimi

90 4081 298 4134 amitis
328 4096 582 4133 curarum
605 4088 757 4135 cestus
778 4083 895 4135 stud
904 4083 950 4135 io
970 4083 1321 4136 meditationis
1342 4084 1589 4136 intentum
1610 4100 1689 4137 re-

92 4152 345 4224 ﬂectebat
378 4153 655 4220 a/fectum:
707 4154 967 4223 quidquid
1014 4161 1223 4223 poterat
1280 4155 1524 4224 temporis
1579 4155 1688 4208 dies

93 4223 307 4295 habere,
331 4223 597 4276 hoctotum
617 4225 735 4278 sola
752 4225 852 4277 sibi
874 4226 925 4277 in
954 4226 1055 4295 lege
1078 4226 1343 4279 meditatio
1366 4223 1683 4281 vindicabat.

164 4296 194 4369 ³.
218 4294 296 4369 ld_
310 4300 393 4348 est
420 4296 504 4369 vel
538 4295 756 4369 proprie
783 4296 972 4369 crucis
991 4294 1157 4369 signa,
1182 4314 1343 4369 quem
1367 4296 1532 4351 initio
1561 4312 1685 4369 ope-

95 4364 331 4438 rationis
390 4364 655 4438 cujusque
716 4364 1212 4422 familiarissimum
1273 4368 1440 4422 fuisse
1490 4364 1685 4438 priscis

94 4434 431 4507 Christianis
459 4434 661 4507 passim
708 4438 801 4492 SS.
834 4438 1019 4492 Patres
1068 4446 1353 4504 testantur,
1401 4434 1506 4493 vel‘
1548 4438 1685 4494 forte

92 4505 429 4580 baptismati,
448 4505 571 4580 rquo
599 4508 749 4580 plebs
779 4508 1057 4563 Ambrosii
1086 4526 1258 4580 nuper
1296 4510 1472 4563 fuerat
1502 4509 1681 4564 initia-

1808 3274 2008 3327 semper
2038 3254 2350 3322 tribuamus,
2389 3257 2630 3325 legendus
2657 3262 2730 3309 est
2755 3255 3083 3324 Aegroetius,
3130 3254 3224 3322 qui
3252 3254 3400 3381 dige-

1808 3330 2005 3381 rentias
2022 3328 2345 3381 verboruma
2366 3327 2432 3381 de
2447 3334 2493 3381 et
2512 3326 2569 3381 di
2593 3327 2951 3381 incinientium
2972 3324 3202 3381 tradita.
3234 3324 3301 3379 22
3344 3326 3392 3381 7.

1808 3324 2005 3385 rentius
2022 3328 2295 3383 verborum
2310 3346 2345 3383 α
2366 3324 2493 3382 deet
2512 3326 2569 3382 di
2593 3327 2951 3398 incipientium
2972 3324 3139 3380 tradit
3143 3341 3202 3394 ρ.
3234 3324 3392 3382 2267.

1805 3437 1992 3493 videre
2022 3444 2125 3505 est,
2156 3436 2200 3492 si
2234 3435 2435 3502 lubeat,
2478 3434 2537 3489 in
2580 3435 2715 3506 psal.
2748 3449 2943 3502 cxvm,
2977 3447 3141 3488 serm.
3196 3429 3251 3499 8,
3301 3430 3390 3501 26,

1806 3516 1847 3565 t.
1876 3511 1953 3584 II;
1988 3509 2084 3563 lib.
2118 3508 2183 3563 de
2220 3508 2445 3577 Myster.
2474 3523 2555 3584 nr,
2588 3507 2676 3584 50,
2700 3514 2739 3562 ι.
2762 3507 2869 3584 ΔΙΙΙ.
2992 3582 3001 3584 _
3075 3572 3086 3584 .

1878 3575 2722 3636 6Sanctumnostrumantistitem
2754 3575 3390 3648 frequenterinsuiscon-

1802 3650 2332 3709 cionibusassiduam
2346 3666 2507 3703 sacra:
2522 3649 2813 3709 Scripturaz
2830 3645 3120 3702 lectionem
3136 3645 3392 3703 fidelibus

1803 3723 2213 3779 commendasse
2244 3730 2388 3775 recte
2420 3729 2612 3775 notant
2634 3716 2978 3774 Benedictini
2998 3716 3234 3773 editores
3279 3719 3386 3775 col.

1802 3794 1925 3863 474,
1958 3802 1999 3849 t.
2033 3795 2082 3849 ll
2108 3809 2257 3863 oper.
2292 3791 2351 3846 ld
2368 3791 2569 3863 quippe
2594 3798 2970 3863 etinosisupra
2991 3786 3385 3863 animadverti-

1802 3858 1944 3938 mus,
1977 3882 2040 3922 ac
2068 3858 2165 3919 viii
2198 3858 2444 3938 volventi
2465 3858 2559 3917 lib.
2586 3880 2624 3917 ιι
2646 3862 2713 3917 de
2735 3858 2966 3927 Abrah.,
2992 3859 3047 3920 5.
3080 3858 3169 3938 22,
3202 3866 3243 3914 t.
3270 3862 3313 3938 _I,
3333 3868 3390 3916 et

1799 3937 1856 3992 in
1873 3931 1981 4007 ps'al
1996 3982 2005 3991 .
2022 3936 2262 4007 prmserti
2275 3953 2323 3987 ιιι
2340 3942 2639 4007 Ietcxym,
2652 3942 2992 4007 perspectum
3016 3931 3384 4007 eritomnino.

1871 4002 1888 4043 ἦ
1930 4002 2165 4066 Vendidit
2177 4006 2374 4072 justus.
2400 4005 2591 4059 scribit
2613 4002 2936 4059 Ambrosius
2963 4002 3019 4055 in
3036 4002 3169 4073 psal.
3185 4018 3384 4072 cxvm,

1797 4096 1959 4134 serui.
1984 4080 2073 4145 21,
2110 4079 2193 4143 18,
2228 4077 2506 4146 facultates
2524 4094 2668 4140 suas,
2692 4074 3012 4146 dispensavit
3032 4074 3382 4146 pauperibus,

1796 4152 1931 4277 ili/iii
1963 4149 2326 4289 sibii)reliquit.
2361 4148 2557 4203 Recole
2586 4148 2733 4203 dicta
2760 4145 2882 4219 pag.
2915 4146 2969 4210 1,
2999 4145 3120 4200 nul.
3152 4145 3184 4201 2
3219 4145 3378 4216 (Cod.

1906 4265 1919 4287 ,
1953 4237 2007 4275 ιι.
2092 4265 2103 4276 .
3216 4286 3230 4289 _
3290 4285 3303 4289 _

1798 4222 1919 4287 111,
1953 4237 2007 4275 ιι.
2038 4222 2103 4287 ¹).

1870 4293 1889 4327 ⁸
1906 4285 2093 4347 Parem
2108 4291 2432 4347 sententiam
2457 4290 2514 4345 in
2529 4289 2633 4346 hoc
2645 4293 2967 4361 argumento
2981 4302 3204 4361 versans
3216 4285 3380 4361 habet

1794 4362 1849 4420 S.
1879 4363 2069 4419 doctor
2090 4363 2262 4439 incit,
2287 4365 2419 4439 psal.
2442 4379 2604 4439 serui.
2631 4358 2729 4428 1οξ
2742 4361 2829 4416 29.
2854 4359 3150 4439 Discamus,
3172 4358 3374 4439 inquit,

1793 4453 1912 4503 ergo
1924 4443 1967 4488 et
1980 4453 2073 4488 nos
2088 4435 2139 4487 in
2155 4437 2257 4503 lege
2280 4430 2465 4488 inedita
2475 4434 2544 4500 ri,
2560 4450 2664 4487 non
2679 4447 2956 4487 avocemur
2968 4430 3376 4503 stecularibusil-

1794 4501 2024 4570 lerebris,
2040 4524 2141 4559 non
2160 4501 2277 4559 occa
2289 4524 2393 4559 rem
2404 4523 2467 4558 ur
2479 4506 2497 4558 ἰ
2503 4505 2647 4575 mped
2654 4503 2856 4557 nnentis
2872 4502 2992 4565 ;sed
3010 4517 3211 4575 semper
3221 4501 3293 4554 ad
3308 4507 3375 4554 te-

93 4569 177 4644 ιδ,
199 4595 298 4634 seu
328 4569 754 4634 initianda‘mox
781 4588 915 4634 erat.
954 4581 1092 4634 Sane
1122 4569 1431 4650 bdptismum
1456 4581 1679 4637 nomine
1712 4571 1761 4629 D
1789 4596 1897 4650 gem
1912 4569 2184 4632 Deisimus
2197 4569 2588 4650 alltenti.Coni”_.
2605 4569 3237 4650 annotatasuprapagﬁ,
3254 4577 3369 4650 not.

94 4657 427 4705 sacramento
482 4653 653 4705 crucis
692 4651 1047 4706 Ambrosium
1100 4653 1395 4722 appellasse
1428 4651 1486 4722 in
1539 4652 1674 4722 psal.

99 4735 290 4803 citium,
345 4738 510 4803 serm.
568 4723 653 4803 13,
690 4723 844 4803 6,}.
878 4724 946 4803 ll,
980 4721 1480 4803 pu_tant"Maurini.
1536 4721 1678 4801 Vide

96 4790 230 4847 ibid.
279 4800 469 4847 notam
526 4790 645 4849 col.
686 4794 811 4861 546,
870 4802 923 4850 et
977 4790 1139 4849 infra.
1184 4792 1677 4863 Ambrosiusejus

97 4864 262 4919 verba
288 4864 395 4920 hoc
428 4865 545 4919 loco
575 4872 629 4919 et
657 4865 788 4919 alibi
809 4882 971 4920 sacrae
1002 4866 1293 4936 Scripturce
1314 4863 1498 4936 verbis
1516 4862 1679 4934 juirta

98 4949 257 5010 suum
286 4936 749 5010 moremintexit.
770 4936 898 4992 Vid.
932 4935 1139 5010 saltem’
1153 4953 1273 5010 sup.
1306 4936 1401 4992 cit.
1434 4935 1501 4990 de
1530 4936 1675 4991 Basi-

100 5003 219 5060 licis
248 5023 363 5061 non
401 5006 678 5075 tradend.,
700 5015 754 5062 et
783 5007 1032 5078 sparsim.

168 5078 190 5150 ἒ
215 5078 543 5133 Ambrosius
573 5080 630 5133 in
658 5080 791 5150 psal.
811 5075 981 5143 ἒςιιιιι,
1010 5077 1101 5150 32,
1123 5084 1164 5150 t_.
1198 5077 1267 5144 Il,
1302 5075 1464 5131 habet
1482 5094 1501 5150 εΔ
1529 5094 1675 5150 nemo

100 5147 302 5202 mittens
336 5167 553 5204 manum
584 5151 638 5204 in
658 5147 917 5205 aratrum
966 5148 1243 5220 respiciens
1276 5155 1437 5220 retro,
1485 5148 1676 5204 habilis

100 5225 171 5273 est
196 5237 356 5290 regno
380 5222 499 5286 Dei,
529 5228 583 5276 et
613 5220 709 5277 lib.
766 5239 865 5278 vm
896 5220 954 5276 in
983 5221 1138 5287 Luc.,
1181 5236 1237 5275 ιι.
1274 5219 1362 5287 43,
1395 5220 1473 5275 sic
1494 5238 1504 5275 :
1528 5237 1675 5275 nemo

101 5290 301 5345 mittens
324 5309 538 5346 manum
570 5292 628 5347 in
654 5300 919 5361 aratrum,
953 5300 998 5348 et
1033 5290 1310 5361 respiciens
1338 5298 1502 5355 retro,
1523 5298 1679 5362 aptus

103 5367 172 5436 est
198 5380 354 5433 regno
376 5366 645 5436 prelorum.
678 5366 734 5421 Si
765 5382 889 5435 ergo
907 5365 1083 5436 primo
1105 5363 1223 5417 loco
1253 5379 1351 5433 pro
1378 5363 1589 5429 habilis,
1617 5369 1679 5419 ut

102 5430 157 5486 in
172 5430 426 5508 secundo
460 5443 614 5508 aptus
666 5430 1111 5508 legatur-addito
1162 5441 1209 5488 et
1237 5430 1358 5505 post
1399 5441 1675 5508 aratrum.

104 5504 193 5577 [et
216 5506 262 5560 si
293 5504 520 5563 secundi
552 5508 657 5563 loci
681 5504 741 5562 iii
768 5508 876 5563 line
898 5508 1094 5563 ultima
1129 5504 1296 5561 verba
1329 5505 1493 5577 primi
1522 5522 1680 5577 regno

102 5574 205 5651 Dei
228 5592 331 5651 pro
354 5596 511 5651 regno
542 5581 809 5635 caelorum
836 5587 1130 5651 ponantur,
1176 5574 1347 5633 tertia
1393 5577 1565 5632 nostri
1581 5574 1681 5635 Vco-

104 5644 244 5721 dicis
268 5648 338 5704 ad
358 5644 591 5706 verbum
618 5644 979 5707 Ambrosiaua
1007 5651 1170 5707 lectio
1194 5656 1503 5721 consurget.

171 5720 191 5753 ‘
220 5720 428 5795 Passim
484 5722 663 5778 utitur
690 5723 958 5795 exemplis
1015 5722 1360 5789 Ambrosius,
1395 5719 1566 5795 (lueis
1597 5719 1685 5775 vel

104 5807 256 5849 suam
277 5793 557 5867 explanat,
586 5796 675 5852 vel
708 5793 997 5853 conﬁrmet
1021 5795 1370 5863 sententiam,
1404 5793 1466 5850 ut
1493 5793 1687 5849 saltem

1826 4693 1838 4716 ,
1866 4658 1918 4703 et
1942 4666 2059 4719 pag.
2092 4649 2146 4716 5,
2176 4657 2292 4703 not.
2324 4650 2356 4701 3
2388 4649 2531 4719 (Col.
2561 4644 2683 4719 114,
2708 4645 2885 4719 πέρθε
2926 4641 3183 4719 huj.pag.
3216 4657 3270 4719 τι.
3301 4641 3368 4719 ‘)_.

1857 4722 1877 4755 9
1896 4710 2219 4775 Ambrosius
2273 4710 2413 4791 illud
2442 4716 2635 4791 Matth.
2664 4710 2741 4781 vi,
2768 4713 2865 4791 33,
2881 4710 3201 4791 tegmen-dens
3223 4710 3370 4791 haud

1784 4790 2357 4863 absimiliarhabetlib.
2384 4806 2462 4843 vn
2492 4788 2549 4841 in
2583 4786 2740 4853 Luc.,
2765 4801 2819 4863 ιι.
2846 4782 2966 4863 136,
2992 4791 3030 4837 t.
3055 4783 3123 4849 II,
3141 4782 3368 4863 ‘9!)pr-

1785 4863 1989 4929 minus,
2030 4862 2125 4928 ait,
2151 4879 2237 4934 nec
2264 4862 2333 4934 ad
2358 4874 2610 4934 prlrsens,
2640 4873 2729 4934 nec
2756 4855 2812 4908 in
2835 4854 3100 4934 reliquum
3128 4853 3368 4934 ﬁdelibus

1785 4924 2005 4989 ostendit
2032 4924 2259 5003 gratiam
2293 4924 2597 5000 defuturam
2621 4945 2635 4993 ;
2669 4927 2714 4981 si
2721 4925 2882 5003 _modo
2908 4924 3001 4995 qui
3030 4924 3210 5003 divina
3238 4924 3367 5003 desis

1784 5006 1992 5069 derant,
2028 4996 2233 5058 lerrena
2264 4996 2367 5055 non
2390 5004 2650 5070 qumrant.
2684 4998 3025 5070 Iudaeorum
3077 4996 3267 5070 quippe
3295 5000 3370 5070 est

1784 5066 2013 5131 homines
2041 5091 2231 5127 curare
2257 5074 2317 5126 de
2345 5066 2475 5137 cibo,
2505 5070 2597 5140 qui
2621 5069 2853 5123 militant
2896 5068 2961 5121 de
2998 5066 3177 5138 regno,
3208 5066 3369 5140 Nevit

1784 5165 1880 5202 rex
1899 5145 2329 5215 quemadmodum
2350 5143 2458 5212 fam
2469 5139 2779 5215 ilianisuam
2788 5146 2988 5211 pascat,
3004 5141 3138 5215 alat,
3160 5139 3363 5215 vestiat.

1862 5210 2081 5274 ‘O'Conf.
2108 5216 2204 5271 lib.
2225 5233 2242 5269 1
2265 5215 2331 5270 de
2350 5210 2516 5269 laeob
2538 5220 2592 5267 et
2607 5212 2722 5268 Vit.
2750 5210 2938 5277 Beata,
2956 5227 3056 5277 vn,
3076 5210 3163 5277 32,
3188 5217 3228 5264 t.
3255 5210 3297 5273 Ι,
3312 5214 3366 5262 et

1786 5288 1843 5345 in
1865 5290 2001 5360 psal.
2017 5304 2212 5354 cxvm,
2236 5303 2396 5342 serm.
2415 5286 2469 5352 8,
2486 5286 2539 5354 7,
2561 5292 2723 5356 atque
2739 5282 3007 5349 serm.21,
3025 5282 3109 5349 18,
3133 5288 3266 5335 tom.
3292 5280 3361 5334 ΙΙ.

1861 5362 1903 5395 ¹¹
1932 5361 2162 5414 Leeatur
2213 5359 2270 5413 in
2310 5358 2445 5414 usal.
2480 5372 2637 5414 XLIII.
2669 5356 2757 5414 23.
2790 5363 2843 5410 et
2875 5369 3071 5414 cxvm,
3103 5366 3267 5406 serm.
3302 5349 3361 5414 7,

1861 5373 1903 5395 ιι
1932 5373 2162 5431 negatur
2213 5375 2270 5413 in
2310 5373 2445 5428 psal.
2480 5373 2637 5423 XLIII,
2670 5373 2757 5422 zu,
2790 5373 2843 5410 ει
2875 5373 3071 5433 cxvrrr,
3103 5373 3267 5406 serui.
3308 5373 3362 5419 ι,

1786 5429 2105 5507 25-37,_ubi
2139 5429 2346 5507 similes
2375 5428 2665 5507 dictiones,
2699 5434 2750 5481 et
2775 5428 3232 5507 sexintentiazsu‘nt.
3326 5490 3343 5507 ἱ

1863 5504 1907 5537 ¹²
1938 5490 2133 5557 Itidem
2173 5501 2481 5573 Cyprianus
2526 5490 2705 5573 epist:
2726 5497 2795 5552 ad
2845 5492 3209 5573 Demetriad,
3259 5490 3370 5549 col.

1865 5518 1907 5537 η
1938 5518 2133 5557 lucem
2173 5518 2252 5573 Cy
2297 5518 2481 5554 manus
2534 5518 2693 5571 eprsr.
2726 5518 2795 5552 au
2845 5518 3209 5561 υθιιιυιῑιξιυ.,
3259 5518 3370 5549 cur.

1788 5575 1915 5643 222,
1967 5573 2209 5644 exceptis
2237 5518 2471 5642 [auctum
2524 5571 2645 5626 loco
2673 5568 2899 5644 fructus,
2956 5572 3009 5622 et
3052 5565 3231 5644 cibum
3275 5579 3377 5644 pro

1791 5635 1979 5727 escam,
2019 5635 2297 5727 atquebis
2335 5643 2523 5725 addito
2553 5648 2619 5727 et,
2650 5635 2862 5727 scilicet
2889 5635 3383 5727 ppstgfructumﬁt

1791 5726 1917 5775 ante
1940 5706 2130 5789 campi.
2164 5716 2461 5789 Ambrosio
2486 5720 2673 5789 nostro
2714 5709 2862 5766 favet
2889 5706 3253 5784 —Augustinus
3280 5706 3383 5763 lib.

1796 5808 1937 5846 xvut
1968 5790 2035 5846 de
2052 5783 2187 5847 .Civ.
2218 5789 2341 5858 Dei,
2381 5786 2486 5845 col.
2522 5783 2647 5841 515.
