3970 6366
244 440 348 497 793

1158 437 1532 493 SERMONES
1571 435 1749 493 TRES
1790 436 1893 493 EX
1932 436 2186 497 CODICE
2228 437 2675 497 SESSORIANU.

3447 437 3553 497 794

246 562 556 620 membrum
611 572 688 620 est
723 583 736 632 ;
796 571 988 620 contra
1030 562 1404 619 misericordia
1442 562 1559 617 sine
1619 561 1845 619 caritate
1878 563 1931 623 A
1957 569 2120 634 caput
2149 561 2175 597 ἀ
2203 562 2427 619 iustitiae
2457 566 2497 632 ⁸,
2552 564 2683 635 legis
2730 562 3074 636 adimpletio,
3106 563 3371 636 perfectio
3398 579 3550 637 prae-

244 652 390 709 nihil
423 662 503 710 est
544 656 560 689 ί
585 673 596 710 :
627 653 757 727 quia
778 654 1053 711 emoritur
1072 646 1234 711 6mne
1262 653 1589 721 membrum,
1620 653 1763 725 quod
1783 669 1851 708 ex

245 739 426 796 solido
470 757 696 813 corpore
743 743 830 797 uel
872 742 1152 797 diuulsum
1201 741 1369 796 fuerit
1406 742 1493 795 uel
1525 740 1846 797 abscissum.

245 830 347 886 Est
375 830 521 887 enim
547 832 743 888 caritas
769 849 907 905 apex
940 832 1165 905 quidam
1196 833 1568 888 membrorum
1600 833 1846 888 omnium

244 922 491 979 retinens
523 939 699 979 arcem
721 925 763 992 ³,
787 924 876 979 cui
904 924 1269 996 adcorporata
1296 937 1318 962 ο
1341 940 1695 995 connexaque
1726 941 1847 996 per-

245 1011 450 1068 durant
479 1014 657 1069 ollicia
690 1024 886 1070 cuncta
920 1016 1192 1069 uirtutum
1226 1016 1245 1048 ⁵
1272 1032 1283 1081 ;
1319 1014 1435 1068 sine
1460 1032 1565 1087 qua
1597 1014 1845 1068 omnium

246 1102 519 1159 bonorum
548 1106 798 1160 1“merces
839 1115 933 1161 aut
984 1105 1303 1173 languescit,
1350 1113 1443 1160 aut
1488 1104 1718 1174 deperit,
1752 1105 1847 1158 di-

244 1201 404 1250 cente
433 1196 695 1266 Apostolo
725 1212 736 1248 :
777 1220 793 1241 ‹
816 1196 869 1249 Si
894 1194 1103 1266 linguis
1128 1195 1412 1248 hominum
1440 1195 1631 1265 loquar
1657 1202 1711 1249 et
1740 1198 1845 1249 An-

248 1283 517 1353 gelorum,
550 1284 828 1339 caritatem
883 1292 1061 1338 autem
1100 1300 1207 1337 non
1240 1283 1487 1348 habeam,
1521 1300 1692 1338 unum
1724 1302 1842 1339 sum

244 1372 402 1426 uelut
447 1380 840 1440 aeramentum,
876 1380 970 1427 aut
1010 1373 1325 1445 cymbalum
1359 1372 1601 1427 tinniens
1624 1374 1659 1427 θ.
1690 1374 1762 1428 Et
1799 1374 1844 1429 si

247 1460 480 1517 habeam
522 1462 865 1533 prophetiam
892 1475 931 1531 ο,
983 1470 1036 1517 et
1070 1462 1327 1517 nouerim'
1348 1462 1608 1533 mysteria
1639 1464 1843 1533 omnia,

247 1558 305 1607 et
352 1568 567 1607 omnem
600 1552 886 1609 scientiam
916 1569 926 1605 :
960 1560 1013 1607 et
1056 1553 1099 1607 si
1151 1552 1378 1607 habeam
1409 1569 1624 1607 omnem
1656 1553 1843 1622 fidem,

247 1644 328 1701 ita
366 1655 427 1703 ut
456 1655 667 1701 montes
700 1647 1045 1713 transferam,
1079 1647 1360 1702 caritatem
1386 1656 1566 1701 autem
1598 1664 1707 1702 non
1738 1646 1846 1701 ha-

244 1735 428 1805 beam,
461 1735 600 1790 nihil
630 1753 747 1791 sutn
780 1738 824 1792 ⁵.
856 1738 926 1791 Et
957 1737 1002 1792 si
1034 1736 1311 1791 donauero
1342 1753 1531 1791 omnes
1560 1737 1845 1791 facultates

247 1842 419 1895 meas,
469 1835 523 1882 et
566 1826 897 1882 distribuero
927 1826 1112 1882 omnia
1162 1843 1283 1882 mea
1328 1827 1676 1900 pauperibus,
1712 1836 1765 1883 et
1799 1830 1843 1886 si

1958 661 2242 724 ceptorum
2275 655 2316 707 ο.
2351 652 2479 707 Sine
2509 653 2610 708 hac
2635 668 2744 709 una
2772 651 2958 708 omnia
2985 659 3081 708 aut
3108 652 3393 709 debilitata
3420 667 3550 711 con-

1959 750 2127 796 ruunt
2154 750 2197 809 °,
2226 752 2318 797 aut
2349 760 2512 813 regno
2541 751 2748 798 carent.
2781 744 2916 798 Nam
2938 750 2991 798 et
3020 743 3399 815 propheticum
3430 758 3550 798 sen-

1958 831 2062 887 tire
2103 831 2243 887 nihil
2276 841 2356 887 est
2388 851 2401 899 ;
2444 842 2496 888 et
2525 834 2644 887 leue
2676 850 2834 889 nosse
2868 834 3132 905 mysteria
3164 852 3177 901 ;
3211 849 3443 905 paruum
3469 840 3552 890 est

1958 920 2143 991 fugare
2164 921 2455 977 daemones
2479 922 2497 957 ί
2523 941 2535 989 ;
2572 924 2864 995 omniaque
2887 922 3161 978 uirtutum
3185 939 3380 995 genera
3407 938 3551 980 con-

1958 1028 2248 1078 summare,
2280 1012 2323 1065 si
2354 1012 2549 1067 caritas
2578 1012 2738 1079 desit,
2772 1012 2932 1066 inane
2963 1020 3062 1069 est.
3091 1012 3245 1067 Unde
3279 1012 3551 1068 Dominus

1958 1099 2208 1156 Christus
2242 1100 2321 1155 sic
2340 1100 2416 1157 ait
2445 1119 2455 1156 :
2497 1102 2691 1156 «Multi
2718 1100 2856 1155 mihi
2879 1101 3071 1157 dicunt
3093 1100 3266 1155 inilla
3281 1100 3371 1157 die
3405 1118 3417 1157 :
3444 1101 3550 1157 D0-

1957 1191 2124 1259 mine,
2160 1194 2378 1246 Domine
2410 1201 2454 1259 ε,
2490 1209 2672 1248 nonne
2703 1194 2758 1247 in
2794 1200 2886 1248 tuo
2926 1196 3152 1249 nomine
3183 1192 3551 1265 prophetaui-

1956 1297 2099 1347 mus,
2141 1289 2193 1335 et
2236 1281 2291 1335 in
2325 1282 2547 1336 nomine
2580 1290 2673 1337 tuo
2705 1283 2993 1336 daemonia
3022 1282 3379 1349 exclusimus,
3409 1289 3461 1337 et
3490 1281 3549 1337 in

1956 1368 2177 1422 nomine
2207 1378 2298 1423 tuo
2331 1370 2563 1425 uirtutes
2587 1388 2810 1442 magnas
2831 1370 3057 1426 fecimus
3079 1371 3107 1425 ἦ)
3131 1372 3176 1406 ιο
3197 1370 3350 1425 Tunc
3370 1368 3550 1427 dicam

1956 1458 2067 1513 illis
2104 1477 2113 1514 :
2145 1460 2420 1515 Discedite
2446 1478 2476 1515 a
2508 1478 2612 1529 me,
2649 1479 2756 1516 non
2795 1479 2894 1515 uos
2927 1462 3081 1530 noui,
3115 1462 3208 1534 qui
3243 1460 3551 1533 operamini

1953 1547 2355 1620 iniquitatem11
2384 1552 2595 1620 (Matth.
2622 1568 2720 1617 vn,
2744 1551 2831 1617 22,
2857 1551 2973 1621 23).
2997 1576 3014 1597 ι
3050 1549 3367 1623 Iniquitatis
3387 1564 3552 1622 opera

1953 1646 2057 1704 est,
2110 1640 2390 1694 hominem
2426 1641 2635 1694 homini
2670 1642 2813 1695 uelle
2842 1642 3124 1712 praeferri,
3153 1642 3376 1696 fratrem
3406 1640 3550 1696 inui-

1953 1730 2080 1785 dere
2112 1729 2288 1796 fratri,
2323 1731 2554 1783 alterum
2588 1730 2746 1783 alteri
2769 1746 2879 1784 non
2901 1729 2957 1783 id
2979 1730 3121 1784 uelle
3142 1728 3289 1801 quod
3315 1727 3422 1784 sibi
3451 1746 3463 1784 :
3496 1736 3552 1786 et

1952 1837 2077 1878 cum
2102 1840 2124 1875 h
2148 1820 2389 1875 sitnobis
2409 1836 2515 1873 una
2536 1819 2789 1875 condicio
2812 1818 3150 1887 naturalis”,
3167 1816 3551 1875 condicionem

246 1917 527 1975 tradidero
578 1933 775 1989 corpus
823 1934 1007 1972 meum
1063 1917 1355 1981 urendum,
1390 1918 1465 1973 ita
1524 1925 1586 1973 ut
1625 1918 1842 1989 glorier,
1874 1926 1919 1985 Β
1952 1909 2266 1967 condicioni
2298 1910 2439 1964 uelle
2470 1909 2727 1980 praeponi
2764 1910 2827 1962 13.

247 2006 532 2062 caritatem
586 2014 768 2061 autem
798 2022 909 2060 non
962 2005 1210 2075 habeam,
1241 2006 1380 2061 nihil
1412 2006 1549 2061 mihi
1581 2008 1843 2079 prodest"

251 2095 302 2163 (Ι
336 2096 461 2151 Cor.
493 2112 617 2163 xm,
655 2095 790 2166 1-3).
816 2120 833 2142 ι

321 2185 389 2239 II.
423 2182 634 2240 Caritas
653 2184 902 2239 omnium
926 2184 1195 2241 bonorum
1219 2192 1392 2239 mater
1413 2192 1513 2251 est,
1536 2182 1845 2239 misericor-

250 2270 373 2328 diae
400 2272 757 2345 principium,
790 2274 943 2345 origo
974 2274 1214 2345 pietatis,
1245 2274 1368 2329 fons
1420 2274 1775 2345 benignitatis
1799 2276 1843 2341 ⁷,

325 2426 349 2488 f
386 2415 446 2471 Id
500 2423 580 2470 est
609 2415 884 2485 adjuncta,
915 2424 976 2471 ut
1006 2418 1205 2488 legitur
1232 2417 1291 2472 in
1322 2418 1599 2474 Ammian.
1639 2433 1758 2485 xvr,
1790 2417 1844 2485 8,

250 2495 307 2543 et
325 2486 398 2561 in
429 2488 604 2542 Solin.
638 2504 855 2542 xxxvii.
914 2486 1116 2544 Vocem
1172 2498 1483 2559 corporatus
1514 2507 1610 2561 pro
1631 2489 1849 2557 junctus

252 2558 341 2632 vel
380 2560 847 2632 inqunumgcorpus
872 2567 1139 2630 cooptatus
1166 2558 1393 2632 usurpat
1423 2558 1587 2617 etiam
1616 2561 1847 2616 Ambro-

253 2631 371 2687 sius
401 2630 498 2687 lib.
534 2648 596 2686 IlI
626 2630 692 2686 de
723 2632 903 2697 OtIic.,
934 2633 983 2697 7,
1015 2632 1104 2698 50,
1140 2640 1177 2687 t.
1210 2633 1306 2687 IlI.

324 2716 349 2751 ι»
378 2704 439 2758 In
470 2702 591 2757 cod.
625 2710 747 2773 post
777 2703 1031 2756 bonorum
1078 2703 1344 2773 repetitur
1372 2702 1626 2773 omnium,
1650 2702 1847 2760 deinde

253 2774 483 2848 punctis
504 2790 741 2848 superne
774 2782 1032 2848 notatum
1057 2774 1409 2848 expungitur.

324 2858 346 2884 ε
374 2845 509 2901 Cod.
543 2844 836 2916 prophetia,
870 2844 976 2899 nisi
1009 2845 1234 2900 fortasse
1272 2845 1438 2916 fuerit
1467 2862 1501 2899 α
1531 2844 1735 2916 lineola
1762 2863 1848 2902 su-

254 2916 539 3044 pgraddita
577 2933 675 2989 pro
702 2934 775 2985 τη,
809 2932 929 2989 quae
963 2924 1232 2972 vetustate
1268 2915 1382 2989 jam
1414 2915 1647 2974 evanida
1675 2918 1847 2975 aciem

254 3005 282 3044 e
330 3005 454 3044 uina
487 3031 499 3042 .

252 2995 499 3048 etfugiat.

330 3006 362 3043 Il
404 3006 499 3042 lat.

327 3006 442 3116 diu
472 3058 594 3115 cod.
627 3060 801 3130 capud
818 3060 938 3115 loco
966 3066 1142 3131 caput,
1172 3076 1298 3117 cum
1328 3067 1519 3117 contra
1546 3061 1679 3119 alibi
1707 3062 1848 3120 vidi-

253 3147 378 3188 mus
410 3132 550 3199 illut,
582 3132 730 3200 istut,
762 3147 861 3202 pro
882 3132 1040 3197 illud,
1070 3132 1230 3187 istud.

325 3205 347 3232 °
376 3204 457 3259 Ita
489 3202 663 3259 codex
691 3219 789 3274 pro
816 3210 1075 3258 corruunt
1101 3211 1315 3259 vetusta
1342 3204 1633 3275 scriptura.

326 3276 346 3312 ί
373 3275 559 3333 Codex
589 3276 838 3330 demonas
867 3291 985 3347 quae
1013 3292 1124 3331 vox
1153 3292 1376 3349 prorsus
1404 3276 1567 3334 cubat
1597 3277 1657 3333 in
1686 3293 1853 3334 men-
1878 3282 1930 3347 C

333 3415 349 3497 ξ
380 3415 575 3497 seeae
594 3412 741 3497 stcta
766 3428 1069 3497 serenae
1091 3415 1177 3497 ιβ,
1202 3414 1535 3497 eat-H991-
1563 3416 1724 3497 eam
1749 3417 1841 3497 ‘3)-

254 3556 308 3612 d.
327 3485 580 3612 }Conffr
598 3484 694 3539 lib.
728 3501 768 3539 II
797 3484 863 3539 de
892 3484 1073 3555 OfIicI,
1104 3487 1189 3553 14,
1214 3487 1303 3556 66,
1334 3495 1374 3543 ι.
1402 3484 1499 3555 ΙΙΙ,
1522 3487 1616 3543 ubi
1646 3484 1846 3545 similis

295 3573 345 3612 1c
378 3574 429 3611 ιο
461 3573 517 3611 es
553 3600 563 3611 .

295 3565 429 3612 ICilO
461 3565 563 3612 est.

328 3630 348 3663 ³
375 3628 815 3702 ΛηὼποείιιδὶὶΙ).
836 3628 944 3702 011.
984 3626 1049 3682 de
1066 3627 1327 3702 OlIic.,_7,
1360 3628 1427 3686 39
1451 3645 1463 3683 :
1484 3630 1671 3685 Prima
1701 3650 1842 3702 ergo,

252 3698 456 3771 inquit,
487 3701 557 3754 ad
581 3701 1075 3753 commendationem
1099 3700 1269 3753 nostri
1289 3708 1360 3753 est
1384 3703 1600 3755 caritas.
1636 3698 1846 3758 Bonum

254 3777 332 3826 est
373 3789 492 3839 ergo
542 3772 889 3825 testimonium
936 3771 1121 3824 habere
1150 3772 1212 3825 de
1252 3772 1539 3827 dilectione.
1572 3774 1707 3829 Hinc
1739 3794 1845 3829 na.-

252 3843 419 3896 scitur
438 3843 582 3915 ﬁdes.
596 3886 629 3897 ..
649 3843 904 3897 Similiter
919 3860 1017 3912 per
1036 3843 1187 3912 fidem
1202 3845 1370 3897 etcari
1378 3851 1527 3897 tatem
1542 3848 1846 3915 pervenitur

253 3915 326 3988 Et
350 3916 509 3988 epist.
537 3914 623 3988 41,
658 3915 722 3988 17
752 3929 763 3967 :
805 3915 1016 3969 Ubinon
1042 3920 1117 3988 est
1142 3932 1313 3981 antor,
1338 3916 1435 3982 ait,
1457 3914 1561 3969 non
1593 3924 1669 3970 est
1696 3920 1841 3988 fides,

258 3985 528 4073 (intelligo
570 3985 712 4073 uiua)
762 4002 867 4038 non.
922 3992 996 4073 est
1041 3984 1264 4067 dilectio.
1318 3984 1842 4073 ligneasententiam

293 4056 429 4127 ergit
468 4056 525 4127 S.
571 4056 765 4111 doctor
819 4057 1094 4127 explicare
1125 4058 1181 4111 in
1237 4074 1319 4127 ep.
1358 4060 1443 4123 78,
1469 4060 1523 4125 9,
1561 4061 1840 4115 scribens:

312 4126 373 4181 bii
402 4126 633 4203 perfecta
661 4126 987 4203 caritas,7ibi
1032 4129 1202 4203 omnis
1219 4126 1356 4203 ﬁdes
1388 4145 1398 4181 :
1427 4131 1567 4203 sicut
1596 4133 1685 4185 ubi
1710 4151 1846 4203 per-

255 4197 388 4275 ]:ecta
418 4199 636 4262 caritas,
666 4200 740 4275 ibi
759 4217 871 4275 spes
899 4200 1134 4275 munis...
1166 4201 1288 4275 Ideo
1326 4201 1521 4275 major,
1552 4204 1676 4271 quia
1706 4197 1846 4275 spem

256 4270 509 4339 ﬁdemque
552 4271 927 4339 complectitur.
977 4270 1075 4326 Rei
1119 4272 1373 4327 meminit
1404 4270 1575 4328 etiam
1600 4274 1698 4331 lib.
1733 4270 1845 4331 vni

258 4340 317 4394 in
344 4340 500 4404 Luc.,
531 4354 589 4395 n.
621 4340 709 4408 30,
736 4348 777 4395 t.
810 4342 878 4395 ΙΙ.

332 4410 405 4464 ‘H
420 4453 453 4485 _.
479 4416 545 4477 1,,
578 4425 685 4481 quo
715 4418 901 4485 carent
930 4409 1290 4467 Ambrosiana
1310 4414 1532 4485 scripta,
1556 4432 1656 4474 nec
1676 4418 1841 4485 Vulg.

256 4496 361 4566 nec
407 4482 595 4566 Gnaeo
623 4482 970 4566 respondet;
1021 4497 1147 4537 nam
1196 4482 1439 4541 Graecus
1463 4486 1625 4545 habet
1648 4482 1844 4566 Zethi},-

254 4561 505 4637 suismet
529 4563 693 4637 Vulg.
728 4564 859 4634 legit
888 4581 955 4617 (es
976 4582 1187 4637 sonans.
1222 4567 1425 4623 Verum
1449 4569 1503 4623 id
1536 4561 1842 4637 conlirmat,

258 4633 405 4759 quod
431 4632 544 4704 jam
568 4632 698 4689 alibi
729 4632 1133 4705 adnotavimus,
1158 4639 1507 4695 Ambrosium
1540 4658 1698 4694 usum
1733 4632 1847 4695 esse
1875 4648 1925 4706 D

299 4704 479 4759 iverso
517 4706 703 4759 codice
734 4723 765 4759 tt
786 4708 1018 4759 Vulcata
1044 4726 1057 4759 ξ
1083 4717 1133 4759 et
1152 4710 1285 4759 illud
1315 4712 1670 4759 demonstrat-
1699 4712 1839 4759 (ιιιωιι

299 4704 479 4759 iverso
517 4706 703 4783 codice
734 4723 765 4761 a
786 4708 1018 4783 Vulgata
1044 4726 1057 4772 ;
1081 4710 1287 4783 etillud
1315 4712 1670 4778 demonstrat,
1699 4712 1844 4783 quod

300 4777 964 4851 rgenotaruntiMauriniin
984 4780 1117 4849 psal.
1142 4798 1312 4836 cxvm
1336 4800 1495 4837 sorm.
1516 4785 1568 4849 8,
1592 4784 1676 4850 13,
1702 4777 1757 4837 n.
1788 4801 1843 4851 a,

258 4848 365 4903 col.
399 4848 523 4915 449,
556 4856 596 4903 t.
631 4850 698 4917 ΙΙ,
732 4857 785 4904 et
813 4848 1409 4916 alibi,}\mbrosianam
1450 4848 1847 4909 scilicetGrm—V

259 4934 377 4991 eam
407 4919 723 4986 editionem,
743 4920 810 4974 ab
841 4919 908 4973 iis
938 4938 1071 4991 quas
1085 4941 1231 4979 nunc
1261 4926 1541 4991 habemus,
1569 4926 1623 4979 in
1657 4926 1846 4980 multis

259 4989 589 5070 discrepare,
631 4991 767 5070 sane
796 4999 876 5045 est
907 4989 1050 5070 apud
1089 4996 1267 5052 Sabat.
1298 5014 1400 5052 ms.
1433 4989 1654 5070 quidam
1686 4999 1845 5053 Grae-

258 5076 374 5128 cus,
408 5061 503 5133 qui
533 5062 672 5117 illud
696 5071 844 5140 ἠχῶν
872 5061 1097 5121 omittit.

331 5142 464 5223 5_I_ta
492 5142 821 5223 Ambrosius
848 5144 902 5198 in
935 5159 1180 5223 psuxw,
1207 5147 1321 5223 9,et
1350 5148 1447 5223 lib.
1475 5166 1558 5223 vn
1590 5149 1647 5223 in
1687 5148 1845 5217 Luc.,

258 5212 473 5290 n.__I_76,
517 5221 557 5268 t.
592 5215 661 5281 ΙΙ,
694 5222 889 5290 praeter
936 5212 993 5269 in
1026 5217 1133 5271 fine
1167 5212 1315 5290 nihil
1356 5220 1483 5273 mihi
1506 5222 1717 5290 prodest
1751 5212 1847 5290 pro

258 5283 399 5364 nihil
421 5301 559 5364 sum,
589 5283 730 5364 ,ςιοὼ
768 5286 953 5364 forsan
984 5290 1148 5343 verba
1180 5289 1286 5364 huc
1316 5307 1361 5364 Ac
1390 5283 1848 5364 sequentiversi-

258 5354 386 5436 culo
414 5354 693 5436 ‘inncpdi'ce
720 5360 980 5436 translata
1011 5368 1156 5436 sunt.
1191 5354 1541 5436 Similiter'in
1574 5363 1846 5436 t‘piStL'l'S,

259 5425 316 5493 6,
341 5426 434 5482 sed
467 5426 541 5483 ibi
573 5444 671 5501 pro
717 5429 764 5484 si
790 5431 1006 5485 habeam
1050 5432 1181 5505 legit
1208 5433 1253 5488 si
1290 5436 1517 5490 habuero
1548 5425 1673 5491 etim
1704 5425 1849 5491 Vul-l

260 5506 399 5570 gata.

334 5570 356 5603 ⁸
395 5569 821 5648 Ambrosiofere
839 5574 1085 5648 concinit
1102 5574 1220 5645 ejus
1258 5575 1562 5648 discipulus
1592 5576 1847 5648 Augusti-

261 5656 367 5696 nus
406 5656 568 5720 serm_.
606 5643 728 5709 130,
760 5653 799 5701 t.
838 5645 902 5720 γ,
936 5647 1041 5720 col.
1078 5643 1231 5713 1349,
1278 5643 1520 5720 exceptis
1550 5657 1606 5703 ut
1634 5643 1851 5702 ardeam

260 5727 361 5838 pro
388 5713 668 5783 urnulam,
685 5722 739 5770 et
759 5713 976 5772 omissis
1006 5719 1083 5773 ita
1112 5713 1596 5789 utglorier.'Habet
1623 5722 1692 5774 ad
1718 5737 1850 5773 com-

298 5784 555 5838 urendum
602 5786 657 5838 S.
706 5786 972 5838 Pacianus
1019 5806 1103 5838 en-
1138 5791 1191 5838 Ξ-
1235 5807 1287 5838 n.
1317 5791 1420 5838 308
1449 5800 1502 5838 et
1534 5808 1646 5838 ςρη,
1692 5791 1850 5838 Salus

298 5784 555 5840 urendum
602 5786 657 5842 S.
706 5786 972 5844 Pacianus
1019 5806 1103 5862 ep.
1138 5784 1205 5856 ἓξ
1235 5807 1288 5863 p.
1317 5791 1420 5848 308
1449 5800 1502 5848 et
1534 5808 1647 5865 seq.
1692 5791 1851 5847 Solus

2023 2004 2116 2057 III.
2151 2001 2285 2057 Cum
2319 2009 2510 2055 auctor
2540 2008 2756 2055 nostrae
2790 1998 2999 2066 salutis,
3034 2002 3259 2052 naturae
3298 1995 3549 2067 propriae

1953 2091 2263 2147 diuinitatis
2292 2092 2564 2156 conscius,
2621 2090 2946 2143 mortalibus
2992 2104 3047 2142 se
3088 2085 3306 2142 cunctis
3335 2091 3552 2141 morta-

1956 2185 2061 2239 lem
2092 2184 2365 2251 exhibuit,
2399 2193 2451 2239 et
2477 2183 2797 2237 hominibus
2822 2180 3079 2235 omnibus
3100 2179 3378 2235 hominem
3400 2194 3550 2250 prae.

1954 2272 2097 2342 buit,
2128 2282 2180 2328 et
2219 2273 2363 2345 quod
2408 2273 2583 2328 maius
2622 2280 2721 2339 est,
2779 2270 3162 2327 condicionem
3192 2268 3203 2306 ί
3235 2267 3548 2327 condicioni

1956 2425 2041 2481 dis
2075 2443 2087 2491 ;
2126 2440 2249 2479 nam
2286 2425 2557 2477 daemones
2595 2422 2943 2478 scribendum
2981 2428 3158 2489 est,ut
3187 2420 3331 2476 infra
3358 2419 3418 2476 in
3442 2418 3550 2478 hoc

1956 2497 2145 2553 eodem
2177 2496 2298 2553 cod.
2335 2495 2613 2548 scribitur.

2030 2578 2053 2612 ε
2085 2568 2219 2624 Cod.
2256 2567 2478 2623 Domine
2508 2566 2671 2619 semel
2697 2564 2875 2631 habet,
2908 2564 2997 2620 sed
3021 2582 3145 2621 cum
3179 2564 3236 2620 in
3264 2563 3431 2621 sacris
3460 2563 3549 2620 lit-

1957 2640 2107 2705 teris,
2141 2654 2466 2712 quacunque
2498 2637 2745 2712 versione
2778 2645 2982 2712 utatur,
3008 2637 3107 2712 hic
3132 2634 3550 2712 Dominegemi:

1957 2719 2118 2765 netur
2142 2706 2332 2777 {hanc
2360 2706 2546 2764 vocem
2579 2710 2797 2762 mallem
2832 2708 3057 2778 proinde
3083 2708 3301 2765 credere
3337 2706 3548 2763 librarii

1957 2782 2250 2863 oscitantia
2303 2781 2559 2835 omissam
2606 2781 2773 2835 fuisse
2822 2780 2879 2835 in
2945 2781 3092 2850 cod.,
3141 2788 3196 2836 et
3238 2779 3543 2836 addendam

1956 2871 2168 2911 censun.

2028 2926 2049 2954 δ
2077 2926 2159 2981 Ita
2182 2929 2493 2980 constanter
2517 2922 2689 2978 codex
2719 2939 2835 2977 cum
2861 2939 2956 2995 per
2974 2940 3018 2990 c,
3046 2931 3098 2979 et
3118 2939 3230 2979 non
3248 2939 3343 2995 per
3359 2939 3389 2994 q
3411 2921 3543 2995 scri-

1956 2996 2059 3064 bit,
2094 3006 2203 3052 tam
2234 2996 2276 3050 si
2311 3004 2522 3065 tempus
2569 2994 3052 3067 signiticetpquam
3085 2995 3129 3050 si
3169 2994 3429 3067 comitem
3456 2994 3543 3050 vel

1957 3085 2198 3126 causam.
2231 3067 2360 3125 Vid.
2400 3067 2502 3121 hac
2526 3067 2592 3121 de
2622 3083 2678 3122 re
2703 3066 3081 3131 Quintilianus
3110 3066 3292 3122 Instit.
3320 3084 3360 3131 I,
3383 3067 3434 3122 7.

2072 3140 2206 3268 (ﬁod.
2238 3138 2553 3208 condicione,
2595 3145 2652 3195 at
2697 3137 2839 3194 mihi
2869 3138 3220 3194 condicionem
3251 3136 3543 3211 legendum

2000 3229 2015 3267 1
2056 3228 2084 3268 e
2127 3221 2268 3268 atur.

1957 3221 2268 3269 Videbatur.

1954 3446 2084 3486 vero
2101 3430 2154 3486 S.
2180 3430 2546 3501 Hieronymus
2567 3428 2665 3483 lib.
2690 3445 2752 3501 in
2780 3428 2836 3482 in
2859 3430 3036 3501 Epist.
3059 3427 3124 3483 ad
3149 3428 3350 3501 Galat.,
3377 3435 3419 3483 t.
3444 3426 3541 3501 IY,

1952 3502 2058 3559 col.
2084 3502 2209 3568 307,
2233 3497 2585 3571 expunctout
2604 3500 2839 3567 ardeam,
2861 3497 2991 3571 legit
3012 3500 3282 3569 utglorier
3309 3518 3323 3564 ;
3356 3514 3464 3569 quo
3485 3497 3545 3571 in

1954 3575 2074 3629 loco
2097 3573 2151 3629 id
2176 3567 2244 3627 Ob
2261 3567 2682 3627 similitudinem
2706 3572 2858 3627 verbi
2877 3567 3100 3626 ardeam
3110 3578 3161 3626 et
3177 3567 3542 3641 glorier—apud

1953 3645 2168 3703 Graecos
2212 3649 2569 3716 καυοὴϐωμαι,
2619 3649 2671 3697 et
2712 3653 3058 3722 καυχήσωμαι
3107 3642 3312 3722 factum
3364 3647 3541 3713 putat.

1952 3727 2025 3780 At
2056 3742 2110 3779 re
2141 3723 2360 3795 quidem
2384 3739 2511 3776 vera
2542 3722 2655 3776 haec
2680 3723 2790 3779 duo
2817 3721 2983 3778 verba
3012 3722 3177 3795 simul
3206 3721 3263 3776 in
3290 3727 3540 3795 pervetu-

1954 3796 2052 3851 stis
2084 3793 2286 3850 Griecis
2315 3794 2720 3864 exemplaribus
2768 3796 2900 3851 olim
2948 3794 3073 3865 legi,
3109 3793 3255 3848 idem
3289 3794 3544 3865 observat
3607 3848 3615 3860 ,

1953 3868 2323 3937 Hieronymus
2351 3866 2405 3920 in
2440 3861 2586 3920 ls'aize
2620 3883 2771 3933 LVIII,
2799 3875 2837 3921 t.
2872 3867 2963 3931 IIl,
2991 3861 3096 3921 001.
3130 3865 3252 3931 428,
3285 3864 3379 3919 ubi
3410 3861 3542 3937 scri-

1953 3946 2105 4010 ptum
2137 3933 2388 4013 reliquit:
2413 3938 2455 4013 1i
2465 3938 2695 4013 postulus
2727 3939 2771 3991 si
2800 3939 2955 4013 etiam
2979 3954 3169 4013 corpus
3190 3953 3343 3989 suum
3365 3933 3548 4013 tradat

1952 4008 2213 4077 martyrio
2258 4008 2317 4063 ut
2364 4010 2567 4073 ardeat,
2615 4008 2718 4063 sire
2766 4009 3029 4079 glorietur
3071 4010 3373 4079 (utrumque
3408 4008 3547 4058 enim

1953 4081 2127 4151 fertur
2150 4083 2199 4134 in
2222 4082 2826 4151 exemplaribus)ubsquc
2842 4082 2939 4136 Dei
2956 4081 3242 4138 caritate...
3265 4081 3477 4150 frustra
3495 4091 3547 4131 se

1952 4154 2079 4207 dicit
2106 4154 2409 4221 sanguinem
2439 4152 2676 4220 ['tuulere.

2025 4227 2045 4259 ⁷
2084 4225 2281 4279 Confer
2310 4224 2468 4293 epist.
2501 4223 2769 4293 41,17,ῐ.
2804 4226 2898 4280 III.

2029 4296 2048 4328 ⁸
2073 4296 2267 4367 Utique
2284 4289 2476 4349 scribit
2496 4289 2821 4351 Ambrosius
2843 4297 2899 4350 in
2918 4296 3051 4366 psal.
3077 4310 3249 4367 cxvm
3271 4308 3432 4367 Serm.
3456 4289 3542 4357 16,

2072 4374 2127 4490 ῐςι
2150 4365 2216 4433 ΙΙ,
2249 4368 2339 4436 qui
2372 4368 2871 4437 pru’ceptujustitiw
2899 4367 3096 4438 diligit,
3133 4366 3266 4438 facit
3300 4365 3401 4421 illa
3429 4377 3547 4434 qua:

1994 4456 2009 4491 t
2038 4457 2102 4493 un
2135 4480 2146 4491 .

1994 4445 2146 4491 ttulit.

2027 4458 2065 4489 .ll
2091 4458 2146 4491 ll.

2027 4458 2237 4563 9illlaud
2266 4508 2539 4563 absimilia
2571 4506 2733 4566 habet
2764 4509 3089 4565 Ambrosius
3111 4508 3168 4562 in
3198 4505 3334 4578 psal.
3368 4520 3544 4578 qxvru

1955 4596 2117 4635 serm.
2152 4581 2205 4646 5,
2241 4580 2326 4643 20,
2363 4588 2411 4633 et
2454 4581 2535 4644 16,
2568 4579 2655 4646 44,
2691 4598 2790 4635 nec
2820 4597 2929 4634 non
2962 4581 3018 4634 in
3058 4575 3217 4649 epist:
3252 4575 3339 4649 78,
3382 4576 3433 4630 7.

2032 4654 2075 4685 ¹⁰
2100 4652 2420 4705 Ambrosius
2442 4650 2497 4703 h.
2526 4651 2562 4706 1.
2586 4652 2840 4707 similiter
2862 4650 3062 4719 legitin
3080 4645 3199 4717 sup.
3222 4646 3317 4703 cit.
3344 4645 3539 4719 psalm.

1954 4738 2115 4778 serm.
2152 4723 2238 4787 ‘20,
2272 4722 2358 4787 47,
2397 4729 2588 4791 praeter
2624 4724 2863 4790 ejecmms
2896 4724 3014 4776 loco
3043 4718 3544 4791 excitisiinus,_\’er-

1954 4794 2083 4848 bum
2116 4786 2293 4848 attteln
2327 4786 2659 4846 exclusimus
2675 4793 2871 4845 retinet
2900 4794 2952 4845 S.
2989 4791 3295 4862 Cyprianus
3346 4787 3441 4862 lib:
3462 4786 3544 4862 de

1955 4866 2104 4921 Unit.
2132 4866 2306 4929 Eccl.,
2339 4881 2388 4934 p.
2423 4865 2537 4929 199,
2568 4873 2619 4917 et.
2647 4864 2740 4917 lib.
2770 4863 2824 4915 in
2848 4857 3259 4934 Testimonior.,
3285 4857 3540 4934 001.314.

2031 4938 2070 4970 ¹¹
2105 4937 2165 4990 In
2196 4928 2298 4991 cit.’
2326 4928 2457 5004 psal.
2510 4951 2670 4988 serm.
2711 4934 2795 4999 15,
2828 4933 2915 4999 25,
2950 4934 3005 4988 h.
3042 4935 3077 4988 l.
3113 4930 3438 4988 Ambrosius
3466 4928 3545 4986 sic

1954 5006 2146 5062 recitat
2183 5024 2193 5061 :
2239 5006 2491 5059 Discedite
2519 5025 2548 5058 (ι
2585 5023 2678 5068 me,
2719 5005 2808 5073 qui
2855 5006 3148 5074 operamini
3194 5004 3542 5074 iniquitatem,

1954 5078 2169 5133 omissis
2202 5094 2301 5129 non
2334 5075 2451 5127 nori
2481 5094 2586 5130 ros.
2613 5072 2800 5131 Itidem
2822 5072 2983 5131 serm.
3009 5078 3096 5144 20,
3122 5077 3212 5144 47,
3233 5072 3293 5131 et,
3315 5076 3372 5130 in
3403 5072 3538 5144 psal.

1955 5166 2151 5215 xxxvr,
2202 5150 2289 5213 31,
2343 5146 2434 5199 sed
2480 5148 2684 5201 additis
2732 5148 2789 5201 in
2838 5150 2945 5202 line
2994 5150 3161 5203 nescio
3212 5164 3319 5202 vos.
3370 5144 3543 5200 Ilabet

1955 5227 2135 5275 autem
2166 5235 2287 5273 cum
2320 5217 2506 5271 codice
2538 5237 2637 5271 non
2671 5237 2793 5273 non
2826 5238 2911 5273 vos
2940 5221 3277 5289 Augustinus
3317 5217 3374 5272 in
3405 5215 3539 5289 psal.

1954 5308 2154 5356 xxxrv,
2186 5290 2289 5347 col.
2325 5290 2446 5353 “238,
2479 5299 2518 5344 t.
2547 5292 2657 5356 IV;
2694 5301 2747 5347 at
2776 5292 2962 5345 eadem
2987 5287 3153 5347 verba
3181 5290 3341 5345 initio
3371 5287 3540 5343 versi-

1954 5363 2066 5418 culi
2092 5362 2261 5431 ponit.
2286 5360 2580 5416 Nobiseum
2607 5362 2733 5431 legit
2755 5364 2822 5417 ad
2846 5363 3071 5417 verbum
3093 5366 3147 5419 S.
3173 5362 3544 5432 Hieronymus

1958 5434 2016 5488 in
2044 5434 2202 5503 epist.
2233 5434 2299 5487 ad
2332 5435 2572 5501 Damus,
2613 5436 2719 5489 col.
2754 5436 2874 5501 152,
2908 5443 2946 5489 t.
2982 5434 3076 5490 IV.

2031 5501 2249 5559 “huic
2276 5504 2511 5560 similem
2550 5506 2873 5560 sententiam
2903 5520 3042 5576 smpe
3074 5504 3131 5560 in
3162 5501 3543 5561 Ambrosianis

1956 5576 2174 5647 scriptis
2212 5577 2449 5649 reperies
2486 5595 2498 5642 ;
2551 5585 2602 5632 et
2633 5577 2821 5632 confer
2863 5578 3053 5632 saltem
3096 5577 3155 5632 in
3197 5576 3333 5649 psal.
3366 5591 3543 5633 cxvm

1958 5666 2121 5703 θοι-ιιι.
2155 5649 2209 5715 8,
2246 5648 2330 5715 14,
2366 5656 2404 5703 t.
2438 5648 2504 5703 Il.

2034 5721 2077 5753 ³³
2104 5720 2259 5775 Paria
2289 5722 2431 5791 leges
2449 5719 2590 5790 apud
2609 5720 2662 5791 S.
2689 5718 3041 5775 Ambrosium
3066 5720 3162 5776 lib.
3181 5737 3220 5775 Χ
3241 5719 3299 5775 in
3316 5718 3540 5791 Lucam,

1959 5808 2015 5848 n.
2046 5792 2115 5848 50
2143 5799 2196 5847 et
2224 5790 2361 5864 seq.,
2391 5799 2553 5864 atque
2592 5790 2689 5847 lib.
2722 5807 2763 5847 II
2808 5791 2875 5848 de
2904 5792 3059 5851 Oﬂic.
3092 5793 3181 5863 27,
3215 5792 3338 5864 134,
3370 5802 3412 5851 t.
3442 5790 3537 5849 III.
