3970 6372
510 367 610 426 8H
1518 369 1615 425 AD
1647 368 1881 427 OPERA
1917 368 1974 426 S.
2013 368 2347 428 AMBROSII
2382 370 2764 428 APPENDIX.
3715 373 3846 430 812

509 493 568 549 in
595 493 676 550 eis
699 499 830 550 sunt
857 491 1045 549 omnia
1081 493 1098 528 ¹
1142 494 1331 565 (Apoc.
1361 510 1417 562 v,
1452 493 1674 568 11-13).
1709 519 1728 544 ι
1770 495 1842 551 Et
1896 495 2096 552 iterum
2127 499 2176 558 Α
2203 496 2544 566 Benedictio,
2577 507 2637 554 et
2667 497 2861 570 gloria,
2893 506 2948 555 et
2972 497 3260 570 sapientia,
3288 507 3343 554 et
3371 499 3681 570 gratiarum
3713 517 3842 557 ac-

507 591 732 640 monet:
769 607 788 632 ι
818 580 1016 655 Angeli
1046 581 1264 638 stabant
1284 581 1433 639 circa
1451 581 1736 651 thronum,
1759 591 1813 640 et
1837 584 2098 652 seniores,
2209 589 2309 656 tio,
2339 596 2393 644 et
2422 587 2618 656 honor,
2650 595 2703 643 et
2734 595 2986 660 potestas,
3031 597 3086 644 et
3125 588 3304 644 uirtus
3348 590 3460 645 Deo
3507 597 3709 645 nostro
3773 590 3842 646 in

507 681 562 730 et
590 682 830 747 quatuor
861 673 1122 730 animalia
1160 689 1172 728 :
1205 681 1261 730 et
1305 673 1662 746 prociderunt
1685 681 1811 730 ante
1838 672 2099 729 thronum
2209 676 2422 733 saecula
2461 677 2826 734 saeculorum.
2875 681 3050 732 Amen
3087 679 3108 712 ³
3149 677 3313 750 (Ibid.
3346 695 3447 746 vu,
3485 679 3570 748 ll,
3629 679 3759 750 l2).
3804 704 3826 726 -

508 761 800 849 in.faciem
837 779 1014 832 suam,
1047 768 1102 818 et
1131 761 1500 818 adorauerunt
1526 763 1721 830 Deum,
1763 761 1785 794 ²
1813 761 2056 818 dicentes
2083 780 2096 818 :
2469 765 2732 822 Expucrr
2769 778 2792 804 τι
2825 754 3003 822 saeuo
3040 783 3228 823 SANCTI
3265 767 3535 826 Auaaosi.

575 905 593 924 '
628 896 688 952 In
718 895 888 970 cod...
924 897 1242 970 {sermosci
1270 897 1422 970 Amb.
1466 895 1953 970 Hujustormulaa,
1996 913 2103 967 qua
2211 909 2414 964 manet;
2463 915 2579 955 eam
2613 907 2796 955 tamen
2818 900 3132 967 formulam,
3164 899 3352 955 habita
3380 901 3691 970 spatiorum
3731 921 3840 960 ra-

507 983 687 1042 sermo
732 967 1101 1034 concluditur,
1153 967 1209 1042 in
1239 968 1440 1042 prima
1488 967 1620 1023 voce
1651 967 1846 1042 littera;
1877 983 2100 1038 prorsus
2209 970 2378 1038 tione,
2396 971 2659 1042 supplere
2688 971 2830 1026 haud
2877 970 3100 1042 dillicile
3149 971 3286 1038 fuit;
3325 967 3492 1026 verbo
3519 973 3676 1028 enim
3711 993 3842 1030 ex-

506 1038 836 1120 oblitteratae
867 1046 1014 1106 sunt,
1042 1046 1103 1120 et
1148 1037 1358 1119 ultimae
1398 1037 1667 1120 duntaxat
1696 1037 1952 1120 litterzet
1979 1055 2099 1120 quas
2203 1037 2490 1113 plicit’fuit‘
2514 1037 2780 1098 solemnis
2825 1041 3069 1116 antiquis
3112 1043 3253 1098 ratio
3275 1037 3573 1100 ’claudendi
3606 1046 3833 1102 libros.

507 1117 654 1167 recta
681 1109 859 1166 forma
883 1110 1080 1167 excudi
1107 1109 1323 1178 curavi,
1355 1109 1578 1165 nonnisi
1604 1110 1772 1166 breve
1802 1109 2098 1182 vestigium

581 1220 598 1302 ξ
629 1218 874 1302 Antiqua
897 1219 1086 1302 versio
1105 1218 1250 1302 apud
1275 1217 1656 1300 Sabat..addit,
1678 1219 1858 1302 subtus
1881 1225 2101 1302 terram;
2281 1221 2385 1302 in
2413 1220 2584 1302 antiq:
2619 1227 2672 1302 et
2700 1235 2844 1302 nova
2872 1235 3037 1302 vers,
3052 1220 3301 1302 claritas-
3318 1222 3440 1302 loco
3465 1223 3684 1302 gloria;
3723 1223 3836 1302 sed

504 1291 596 1367 cui
624 1291 828 1347 accinit
864 1306 1010 1348 nova
1038 1291 1230 1364 Vulg.,
1261 1291 1514 1363 quamvis
1546 1307 1658 1346 non
1684 1291 1888 1346 eisdem
1919 1291 2100 1347 verbis
2211 1291 2702 1367 nobiscumgloria
2734 1291 2938 1367 retinet
2967 1292 3373 1367 S._Fulgentius
3411 1291 3482 1348 in'
3503 1291 3712 1367 fragm.
3751 1296 3835 1352 34

505 1361 668 1437 legat.
888 1433 896 1437 _
976 1431 990 1437 _
1277 1361 1292 1363 ⁷
1335 1433 1346 1437 _
1385 1432 1399 1437 _
1498 1432 1509 1437 Α
1595 1433 1604 1437 Δ
1657 1431 1673 1437 Α
1894 1431 1906 1437 Α
1941 1432 1953 1437 Α
2003 1433 2014 1437 _
2050 1433 2060 1437 _
2209 1369 2356 1437 cont.
2393 1363 2643 1437 Fabiae,
2665 1363 2912 1437 col_.6{l6,
2936 1374 2989 1422 et
3009 1361 3229 1420 Graecus
3247 1371 3434 1420 textus
3454 1365 3549 1437 qui
3579 1361 3640 1422 in
3675 1366 3833 1436 ﬁne,

577 1427 844 1517 {Gradus
867 1431 1144 1517 Ambrosii
1175 1433 1352 1517 nostri
1363 1432 1608 1514 .lectioni
1648 1431 1816 1502 favet,
1862 1431 1909 1488 si
1937 1432 2100 1489 initio
2209 1441 2274 1491 ut
2303 1433 2359 1490 in
2388 1433 2598 1504 codice,
2627 1427 2789 1490 addit
2829 1427 3000 1517 Ἀμήν,

503 1505 730 1574 scribas,
759 1506 834 1563 Et
853 1521 1028 1560 omnes
1048 1511 1173 1560 ante
1200 1505 1392 1574 angeli.

578 1817 694 1903 IN
757 1815 1105 1904 EPIST.
1177 1819 1321 1902 EX
1372 1764 2355 1908 AMBROSdANARUM
2425 1820 2894 1908 NUMERO
2962 1819 3739 1907 SEGREGATAS.

1899 1980 2374 2052 ADMONITIO.

571 2244 825 2321 Quinque
852 2243 1108 2318 epistolas
1156 2258 1227 2300 ex
1257 2240 1744 2301 Ambrosianarum
1791 2243 2037 2316 cataIOgo
2085 2242 2348 2300 duximus
2385 2245 2711 2302 eximendas
2737 2287 2754 2312 ,
2804 2261 3038 2318 quarum
3077 2244 3200 2302 duae
3246 2245 3478 2318 priores,
3528 2245 3825 2302 nimirum

498 2337 588 2394 Ad
615 2352 824 2392 sacram
853 2334 1109 2406 virginem
1137 2333 1539 2402 Demetriadem,
1567 2341 1622 2390 et
1650 2333 1738 2390 Ad
1756 2331 1984 2404 virgines
2012 2348 2218 2400 sacras,
2251 2330 2310 2386 in
2339 2331 2603 2388 omnibus
2646 2348 2748 2404 ope
2769 2347 2891 2387 rum
2945 2332 3120 2389 sancti
3145 2331 3425 2390 Ambrosii
3457 2333 3826 2391 editionibus

500 2425 736 2497 vulgatae
763 2422 980 2479 fuerant
1009 2441 1024 2490 ;
1054 2430 1166 2478 tres
1202 2439 1332 2478 vero
1362 2422 1705 2494 posteriores,
1735 2421 1993 2478 videlicet
2026 2439 2038 2478 :
2073 2421 2136 2476 de
2163 2423 2468 2480 Inventione
2489 2430 2818 2479 sanctorum
2847 2423 3091 2480 Gervasii
3117 2429 3166 2478 et
3191 2425 3431 2479 Protasii
3455 2443 3473 2487 ;
3501 2425 3564 2480 de
3599 2427 3834 2482 Inven-

500 2519 639 2575 tione
663 2524 962 2574 sanctorum
1009 2517 1195 2590 Vitalis
1217 2523 1282 2573 .et
1304 2517 1587 2588 Agricola.
1619 2524 1782 2590 atque
1809 2515 2041 2589 epistola
2067 2515 2139 2570 ad
2166 2513 2484 2571 Florianum
2506 2529 2526 2578 ;
2559 2528 2590 2568 a
2619 2511 2882 2568 Romanis
2906 2510 3216 2568 editoribus
3243 2511 3485 2582 primum
3528 2513 3585 2568 in
3618 2513 3827 2570 lucem

499 2605 711 2663 emissae
739 2614 888 2662 sunt.
921 2607 1000 2662 De
1027 2587 1260 2678 singulis
1287 2587 1572 2662 censuram
1601 2587 1859 2663 nostram
1877 2604 2120 2661 breviter
2154 2599 2348 2674 subjici
2362 2615 2502 2670 mus,
2533 2608 2596 2657 ut
2645 2600 2818 2656 lector
2850 2599 3121 2672 intelligat
3147 2598 3350 2672 quibus
3387 2601 3702 2658 momentis
3745 2599 3828 2656 ad

499 2713 590 2755 eas
625 2697 957 2754 abdicandas
985 2697 1159 2753 simus
1191 2696 1430 2754 inducti.

570 2787 871 2860 Epistolam
903 2787 974 2843 ad
993 2786 1380 2842 Demetriadem
1407 2803 1598 2842 omnes
1624 2786 1968 2844 eruditorum
1998 2783 2260 2844 centuriae
2306 2779 2599 2838 Ambrosio
2644 2776 2980 2850 abjudicant,
3013 2793 3246 2850 quorum
3283 2775 3558 2848 judicium
3591 2785 3687 2834 rat
3701 2797 3805 2835 um

498 2891 614 2932 esse
641 2873 838 2931 debere
865 2873 1138 2948 quidquid
1161 2873 1470 2946 legentibus
1499 2874 1616 2932 illic
1660 2875 1921 2944 occurrit,
1954 2885 2138 2948 aperte
2167 2873 2396 2948 probat:
2430 2869 2669 2926 maxime
2712 2883 2845 2926 vero
2893 2883 3013 2942 qua:
3052 2867 3405 2939 disputantur
3431 2867 3501 2922 de
3531 2867 3809 2940 Pelagia-

499 2964 587 3021 nis
614 2965 848 3020 Doctore
877 2972 1067 3020 nostro
1095 2963 1512 3035 posterioribus.
1544 2965 1809 3021 Eamdem
1841 2971 1967 3020 ante
2004 2965 2217 3037 aliquot
2261 2977 2435 3017 annos
2464 2959 2632 3015 Leoni
2679 2959 2874 3030 Magno
2916 2965 3146 3015 conatus
3171 2964 3285 3013 erat
3313 2973 3549 3012 asserere
3599 2958 3658 3014 in
3693 2975 3808 3015 sua

499 3070 726 3127 operum
770 3052 1012 3126 ejusdem
1060 3052 1343 3110 Pontificis
1389 3053 1631 3109 editione
1677 3052 2064 3120 Quesnellius:
2107 3053 2165 3106 in
2207 3065 2369 3122 quem
2416 3064 2592 3119 nuper
2632 3048 2928 3102 Anselmus
2970 3045 3259 3118 insurgens
3305 3045 3528 3124 magnis.
3559 3047 3804 3117 animis,

500 3140 653 3198 illam
683 3141 936 3216 populari
965 3157 1066 3198 suo
1112 3141 1376 3213 Prospero
1404 3159 1530 3199 cum
1578 3142 1704 3198 aliis
1732 3157 1845 3198 non
1875 3141 2062 3214 paucis
2109 3138 2345 3196 credidit
2379 3136 2790 3194 vindicandam.
2823 3136 3071 3204 Quilibet
3114 3153 3176 3194 ea
3205 3136 3262 3192 in
3292 3137 3644 3195 contentione
3674 3139 3806 3196 utri

499 3231 738 3288 voluerit
765 3230 908 3302 parti
935 3245 1049 3286 sese
1076 3227 1336 3302 adjunget
1367 3247 1382 3297 ;
1415 3245 1514 3285 nos
1547 3229 1695 3284 enim
1720 3227 1852 3284 dum
1881 3235 2094 3286 constet
2141 3230 2421 3286 Ambrosii
2453 3246 2564 3286 non
2601 3245 2736 3297 esse,
2790 3229 2938 3286 haud
2991 3229 3412 3302 refragabimur.
3455 3229 3591 3288 Cum
3627 3247 3806 3304 porro

499 3321 687 3380 eadem
713 3322 945 3395 epistola
973 3320 1162 3378 multis
1191 3323 1250 3376 in
1290 3317 1426 3376 locis
1454 3318 1598 3391 apud
1647 3318 1786 3374 alios
1829 3318 1898 3374 ab
1940 3317 2234 3376 Ambrosio
2262 3320 2448 3376 Patres
2477 3319 2624 3376 edita
2651 3318 2838 3388 fuerit,
2885 3318 3073 3376 inutili
3116 3320 3354 3392 pondere
3385 3337 3610 3394 gravare
3640 3321 3804 3378 vide-

497 3426 688 3468 remur
715 3420 963 3468 nostrum
996 3409 1102 3466 hoc
1129 3411 1412 3478 volumen,
1443 3407 1490 3464 si
1521 3407 1703 3464 denuo
1739 3407 1910 3480 ipsam
1937 3405 2200 3463 recudere
2227 3407 2446 3463 animus
2475 3414 2638 3464 esset.

570 3499 934 3568 Quamobrem
967 3505 1202 3572 quatuor
1229 3515 1415 3555 earum
1445 3513 1580 3571 quas
1607 3496 1701 3553 hic
1729 3495 2000 3566 dabimus,
2027 3495 2278 3553 ordinem
2311 3495 2496 3564 ducet,
2523 3513 2646 3570 quas
2676 3495 2973 3568 virginibus
3023 3497 3193 3552 sacris
3223 3496 3496 3554 destinata
3523 3505 3624 3555 est.
3660 3497 3801 3556 Haec

499 3597 681 3646 autem
729 3605 856 3646 cum
907 3588 1142 3643 aliorum
1178 3588 1391 3645 calculo
1436 3586 1705 3658 rejicitur,
1756 3595 1875 3643 tum
1914 3603 1946 3642 a
1988 3585 2226 3642 Baronio
2257 3585 2376 3658 ipso
2409 3587 2503 3656 (ad
2530 3603 2733 3642 annum
2777 3585 2902 3656 324,
2940 3603 3086 3641 num.
3123 3585 3247 3657 107)
3276 3585 3482 3644 dicitur
3505 3604 3800 3660 perperam

499 3675 770 3732 Ambrosii
799 3675 1006 3730 nomine
1034 3675 1358 3746 consignata.
1385 3675 1538 3732 Unde
1568 3690 1676 3730 non
1707 3673 1902 3729 mirari
1943 3674 2192 3746 profecto
2221 3692 2332 3730 non
2381 3692 2672 3748 possumus
2706 3675 2842 3748 quid
2890 3675 3028 3732 viris
3074 3675 3430 3742 doctissimis,
3469 3679 3562 3750 qui
3607 3677 3800 3748 operis

501 3765 829 3822 aBollando
861 3765 1066 3838 incepti
1115 3767 1316 3822 molem
1365 3765 1610 3822 humeris
1663 3772 2022 3839 exceperunt,
2063 3764 2278 3821 venerit
2326 3765 2382 3820 in
2429 3773 2692 3833 mentem,
2745 3780 2868 3821 cum
2919 3780 3037 3819 eam
3087 3763 3374 3836 epistolam
3413 3764 3514 3821 sub
3542 3763 3799 3836 ejusdem

501 3854 781 3913 Ambrosii
824 3857 998 3912 nostri
1034 3855 1257 3912 nomine
1291 3855 1442 3930 typis
1496 3863 1902 3929 expresserunt.
1949 3857 2248 3913 Advertere
2291 3873 2420 3912 sane
2459 3855 2766 3912 debuerant
2793 3860 3072 3910 auctorem
3121 3853 3240 3924 ejus
3277 3871 3499 3926 prorsus
3531 3855 3797 3926 ignarum

500 3945 779 4001 exstitisse
826 3945 1048 4002 illorum
1103 3963 1341 4015 morum,
1387 3945 1484 4020 qui
1540 3946 1880 4019 temporibus
1937 3946 2111 4002 sancti
2149 3944 2414 4001 antistitis
2459 3945 2642 4000 Romae
2683 3941 3022 3998 obtinebant.
3072 3943 3206 3998 Nam
3253 3944 3463 4015 alioqui
3506 3960 3796 4016 nunquam

500 4033 825 4105 scripsisset,
867 4033 1013 4107 quod
1044 4034 1276 4105 legimus
1303 4035 1406 4091 sub
1436 4034 1600 4092 linem
1653 4034 1898 4108 epistolae
1933 4053 1945 4090 :
1992 4033 2378 4100 Perseveravil,
2427 4033 2629 4106 inquit,
2690 4031 3000 4086 Constantia
3035 4030 3088 4084 in
3129 4031 3450 4100 virginitate,
3479 4049 3578 4102 per
3623 4050 3798 4104 quam

501 4124 682 4178 multae
709 4123 935 4195 virgines
963 4130 1012 4178 et
1037 4123 1316 4180 mediocres
1355 4132 1402 4181 et
1440 4125 1638 4180 nobiles
1687 4131 1735 4179 et
1783 4124 2018 4179 illustres
2065 4139 2219 4180 sacra
2251 4123 2513 4180 velamina
2559 4129 2911 4194 susceperunt.
2960 4123 3132 4189 Quam
3173 4121 3317 4177 enim
3355 4121 3460 4179 hoc
3489 4139 3697 4180 vanum
3732 4141 3798 4182 ac

500 4210 662 4267 futile
695 4209 786 4280 sit,
808 4227 877 4267 ex
908 4211 1233 4286 Hieronymi
1279 4213 1628 4285 cognoscitur
1673 4213 2018 4280 testimonio,
2051 4213 2146 4270 ubi
2181 4213 2262 4272 sic
2304 4213 2385 4268 ait
2415 4212 2613 4284 (Epist.
2659 4211 2721 4266 de
2751 4211 2995 4266 laudibus
3023 4212 3310 4285 Marcellas)
3339 4230 3357 4268 :
3389 4213 3559 4269 Nulla
3581 4232 3639 4270 eo
3671 4221 3798 4271 tem-

495 4316 627 4372 pore
655 4301 912 4356 nobilium
936 4299 1259 4371 feminarum
1285 4310 1499 4358 voverat
1547 4304 1726 4359 Romae
1770 4304 2105 4374 propositum
2132 4303 2523 4370 monachorum,
2574 4319 2664 4356 nec
2691 4301 2914 4356 audebat
2935 4307 3154 4372 propter
3190 4300 3269 4356 rei
3314 4301 3596 4358 novitatem
3647 4304 3800 4376 igno-

499 4389 803 4459 miniosum,
832 4397 891 4446 ut
922 4397 1041 4446 tunc
1058 4393 1371 4463 putabatur,
1416 4398 1464 4446 et
1493 4392 1594 4448 vile
1620 4393 1678 4446 in
1708 4391 1924 4463 populis
1954 4407 2142 4446 nomen
2179 4408 2464 4446 assumere.
2498 4392 2642 4463 Ergo
2679 4390 2724 4447 si
2755 4389 2844 4446 cui
2876 4390 3169 4450 Ambrosio
3215 4389 3506 4446 tribuenda
3541 4391 3647 4448 erit
3678 4391 3801 4450 haec

501 4478 752 4550 epistola,
785 4495 1069 4536 censuram
1125 4482 1521 4554 amplectemur
1570 4481 1797 4537 Joannis
1842 4480 2082 4537 Bandini
2128 4481 2196 4538 ad
2241 4481 2542 4552 marginem
2599 4479 2842 4552 ejusdem
2891 4477 3135 4551 epistolae
3174 4478 3231 4534 in
3279 4477 3549 4536 Vaticano
3601 4479 3798 4538 codice

500 4576 798 4636 exaratam,
832 4567 978 4624 unde
1015 4585 1132 4625 eam
1157 4570 1334 4627 amica
1364 4586 1530 4626 manu
1558 4569 1886 4643 descriptam
1921 4569 2220 4628 habuimus
2263 4571 2318 4627 in
2352 4569 2468 4627 haec
2503 4571 2668 4626 verba
2699 4588 2710 4626 :
2747 4570 2870 4626 Non
2909 4575 2984 4624 est
3033 4569 3306 4624 Ambrosii
3347 4569 3796 4639 Mediola-nensis,

500 4658 588 4713 sed
609 4659 832 4714 alterius
858 4659 1135 4728 cujusdam
1169 4659 1438 4715 Ambrosii
1471 4659 1732 4727 monachi,
1775 4659 1868 4729 qui
1906 4659 2042 4714 hunc
2065 4675 2353 4716 sermonem
2383 4659 2562 4715 Graece
2590 4657 2818 4729 s.;ripsil.
2864 4659 3062 4713 Exstat
3079 4657 3137 4712 in
3158 4657 3461 4714 bibliotheca
3505 4646 3795 4725 Vaticana,

499 4753 548 4801 et
566 4748 900 4818 postmodum
927 4749 984 4803 in
1017 4748 1256 4803 Latinam
1287 4749 1520 4820 linguam
1547 4765 1824 4803 conversus
1849 4753 1925 4802 est
1953 4749 2020 4803 ab
2047 4748 2180 4806 alio.

571 4835 727 4902 Quod
757 4844 963 4908 spectat
991 4836 1058 4892 ad
1089 4838 1326 4910 reliquas
1362 4843 1475 4894 tres
1503 4837 1646 4904 illas,
1677 4853 1812 4909 quas
1840 4837 1900 4892 in
1931 4837 2179 4893 Romana
2223 4836 2464 4894 editione
2515 4835 2757 4909 primum
2801 4834 3072 4908 prodiisse
3117 4850 3282 4908 supra
3319 4834 3588 4901 diximus,
3622 4835 3795 4908 quis-

500 4924 626 4996 quis
665 4925 879 4982 easdem
927 4942 1053 4982 cum
1083 4926 1361 5000 aliquibus
1395 4943 1521 4982 vere
1550 4925 2037 4982 Ambrosianarum
2083 4928 2412 4984 contendere
2455 4927 2776 4994 instituerit,
2817 4927 3001 4982 statim
3048 4933 3304 4999 agnoscet
3351 4933 3554 4999 quanto
3581 4924 3795 4982 discri-

501 5011 650 5066 mine
671 5011 907 5070 invicem
938 5013 1286 5070 abhorreant.
1320 5015 1390 5071 Ut
1417 5031 1547 5072 vero
1575 5013 1627 5070 id
1660 5013 1902 5086 apertius
1929 5013 2243 5090 clariusque
2281 5017 2374 5087 sit,
2406 5034 2526 5090 quae
2558 5016 2615 5072 in
2656 5015 2833 5088 prima
2862 5015 3082 5071 illarum
3123 5015 3191 5072 de
3219 5015 3543 5071 inventione
3583 5031 3795 5088 corpo-

501 5117 623 5158 rum
655 5101 902 5158 Gervasii
931 5111 986 5159 et
1036 5104 1268 5161 Protasii
1315 5105 1650 5171 referuntur,
1698 5121 1824 5160 cum
1873 5103 1944 5160 iis
1981 5122 2101 5178 quae
2135 5105 2203 5161 de
2250 5106 2352 5162 hac
2389 5106 2505 5178 ipsa
2558 5105 2878 5161 inventione
2919 5104 3282 5177 Augustinus,
3313 5103 3599 5171 Paulinus,
3628 5113 3790 5177 atque

500 5190 636 5247 adeo
663 5189 892 5262 ipsemet
911 5190 1236 5248 Ambrosius
1267 5201 1588 5262 memorant,
1639 5193 2016 5251 conferantur.
2061 5193 2182 5250 Non
2227 5193 2574 5250 diliitendum
2615 5201 2798 5250 tamen
2845 5193 3025 5250 locum
3074 5208 3143 5247 ex
3189 5189 3294 5248 hac
3335 5191 3522 5247 eadem
3565 5189 3795 5262 epistola

502 5280 560 5336 in
600 5280 906 5352 fragmento
937 5279 1215 5337 Orationis
1241 5282 1468 5339 Joannis
1513 5283 1835 5340 Damasceni
1865 5283 1926 5338 de
1955 5283 2282 5354 Imaginibus
2311 5282 2538 5339 citatum
2572 5281 2818 5354 reperiri.
2847 5280 2952 5337 Sed
2981 5279 3124 5336 nihil
3155 5278 3306 5336 aliud
3335 5295 3403 5335 ex
3434 5278 3538 5335 hoc
3566 5279 3793 5351 probare

501 5369 700 5441 possis,
726 5370 834 5427 nisi
875 5369 991 5443 jam
1022 5369 1152 5427 inde
1173 5371 1242 5428 ab
1270 5379 1428 5428 aetate
1465 5372 1708 5444 ejusdem
1767 5373 1970 5443 sancti,
2001 5373 2048 5428 si
2078 5378 2258 5428 tamen
2287 5369 2405 5444 ejus
2443 5388 2570 5428 vere
2597 5372 2672 5428 sit
2719 5371 2860 5427 illud
2891 5371 3276 5443 fragmentum,
3322 5368 3474 5424 illam
3506 5368 3789 5440 epistolam

501 5459 782 5516 Ambrosii
837 5461 1067 5518 nomine
1106 5459 1454 5519 circumferri
1499 5461 1878 5519 consuevisse.
1933 5462 2044 5518 Nec
2091 5477 2224 5517 vero
2275 5461 2564 5518 obscurius
2607 5461 2829 5517 videtur
2865 5466 3179 5534 sequentem
3220 5457 3459 5532 alicujus
3489 5473 3604 5514 esse
3653 5475 3793 5515 con-

503 5548 874 5620 sarcinatoris,
907 5552 1001 5625 qui
1029 5551 1309 5609 Ambrosii
1341 5551 1732 5622 narrationem,
1773 5569 1880 5626 qua
1909 5552 2112 5609 Vitalis
2141 5559 2301 5624 atque
2357 5553 2625 5625 Agricolae
2655 5561 2959 5625 martyrum
3017 5549 3397 5607 inventionem
3429 5550 3486 5606 in
3513 5550 3792 5606 Exhorta-

503 5635 640 5690 tione
678 5637 1006 5709 Virginitatis
1029 5639 1360 5714 descriptam
1388 5639 1636 5714 reliquit,
1689 5643 1887 5715 partim
1919 5640 2192 5710 addendo,
2220 5642 2417 5714 partim
2447 5641 2730 5711 mutando,
2783 5642 2985 5715 partim
3034 5639 3444 5712 transponendo
3487 5638 3793 5711 interpola-

502 5724 602 5781 vit.
638 5725 756 5782 Huc
783 5726 920 5784 adde
965 5728 1212 5806 Gregorii
1263 5729 1598 5789 Turonensis
1629 5733 2015 5791 auctoritatem
2053 5730 2256 5791 diserte
2283 5732 2608 5790 allirmantis
2638 5730 2762 5806 (lib.
2797 5747 2816 5788 ι
2847 5729 2910 5790 de
2937 5729 3128 5789 Gloria
3156 5730 3324 5794 Mart.
3369 5743 3490 5802 cap.
3523 5726 3594 5784 44
3618 5734 3673 5785 et
3698 5727 3788 5800 l7)
