3970 6364
140 380 254 439 813

1037 383 1401 441 ΕΡΙΞΤΟΒᾹΞ
1442 385 1542 441 EX
1585 387 2052 445 AMBROSIANIS
2089 389 2554 448 SEGREGATZE.

3334 395 3444 452 814

139 512 303 561 atate
332 522 429 561 sua
459 515 763 579 martyrum
788 507 1010 581 quidem
1034 509 1281 565 Gervasii
1310 518 1474 584 atque
1488 511 1722 568 Protasii
1751 513 1888 570 Acta
1907 513 2202 581 exstitisse,
2227 529 2335 568 non
2367 530 2497 570 vero
2523 513 2725 570 Vilalis
2748 523 2803 571 et
2827 515 3117 587 Agricola.
3153 515 3438 574 Postremo

139 594 392 666 Epistola
416 612 536 669 qua
570 596 625 651 in
655 598 900 653 Romana
928 597 1170 654 editione
1202 600 1461 655 Flavium
1492 600 1818 659 inscribitur
1853 621 1866 669 ;
1902 603 1956 657 in
1987 601 2173 658 codice
2211 612 2391 658 autem
2423 604 2599 674 Regia
2646 602 3001 659 Bibliotheca
3044 603 3142 659 vix
3185 603 3443 662 ducentis

138 683 306 739 annis
333 685 612 756 superiore
638 704 649 741 :
682 687 760 741 De
785 686 1021 741 moribus
1041 693 1088 741 et
1117 688 1331 743 honesta
1360 687 1471 743 vita
1499 706 1520 754 ;
1571 688 1700 745 licet
1744 688 2037 764 utrobique
2065 690 2342 747 Ambrosii
2368 706 2569 746 nomen
2612 691 2669 747 in
2699 690 2879 747 fronte
2908 690 3065 759 ferat,
3098 690 3229 749 huic
3258 699 3441 750 tamen

140 770 312 827 titulo
331 772 575 844 ejusdem
607 775 783 847 stylus
811 792 875 832 ac
895 775 1182 847 ingenium
1218 776 1381 849 plane
1415 778 1739 834 reclamant.

1121 1078 2470 1255 EPISTOL/E

277 1357 432 1439 EX
519 1351 1718 1441 AMBROSIANARUM
1805 1351 2363 1441 NUMERO

621 1660 770 1722 4'79
793 1650 1143 1715 EPISTOLA
1194 1657 1237 1712 Ι.

141 1774 450 1855 Antequam
470 1773 634 1855 Agna
658 1774 879 1855 virginis
900 1774 1221 1855 martyrium
1241 1770 1753 1855 desm'ibatur,amor

216 1844 565 1925 in.eam_
603 1844 863 1925 pra/ceti,
894 1845 1108 1925 ejusque
1146 1844 1748 1925 τ’φςιιιςα-δγζιειτηοισαιιινἶ

221 1916 360 1970 Hinc
378 1915 639 1984 adjicitur
665 1918 890 1987 virginis
927 1916 1288 1972 condemnatio
1316 1915 1676 1987 ad_lupanar,
1706 1920 1755 1969 et

219 1987 361 2041 inter
389 1987 654 2042 miracula
700 1985 956 2042 divinitus
994 1993 1214 2058 propter
1260 1985 1501 2058 eamdem,
1516 1987 1751 2058 puellam

212 2064 545 2128 perpetrata,
575 2060 913 2113 adolescentis
927 2056 1060 2113 inea
1070 2056 1117 2112 nt
1137 2056 1466 2128 depereuntis
1484 2057 1750 2128 interitus,

217 2127 377 2198 atque
408 2129 479 2183 ad
504 2130 665 2184 vitam
694 2130 974 2185 revocatio.
1015 2131 1144 2185 Tum
1175 2127 1411 2198 sequitur
1438 2127 1662 2197 virginis
1689 2127 1752 2181 ob

218 2199 544 2253 ethnicorum
621 2201 923 2255 seditionem
986 2199 1345 2255 condemnatio
1414 2198 1486 2253 ad
1538 2214 1749 2269 rogum,

219 2270 435 2339 ejusque
510 2271 566 2324 in
631 2272 815 2325 mediis
881 2272 1085 2342 ignibus
1151 2270 1754 2342 illaste_perntanentis

219 2348 438 2395 cruenta
478 2342 659 2397 cades.
706 2344 835 2399 Mox
860 2340 1195 2413 paganorum
1226 2342 1281 2394 in
1317 2340 1649 2413 Christianos
1681 2340 1753 2413 ad

220 2413 486 2482 Martyris
522 2414 780 2467 tumulum
819 2410 1057 2468 orationi
1088 2414 1340 2466 instantes
1369 2410 1556 2480 furore
1584 2412 1751 2466 decla-

220 2490 362 2549 rato,
407 2501 511 2537 πει
568 2485 973 2552 Emerentiana,
1029 2490 1075 2538 et
1123 2482 1447 2538 Constantia
1501 2482 1754 2553 Augusta

220 2555 425 2609 sanitas
454 2557 714 2619 restituta,
747 2574 835 2609 nec
886 2573 990 2609 non
1009 2556 1074 2610 ab
1113 2556 1289 2609 eadem
1341 2554 1582 2625 principe
1634 2561 1753 2609 tem-

214 2627 691 2698 plumliberatrici
718 2644 826 2682 sua
852 2628 1187 2698 cedi/iculum,
1218 2633 1264 2680 et
1291 2625 1458 2696 ipsius
1485 2641 1602 2680 eum
1626 2625 1753 2681 aliis

215 2697 466 2768 pluribus
494 2699 815 2769 virginitatis
842 2697 1173 2770 propositum
1204 2702 1514 2752 enarratur.

147 2804 763 2877 Alanoswsepiscopus
786 2821 978 2860 servus
998 2803 1205 2860 Christi
1229 2802 1538 2874 virginibus
1560 2802 1748 2859 sacris.

227 2893 277 2947 1.
314 2894 470 2948 Diem
528 2894 728 2949 festum
785 2893 1163 2949 sacratissima
1208 2890 1445 2962 virginis
1502 2892 1753 2948 celebre-

148 2996 313 3036 mus:
356 2980 487 3037 hinc
522 2982 717 3053 psalmi
747 2990 1022 3050 resonent,
1057 2980 1184 3036 inde
1201 2988 1536 3052 concrepent
1564 2982 1749 3041 lectio-

150 3083 251 3125 nes
287 3087 298 3124 :
333 3069 464 3127 hinc
494 3072 821 3143 populorum
855 3071 1027 3127 turbae
1061 3071 1337 3137 latenter,
1372 3068 1503 3125 inde
1555 3070 1750 3126 suble-

148 3168 358 3215 ventur
386 3176 647 3232 pauperes
677 3160 905 3218 Christi.
930 3161 1133 3216 Omnes
1162 3175 1289 3231 ergo
1321 3158 1663 3231 gratulemur
1692 3159 1749 3215 in

149 3248 412 3317 Domino,
470 3257 524 3305 et
574 3251 644 3307 ad
705 3250 1124 3307 adificationem
1175 3248 1455 3321 virginum
1514 3248 1751 3321 qualiter

146 3355 308 3411 passa
336 3340 407 3395 sit
444 3344 624 3414 Agnes
652 3341 984 3408 beatissima,
1019 3339 1087 3396 ad
1136 3340 1456 3396 memoriam
1514 3356 1751 3395 revoce-

148 3445 293 3484 mus.
329 3430 594 3503 Tempore
621 3431 718 3487 illo
748 3439 864 3487 erat
893 3431 1143 3503 quadam
1174 3431 1332 3503 virgo
1361 3431 1544 3487 Roma
1577 3429 1751 3485 nobi-

146 3516 299 3572 libus
337 3525 457 3574 orta
513 3520 810 3589 natalibus,
860 3520 1085 3575 nomine
1134 3520 1336 3590 Agnes,
1387 3536 1507 3592 qua
1536 3526 1750 3574 certans

145 3615 342 3663 contra
370 3608 643 3681 principes
671 3616 725 3665 et
754 3616 1048 3681 potestates
1090 3608 1440 3665 tenebrarum
1487 3609 1595 3679 (1),
1625 3615 1749 3663 ter-

146 3694 447 3753 tiodecimo
486 3698 662 3753 atatis
716 3714 826 3753 sua
883 3713 1031 3753 anno
1085 3704 1315 3752 mortem
1376 3696 1637 3768 perdidit,
1694 3703 1747 3751 et

146 3784 320 3840 vitam
362 3786 579 3843 invenit
610 3805 623 3853 ;
656 3786 787 3859 quia
812 3787 991 3842 solum
1033 3786 1161 3841 vita
1190 3784 1391 3842 dilexit
1424 3785 1742 3841 Auctorem.

146 3871 388 3929 Infantia
432 3874 650 3948 quidem
699 3873 1120 3947 computabatur
1169 3875 1225 3930 in
1278 3874 1456 3943 annis,
1508 3873 1601 3929 sed
1631 3882 1746 3929 erat

144 3970 400 4019 senectus
448 3963 647 4020 mentis
692 3963 750 4020 in
789 3964 1035 4019 moribus
1068 3962 1149 4034 (2)
1187 3981 1198 4019 :
1248 3979 1476 4036 corpore
1520 3962 1743 4035 quidem

144 4047 465 4121 juveneula,
518 4051 612 4109 sed
677 4052 861 4107 animo
917 4068 1071 4108 cana.
1138 4050 1376 4109 Pulchra
1433 4049 1591 4119 facie,
1651 4050 1745 4106 sed

146 4138 437 4211 pulchrior
464 4140 591 4208 fide,
622 4146 676 4197 et
703 4140 1002 4213 elegantior
1028 4141 1293 4197 castitate.

219 4228 271 4284 2.
305 4229 435 4297 Qua
490 4230 623 4285 dum
663 4246 693 4283 a
746 4230 951 4286 scholis
1000 4236 1386 4299 reverteretur,
1417 4248 1449 4286 a
1500 4230 1744 4302 praefecti

147 4317 313 4375 Urbis
343 4318 459 4373 ﬁlio
514 4319 818 4373 adamatur.
871 4318 1041 4389 Cujus
1094 4326 1346 4390 parentes
1396 4336 1519 4375 cum
1552 4320 1744 4392 requi-

141 4406 365 4465 sissent.
425 4412 479 4461 et
508 4406 866 4472 invenissent,
916 4414 1199 4477 cmperunt
1243 4408 1475 4479 pulchra
1520 4408 1735 4477 offerre,

142 4501 200 4550 et
230 4492 546 4566 pulchriora
607 4493 925 4565 promittere
976 4494 1080 4565 (3).
1129 4495 1375 4567 Denique
1429 4495 1738 4553 detulerant

143 4600 330 4639 secum
360 4581 755 4655 pretiosissima
802 4586 1145 4649 ornamenta,
1192 4598 1311 4654 qua
1342 4600 1372 4638 a
1401 4583 1557 4640 beata
1584 4586 1736 4657 Agne

144 4671 318 4727 veluti
350 4671 595 4744 quaedam
627 4678 865 4726 stercora
895 4676 1024 4725 sunt
1052 4679 1315 4727 recusata.
1350 4672 1503 4728 Unde
1530 4671 1734 4730 factum

144 4767 227 4816 est
254 4767 316 4816 ut
340 4757 565 4831 juvenis
606 4758 801 4830 majori
843 4766 1225 4832 perurgeretur
1253 4760 1454 4817 amoris
1484 4763 1731 4833 stimulo,

143 4857 199 4905 et
227 4854 425 4922 putans
452 4865 568 4904 eam
604 4846 828 4919 juvenis
856 4847 1083 4905 meliora
1111 4850 1252 4905 velle
1292 4851 1534 4923 accipere
1564 4868 1737 4907 oma-

144 4944 351 5006 menta,
382 4953 599 4993 omnem
632 4937 866 5010 lapidem
896 4937 1195 5010 pretiosum
1242 4956 1426 4995 secum
1454 4939 1648 5009 defert,
1680 4949 1736 4997 et

146 5026 376 5100 gloriam
408 5025 489 5099 (4)
517 5046 527 5084 ;
561 5034 615 5084 et
643 5043 739 5099 per
768 5044 823 5083 se
843 5028 1048 5099 ipsum,
1084 5034 1139 5082 et
1178 5044 1274 5099 per
1301 5028 1527 5097 amicos,
1566 5036 1620 5084 et
1639 5046 1735 5101 per

144 5124 323 5186 notos,
357 5124 411 5173 et
463 5118 672 5186 aﬂines,
722 5117 890 5190 capit
932 5133 1092 5174 aures
1147 5117 1382 5190 virginis
1435 5119 1731 5191 appellare,

142 5204 388 5277 divitias,
421 5207 635 5274 domos,
674 5206 1063 5280 possessiones,
1084 5205 1342 5277 familias,
1359 5214 1523 5282 atque
1542 5224 1733 5265 omnes

215 5414 704 5490 (1)_Temporeiillo
722 5424 928 5474 erat....
960 5423 1007 5473 et
1045 5420 1323 5490 potestates
1360 5416 1729 5484 tenebrarum,

140 5503 169 5542 e
194 5487 483 5543 Noalliano
509 5489 632 5544 cod.
657 5490 1042 5545 restituuntur.

213 5558 296 5630 (2)
355 5559 557 5615 Omnes
600 5559 761 5628 edit.,
814 5561 903 5615 sed
953 5560 1139 5616 mentis
1188 5567 1415 5616 senectus
1459 5566 1576 5617 erat
1626 5561 1731 5616 im-

138 5646 316 5685 mensa
345 5648 367 5695 ;
397 5630 595 5686 melius
623 5646 753 5686 vero
780 5631 904 5689 cod.
941 5632 1121 5689 Noall.
1151 5638 1213 5688 ut
1238 5634 1295 5688 in
1321 5640 1603 5689 contextu.

213 5701 293 5774 (3)
329 5702 411 5758 Ita
454 5700 577 5758 cod.
632 5701 859 5772 Noall.;
916 5719 1109 5762 omnes
1136 5712 1319 5763 autem
1367 5704 1526 5774 edit.,
1578 5702 1731 5773 cuius

2457 1356 3310 1444 SEGREGATE.

1776 1654 1828 1714 A
1862 1651 2028 1726 hujus
2083 1656 2277 1714 mundi
2331 1658 2559 1716 delicias
2609 1662 3012 1733 repromittere,
3040 1663 3088 1720 si
3116 1680 3447 1741 consensum

1860 1762 2020 1802 suum
2052 1745 2171 1818 ejus
2207 1748 2465 1823 conjugio
2492 1767 2606 1807 non
2639 1759 2905 1825 negasset.

1931 1862 1985 1918 3.
2017 1862 2101 1919 Ad
2132 1862 2248 1920 hac
2274 1862 2433 1920 beata
2460 1866 2643 1938 Agnes
2677 1868 2785 1923 tale
2814 1868 2989 1926 fertur
3006 1869 3202 1942 juveni
3231 1871 3450 1931 dedisse

1861 1966 2178 2023 responsum
2211 1971 2223 2009 :
2269 1953 2497 2011 Discede
2538 1972 2570 2011 a
2617 1973 2725 2026 me,
2763 1957 2938 2015 fomes
2978 1961 3207 2033 peccati,
3257 1964 3450 2021 nutri-

1861 2048 2109 2096 mentum
2147 2040 2430 2113 facinoris,
2460 2043 2726 2115 pabulum
2749 2046 2946 2103 mortis
2974 2065 2985 2103 :
3015 2047 3232 2107 discede
3261 2067 3293 2107 a
3322 2067 3446 2119 me;

1860 2128 1990 2202 quia
2009 2128 2123 2201 jam
2162 2130 2231 2186 ab
2260 2132 2370 2187 alio
2411 2140 2652 2189 amatore
2695 2143 2974 2206 praventa
3010 2154 3152 2206 sum,
3184 2138 3279 2212 qui
3309 2139 3449 2197 mihi

1860 2217 1992 2275 satis
2022 2218 2250 2275 meliora
2276 2220 2481 2277 obtulit
2509 2231 2852 2293 ornamenta,
2879 2233 2934 2281 et
2963 2227 3170 2283 annulo
3193 2227 3322 2285 ﬁdei
3338 2247 3449 2287 sua

1861 2306 2213 2364 subarrbavit
2242 2325 2350 2378 me,
2382 2310 2541 2382 longe
2587 2319 2640 2367 te
2689 2312 2932 2369 nobilior
2960 2322 3013 2370 et
3042 2331 3235 2386 genere
3262 2324 3318 2373 et
3353 2317 3452 2374 di-

1861 2394 2086 2468 gnitate.
2128 2396 2360 2454 Ornavit
2406 2399 2781 2457 inastimabili
2821 2403 3209 2462 dextrocherio
3249 2406 3451 2464 dexte-

1860 2504 1975 2544 ram
2006 2505 2203 2558 meam,
2245 2498 2299 2546 et
2326 2492 2532 2548 collum
2564 2508 2745 2549 meum
2788 2494 2968 2552 cinxit
3013 2496 3288 2568 lapidibus
3317 2513 3451 2570 pre-

1858 2580 2035 2637 tiosis.
2066 2581 2315 2638 Tradidit
2342 2582 2569 2640 auribus
2616 2585 2753 2642 meis
2800 2585 3209 2645 inastimabiles
3230 2606 3450 2663 marga-

1860 2669 2016 2737 ritas,
2046 2678 2100 2727 et
2128 2670 2494 2729 circumdedit
2539 2690 2627 2730 me
2670 2676 3030 2734 vernantibus
3082 2686 3246 2752 atque
3292 2696 3449 2736 coru-

1861 2759 2146 2816 scantibus
2171 2762 2418 2832 gemmis.
2469 2763 2659 2819 Posuit
2686 2764 2902 2836 signum
2934 2767 2991 2821 in
3024 2767 3216 2824 faciem
3248 2784 3448 2837 meam,

1860 2856 1922 2903 ut
1952 2849 2167 2904 nullum
2191 2857 2386 2921 prater
2407 2850 2586 2922 ipsum
2616 2860 2913 2909 amatorem
2935 2855 3240 2912 admittam.
3262 2857 3450 2915 Induit

1862 2950 1948 2990 me
2006 2936 2231 3007 cyclade
2285 2953 2418 2993 auro
2474 2946 2645 3009 texta,
2704 2949 2758 2997 et
2814 2943 3100 2999 immensis
3146 2944 3450 3001 monilibus

1780 3008 1825 3069 Β
1863 3024 2082 3080 ornavit
2112 3041 2217 3080 me.
2252 3025 2507 3083 Ostendit
2534 3008 2675 3085 mihi
2715 3030 2997 3088 thesauros
3035 3032 3450 3105 incomparabi-

1860 3112 1959 3180 les,
2001 3129 2136 3184 quos
2167 3114 2304 3169 mihi
2353 3132 2408 3171 se
2451 3115 2709 3173 daturum
2757 3121 3091 3192 repromisit,
3141 3122 3185 3177 si
3226 3121 3282 3177 in
3330 3120 3449 3193 ejus

1859 3218 2276 3274 perseveravero
2311 3220 2517 3260 amore.
2565 3206 2686 3262 Non
2724 3223 2853 3279 ergo
2893 3218 3082 3280 potero
3128 3210 3197 3267 ad
3241 3219 3450 3269 contu-

1859 3293 2076 3349 meliam
2108 3294 2307 3365 prioris
2326 3295 2587 3352 amatoris
2616 3298 2704 3353 vel
2733 3298 2972 3369 aspicere
3000 3301 3172 3356 alium
3203 3308 3257 3357 et
3284 3302 3446 3359 illum

1858 3381 2167 3454 relinquere
2196 3398 2320 3438 cum
2353 3399 2461 3454 quo
2490 3401 2611 3439 sum
2643 3383 2911 3443 charitate
2954 3388 3211 3445 devincta
3242 3408 3255 3456 ;
3285 3390 3446 3461 cujus

1858 3478 1939 3524 est
1960 3471 2291 3540 generositas
2319 3471 2538 3540 celsior,
2581 3472 2920 3543 possibilitas
2947 3474 3167 3545 fortior,
3194 3486 3446 3549 aspectus

1862 3557 2165 3630 pulchrior,
2194 3574 2348 3613 amor
2377 3559 2619 3627 suavior,
2650 3568 2705 3617 et
2732 3566 2881 3617 omni
2910 3564 3084 3634 gratia
3120 3565 3440 3637 elegantior.

1855 3648 1905 3702 A
1933 3662 2042 3719 quo
2073 3646 2211 3702 mihi
2226 3646 2340 3718 jam
2362 3648 2635 3704 thalamus
2662 3651 2964 3707 collocatus
2992 3661 3091 3720 est,
3123 3653 3281 3725 cujus
3302 3654 3443 3710 mihi

1855 3752 2059 3807 organa
2107 3735 2403 3792 modulatis
2430 3738 2661 3795 vocibus
2691 3748 2948 3796 resonant
2975 3741 3132 3812 cujus
3162 3743 3299 3798 mihi
3331 3744 3440 3800 vir-

1856 3828 2009 3900 gines
2031 3828 2355 3899 justissimis
2402 3829 2631 3884 vocibus
2675 3838 2919 3887 cantant.
2965 3832 3084 3888 Jam
3116 3834 3220 3888 mel
3252 3841 3306 3889 et
3359 3835 3444 3891 lac

1855 3933 1923 3973 ex
1971 3933 2064 3973 ore
2108 3917 2224 3988 ejus
2276 3918 2509 3989 suscepi,
2560 3918 2674 3989 jam
2722 3920 3068 3991 amplexibus
3121 3921 3239 3993 ejus
3275 3922 3442 3979 castis

1853 4005 2078 4062 astricta
2104 4011 2252 4068 480
2296 4023 2440 4074 sum,
2476 4006 2590 4077 jam
2643 4024 2841 4081 corpus
2889 4006 3009 4079 ejus
3050 4010 3269 4082 corpori
3318 4027 3441 4066 meo

1853 4102 2120 4160 sociatum
2152 4112 2253 4172 est,
2301 4112 2353 4160 et
2396 4103 2615 4175 sanguis
2654 4104 2772 4176 ejus
2817 4104 3037 4161 ornavit
3079 4121 3241 4179 genas
3270 4124 3436 4164 meas.

1854 4191 2025 4264 Cujus
2057 4200 2229 4249 mater
2258 4194 2413 4264 virgo
2442 4201 2542 4261 est,
2574 4192 2733 4265 cujus
2762 4201 2917 4267 pater
2944 4195 3206 4252 feminam
3224 4197 3435 4265 nescit;

1850 4282 1941 4339 cui
1970 4283 2149 4354 angeli
2166 4282 2434 4351 serviunt,
2454 4281 2612 4354 cujus
2635 4282 3106 4355 pulchritudinem
3128 4286 3209 4341 sol
3226 4294 3280 4341 et
3308 4287 3440 4341 luna

1767 4363 1811 4423 Ο
1846 4372 2137 4440 mirantur,
2187 4372 2345 4444 cujus
2392 4373 2558 4429 odore
2605 4372 2950 4431 reviviscunt
3006 4376 3231 4443 mortui,
3280 4374 3438 4446 cujus

1844 4470 1995 4518 tactu
2046 4462 2429 4519 confortantur
2477 4462 2707 4531 inﬁrmi,
2758 4462 2915 4533 cujus
2962 4480 3090 4535 opes
3152 4479 3434 4535 nunquam

1844 4550 2130 4621 deficiunt,
2174 4552 2438 4627 cujusque
2490 4553 2702 4609 divitia
2750 4569 3029 4625 nunquam
3088 4554 3430 4610 decrescunt.

1844 4641 1952 4712 Ipsi
2009 4641 2113 4697 soli
2171 4659 2329 4698 servo
2378 4642 2540 4697 fidem
2600 4658 2797 4709 meam,
2855 4640 2957 4712 ipsi
3024 4657 3110 4697 me
3161 4648 3276 4697 tota
3327 4640 3435 4696 de-

1842 4730 2067 4786 votione
2121 4730 2427 4787 committo.
2507 4730 2679 4798 Quem
2743 4746 2869 4785 cum
2935 4745 3211 4798 amavero,
3284 4737 3433 4786 casta

1842 4836 2019 4895 sum;
2049 4837 2175 4876 cum
2224 4820 2474 4891 tetigero,
2524 4819 2730 4875 munda
2774 4835 2894 4875 sum
2932 4836 2944 4873 :
2991 4835 3116 4875 cum
3149 4835 3428 4905 accepero,

1842 4908 1998 4980 virgo
2025 4924 2167 4965 sum.
2202 4910 2310 4965 Nec
2337 4908 2569 4964 deerunt
2614 4914 2737 4978 post
2783 4907 3003 4979 nuptias
3040 4907 3265 4976 ﬁlii,ubi
3295 4924 3431 4979 par-

1841 5003 1930 5052 tus
1958 4997 2078 5053 sine
2106 4996 2294 5053 dolore
2323 4994 2585 5064 succedit,
2638 5004 2693 5052 et
2742 4995 3055 5053 fecunditas
3104 4997 3427 5070 quotidiana

1840 5086 2176 5143 cumulatur.

1911 5199 1965 5256 3.
1996 5197 2242 5255 Audiens
2271 5196 2654 5255 insanissimus
2679 5196 2923 5271 juvenis,
2973 5215 3156 5258 amore
3185 5203 3428 5275 carpitur

1834 5420 2078 5488 parentes
2119 5414 2244 5470 dum
2288 5414 2607 5488 requisisset,
2645 5421 2694 5471 et
2718 5413 3018 5482 invenisset,
3062 5414 3211 5488 capit
3236 5415 3426 5487 oﬁ'erre

1833 5487 2095 5559 plurima,
2120 5493 2168 5540 et
2193 5488 2357 5559 plura
2374 5487 2707 5559 promittere.

1912 5557 2001 5628 (4)
2051 5556 2254 5630 Omnes
2298 5556 2458 5630 edit.,
2506 5559 2739 5614 omnium
2794 5558 3032 5630 lapidum
3073 5558 3426 5629 pretiosorum

1838 5644 2007 5686 secum
2041 5629 2228 5686 detulit
2244 5629 2491 5702 gloriam.
