3970 6394
505 378 612 436 8ιῦ

1573 377 1672 434 AD
1709 376 1944 435 OPERA
1979 375 2037 434 S.
2075 374 2408 434 AMBROSII
2436 373 2816 440 APPENDIX.

3714 369 3832 426 816

505 517 672 571 caeo,
707 508 764 558 et
791 501 938 558 inter
986 499 1264 573 angustias
1291 498 1463 556 animi
1509 508 1566 557 et
1612 501 1858 573 corporis
1900 501 2100 557 anhelo
2128 503 2178 562 A
2209 508 2266 557 et
2301 501 2449 556 Deus
2475 499 2827 573 omnipotens
2853 504 3066 553 mentes
3093 496 3266 568 magis
3293 495 3622 566 comprobat
3651 511 3828 569 quam

505 589 856 649 cruciabatur
883 589 1103 663 spiritu.
1151 592 1300 648 Inter
1352 588 1471 645 haec
1517 590 1659 646 lecto
1707 591 2099 662 prosternitur,

507 687 563 738 et
590 697 688 754 per
714 682 826 740 alta
871 681 1107 754 suspiria
1135 697 1290 738 amor
1317 697 1349 738 a
1379 679 1608 737 medicis
1636 679 1901 752 aperitur.
1932 679 2102 735 Fiunt

507 781 640 830 nota
695 773 858 846 patri,
915 790 1035 847 quae
1094 773 1312 829 fuerant
1364 773 1590 828 inventa
1646 788 1677 827 a
1738 771 1991 839 medicis,
2049 779 2104 828 et

509 859 698 916 eadem
729 869 954 934 paterna
977 877 1132 929 voce,
1178 879 1298 934 quas
1325 861 1552 917 fuerant
1579 860 1694 932 jam
1722 861 1873 918 dicta
1896 878 1927 916 a
1962 861 2100 931 ﬁlio,

510 949 579 1006 ad
606 950 927 1022 petitionem
959 949 1192 1022 virginis
1221 949 1600 1005 revolvuntur.
1634 948 1882 1020 Abnegat
1923 951 2104 1021 Agnes

510 1037 845 1107 beatissima,
875 1047 929 1093 et
961 1055 1018 1093 se
1063 1039 1217 1094 nullo
1248 1046 1404 1110 pacto
1441 1037 1642 1110 prioris
1672 1040 1864 1094 asserit
1915 1039 2104 1110 sponsi

511 1125 716 1182 fmdera
753 1127 978 1182 violare.
1013 1125 1258 1198 Cumque
1284 1134 1433 1198 pater
1470 1126 1677 1184 diceret
1707 1127 1762 1182 in
1789 1126 2031 1183 fascibus
2049 1144 2105 1183 se

511 1215 871 1272 constitutum
903 1224 1195 1287 praeturam
1225 1231 1380 1288 agere
1399 1217 1504 1286 (5),
1537 1223 1591 1271 et
1625 1215 1832 1273 idcirco
1853 1217 2106 1290 quemvis

511 1303 677 1360 etiam
707 1305 974 1361 illustrem
1006 1304 1188 1360 virum
1212 1304 1442 1362 minime
1472 1305 1578 1362 sibi
1605 1306 1800 1362 debere
1821 1307 2102 1379 praeferri;

511 1395 678 1468 coepit
703 1403 888 1452 tamen
936 1395 1420 1452 vehementissime
1468 1395 1747 1469 inquirere
1791 1396 1915 1469 quis
1963 1405 2106 1453 esset

512 1503 766 1560 sponsus,
798 1495 985 1544 sancta
1017 1485 1176 1558 cujus
1205 1487 1386 1558 Agnes
1443 1495 1708 1559 potestate
1751 1487 2103 1560 gloriaretur.

511 1577 668 1633 Tunc
697 1575 912 1632 exstitit
951 1575 1176 1649 quidam
1206 1591 1276 1630 ex
1305 1573 1560 1647 parasitis
1602 1573 1742 1646 ejus,
1773 1574 1867 1647 qui
1895 1575 2106 1632 diceret

513 1666 658 1724 hanc
685 1665 1043 1723 christianam
1074 1681 1191 1722 esse
1206 1665 1273 1721 ab
1301 1664 1559 1734 infantia,
1582 1671 1635 1719 et
1657 1664 1882 1735 magicis
1897 1665 2108 1722 artibus

513 1759 592 1814 ita
610 1766 949 1831 occupatam,
971 1765 1033 1815 ut
1051 1756 1198 1814 dicat
1217 1755 1497 1815 Christum
1510 1772 1768 1828 sponsum
1787 1771 1947 1812 suum
1969 1772 2102 1812 esse.

2209 597 2416 646 artatas.
2447 591 2588 645 Deos
2617 571 2808 645 autem
2843 596 2989 656 tuos,
3021 603 3255 659 quorum
3284 593 3465 642 motus
3497 602 3586 642 me
3615 585 3832 643 incur-

2211 693 2328 734 rere
2356 681 2492 739 481
2532 694 2642 732 non
2671 677 2778 743 vis,
2810 677 2945 748 ipsis
2971 675 3130 731 irasci
3162 675 3440 747 permitte,
3479 675 3618 746 ipsis
3665 676 3826 748 loqui

2206 771 2376 844 jube:
2413 773 2518 845 ipsi
2545 773 2651 829 hoc
2679 772 2817 828 mihi
2840 773 3182 845 praecipiant,
3200 771 3306 844 ipsi
3332 771 3569 843 jubeant
3598 789 3658 828 se
3679 772 3836 838 coli,

2211 860 2315 932 ipsi
2340 857 2576 932 jubeant
2615 861 2850 917 adorari.
2885 861 3090 918 Verum
3121 860 3380 934 quoniam
3411 861 3479 916 ad
3511 860 3622 917 hoc
3651 859 3832 916 video

2212 957 2264 1002 te
2299 949 2538 1016 tendere,
2559 948 2701 1021 quod
2721 950 3009 1021 impetrare
3030 966 3140 1004 non
3157 949 3380 1021 poteris,
3405 948 3684 1022 quidquid
3716 949 3832 1005 tibi

2213 1037 2454 1104 videtur,
2499 1054 2714 1094 exerce.

2286 1127 2336 1181 7.
2375 1126 2779 1198 Symphronius
2814 1125 3110 1199 praefectus
3153 1125 3343 1183 dixit:
3399 1128 3581 1184 Unum
3631 1128 3743 1184 tibi
3799 1146 3832 1183 ρ

2213 1215 2429 1303 duobus
2455 1215 2614 1287 elige,
2647 1225 2742 1272 aut
2769 1232 2893 1272 cum
2925 1215 3239 1287 virginibus
3267 1214 3382 1272 deas
3413 1216 3596 1274 Vestae
3629 1219 3834 1275 sacri-

2213 1304 2360 1372 ﬁcia,
2387 1313 2480 1360 aut
2505 1322 2629 1361 cum
2665 1306 3048 1362 meretricibus
3067 1305 3468 1362 scortaberisin
3497 1309 3834 1365 contuber-

2213 1394 2307 1449 nio
2339 1394 2610 1466 lupanari.
2651 1395 2723 1450 Et
2751 1395 2912 1468 longe
2941 1403 3104 1452 erunt
3134 1410 3166 1451 a
3192 1403 3246 1452 te
3275 1394 3598 1466 Christiani,
3633 1399 3741 1470 qui
3775 1406 3835 1454 te

2215 1482 2292 1538 ita
2329 1481 2554 1554 magicis
2598 1482 2810 1540 artibus
2845 1483 3184 1551 imbuerunt,
3235 1491 3297 1540 ut
3341 1484 3486 1543 hanc
3512 1487 3837 1542 calamita—

2216 1579 2322 1626 tem
2362 1570 2637 1642 intrepido
2698 1573 2887 1628 animo
2947 1581 3000 1629 te
3047 1590 3202 1646 posse
3245 1574 3484 1646 perferre
3538 1575 3834 1632 conﬁdas.

2215 1660 2390 1730 Unde,
2418 1670 2479 1717 ut
2508 1662 2652 1733 dixi,
2683 1669 2780 1719 aut
2823 1663 3071 1721 sacriﬁca
3119 1663 3236 1721 dere
3282 1665 3463 1722 Vestae
3490 1665 3560 1722 ad
3589 1666 3835 1723 laudem

2215 1751 2426 1824 generis
2447 1751 2560 1821 tui;
2584 1762 2679 1810 aut
2697 1753 2765 1810 ad
2789 1754 3149 1826 ignominiam
3170 1755 3437 1812 natalium
3457 1765 3684 1813 tuorum
3707 1757 3839 1813 eris

583 1856 638 1915 4.
692 1857 942 1915 Audiens
999 1856 1117 1913 haec
1148 1854 1554 1929 Symphronius
1605 1853 1894 1928 praafectus
1940 1855 2099 1912 latus

2217 1841 2448 1913 publica;
2504 1841 2832 1915 abjectionis
2897 1853 3162 1902 scortum.
3221 1845 3376 1903 Tunc
3428 1844 3588 1905 beata
3627 1847 3840 1918 Agnes

511 1941 769 2018 eiﬁ’citur,
801 1955 856 2004 et
879 1946 1046 2004 missa
1073 1945 1414 2019 apparitione
1442 1961 1570 2002 cum
1619 1943 1812 2016 grandi
1846 1943 2102 2016 strepitu,

511 2036 629 2095 suis
655 2053 774 2093 eam
813 2035 1184 2092 tribunalibus
1212 2033 1470 2108 praecepit
1497 2033 1636 2091 sisti.
1659 2034 1731 2090 Et
1759 2032 1940 2106 primo
1969 2032 2105 2106 qui-

511 2127 637 2183 dem
685 2124 905 2182 blandis
955 2141 1076 2183 eam
1127 2122 1473 2182 sermonibus
1525 2121 1788 2180 secretius
1817 2129 2101 2194 provocat,

510 2214 713 2272 deinde
762 2214 1066 2272 terroribus
1123 2215 1328 2288 pulsat.
1387 2212 1492 2270 Sed
1547 2211 1705 2284 virgo
1752 2210 1959 2270 Christi
2002 2227 2103 2268 nec

510 2302 890 2360 blandimento
918 2302 1216 2371 seducitur,
1250 2318 1351 2358 nec
1379 2310 1588 2358 terrore
1612 2301 1929 2358 concutitur
1959 2317 1972 2356 :
2005 2299 2100 2356 sed

509 2392 702 2450 eodem
730 2393 909 2461 vultu,
935 2391 1123 2449 eodem
1155 2391 1342 2448 animo
1384 2406 1761 2463 perseverans,
1795 2396 1850 2445 et
1877 2395 2102 2446 terren-

507 2487 619 2539 tem
647 2481 908 2538 similiter
950 2481 1094 2538 sicut
1139 2479 1512 2536 blandientem
1560 2480 1747 2536 animo
1792 2477 2096 2536 deridebat.

507 2570 718 2631 Videns
765 2571 948 2645 itaque
995 2571 1400 2646 Symphronius
1444 2572 1732 2645 praefectus
1775 2579 1986 2628 tantam
2041 2569 2100 2625 in

505 2660 688 2734 puella
715 2661 1102 2731 constantiam,
1123 2669 1374 2734 parentes
1399 2659 1517 2733 ejus
1541 2661 1872 2734 alloquitur:
1896 2668 1951 2716 et
1971 2658 2102 2733 quia

505 2758 660 2806 erant
681 2749 913 2820 nobiles,
937 2761 992 2808 et
1011 2753 1124 2809 vim
1147 2751 1226 2810 eis
1245 2751 1454 2809 inferre
1482 2768 1595 2808 non
1615 2759 1846 2825 poterat,
1871 2751 2097 2809 titulum

505 2839 586 2896 eis
639 2839 1065 2898 christianitatis
1110 2841 1389 2914 opposuit.
1447 2840 1718 2914 Sequente
1769 2849 1952 2897 autem
2009 2840 2100 2896 die

509 2928 719 3000 Agnem
737 2928 844 2985 sibi
865 2929 1178 3001 praesentari
1191 2929 1378 3001 jubet:
1399 2936 1454 2985 et
1473 2929 1671 2984 iterum
1693 2929 2004 3002 iterumque
2020 2945 2099 2986 re-

512 3027 722 3090 petens,
751 3019 1014 3091 replicare
1035 3018 1200 3091 cmpit
1227 3017 1294 3074 de
1303 3017 1527 3090 juvenis
1553 3034 1738 3074 amore
1765 3034 2096 3075 sermonem.

577 3116 632 3174 5.
691 3116 941 3189 Cumque
982 3131 1174 3172 omnes
1228 3129 1508 3170 sermones
1533 3113 1650 3185 ejus
1702 3131 1856 3172 casso
1908 3117 2098 3176 labore

2211 1949 2335 1990 cum
2368 1933 2578 2006 ingenti
2607 1935 2919 1992 constantia
2935 1935 3108 1993 dixit:
3139 1935 3197 1992 Si
3217 1935 3384 1993 scires
3412 1937 3534 2010 quis
3553 1943 3636 1993 est
3667 1939 3840 1994 Deus

2211 2038 2385 2092 meus,
2416 2039 2526 2079 non
2557 2023 2661 2080 ista
2690 2041 2760 2080 ex
2787 2041 2880 2081 ore
2910 2033 3007 2081 tuo
3035 2025 3323 2098 proferres.
3349 2025 3502 2082 Unde
3524 2043 3648 2100 ego,
3681 2029 3838 2101 quia

2210 2110 2343 2166 novi
2373 2113 2638 2168 virtutem
2657 2113 2883 2170 Domini
2905 2114 3013 2170 mei
3034 2115 3162 2170 Jesu
3192 2114 3420 2185 Christi,
3455 2132 3649 2174 secura
3679 2133 3836 2173 con-

2209 2206 2394 2255 temno
2424 2201 2600 2257 minas
2646 2209 2788 2271 tuas,
2821 2202 3052 2259 credens
3097 2203 3252 2276 quod
3294 2221 3470 2279 neque
3498 2205 3832 2263 sacriﬁcem

2210 2287 2374 2344 idolis
2406 2288 2535 2358 tuis,
2579 2306 2755 2364 neque
2782 2293 2999 2364 polluar
3025 2293 3281 2349 sordibus
3309 2295 3507 2351 alienis
3538 2312 3552 2363 ;
3587 2311 3833 2352 mecum

2208 2376 2354 2433 enim
2383 2377 2560 2434 habeo
2587 2379 2872 2436 custodem
2907 2380 3155 2453 corporis
3187 2382 3296 2438 mei
3331 2384 3588 2456 angelum
3616 2385 3839 2441 Domi-

2209 2465 2287 2522 ni.
2310 2466 2444 2522 Nam
2476 2467 2790 2539 unigenitus
2809 2469 2908 2524 Dei
2933 2470 3128 2538 Filius,
3151 2487 3315 2543 quem
3345 2471 3586 2544 ignoras,
3611 2491 3842 2530 murus

2207 2563 2289 2611 est
2327 2555 2467 2612 mihi
2521 2556 2988 2629 inexpugnabilis,
3026 2565 3082 2613 et
3126 2568 3313 2614 custos
3345 2559 3485 2616 mihi
3534 2569 3618 2616 est
3649 2578 3843 2618 nun-

2207 2660 2369 2717 quam
2416 2645 2717 2715 dormiens,
2773 2654 2829 2702 et
2870 2645 3128 2702 defensor
3185 2647 3324 2702 mihi
3370 2656 3451 2704 est
3509 2665 3832 2722 nunquam

2207 2734 2514 2792 deﬁciens:
2566 2735 2644 2790 dii
2675 2741 2857 2792 autem
2912 2735 2998 2792 tui
3043 2743 3138 2792 aut
3180 2735 3304 2792 terei
3344 2743 3492 2804 sunt,
3541 2753 3611 2792 ex
3675 2739 3844 2812 qui-

2208 2825 2310 2882 bus
2357 2826 2542 2882 cacabi
2589 2827 2787 2882 melius
2832 2823 2974 2882 ﬁunt
3015 2825 3084 2882 ad
3129 2843 3263 2883 usus
3312 2826 3656 2884 hominum:
3718 2837 3836 2885 aut

2209 2922 2432 2995 lapidei,
2471 2939 2541 2978 ex
2588 2922 2794 2996 quibus
2849 2924 3040 2997 plateae
3093 2924 3292 2980 melius
3342 2931 3674 2981 sternuntur
3728 2927 3833 2999 (8)

2206 3011 2274 3067 ad
2304 3011 2644 3067 evadendum
2670 3012 2870 3069 lutum.
2921 3011 3198 3070 Divinitas
3225 3019 3408 3069 autem
3438 3029 3550 3069 non
3581 3013 3639 3069 in
3673 3015 3832 3088 lapi-

2206 3099 2370 3158 dibus
2393 3101 2549 3156 vanis
2578 3101 2812 3172 habitat,
2841 3102 2937 3159 sed
2973 3103 3031 3158 in
3081 3104 3234 3160 cmlis
3267 3121 3281 3160 :
3322 3120 3434 3160 non
3487 3103 3547 3160 in
3575 3121 3685 3162 aere
3718 3114 3838 3162 aut

508 3204 823 3274 deﬁcerent,
853 3204 983 3262 sisti
1017 3220 1137 3261 eam
1184 3203 1301 3260 suis
1346 3202 1720 3260 tribunalibus
1756 3203 1944 3276 jussit,
2001 3207 2093 3264 cui

2217 3190 2390 3262 aliquo
2411 3191 2653 3259 metallo,
2687 3191 2784 3247 sed
2830 3191 2889 3248 in
2935 3209 3104 3264 regno
3136 3210 3379 3266 superno
3421 3193 3700 3251 consistit.
3731 3195 3833 3252 Tu

510 3304 566 3352 et
593 3295 741 3352 dixit
773 3314 784 3352 τ
809 3294 1136 3368 Superstitio
1179 3291 1640 3362 Christianorum,
1686 3293 1754 3350 de
1779 3311 2016 3368 quorum
2047 3306 2098 3356 ιθ
2204 3287 2385 3368 autem
2425 3286 2479 3334 et
2507 3279 2717 3336 similes
2747 3280 2850 3349 tui,
2879 3280 2991 3336 nisi
3019 3281 3088 3338 ab
3121 3282 3354 3338 istorum
3384 3283 3602 3339 cultura
3634 3300 3831 3341 reces-

507 3383 736 3458 magicis
755 3384 966 3440 artibus
991 3379 1189 3452 jactas,
1209 3381 1316 3437 nisi
1337 3397 1369 3437 a
1397 3387 1452 3437 te
1480 3380 1648 3438 fuerit
1668 3392 1961 3457 segregata,
1985 3403 2098 3444 non

508 3473 714 3548 poteris
757 3473 1031 3530 insaniam
1067 3469 1304 3542 abjicere
1350 3471 1604 3544 pectoris,
1637 3489 1814 3546 neque
1841 3476 2101 3548 aequissi-

509 3564 618 3620 mis
645 3561 896 3620 consiliis
932 3559 1548 3634 praebere-consensum.
1582 3562 1738 3619 Unde
1767 3571 1820 3620 te
1849 3564 1917 3620 ad
1938 3581 2101 3624 vene-

510 3654 740 3712 rabilem
769 3651 926 3709 deam
951 3653 1174 3710 Vestam
1223 3667 1514 3725 properare
1556 3668 1774 3710 necesse
1819 3660 1920 3722 est,
1974 3661 2029 3711 et
2054 3654 2102 3713 si

514 3741 920 3816 perseverantia
944 3741 1284 3812 virginitatis
1319 3741 1518 3812 placet,
1553 3739 1672 3813 ejus
1708 3741 1800 3798 die
1827 3752 2100 3817 nocteque

514 3830 799 3889 sacriﬁciis
844 3829 1158 3888 reverendis
1199 3831 1438 3888 insistas.
1477 3831 1562 3888 Ad
1595 3831 1713 3888 haec
1738 3831 1896 3889 beata
1923 3836 2104 3906 Agnes

515 3919 797 3992 respondit
825 3938 838 3977 :
872 3920 929 3977 Si
959 3919 1136 3976 ﬁlium
1167 3929 1348 3990 tuum,
1402 3921 1654 3994 quamvis
1700 3921 1892 3996 iniquo
1919 3939 2104 3980 amore

517 4015 798 4078 vexatum,
828 4017 1012 4066 tamen
1052 4010 1328 4066 viventem
1358 4009 1640 4066 hominem
1669 4011 1919 4068 recusavi
1948 4029 1961 4068 :
1994 4011 2106 4067 ho-

519 4097 723 4154 minem
752 4099 942 4172 utique
971 4097 1066 4171 qui
1093 4105 1175 4154 est
1203 4097 1434 4155 rationis
1460 4115 1654 4171 capax,
1683 4099 1778 4170 qui
1809 4107 1864 4156 et
1887 4099 2102 4170 audire,

519 4195 574 4244 et
601 4186 811 4256 videre,
841 4195 894 4243 et
919 4189 1159 4260 palpare,
1190 4195 1243 4243 et
1271 4187 1550 4244 ambulare
1579 4195 1777 4259 potest,
1813 4195 1866 4243 et
1898 4187 1978 4259 (6)
2003 4187 2105 4243 ful-

523 4293 648 4352 gore
678 4276 820 4332 lucis
849 4275 1017 4347 hujus
1053 4293 1178 4333 cum
1223 4276 1386 4333 bonis
1430 4276 1638 4349 perfrui
1673 4294 1684 4331 :
1714 4276 1760 4332 si
1799 4293 1927 4350 ergo
1957 4277 2105 4335 hunc

522 4381 685 4424 causa
707 4365 908 4421 amoris
937 4364 1144 4423 Christi
1179 4365 1334 4420 nulla
1373 4380 1591 4436 possum
1623 4365 1833 4422 ratione
1862 4367 2110 4439 respice-

523 4473 582 4513 re
613 4474 628 4524 ;
661 4455 938 4529 quomodo
977 4471 1196 4527 possum
1241 4454 1388 4510 idola
1415 4463 1568 4511 muta
1597 4462 1649 4510 et
1675 4455 1860 4527 surda,
1898 4466 1952 4514 et
1993 4459 2111 4515 sine

2207 3367 2407 3437 seritis,
2431 3368 2632 3425 similis
2660 3385 2762 3426 vos
2792 3386 2954 3443 poena
2984 3371 3281 3429 concludet
3314 3390 3327 3440 ;
3357 3371 3502 3428 sicut
3527 3372 3677 3428 enim
3724 3374 3824 3430 illi

2208 3457 2332 3530 igne
2361 3457 2582 3515 conﬂati
2611 3467 2762 3528 sunt,
2794 3467 2857 3516 ut
2889 3458 3262 3516 funderentur
3290 3479 3304 3530 ;
3335 3465 3414 3519 sic
3445 3462 3691 3519 colentes
3721 3480 3832 3520 eos

2209 3557 2468 3620 perpetuo
2498 3548 2757 3605 incendio
2782 3548 3180 3606 conﬂabuntur
3206 3567 3218 3606 :
3251 3567 3362 3607 non
3389 3560 3450 3608 ut
3480 3551 3831 3624 fundantur,

2209 3636 2304 3694 sed
2333 3645 2394 3694 ut
2419 3635 2832 3694 confundantur
2861 3636 2920 3694 in
2957 3647 3248 3709 aeternum,
3281 3647 3336 3696 et
3365 3648 3609 3713 pereant.

2279 3735 2334 3791 8.
2368 3734 2453 3792 Ad
2483 3735 2602 3792 haec
2627 3735 2852 3792 insanus
2866 3734 3043 3809 judex
3059 3735 3227 3810 jussit
3251 3747 3370 3796 eam
3402 3739 3730 3812 exspoliari,
3765 3750 3828 3799 et

2211 3825 2415 3882 nudam
2446 3825 2515 3880 ad
2546 3825 2779 3897 lupanar
2811 3827 2960 3895 duci,
3007 3827 3110 3882 sub
3139 3844 3273 3885 voce
3319 3831 3588 3902 praeconis
3619 3831 3830 3890 dicens

2211 3916 2418 3986 Agnem
2455 3913 2774 3986 sacrilegam
2813 3914 3108 3986 virginem,
3153 3916 3282 3972 deos
3312 3916 3822 3992 blasphemantem,

2211 4010 2453 4058 scortum
2497 4002 2850 4074 lupanaribus
2880 4003 3083 4058 datam.
3122 4003 3315 4060 Statim
3349 4016 3531 4064 autem
3575 4017 3638 4064 ut
3674 4027 3826 4082 spo-

2213 4090 2342 4146 liata
2367 4097 2420 4146 et
2449 4090 2600 4146 crine
2632 4091 2810 4146 soluta
2837 4097 2938 4158 est,
2979 4097 3184 4147 tantam
3231 4092 3560 4151 densitatem
3591 4098 3826 4170 capillis

2214 4177 2332 4250 ejus
2360 4179 2551 4235 divina
2569 4179 2743 4252 gratia
2761 4181 3054 4250 concessit,
3077 4189 3138 4237 ut
3158 4183 3356 4239 melius
3385 4184 3670 4244 videretur
3687 4188 3819 4246 ﬁm-

2216 4268 2352 4325 briis
2379 4283 2589 4337 eorum,
2622 4284 2783 4342 quam
2843 4269 3108 4328 vestibus/
3127 4280 3288 4328 tecta.
3333 4274 3580 4347 Ingressa
3625 4289 3822 4336 autem

2218 4357 2577 4430 turpitudinis
2608 4359 2815 4428 locum,
2846 4361 3100 4432 angelum
3131 4363 3356 4418 Domini
3388 4363 3506 4422 illic
3536 4367 3612 4422 ita
3642 4385 3826 4440 para-

2217 4456 2335 4504 tum
2367 4448 2603 4514 invenit,
2634 4457 2696 4504 ut
2725 4449 3094 4507 circumdaret
3124 4467 3241 4508 eam
3275 4452 3544 4512 immenso
3575 4457 3820 4530 lumine,

525 4562 690 4604 sensu
727 4553 781 4602 et
808 4545 927 4602 sine
955 4544 1137 4600 anima
1168 4544 1366 4614 colere,
1421 4551 1474 4600 et
1503 4545 1571 4602 ad
1615 4545 1874 4618 injuriam
1904 4549 2107 4605 summi
2137 4568 2187 4628 ι)
2221 4536 2299 4592 ίῐὸ
2336 4543 2399 4592 ιη
2453 4537 2642 4592 minus
2671 4546 2850 4610 P055et
2885 4555 3003 4595 eam
3053 4557 3164 4612 Ρτίθ
3193 4543 3478 4614 splendore
3520 4545 3818 4617 respicere.

525 4634 623 4692 Dei
646 4633 914 4691 cervicem
946 4648 1120 4688 meam
1153 4632 1308 4688 vanis
1341 4632 1616 4704 lapidibus
1646 4633 1911 4692 inclinare
1943 4637 1968 4694 ?

598 4725 652 4780 6.
679 4723 927 4779 Audiens
969 4722 1085 4778 haac
1131 4721 1421 4794 praefectus
1466 4723 1873 4796 Symphronius
1918 4724 2064 4781 dixit
2098 4743 2129 4781 :-

529 4811 704 4884 Cupio
737 4811 975 4883 praebere
1001 4812 1310 4868 consultum
1334 4811 1414 4882 (7)
1439 4810 1687 4869 infantiae
1702 4821 1830 4882 tuae,
1857 4821 1911 4869 et
1935 4813 2116 4871 adhuc

531 4908 584 4958 te
608 4901 738 4958 deos
765 4899 1230 4973 blasphemantem
1291 4899 1498 4956 idcirco
1529 4900 1743 4970 differo,
1787 4902 1916 4976 quia
1943 4918 2115 4960 annos

531 4996 655 5046 tuos
688 4989 832 5046 infra
865 5007 1080 5046 sensum
1111 4990 1336 5062 aspicio.
1368 4991 1492 5046 Noli
1513 5008 1642 5064 ergo
1667 4992 2012 5065 temetipsam
2040 4995 2118 5050 ita

531 5078 830 5150 despicere,
863 5085 924 5134 ut
953 5085 1136 5134 motus
1160 5078 1387 5134 deorum
1428 5079 1694 5136 incurras.
1746 5079 1910 5136 Beata
1932 5080 2116 5152 Agnes

531 5165 839 5240 respondit:
898 5165 1021 5222 Noli
1074 5165 1362 5224 infantiam
1421 5169 1758 5240 corporalem
1805 5170 1882 5226 ita
1923 5169 1980 5225 in
2026 5186 2115 5226 me

531 5255 828 5328 despicere,
857 5261 920 5309 ut
963 5261 1122 5325 putes
1152 5270 1239 5310 me
1284 5262 1337 5311 te
1387 5256 1530 5312 velle
1559 5255 1758 5313 habere
1788 5255 2112 5329 propitium.

531 5343 693 5400 Fides
719 5342 868 5399 enim
894 5358 1006 5398 non
1059 5340 1119 5397 in
1147 5342 1328 5412 annis,
1377 5343 1472 5400 sed
1500 5343 1560 5400 in
1587 5343 1839 5402 sensibus
1867 5345 2110 5419 geritur:

602 5487 684 5558 (5)
715 5488 797 5542 Ita
823 5485 945 5544 cod.
975 5485 1154 5543 Noall.
1183 5504 1198 5555 ;
1239 5485 1372 5544 edit.
1426 5503 1580 5556 vero,
1609 5488 1668 5544 in
1710 5487 1944 5561 fascibus
1969 5507 2116 5563 pm-

530 5553 747 5629 fectijrre
772 5574 826 5612 se
841 5575 1011 5629 agere.

601 5628 683 5703 (6)
715 5628 917 5703 omnes
971 5630 1131 5703 edit.,
1178 5637 1227 5703 et
1259 5633 1390 5702 ﬂore
1434 5630 1567 5686 lucis
1611 5630 1770 5703 hujus
1813 5648 1931 5688 cum
1967 5633 2117 5690 bonis

525 5693 681 5765 frui;
712 5697 836 5756 cod.
867 5701 1069 5771 Noall.,
1098 5693 1390 5774 etfulgore,
1419 5709 1524 5759 etc.

2221 4642 2321 4682 nec
2367 4625 2706 4699 contingere,
2771 4643 2871 4683 nec
2923 4629 3130 4686 videre.
3182 4631 3444 4704 Fulgebat
3501 4633 3649 4689 enim
3700 4643 3822 4694 tota

2221 4716 2360 4772 cella
2413 4715 2531 4782 illa,
2576 4716 2729 4790 quasi
2786 4716 3007 4772 radians
3060 4719 3140 4774 sol
3190 4717 3248 4774 in
3306 4721 3510 4778 virtute
3562 4739 3711 4793 sua;
3767 4737 3822 4784 et

2222 4815 2426 4878 quanto
2469 4805 2594 4878 quis
2653 4805 2920 4862 curiosior
2991 4823 3104 4863 esse
3159 4809 3445 4879 voluisset,
3485 4819 3660 4877 ,tanto
3727 4818 3818 4873 sui

2222 4895 2374 4950 visus
2427 4895 2599 4950 aciem
2656 4894 3013 4952 obtundebat.
3063 4881 3311 4972 Cumque
3379 4916 3436 4956 se
3492 4900 3550 4955 in
3607 4904 3818 4961 oratio-

2221 4999 2347 5039 nem
2404 4983 2642 5040 Domino
2685 4985 3084 5056 prostravisset,
3132 4987 3385 5060 apparuit
3439 4997 3563 5046 ante
3621 4995 3821 5051 oculos

2223 5071 2340 5144 ejus
2387 5072 2527 5128 stola
2555 5071 2964 5143 candidissima,
3008 5082 3062 5130 et
3105 5075 3518 5147 apprehendens
3563 5095 3682 5135 eam
3729 5082 3820 5139 in-

2223 5161 2346 5218 duit
2396 5177 2472 5230 se,
2513 5169 2566 5216 et
2609 5159 2754 5218 dixit
2814 5179 2826 5218 :
2866 5162 3082 5218 Gratias
3115 5163 3219 5219 tibi
3251 5180 3372 5236 ago,
3419 5166 3654 5224 Domine
3684 5169 3815 5227 Jesu

2225 5252 2460 5321 Christe,
2491 5251 2586 5325 qui
2611 5268 2697 5308 me
2726 5251 2784 5308 in
2813 5269 3042 5310 numero
3069 5254 3394 5311 ancillarum
3417 5263 3639 5312 tuarum
3667 5277 3818 5317 com-

2223 5349 2443 5416 putans,
2487 5351 2692 5400 vestem
2741 5342 2882 5400 hanc
2930 5343 3071 5399 mihi
3115 5343 3304 5416 largiri
3351 5347 3686 5419 praecepisti.
3734 5351 3820 5407 Ita

2225 5490 2381 5618 et0(7)
2412 5491 2493 5546 Ita
2518 5489 2640 5548 cod.
2681 5489 2860 5547 Noall.
2889 5507 2904 5558 ;

2284 5633 2382 5714 _(8)
2432 5632 2635 5689 Omnes
2669 5632 2850 5716 edit.,
2904 5633 3570 5716 eanquibusstemuntur
3602 5645 3813 5716 platea,

2227 5702 2333 5760 alia
2360 5702 2390 5760 e
2419 5711 2721 5762 memorato
2745 5704 2869 5764 cod.
2899 5702 3086 5764 addita
3111 5715 3261 5766 sunt.

2951 5497 3008 5547 at
3052 5490 3212 5563 edit.,
3271 5493 3443 5566 Cupio
3493 5498 3816 5573 consultum,
