3970 6374
129 426 266 487 817
1057 427 1421 485 ΕΡΙΞΤΟῙΛΕ
1460 425 1563 483 EX
1598 427 1742 483 AMB

1858 425 2068 482 SIANIS
2104 424 2569 484 SEGREGATIE.
3349 423 3455 481 818

131 571 400 629 namque
439 554 507 611 ad
550 569 865 611 mensuram
908 553 1222 626 corpusculi
1267 553 1386 626 ejus
1423 561 1610 627 aptum
1652 563 1770 612 erat
1794 554 1846 614 A
1879 558 2108 623 aptaret,
2158 551 2312 608 dedit
2353 566 2481 607 eum
2528 552 2755 622 angelus
2797 549 3023 607 Domini
3072 549 3129 604 in
3180 547 3467 621 reprobam

136 644 578 714 indumentum,
610 653 664 701 et
702 646 779 701 ita
816 644 995 700 nimio
1024 643 1260 699 candore
1290 644 1670 715 conspicuum,
1705 651 1768 700 ut
1877 657 2040 715 quam
2074 641 2364 714 conspicis,
2397 649 2651 697 mortem.

136 736 354 792 nullus
401 734 683 791 dubitaret
727 734 833 792 hoc
880 734 1145 805 angelicis
1191 733 1446 789 manibus
1487 749 1767 806 praepara-
1948 732 2035 787 11.
2085 732 2235 789 Dicit
2280 732 2331 787 ei
2386 731 2710 803 praefectus:
2754 730 2817 786 In
2857 729 2963 787 hoc
3008 728 3293 802 apparebit
3338 728 3470 801 quia

133 831 303 881 tum.
337 826 552 881 Interea
581 824 811 895 lupanar
835 823 1071 879 eﬂicitur
1098 822 1252 877 locus
1273 822 1559 890 orationis,
1577 823 1635 877 in
1656 838 1765 895 quo
1876 841 1986 881 non
2031 825 2257 897 magicis
2294 825 2504 882 artibus
2534 824 2639 880 ista
2667 823 2900 896 gessisti,
2931 822 2978 878 si
3025 821 3311 893 deprecata
3337 819 3468 877 fue—

140 932 357 970 omnes
396 914 491 987 qui
540 912 774 968 fuissent
813 912 1066 983 ingressi,
1125 911 1417 966 adorarent
1451 919 1505 967 et
1542 926 1763 965 venera-

142 1010 380 1070 rcntur,
403 1003 594 1059 dantes
616 1002 880 1057 honorem
908 1002 1018 1057 Deo
1036 1017 1134 1072 pro
1155 999 1432 1056 immenso
1452 1000 1759 1071 splendore,

135 1100 212 1147 et
257 1092 573 1147 mundiores
606 1092 687 1162 (9)
716 1091 1107 1163 egrederentur
1136 1090 1301 1157 foras,
1333 1105 1494 1162 quam
1543 1088 1762 1143 fuerant

137 1181 315 1238 intus
346 1181 593 1254 ingressi.

231 1270 285 1326 9.
319 1270 568 1342 Cumque
598 1269 716 1326 haec
745 1276 1057 1340 agerentur,
1090 1267 1335 1341 praefecti
1366 1267 1516 1323 ﬁlius
1543 1266 1639 1340 qui
1669 1282 1760 1321 au-

133 1365 280 1414 ctor
303 1367 420 1415 erat
446 1358 613 1431 hujus
641 1359 886 1428 sceleris,
925 1357 1082 1413 venit
1129 1357 1199 1413 ad
1227 1358 1407 1414 locum
1440 1373 1568 1414 cum
1607 1356 1760 1412 soda-

134 1444 304 1502 libus
333 1448 449 1503 suis
462 1447 798 1519 juvenculis,
829 1447 985 1521 quasi
1016 1446 1379 1503 insultaturus
1395 1448 1610 1519 puellae,
1632 1462 1758 1503 cum

134 1536 359 1611 quibus
405 1537 656 1595 libidinis
690 1555 802 1594 suae
852 1552 910 1593 se
949 1552 1106 1609 posse
1160 1535 1416 1592 credebat
1453 1536 1756 1593 ludibrium

133 1642 441 1682 exercere:
498 1626 593 1683 sed
640 1626 917 1699 ingressus
961 1634 1024 1681 ut
1081 1624 1233 1680 misit
1287 1633 1412 1681 ante
1467 1640 1523 1681 se
1563 1642 1758 1698 pueros

133 1715 432 1772 ferventes
478 1726 531 1773 et
575 1716 809 1789 turpiter
863 1716 1170 1784 saevientes,
1199 1731 1325 1771 cum
1356 1715 1531 1772 nimia
1574 1724 1755 1773 autem

136 1808 516 1864 veneratione
558 1808 674 1879 (10)
728 1815 783 1863 et
828 1806 1040 1879 ingenti
1085 1805 1454 1863 admiratione
1514 1823 1756 1880 egressos

1874 914 1951 969 ris
1999 914 2179 985 ipsum
2227 916 2503 985 angelum,
2539 921 2601 969 ut
2624 912 2876 969 restituat
2906 910 3043 966 mihi
3074 910 3252 965 ﬁlium
3282 927 3465 967 meum

1874 1019 2093 1059 sanum.
2127 1003 2226 1061 Cui
2250 1002 2405 1058 beata
2428 1004 2608 1074 Agnes
2624 1001 2925 1072 respondit:
2953 996 3105 1055 Licet
3127 999 3263 1055 ﬁdes
3283 1007 3467 1055 vestra

1876 1090 1980 1146 hoc
2015 1090 2306 1163 impetrare
2334 1108 2445 1146 non
2467 1100 2740 1148 mereatur
2766 1106 2798 1145 a
2825 1088 3096 1155 Domino;
3132 1096 3316 1144 tamen
3337 1088 3467 1161 quia

1875 1190 2091 1253 tempus
2111 1190 2191 1238 est
2220 1189 2280 1237 ut
2310 1184 2487 1239 virtus
2515 1182 2740 1237 Domini
2770 1181 2877 1236 mei
2899 1182 3025 1236 Jesu
3052 1179 3261 1238 Christi
3291 1180 3462 1235 mani-

1872 1269 2126 1340 festatur,
2176 1272 2501 1347 egredimini
2557 1288 2748 1327 omnes
2794 1271 2961 1338 foras,
3016 1278 3078 1326 ut
3135 1270 3353 1326 solitam
3411 1270 3462 1326 ei

1871 1360 2175 1416 orationem
2214 1350 2470 1417 'oﬂ‘eram.
2506 1361 2753 1434 Cumque
2781 1360 3025 1416 universi
3054 1360 3199 1415 foras
3228 1358 3463 1414 fuissent

1869 1450 2089 1522 egressi,
2139 1459 2486 1522 prosternens
2532 1466 2589 1505 se
2635 1450 2694 1505 in
2741 1449 2934 1505 faciem
2971 1447 3274 1521 pavimenti
3315 1447 3458 1519 (li),

1869 1557 2056 1612 rogare
2120 1541 2286 1611 coepit
2351 1540 2672 1608 Dominum,
2722 1548 2785 1595 ut
2831 1538 3093 1610 juvenem
3148 1538 3456 1595 suscitaret.

1869 1629 2073 1685 Orante
2099 1637 2281 1685 autem
2331 1629 2447 1697 illa,
2479 1627 2731 1701 apparuit
2773 1627 2824 1684 ei
2852 1628 3078 1699 angelus
3114 1627 3359 1696 Domini,
3403 1635 3459 1684 et

1868 1719 2073 1774 levavit
2117 1734 2235 1774 eam
2279 1718 2523 1786 ﬂentem,
2570 1725 2625 1772 et
2669 1717 2985 1774 confortans
3038 1716 3284 1771 animum
3315 1715 3453 1787 ejus,

1860 1802 2121 1875 juvenem
2170 1804 2479 1860 suscitavit.
2523 1803 2629 1871 Qui
2669 1818 2914 1874 egressus
2940 1802 3102 1873 lforas
3127 1800 3293 1872 coepit
3322 1818 3455 1857 voce

129 1898 322 1970 coepit
352 1900 681 1971 impotentes
714 1916 962 1973 arguere,
1000 1907 1162 1973 atque
1191 1915 1361 1956 vanos
1387 1907 1441 1955 et
1470 1902 1665 1957 molles
1693 1918 1755 1961 ac
1787 1912 1833 1973 Β
1864 1895 2085 1967 publica
2130 1895 2365 1951 clamare
2398 1903 2453 1950 et
2485 1893 2666 1951 dicere
2692 1911 2703 1948 :
2739 1893 2889 1949 Unus
2917 1900 2999 1949 est
3036 1893 3182 1947 Deus
3212 1889 3270 1944 in
3314 1890 3454 1946 coelo

128 1986 384 2045 miseros
424 1988 693 2060 judicare.
735 1990 807 2045 Et
854 1989 1092 2045 irridens
1145 2006 1259 2059 eos,
1309 1990 1492 2047 locum
1544 1991 1603 2047 in
1644 2008 1752 2064 quo

130 2076 312 2148 virgo
360 2077 646 2147 adorabat,
681 2078 940 2136 audacter
983 2080 1263 2150 ingressus
1293 2088 1410 2136 est:
1459 2087 1513 2135 et
1556 2081 1752 2138 videns

136 2172 373 2221 tantum
403 2167 597 2222 lumen
630 2167 779 2224 circa
805 2184 945 2236 eam,
977 2184 1087 2224 non
1128 2168 1280 2224 dedit
1312 2168 1577 2225 honorem
1597 2172 1745 2227 Deo:

136 2254 253 2311 sed
293 2254 509 2312 irruens
543 2256 603 2311 in
646 2256 827 2329 ipsum
869 2258 1077 2325 lumen,
1106 2258 1425 2331 priusquam
1462 2260 1550 2314 vel
1582 2275 1750 2316 manu

130 2360 271 2400 eam
302 2345 664 2419 contingeret,
683 2346 884 2402 cecidit
912 2347 969 2402 in
999 2346 1195 2403 faciem
1216 2363 1393 2417 suam,
1416 2355 1469 2404 et
1494 2348 1748 2421 praefoca-

131 2443 241 2492 tus
270 2451 302 2491 a
327 2435 550 2492 diabolo
570 2434 892 2508 exspiravit.
926 2436 1192 2493 Videntes
1229 2446 1411 2493 autem
1436 2438 1570 2494 socii
1606 2438 1743 2510 ejus,

133 2528 299 2600 quod
348 2544 531 2585 moras
577 2528 730 2585 intus
786 2529 1113 2596 innecteret,
1160 2530 1425 2602 putabant
1476 2530 1748 2587 obscoenis

130 2633 278 2674 eum
334 2618 593 2691 operibus
624 2627 974 2692 occupatum.
1014 2622 1086 2676 Et
1141 2620 1456 2693 ingrediens
1482 2637 1627 2677 unus
1674 2637 1744 2677 ex

128 2705 467 2778 juvenibus,
500 2708 595 2780 qui
632 2708 683 2763 ei
713 2708 1043 2765 familiarior
1076 2718 1212 2779 erat,
1243 2718 1305 2765 ut
1333 2709 1486 2782 quasi
1520 2726 1743 2781 congra-

130 2796 426 2852 tularetur
467 2796 813 2855 insultationi
856 2797 993 2871 ejus,
1023 2806 1078 2854 et
1116 2806 1394 2854 mortuum
1426 2814 1549 2854 eum
1590 2800 1742 2855 inve-

129 2885 326 2953 niens,
378 2887 709 2943 exclamavit
756 2903 889 2943 voce
948 2902 1167 2959 magna,
1224 2886 1449 2943 dicens:
1498 2888 1740 2944 Piissimi

130 2976 402 3047 Romani,
450 2978 793 3047 succurrite;
834 2979 1061 3051 magicis
1089 2979 1302 3036 artibus
1342 2980 1450 3036 ista
1479 2982 1742 3037 meretrix

131 3066 390 3140 praefecti
447 3067 626 3123 ﬁlium
681 3068 978 3124 interfecit.
1023 3068 1112 3124 Fit
1164 3077 1390 3140 repente
1443 3086 1741 3128 concursus

130 3158 475 3230 populorum
516 3157 583 3213 ad
633 3158 933 3226 theatrum,
988 3164 1041 3213 et
1081 3158 1234 3214 varia
1272 3158 1507 3215 furentis
1550 3160 1738 3231 populi

130 3244 483 3301 acclamatio.
527 3245 638 3301 Alii
669 3245 925 3302 dicebant
955 3262 1185 3318 magam,
1218 3247 1315 3302 alii
1365 3246 1735 3317 innocentem,

131 3334 239 3389 alii
267 3334 584 3406 sacrilegam
614 3334 1047 3391 conclamabant.

218 3422 304 3479 10.
337 3423 631 3478 Praefectus
669 3431 873 3491 autem,
918 3423 1147 3479 audiens
1176 3423 1354 3479 ﬁlium
1381 3440 1541 3480 suum
1568 3423 1733 3479 inter-

132 3511 292 3579 iisse,
326 3527 451 3568 cum
481 3517 627 3575 482
655 3512 865 3584 ingenti
913 3513 1153 3568 tumultu
1199 3528 1262 3569 ac
1296 3513 1448 3568 luctu
1486 3512 1639 3568 venit
1665 3513 1733 3569 ad

132 3607 459 3677 theatrum;
509 3617 567 3665 et
609 3611 883 3683 ingressus
933 3611 1134 3678 locum,
1172 3611 1230 3666 in
1264 3627 1374 3684 quo
1407 3626 1603 3683 corpus
1629 3610 1731 3665 ﬁlii

134 3697 262 3770 ejus
284 3698 501 3771 jacebat
528 3698 806 3768 exanime,
846 3714 972 3756 cum
1021 3715 1217 3771 magno
1254 3700 1491 3757 clamore
1519 3698 1734 3756 dicebat

134 3785 474 3843 beatissima
512 3786 754 3859 virgini:
794 3786 1188 3845 Crudelissima
1228 3788 1477 3845 omnium
1507 3789 1731 3845 femina-

136 3893 288 3944 rum,
330 3877 399 3934 ad
443 3877 621 3933 ﬁlium
669 3895 853 3935 meum
905 3879 1133 3936 voluisti
1161 3879 1426 3951 apodixin
1454 3886 1563 3936 tuae
1600 3880 1733 3937 artis

136 3965 365 4038 magicas
408 3967 826 4034 demonstrare;
859 3976 913 4023 et
958 3984 1083 4025 cum
1129 3968 1261 4024 talia
1287 3976 1448 4041 atque
1485 3968 1593 4024 alia
1634 3968 1732 4025 hu-

128 4054 444 4127 juscemodi
501 4056 824 4125 innecteret,
882 4064 936 4113 et
986 4073 1206 4113 causam
1259 4057 1453 4114 mortis
1499 4057 1618 4129 ejus
1665 4056 1733 4113 ab

133 4160 204 4200 ea
250 4144 602 4201 vehementer
642 4146 967 4220 inquireret,
1016 4146 1094 4203 ait
1138 4147 1207 4203 ad
1254 4164 1381 4204 eum
1420 4145 1736 4203 beatissima

134 4234 323 4308 Agnes
347 4254 359 4291 :
384 4236 482 4290 Ille
509 4236 668 4307 cujus
695 4238 1036 4293 voluntatem
1059 4237 1277 4293 volebat
1295 4237 1573 4310 perﬁcere,
1620 4237 1735 4309 ipse

134 4326 201 4380 in
257 4342 383 4381 eum
440 4334 762 4397 potestatem
818 4327 1043 4400 accepit.
1091 4328 1267 4396 Quare
1316 4336 1498 4384 autem
1545 4344 1735 4384 omnes

135 4414 237 4489 qui
286 4413 356 4469 ad
403 4431 489 4470 me
531 4414 761 4487 ingressi
803 4424 953 4484 sunt,
997 4417 1117 4472 sani
1148 4418 1347 4489 egressi
1395 4426 1554 4474 sunt:
1605 4418 1737 4493 quia

138 4523 336 4563 omnes
382 4506 651 4563 dederunt
692 4506 957 4562 honorem
1005 4508 1141 4575 Deo,
1179 4509 1269 4581 qui
1302 4509 1453 4564 misit
1482 4510 1733 4580 angelum

1863 1991 1918 2039 et
1948 1984 2007 2038 in
2038 1991 2180 2038 terra
2207 1991 2261 2039 et
2290 1984 2348 2038 in
2379 1982 2538 2051 mari,
2570 1981 2666 2054 qui
2694 1988 2777 2038 est
2804 1982 2949 2036 Deus
2980 1977 3448 2046 Christianorum;

1862 2092 1989 2131 nam
2033 2075 2220 2132 omnia
2267 2076 2472 2147 templa
2508 2089 2650 2129 vana
2692 2081 2855 2131 sunt:
2904 2071 2986 2128 dii
3027 2071 3123 2145 qui
3169 2071 3447 2139 coluntur,

1861 2181 2052 2221 omnes
2081 2165 2210 2220 vani
2250 2173 2400 2232 sunt,
2428 2171 2483 2219 et
2526 2163 2747 2236 penitus
2794 2178 2898 2219 nec
2929 2161 3037 2219 sibi
3064 2166 3314 2234 possunt,
3350 2175 3452 2217 nec

1859 2255 1985 2311 aliis
2017 2255 2243 2329 aliquod
2275 2255 2549 2312 auxilium
2577 2254 2857 2311 exhibere.

1932 2353 2018 2408 12.
2052 2353 2137 2408 Ad
2167 2353 2309 2410 hanc
2338 2370 2529 2409 vocem
2560 2368 2748 2409 omnes
2776 2350 3113 2423 haruspices,
3144 2356 3198 2405 et
3221 2348 3449 2421 templo-

1858 2458 1980 2498 rum
2032 2443 2320 2515 pontiﬁces
2356 2443 2850 2511 conturbabantur,
2872 2450 2926 2498 et
2954 2441 3018 2497 ﬁt
3047 2457 3142 2513 per
3167 2456 3259 2496 eos
3288 2439 3448 2495 vehe-

1857 2530 2096 2586 mentior
2146 2548 2309 2604 quam
2370 2532 2566 2600 fuerat,
2626 2531 2822 2588 seditio
2885 2531 3237 2603 populorum,
3284 2535 3449 2600 atque

1856 2635 2048 2675 omnes
2096 2636 2207 2676 una
2248 2637 2381 2677 voce
2434 2620 2777 2677 clamabant:
2835 2620 2987 2675 Tolle
3043 2634 3275 2691 magam,
3315 2616 3448 2673 tolle

1856 2710 2182 2775 maleﬁcam,
2231 2726 2350 2783 quae
2388 2718 2442 2766 et
2489 2718 2699 2766 mentes
2742 2716 2938 2778 mutat,
2979 2717 3032 2765 et
3073 2711 3288 2765 animos
3317 2708 3445 2765 alie-

1851 2808 1967 2857 nat.
2000 2802 2296 2858 Praefectus
2315 2810 2496 2858 autem
2528 2802 2723 2858 videns
2750 2809 2904 2858 tanta
2933 2800 3227 2869 mirabilia,
3259 2800 3442 2855 obstu-

1852 2890 2008 2962 puit:
2049 2890 2143 2946 sed
2174 2891 2382 2946 veritus
2408 2890 2886 2963 proscriptionem,
2919 2889 2965 2945 si
2995 2896 3187 2945 contra
3214 2888 3443 2961 templo-

1851 2996 1975 3035 rum
2009 2980 2301 3052 pontiﬁces
2320 2988 2521 3052 ageret,
2541 2990 2595 3036 et
2624 2982 2834 3051 Agnem
2857 2988 3049 3035 contra
3075 2994 3201 3034 suas
3228 2986 3442 3035 senten-

1849 3069 1956 3124 tias
1985 3068 2315 3137 defensaret,
2346 3069 2619 3125 vicarium
2642 3086 2802 3124 suum
2825 3068 2893 3124 ad
2909 3068 3235 3124 seditionem
3253 3066 3442 3140 populi

1844 3156 2087 3229 judicem
2136 3158 2451 3232 dereliquit,
2506 3159 2620 3231 ipse
2672 3166 2859 3214 autem
2920 3155 3095 3212 tristis
3156 3155 3438 3225 abscessit,

1775 3275 1819 3336 Ο
1848 3247 1995 3319 quod
2025 3262 2140 3302 eam
2178 3263 2287 3303 non
2341 3248 2523 3319 potuit
2568 3254 2691 3319 post
2739 3245 3193 3302 resurrectionem
3218 3244 3323 3301 filii
3352 3244 3440 3301 sui

1850 3337 2103 3393 liberare.
2155 3339 2310 3393 Tunc
2348 3338 2590 3394 vicarius
2640 3337 2903 3409 Aspasius
2955 3335 3197 3405 nomine,
3246 3333 3436 3406 populi

1846 3428 2177 3484 seditionem
2206 3444 2318 3483 non
2347 3428 2527 3483 ferens
2557 3426 2699 3497 (l2),
2724 3424 2891 3497 jussit
2914 3426 2972 3479 in
3000 3431 3294 3496 conspectu
3322 3439 3435 3479 om-

1845 3515 2002 3570 nium
2046 3515 2227 3587 ignem
2267 3514 2552 3586 copiosum
2593 3512 2842 3581 accendi,
2872 3519 2927 3568 et
2955 3511 3012 3567 in
3042 3510 3283 3567 medium
3315 3527 3434 3567 eam

1846 3606 2102 3678 praecepit
2124 3605 2320 3678 jactari
2346 3605 2711 3660 ﬂammarum.
2755 3602 2912 3671 Quod
2940 3618 3066 3659 cum
3096 3601 3289 3658 fuisset
3317 3600 3434 3657 im-

1844 3696 2076 3767 pletum,
2103 3694 2288 3751 statim
2313 3694 2373 3749 in
2401 3693 2537 3750 duas
2565 3700 2744 3766 partes
2781 3691 2976 3749 divisa)
3004 3698 3134 3748 sunt
3174 3690 3431 3758 ﬂammas,

1844 3794 1897 3840 et
1926 3784 2059 3841 hinc
2103 3780 2266 3858 atque
2298 3784 2458 3841 illinc
2506 3782 2796 3840 seditiosos
2833 3782 3066 3854 populos
3093 3780 3431 3838 exurebant:

1845 3874 2017 3946 ipsam
2054 3881 2235 3930 autem
2279 3873 2498 3946 penitus
2540 3872 2596 3928 in
2627 3872 2782 3927 nullo
2828 3869 3182 3943 contingebat
3232 3870 3435 3927 incen-

1844 3961 2021 4018 dium.
2053 3964 2123 4018 Et
2149 3963 2321 4035 magis
2350 3978 2461 4017 non
2492 3961 2597 4017 hoc
2632 3960 2931 4016 virtutibus
2958 3958 3186 4028 divinis,
3207 3958 3302 4015 sed
3322 3975 3434 4015 ma-

1845 4051 2040 4107 leﬁciis
2069 4059 2403 4124 reputantes,
2436 4051 2639 4108 dabant
2669 4050 2924 4107 fremitus
2951 4048 3095 4106 inter
3133 4064 3191 4105 se
3217 4048 3432 4122 populi,

1845 4148 1899 4196 et
1927 4140 2173 4197 inﬁnitos
2206 4141 2472 4197 clamores
2501 4139 2567 4196 ad
2596 4140 2818 4196 coelum.

1918 4238 2004 4295 13.
2037 4239 2191 4294 Tunc
2219 4238 2377 4295 beata
2403 4242 2603 4311 Agnes,
2636 4237 2938 4294 extendens
2982 4252 3178 4293 manus
3214 4251 3338 4293 suas
3374 4235 3434 4291 in

1846 4326 2028 4383 medio
2068 4327 2230 4400 ignis,
2268 4327 2357 4384 his
2405 4327 2589 4383 verbis
2629 4326 2932 4383 orationem
2963 4325 3110 4383 fudit
3156 4324 3223 4380 ad
3248 4322 3432 4380 Domi-

1845 4432 2018 4485 num;
2071 4416 2457 4489 Omnipotens,
2504 4416 2799 4485 adorande,
2848 4415 3094 4482 colende,
3151 4412 3434 4471 tremende

1844 4507 2004 4563 Pater
2048 4507 2270 4564 Domini
2319 4508 2427 4564 mei
2472 4508 2597 4564 Jesu
2624 4507 2852 4575 Christi,
2881 4505 3146 4562 benedico
3184 4512 3262 4571 te,
3304 4502 3434 4575 quia

140 4611 329 4665 suum,
369 4602 423 4651 et
470 4595 655 4652 induit
701 4611 790 4651 me
836 4594 941 4652 hoc
989 4595 1316 4653 indumento
1344 4596 1733 4655 misericordiae
1764 4631 1813 4690 D
1845 4613 1942 4669 per
1971 4598 2179 4654 Filium
2222 4606 2377 4654 tuum
2410 4598 2557 4655 evasi
2579 4597 2758 4652 minas
2789 4594 3077 4651 hominum
3109 4592 3429 4664 impiorum,

139 4704 276 4757 suae,
307 4696 361 4744 et
389 4688 691 4744 custodivit
719 4704 916 4760 corpus
956 4704 1160 4757 meum,
1193 4689 1339 4761 quod
1369 4689 1436 4746 ab
1467 4690 1600 4761 ipsis
1628 4705 1736 4746 cu—
1765 4680 1809 4690 ”
1842 4694 1897 4743 et
1929 4686 2221 4759 spurcitias
2263 4686 2469 4743 diaboli
2518 4686 2811 4758 impolluto
2838 4684 2976 4742 calle
3003 4680 3256 4738 transivi.
3288 4680 3433 4737 Ecce

142 4776 363 4833 nabulis
420 4777 640 4835 Christo
676 4786 1055 4835 consecratum
1102 4785 1184 4834 est
1226 4785 1281 4833 et
1326 4778 1593 4834 oblatum.
1621 4777 1733 4834 Vi-

142 4865 335 4923 dentes
396 4876 577 4925 autem
639 4869 985 4941 splendorem
1045 4868 1377 4942 angelicum,
1432 4868 1733 4925 adorabant

143 4972 355 5026 omnes,
402 4967 456 5014 et
498 4957 861 5015 abscedebant
906 4956 1103 5013 illaesi:
1151 4956 1243 5012 hic
1298 4966 1480 5014 autem
1540 4958 1733 5029 impu-

143 5045 280 5103 dens
308 5049 493 5103 statim
523 5057 585 5104 ut
612 5047 889 5121 ingressus
913 5056 1012 5115 est,
1033 5048 1226 5104 saevire
1254 5049 1417 5121 coepit
1445 5057 1499 5105 et
1523 5049 1733 5106 freme-

145 5152 236 5205 re;
294 5153 527 5211 cumque
577 5154 801 5195 manum
854 5153 1007 5194 suam
1063 5136 1131 5193 ad
1178 5154 1263 5193 me
1308 5138 1731 5212 contingendam

216 5354 297 5425 (9)
326 5353 415 5410 Sic
442 5353 618 5411 Noall.
647 5354 822 5410 codex
847 5370 859 5408 :
880 5352 1011 5410 edit.
1036 5360 1247 5426 autem,
1278 5355 1447 5410 omnis
1473 5355 1567 5426 qui
1585 5354 1735 5426 fuis-

143 5433 216 5507 set
258 5426 545 5507 ingressus,
592 5427 960 5507 adorant”...
1010 5425 1146 5480 dans
1194 5426 1438 5482 honorem
1482 5425 1733 5483 immenso

146 5497 355 5564 lumini,
386 5502 435 5550 et
460 5497 735 5565 mundior,
768 5505 877 5552 etc.

217 5568 334 5640 (10)
366 5568 569 5642 Omnes
587 5568 720 5624 edit.
730 5611 745 5642 ,_
777 5575 823 5623 et
842 5568 1100 5638 ingressos
1127 5575 1248 5642 ante
1274 5585 1326 5623 se
1350 5567 1735 5642 furmttespue-

144 5656 273 5712 vos,
287 5646 337 5712 et
367 5639 591 5712 tumiwr
610 5639 882 5712 saevientes
907 5656 1025 5694 cum
1051 5641 1195 5695 omni
1225 5641 1573 5712 veneratione,
1593 5639 1731 5709 'etc.;

148 5710 322 5767 Noall.
357 5708 481 5766 cod.
515 5716 578 5764 ut
607 5708 663 5765 in
691 5717 867 5767 textu.

221 5781 338 5857 (11)
366 5780 585 5839 Eaedem
623 5780 782 5852 edit.,
820 5788 1159 5855 prosternens
1196 5802 1248 5840 se
1293 5784 1351 5839 in
1386 5783 1575 5856 facient
1604 5786 1738 5857 pla-

1065 5966 1122 6017 α

1840 4791 1988 4833 nunc
2034 4777 2209 4833 sancti
2253 4775 2491 4849 Spiritus
2533 4791 2656 4831 rore
2704 4772 2910 4831 caelesti
2956 4771 3194 4844 perfusa,
3224 4769 3430 4826 resolu-

1839 4872 1931 4921 tus
1960 4873 2042 4921 est
2082 4866 2245 4939 juxta
2291 4881 2377 4921 me
2407 4863 2570 4937 ignis,
2616 4862 2835 4918 ﬂamma
2882 4860 3155 4919 dividitur
3189 4860 3433 4932 (l3),‘et

1840 4954 2004 5011 ardor
2059 4955 2303 5013 incendii
2352 4953 2519 5025 hujus
2546 4954 2612 5009 ad
2643 4968 2736 5008 eos
2762 4968 2794 5008 a
2819 4951 3021 5025 quibus
3064 4950 3431 5008 ministratur.

1840 5045 2163 5101 effunditur.
2198 5042 2471 5100 Benedico
2498 5050 2573 5112 te,
2596 5043 2753 5098 Pater
2768 5042 3131 5114 praedicande,
3150 5042 3247 5114 qui
3267 5040 3434 5097 etiam

1841 5134 1985 5192 inter
2000 5136 2247 5192 ﬂammas
2268 5132 2597 5208 intrepidam
2627 5147 2715 5189 me
2743 5131 2812 5188 ad
2838 5139 2892 5190 te
2919 5132 3110 5190 venire
3136 5130 3433 5206 permittis,

1839 5372 2006 5420 nam;
2035 5352 2206 5410 codex
2235 5353 2458 5409 Noall...
2480 5350 2540 5406 in
2566 5350 2755 5422 faciem
2774 5352 3081 5424 pavimenti.

1916 5426 2032 5497 (12)
2066 5424 2261 5497 Populi
2301 5420 2605 5480 seditionem
2650 5440 2757 5479 non
2774 5420 2959 5494 Tereus
2998 5423 3220 5480 additur
3249 5437 3279 5478 e
3307 5420 3432 5479 cod.

1840 5497 2033 5640 13081;.)
2062 5570 2264 5626 Omnes
2310 5566 2468 5635 edit.,
2514 5568 2645 5621 Ecce
2672 5573 2726 5640 et
2754 5582 2892 5640 nunc
2936 5583 3058 5620 rore
3102 5565 3438 5640 celestigper-

1843 5636 1995 5709 {usus
2012 5636 2108 5711 per
2141 5641 2400 5710 Spiritum
2430 5645 2668 5693 sanctum
2695 5637 2843 5708 focus
2862 5636 3029 5706 juxta
3055 5655 3135 5694 me
3164 5636 3437 5705 moritur;

1844 5711 2019 5768 codex
2049 5712 2227 5769 Noall.
2260 5719 2322 5768 ut
2348 5711 2407 5766 in
2436 5724 2685 5781 corpore.
