3970 6366
529 383 635 442 819

1563 396 1662 452 AD
1699 395 1933 452 OPERA
1970 394 2028 453 S.
2067 393 2402 454 AMBROSII
2436 394 2819 470 APPENDIX,

3746 390 3854 452 820

528 513 672 570 Ecce
699 513 813 586 jam
865 520 1012 590 quod
1059 519 1290 590 credidi,
1330 518 1527 578 video:
1561 519 1707 594 quod
1759 517 1993 592 speravi,
2019 518 2132 591 jam
2164 521 2216 580 A
2243 519 2346 576 bus
2373 521 2488 578 suis
2523 522 2699 580 dixit:
2723 521 2922 580 Videte
2951 483 3030 579 ne.
3046 538 3134 580 me
3163 529 3433 580 mortuam
3462 521 3717 594 lugeatis,
3750 518 3854 576 sed

530 612 726 660 teneo:
775 606 924 678 quod
973 609 1290 682 concupivi,
1338 610 1691 682 complector.
1743 609 1816 663 Te
1863 607 2130 664 conﬁteor

531 693 696 752 labiis
734 703 789 751 et
824 697 1008 766 corde,
1041 705 1095 754 et
1123 698 1252 754 totis
1275 698 1580 756 visceribus
1605 697 1956 769 concupisco.
1989 697 2127 752 Ecce

529 786 599 843 ad
625 793 679 842 te
709 787 872 842 venio
901 788 1093 845 vivum
1124 797 1178 846 et
1205 805 1398 846 verum
1435 792 1632 858 Deum,
1666 789 1759 862 qui
1787 805 1912 845 cum
1941 787 2127 844 Domi-

529 889 603 930 no
651 874 776 930 Jesu
821 874 1046 933 Christo
1084 879 1228 934 Filio
1274 885 1390 947 tuo,
1441 885 1494 934 et
1540 895 1666 935 cum
1696 877 1909 950 Spiritu
1938 883 2128 932 sancto

529 963 676 1020 vivis
706 972 760 1020 et
786 981 978 1036 regnas
1012 967 1180 1024 modo
1219 975 1274 1024 et
1301 984 1512 1042 semper
1542 984 1636 1040 per
1679 965 1898 1022 inﬁnita
1929 965 2128 1021 saecula

528 1053 882 1122 saeculorum,
911 1069 1092 1112 amen.
1814 1049 1823 1061 ’

604 1141 689 1198 14.
742 1141 990 1216 Cumque
1045 1145 1368 1217 complesset
1419 1145 1749 1212 orationem,
1807 1144 1883 1199 ita
1943 1141 2127 1198 omnis

529 1229 674 1302 ignis
711 1232 1019 1289 exstinctus
1053 1242 1155 1303 est,
1203 1242 1265 1290 ut
1307 1251 1408 1292 nec
1434 1241 1590 1308 tepor
1628 1233 1850 1306 quidem
1881 1232 2126 1290 incendii

527 1321 901 1380 remansisset.
943 1323 1098 1381 Tunc
1126 1325 1412 1398 Aspasius,
1453 1325 1606 1381 urbis
1635 1326 1820 1382 Romae
1861 1323 2124 1391 vicarius,

527 1411 720 1484 populi
739 1411 1065 1469 seditionem
1093 1430 1205 1470 non
1231 1413 1432 1480 ferens,
1462 1415 1516 1469 in
1536 1421 1723 1486 guttur
1741 1413 1860 1484 ejus
1881 1412 2124 1486 gladium

527 1501 701 1574 mergi
761 1503 1060 1575 praecepit:
1111 1512 1274 1576 atque
1306 1503 1412 1560 hoc
1460 1504 1634 1572 exitu,
1675 1520 1828 1560 roseo
1858 1503 1944 1558 sui
1993 1517 2128 1559 san—

528 1591 711 1664 guinis
756 1593 956 1649 rubore
1003 1595 1278 1666 perfusam
1335 1596 1588 1654 Christus
1623 1597 1730 1655 sibi
1783 1613 2036 1668 sponsam
2073 1603 2128 1654 et

527 1687 828 1754 martyrem
894 1682 1192 1741 dedicavit.
1257 1685 1514 1742 Parentes
1565 1703 1697 1742 vero
1747 1683 1866 1756 ejus
1913 1685 2126 1740 nullam

525 1773 671 1831 483
701 1768 920 1841 penitus
949 1769 1235 1828 tristitiam
1266 1770 1548 1844 habentes,
1581 1791 1706 1830 cum
1741 1773 1894 1829 omni
1927 1771 2128 1846 gaudio

2237 611 2571 682 congaudete
2622 611 2764 667 mihi
2810 619 2865 669 et
2916 611 3398 684 congratulamini,
3429 608 3558 684 quia
3585 625 3717 667 cum
3760 608 3854 665 his

2240 699 2550 770 virginibus
2603 700 2816 758 lucidas
2852 699 3006 758 sedes
3043 701 3248 772 accepi,
3288 709 3342 756 et
3378 699 3463 756 illi
3501 715 3622 754 sum
3647 696 3855 770 juncta

2237 786 2297 843 in
2358 787 2540 856 caelis,
2602 805 2762 862 quem
2823 789 2879 844 in
2935 788 3098 845 terris
3157 789 3333 861 posita
3385 796 3502 845 tota
3546 787 3854 846 devotione

2237 875 2416 933 dilexi
2449 879 2588 950 (16).
2631 879 2702 935 Et
2731 879 2820 936 his
2858 878 3042 948 dictis,
3073 877 3410 952 pertransiit.

2313 969 2398 1024 17.
2440 970 2568 1026 Haec
2595 970 2740 1026 visio
2770 971 2989 1043 publice
3017 969 3086 1026 ab
3115 969 3392 1038 omnibus,
3437 969 3534 1042 qui
3563 967 3851 1038 viderant,

2236 1057 2527 1130 divulgata
2568 1067 2670 1115 est.
2726 1060 2884 1117 Unde
2933 1060 3138 1117 factum
3181 1066 3263 1116 est
3289 1065 3351 1116 ut
3379 1066 3502 1131 post
3527 1059 3854 1132 aliquantos

2236 1165 2410 1204 annos
2437 1149 2505 1206 ad
2544 1149 2921 1210 Constantiam
2951 1153 3186 1226 Augusti
3212 1151 3384 1208 ﬁliam
3403 1151 3507 1210 hoc
3533 1151 3745 1208 factum
3775 1153 3854 1209 ab

2236 1237 2330 1294 his
2365 1239 2460 1312 qui
2507 1240 2780 1310 viderant,
2823 1251 3160 1299 narraretur.
3199 1244 3333 1298 Erat
3361 1243 3512 1298 enim
3551 1242 3669 1315 ipsa
3699 1244 3853 1301 Con-

2235 1329 2436 1387 stantia
2471 1331 2628 1404 virgo
2658 1333 3108 1404 prudentissima,
3135 1333 3230 1391 sed
3253 1335 3326 1390 ita
3348 1335 3566 1392 obsessa
3595 1335 3853 1392 vulneri-

2233 1418 2355 1488 bus,
2394 1427 2456 1475 ut
2501 1436 2533 1476 a
2559 1421 2734 1494 capite
2775 1439 2946 1496 usque
2970 1423 3038 1481 ad
3084 1423 3247 1496 pedes
3274 1425 3430 1480 nulla
3462 1423 3852 1480 membrorum

2235 1522 2360 1578 pars
2409 1507 2583 1565 libera
2625 1519 2949 1568 remaneret.
2999 1512 3238 1586 Accepta
3277 1521 3458 1568 autem
3489 1529 3584 1585 spe
3613 1529 3854 1586 recupe-

2234 1595 2418 1652 randze
2447 1597 2660 1668 salutis,
2690 1601 2846 1656 venit
2873 1601 2942 1658 ad
2989 1601 3300 1674 sepulcrum
3340 1603 3599 1674 martyris
3629 1611 3802 1660 nocte
3833 1621 3851 1670 ;

2234 1689 2289 1738 et
2334 1683 2462 1740 licet
2513 1702 2744 1758 pagana,
2798 1695 2982 1745 tamen
3025 1688 3248 1746 credula
3302 1687 3473 1746 animi
3525 1690 3858 1746 intentione

2235 1786 2424 1842 preces
2453 1771 2693 1830 ﬁdeliter
2731 1775 3015 1834 fundebat.
3049 1777 3206 1846 Quod
3233 1795 3357 1834 cum
3385 1777 3588 1836 faceret
3612 1787 3856 1851 repente

525 1865 872 1923 abstulerunt
900 1883 1098 1940 corpus
1120 1868 1258 1941 ejus,
1281 1877 1338 1927 et
1356 1880 1656 1944 posuerunt
1676 1869 1815 1926 illud
1835 1870 1894 1924 in
1912 1867 2122 1942 praedio
2154 1872 2201 1933 B
2238 1861 2417 1916 somni
2447 1861 2718 1922 suavitate
2749 1866 3068 1938 corripitur,
3099 1873 3153 1922 et
3191 1867 3343 1924 videt
3370 1883 3466 1940 per
3495 1867 3676 1924 visum
3713 1867 3855 1924 bea—

526 1971 628 2010 suo
657 1970 768 2011 non
799 1956 963 2028 longe
993 1957 1063 2012 ab
1094 1957 1258 2027 Urbe,
1282 1960 1373 2016 via
1393 1977 1512 2033 qua:
1535 1961 1740 2017 dicitur
1757 1959 2124 2015 Numentana.

526 2042 630 2098 Ubi
681 2059 807 2100 cum
853 2045 1039 2100 omnis
1089 2047 1252 2102 turba
1281 2047 1723 2105 Christianorum
1755 2052 2124 2114 concurreret,

527 2131 759 2188 insidias
785 2149 818 2188 a
848 2133 1076 2204 paganis
1105 2137 1343 2207 perpessi
1385 2146 1549 2193 sunt:
1580 2145 1634 2193 et
1662 2137 1912 2192 videntes
1941 2152 2127 2208 popu-

527 2219 644 2276 lum
699 2218 1011 2276 inﬁdelium
1068 2223 1548 2294 supervenientem
1596 2233 1888 2292 armatum,
1933 2239 2126 2280 omnes

528 2307 824 2380 fugerunt;
856 2309 1123 2382 aliquanti
1153 2327 1284 2367 vero
1317 2311 1562 2386 lapidum
1592 2312 1795 2370 ictibus
1825 2311 1938 2369 laesi
1985 2327 2125 2367 eva-

527 2404 738 2454 serunt.

601 2485 688 2542 15.
721 2486 867 2543 Dum
897 2494 1019 2543 orat
1049 2486 1194 2546 inter
1221 2496 1374 2547 tanta
1400 2491 1618 2564 agmina
1642 2489 1977 2548 collactanea
2004 2489 2124 2562 ejus

529 2577 688 2649 virgo
737 2577 1105 2647 sanctissima,
1162 2580 1568 2648 Emerentiana,
1634 2587 1890 2638 constans
1945 2579 2124 2636 stabat

528 2666 832 2725 immobilis
854 2667 997 2740 (14),
1019 2679 1074 2729 et
1093 2671 1181 2728 his
1211 2671 1392 2729 verbis
1417 2671 1781 2746 exprobrabat
1803 2671 1881 2728 eis
1895 2670 2116 2728 dicens:

529 2764 823 2838 Superﬂui,
873 2764 1084 2834 miseri,
1112 2763 1328 2832 caduci,
1357 2771 1521 2836 atque
1565 2761 1916 2830 atrocissimi,
1945 2762 2121 2816 Deum

529 2855 966 2927 omnipotentem
1005 2855 1248 2911 colentes
1285 2852 1562 2921 occiditis,
1592 2859 1646 2908 et
1679 2867 1777 2923 pro
1805 2849 2122 2907 defensione

529 2943 776 3016 lapidum
825 2942 1078 2999 homines
1121 2943 1442 2998 innocentes
1473 2940 1758 3013 jugulatis.
1802 2940 1930 2996 Hazc
1951 2945 2006 2994 et
2033 2937 2122 2995 his

529 3031 735 3089 similia
761 3030 895 3088 dum
929 3032 1109 3089 turbis
1149 3029 1464 3087 furentibus
1501 3030 1727 3097 diceret,
1774 3029 2012 3101 lapidata
2039 3035 2122 3084 est

528 3121 598 3178 ab
642 3120 742 3189 eis,
775 3127 829 3176 et
857 3135 1020 3176 orans
1042 3119 1204 3192 juxta
1243 3119 1553 3191 sepulcrum
1592 3117 1919 3174 beatissima;
1952 3119 2121 3188 Agnae

2235 1947 2505 2006 tissimam
2553 1953 2765 2024 Agnem
2816 1955 2951 2011 talia
2988 1954 3094 2012 sibi
3142 1955 3353 2012 monita
3412 1957 3848 2028 praeferentem:

2238 2037 2565 2096 Constanter
2621 2058 2738 2114 age,
2801 2043 3143 2114 Constantia,
3193 2055 3249 2102 et
3307 2045 3468 2103 crede
3531 2045 3852 2103 Dominum

2235 2127 2419 2183 Jesum
2449 2129 2735 2187 Christum
2769 2131 2950 2189 ﬁlium
2987 2133 3089 2190 Dei
3129 2150 3245 2190 esse
3275 2133 3612 2190 Salvatorem
3651 2141 3853 2202 tuum,

2234 2229 2332 2286 per
2350 2231 2511 2288 quem
2534 2219 2700 2276 modo
2720 2222 3073 2294 consequeris
3097 2222 3347 2278 omnium
3368 2222 3683 2290 vulnerum,
3709 2237 3852 2294 quae

2233 2303 2294 2358 in
2321 2321 2548 2378 corpore
2587 2315 2682 2364 tuo
2709 2309 2930 2381 pateris,
2980 2311 3290 2368 sanitatem.
3323 2311 3408 2367 Ad
3449 2312 3592 2368 hanc
3639 2326 3849 2368 vocem

2235 2393 2562 2453 Constantia
2589 2397 2814 2470 evigilat
2845 2416 2994 2469 sana,
3026 2409 3081 2458 et
3107 2401 3188 2456 sic
3211 2417 3360 2470 sana,
3390 2409 3452 2457 ut
3480 2417 3582 2458 nec
3610 2401 3849 2474 signum

2234 2490 2294 2546 in
2331 2486 2446 2543 suis
2492 2486 2754 2542 membris
2780 2487 3018 2560 alicujus
3063 2489 3312 2545 vulneris
3341 2498 3665 2546 remaneret.
3718 2491 3852 2548 Re—

2233 2597 2390 2640 versa
2430 2581 2600 2653 igitur
2637 2578 2706 2635 ad
2742 2579 3010 2652 palatium
3060 2580 3368 2650 sanissima,
3398 2581 3530 2640 facit
3567 2581 3848 2654 gaudium

2231 2681 2287 2732 et
2322 2671 2464 2747 patri
2493 2686 2593 2727 suo
2623 2671 2890 2743 Augusto,
2934 2677 2990 2726 et
3031 2671 3292 2728 fratribus
3330 2672 3445 2728 suis
3482 2667 3843 2744 imperatori-

2230 2763 2356 2822 bus.
2408 2760 2717 2819 Coronatur
2760 2759 2960 2817 civitas
2986 2767 3122 2826 tota,
3149 2760 3212 2816 ﬁt
3241 2759 3434 2818 laetitia
3463 2759 3742 2817 militibus
3777 2768 3846 2818 et

2231 2849 2561 2926 primatibus
2599 2849 2716 2922 (17)
2765 2850 2900 2918 suis,
2950 2856 3113 2922 atque
3157 2849 3432 2906 universis
3469 2848 3844 2908 audientibus

2231 2941 2370 3009 haec,
2435 2938 2734 2996 inﬁdelitas
2793 2937 3040 3012 gentium
3091 2938 3550 3008 confundebatur,
3594 2945 3649 2995 et
3687 2938 3843 2998 ﬁdes

2230 3029 2520 3088 Dominica
2555 3028 2866 3086 laetabatur.

2305 3122 2390 3178 18.
2426 3123 2634 3178 [nterea
2673 3128 2880 3194 patrem
2929 3127 2983 3176 et
3028 3119 3223 3175 fratres
3250 3121 3527 3192 Augustos
3549 3127 3723 3190 rogat,
3767 3130 3843 3178 ut

527 3210 784 3284 virginis,
823 3209 1010 3266 emisit
1036 3207 1313 3283 spiritum.
1343 3208 1466 3265 Non
1495 3208 1725 3265 dubium
1765 3214 1846 3264 est
1881 3207 2026 3280 quod
2060 3207 2120 3264 in
2150 3225 2193 3285 ο
2229 3209 2511 3268 basilicam
2557 3209 2728 3266 beatae
2771 3209 2940 3281 Agnae
2982 3215 3385 3274 construerent,
3440 3215 3494 3264 et
3547 3208 3652 3264 sibi
3704 3207 3843 3268 illic.

526 3315 628 3356 suo
690 3298 955 3372 sanguine
1010 3297 1083 3354 sit
1135 3297 1426 3370 baptizata,
1475 3313 1597 3371 quae
1643 3313 1742 3370 pro
1799 3295 2116 3352 defensione

521 3388 771 3462 justitia3,
802 3388 936 3445 dum
967 3387 1322 3446 conﬁteretur
1363 3386 1684 3455 Dominum,
1719 3393 1950 3442 mortem
1975 3401 2121 3440 con-

527 3486 736 3538 stanter
758 3478 996 3550 excepit.
1028 3477 1231 3534 Eadem
1255 3476 1492 3549 denique
1519 3473 1654 3530 hora
1673 3473 1736 3530 ﬁt
1757 3480 1914 3529 terra:
1936 3479 2119 3529 motus

526 3566 1044 3626 vehementissimus
1071 3584 1084 3634 ;
1134 3573 1190 3622 et
1233 3581 1359 3622 cum
1392 3563 1566 3620 nimia
1591 3569 1730 3619 esset
1760 3561 1882 3619 caeli
1915 3561 2117 3618 sereni-

525 3663 631 3724 tas,
658 3663 824 3712 tantae
859 3654 1285 3722 coruscationes,
1327 3659 1588 3726 tantaque
1626 3652 1846 3724 fulgura
1873 3659 1927 3708 et
1962 3650 2120 3706 toni-

524 3749 652 3801 trua
705 3743 1055 3812 exstiterunt,
1113 3752 1177 3801 ut
1228 3758 1354 3816 pars
1392 3741 1638 3798 maxima
1695 3739 1877 3796 insani
1928 3738 2118 3812 populi

525 3831 848 3906 exspiraret.
881 3831 1036 3890 Unde
1065 3832 1272 3891 factum
1303 3839 1386 3888 est
1404 3837 1466 3888 ut
1493 3831 1681 3887 nullus
1711 3829 1930 3902 penitus
1957 3844 2026 3884 ex
2055 3845 2119 3884 eo

525 3919 953 3978 advenientibus
999 3921 1068 3978 ad
1115 3920 1364 3994 sepulcra
1401 3927 1714 3978 sanctorum
1741 3919 1953 3991 aliquas
1989 3935 2118 3974 mo-

526 4009 712 4067 lestias
757 4011 1043 4068 excitaret.
1092 4010 1390 4068 Venientes
1430 4017 1612 4066 autem
1655 4015 1905 4082 parentes
1947 4007 2118 4064 beatae

525 4101 694 4170 Agna)
722 4097 956 4171 virginis
983 4115 1111 4156 cum
1139 4097 1516 4156 sacerdotibus
1551 4103 1732 4166 nocte,
1770 4096 2118 4152 abstulerunt

523 4201 724 4258 corpus
770 4187 1172 4244 Emerentianaa
1213 4186 1355 4259 (15),
1403 4193 1457 4243 et
1507 4185 1839 4258 sepelierunt
1879 4183 2018 4240 illud
2057 4182 2116 4239 in

523 4273 768 4334 conﬁnio
795 4274 956 4346 agelli
984 4273 1316 4331 beatissima
1343 4273 1578 4345 virginis
1607 4277 1795 4346 Agnae.

598 4374 685 4432 16.
710 4374 884 4447 Igitur
904 4373 1036 4431 dum
1063 4382 1314 4448 parentes
1328 4382 1529 4432 sanctae
1547 4374 1717 4447 Agnae
1749 4374 1984 4432 assiduis
2001 4390 2116 4446 per-

523 4462 932 4522 noctationibus
973 4463 1268 4536 vigilarent
1315 4462 1385 4520 ad
1411 4465 1724 4536 sepulcrum
1754 4463 1895 4536 ejus,
1925 4463 2118 4521 vident

2228 3299 2574 3356 mansionem
2607 3299 2863 3356 collocari
2895 3300 3152 3372 praecepit
3182 3299 3322 3371 (18).
3355 3297 3612 3356 Cucurrit
3639 3307 3837 3358 autem

2226 3387 2346 3446 haec
2371 3387 2564 3461 opinio
2590 3387 2662 3444 ad
2691 3404 2900 3457 omnes,
2934 3396 2987 3444 et
3010 3395 3280 3462 quotquot
3308 3387 3588 3444 credentes
3616 3387 3686 3443 ad
3705 3389 3838 3462 ejus

2227 3477 2539 3550 sepulcrum
2623 3474 2996 3544 advenissent,
3061 3475 3432 3546 salvabantur,
3499 3493 3838 3551 quacunque

2228 3565 2549 3624 inﬁrmitate
2599 3564 2811 3622 detenti
2865 3571 3066 3622 essent.
3117 3564 3275 3633 Quod
3318 3565 3494 3622 facere
3539 3565 3836 3622 Christum

2228 3654 2416 3711 nullus
2453 3653 2672 3711 dubitat
2710 3669 2883 3727 usque
2929 3653 2986 3710 in
3027 3653 3359 3711 hodiernum
3400 3655 3568 3712 diem.
3624 3656 3838 3714 Perse-

2227 3746 2440 3802 veravit
2498 3751 2680 3802 autem
2739 3744 2857 3818 ipsa
2921 3745 3243 3802 Constantia
3294 3745 3528 3818 Augusti
3593 3744 3710 3802 ﬁlia
3766 3746 3836 3803 in

2233 3833 2573 3906 virginitate,
2603 3849 2700 3906 per
2729 3848 2893 3906 quam
2923 3833 3112 3888 multae
3141 3833 3384 3905 virgines
3415 3841 3469 3890 et
3495 3833 3832 3904 mediocres,

2227 3930 2282 3979 et
2307 3921 2543 3989 nobiles,
2573 3931 2627 3979 et
2655 3921 2902 3978 illustres
2937 3937 3092 3977 sacra
3117 3922 3395 3977 velamina
3439 3931 3829 3994 susceperunt.

2225 4011 2298 4066 Et
2323 4009 2452 4082 quia
2491 4009 2628 4065 ﬁdes
2653 4011 2846 4066 mortis
2880 4008 3079 4064 damna
3115 4025 3230 4065 non
3260 4009 3485 4080 patitur,
3537 4027 3712 4083 usque
3767 4013 3836 4070 in

2225 4098 2554 4156 hodiernum
2597 4097 2744 4154 diem
2814 4099 3001 4155 multae
3064 4097 3307 4170 virgines
3362 4098 3547 4155 Romae
3607 4100 3834 4172 Agnem

2224 4187 2596 4246 beatissimam
2625 4187 2780 4260 quasi
2810 4187 2868 4242 in
2914 4203 3141 4259 corpore
3181 4194 3492 4244 manentem
3519 4189 3832 4262 aspiciunt,

2225 4285 2278 4336 et
2308 4277 2426 4350 ejus
2470 4277 2790 4350 exemplum
2821 4283 3060 4348 agentes,
3092 4275 3333 4333 viriliter
3359 4285 3415 4334 et
3442 4277 3656 4350 integre
3685 4296 3833 4352 per-

2225 4373 2497 4436 severant,
2544 4365 2828 4424 credentes
2871 4365 2991 4422 sine
3033 4365 3206 4422 dubio
3234 4367 3382 4439 quod
3410 4377 3832 4440 perseverantes

2225 4463 2498 4530 perpetuae
2534 4454 2782 4512 victoriae
2811 4453 3048 4527 palmam
3080 4453 3391 4528 acquirant.

522 4550 584 4608 in
613 4550 798 4608 medio
850 4551 1032 4610 noctis
1077 4551 1299 4609 silentio
1327 4553 1632 4609 exercitum
1661 4551 1962 4626 virginum,
1995 4571 2116 4626 quae
2143 4581 2194 4640 D
2299 4545 2384 4640 19.
2423 4544 2556 4640 ᾘξιξο
2600 4559 2699 4614 ego
2732 4542 3059 4640 Ambrosius
3087 4558 3279 4640 servus
3321 4541 3568 4640 (11111811,Δ
3596 4543 3733 4602 dum
3767 4547 3828 4604 in

521 4655 713 4696 omnes
759 4655 898 4696 auro
942 4641 1172 4698 intextis
1219 4640 1464 4714 cycladis
1494 4640 1702 4697 indutae
1747 4657 1873 4698 cum
1905 4643 2115 4715 ingenti

520 4727 733 4785 lumine
777 4729 1172 4802 praeteribant:
1217 4730 1362 4787 inter
1399 4745 1534 4803 quas
1576 4729 1740 4788 etiam
1768 4729 1962 4786 vident
1991 4731 2113 4788 bea-

519 4817 791 4876 tissimam
820 4818 1032 4892 Agnem
1077 4818 1334 4876 similiter
1373 4819 1700 4892 fulgentem,
1730 4827 1786 4876 et
1824 4819 1893 4877 ad
1924 4821 2112 4879 dexte-

519 4923 636 4966 ram
672 4908 792 4981 ejus
826 4910 1046 4984 Agnum
1088 4917 1342 4968 stantem.
1390 4911 1518 4968 Haec
1553 4909 1688 4967 dum
1717 4911 1968 4969 viderent
2017 4929 2112 4986 pa-

517 5005 701 5054 rentes
750 4998 891 5071 ejus,
950 5007 1005 5057 et
1069 5001 1166 5074 qui
1223 5001 1389 5058 simul
1447 5007 1622 5070 erant,
1686 5001 1840 5074 quasi
1889 5009 2111 5075 stupore

517 5087 720 5144 mentis
753 5086 960 5146 detenti
988 5096 1136 5146 sunt.
1164 5090 1269 5148 Sed
1296 5090 1455 5148 beata
1487 5090 1669 5164 Agnes
1697 5097 1852 5164 rogat
1890 5099 2110 5148 sanctas

516 5173 762 5250 virgines
803 5192 1096 5251 parumper
1141 5177 1366 5252 gradum
1397 5178 1582 5253 ﬁgere,
1613 5185 1668 5236 et
1696 5186 1846 5237 stans
1874 5180 2109 5254 parenti-

588 5383 706 5458 (14)
738 5385 821 5440 Ita
839 5383 1014 5442 codex
1039 5384 1197 5458 Noe].
1221 5402 1235 5452 ;
1259 5401 1450 5444 omnes
1467 5395 1648 5444 autem
1677 5387 1834 5456 edit.,
1855 5389 2103 5447 Emeren-

514 5454 664 5530 ἰξαὴο
685 5454 883 5530 autem,
913 5473 1030 5526 qua;
1059 5454 1240 5530 [uerat
1263 5459 1584 5514 collactanea
1609 5459 1742 5529 ejus,
1777 5454 1926 5530 virgo
1957 5477 2104 5516 sanc-

517 5525 767 5600 tissima,_
791 5525 1320 5600 licetjcatechumena,
1370 5525 1666 5586 constanter
1698 5525 1890 5600 stabat,
1929 5531 2104 5588 intre-

508 5595 643 5666 pida
667 5603 717 5650 et
749 5597 1046 5654 immobilis.
1305 5595 1312 5597 ⁷
1563 5655 1568 5659 .

587 5666 705 5808 (15)
737 5667 912 5734 Edit.,
941 5676 1134 5750 sancta
1161 5670 1549 5726 Emerentiame
1576 5672 1819 5742 virginis.

617 5736 681 5795 16
735 5736 952 5796 Eaedem
992 5739 1150 5808 edit.,
1185 5746 1292 5798 tota
1318 5741 1485 5798 animi
1506 5744 1819 5801 intentionet

617 5736 704 5808 16)
735 5736 952 5796 Eaedem
992 5739 1150 5810 edit.,
1185 5746 1292 5798 tota
1318 5741 1485 5798 animi
1506 5736 1786 5801 intentione
1814 5743 1998 5802 dilexi.

2226 4631 2608 4690 voluminibus
2634 4635 2785 4694 484
2809 4631 3012 4688 abditis
3037 4631 3370 4688 invenissem
3394 4631 3686 4706 descripta,
3708 4651 3831 4694 non

2228 4746 2353 4787 sum
2393 4745 2584 4802 passus
2625 4729 2970 4786 infructuosa
3013 4727 3236 4785 silentio
3267 4729 3394 4802 tegi.
3428 4730 3516 4787 Ad
3552 4729 3831 4791 honorem

2227 4819 2396 4892 igitur
2423 4826 2590 4876 tantae
2621 4817 2888 4890 martyris
2926 4817 3070 4874 sicut
3099 4825 3248 4890 gesta
3273 4817 3390 4890 ejus
3425 4820 3646 4893 agnovi,
3677 4838 3832 4879 con-

2225 4908 2451 4982 scripsi;
2506 4916 2562 4966 et
2613 4907 2680 4964 ad
2725 4907 3148 4966 aediﬁcationem
3196 4917 3456 4980 vestram,
3503 4927 3536 4966 o
3579 4909 3831 4984 virgines

2223 4999 2454 5068 Christi,
2486 5006 2703 5056 textum
2741 4997 3012 5071 passionis
3032 4997 3151 5070 ejus
3172 4997 3383 5056 credidi
3405 4999 3826 5073 destinandum,

2222 5089 2510 5146 obsecrans
2538 5089 2802 5146 virtutem
2849 5087 3093 5160 Spiritus
3136 5088 3334 5158 sancti,
3365 5096 3427 5145 ut
3456 5089 3609 5146 labor
3635 5099 3832 5150 noster

2220 5178 2288 5237 ad
2317 5187 2553 5236 vestram
2593 5177 2966 5235 imitationem
2997 5176 3240 5236 fructum
3293 5178 3352 5234 in
3377 5187 3676 5252 conspectu
3721 5183 3828 5245 Dei

2291 5389 2729 5473 (17)_Ita.codex
2757 5390 2972 5473 Noall.;
3015 5387 3146 5473 edit.
3181 5388 3828 5473 vero,_migitantipus_qt-

2251 5459 2314 5519 ue
2337 5459 2588 5545 privatis.
2622 5463 2702 5518 De
2734 5461 2994 5545 (ξαρ-[000
3024 5459 3227 5516 videsis
3257 5471 3414 5518 notas
3438 5459 3746 5520 Casauboni
3765 5464 3826 5520 in

2289 5530 2619 5661 .nigridium,
2645 5530 2768 5604 pag'.
2812 5530 2954 5612 171..

2289 5606 2337 5676 (1
2383 5606 2401 5677 )
2435 5605 2609 5677 Edit.,
2645 5605 2724 5677 Et
2739 5603 2840 5677 sibi
2859 5605 2980 5677 ilhc
3006 5605 3338 5677 mausoleum
3370 5604 3826 5677 collocari._Con-

2213 5673 2332 5735 sule
2355 5673 2495 5734 Acta
2521 5674 2728 5733 Liberii
2761 5673 2820 5732 in
2849 5673 3118 5732 Consiliis
3144 5675 3292 5734 Phil.
3323 5675 3528 5746 Labei,
3560 5692 3616 5750 p.
3641 5675 3731 5735 37.
