3970 6390
515 348 622 443 sea

1532 386 1629 441 AD
1666 384 1900 441 OPERA
1936 384 1994 439 S.
2033 382 2369 441 AMBROSII
2406 384 2789 444 APPENDIX.

3710 383 3833 443 824

504 510 709 585 posuit,
742 517 796 565 et
824 509 1234 581 spiculatorem,
1266 520 1328 566 ut
1357 510 1565 575 feriret,
1595 509 1882 576 hortatus;
1930 524 2095 581 agens
2122 518 2172 577 Α
2201 508 2379 567 stiana
2406 528 2553 581 sum,
2585 528 2697 570 non
2722 512 2852 571 licet
2873 513 3019 571 mihi
3039 513 3106 571 de
3140 512 3354 571 Silvani
3383 514 3551 572 vestri
3576 513 3831 573 sacriﬁ-

505 598 888 674 poenitentiam
927 598 1073 671 quod
1121 598 1450 671 expavisset.
1480 599 1651 666 Quem
1681 599 1979 670 spiculator
2007 598 2099 653 fe-

503 688 673 758 riens,
724 687 933 745 Christi
988 695 1287 759 martyrem
1329 687 1477 745 fecit.
1516 687 1822 767 Statimque
1878 695 2098 744 sanctus

502 777 707 836 Vitalis
727 794 926 849 corpus
953 777 1211 849 martyris
1236 776 1474 849 rapiens,
1489 777 1633 832 intra
1652 777 2096 833 Ravennensium

500 867 693 924 urbem
720 867 977 939 sepelivit
1007 884 1132 923 cum
1150 869 1301 922 omni
1323 869 1607 923 honestate
1632 867 1862 937 martyri
1884 866 2091 934 debita,

501 966 556 1015 et
584 958 652 1014 ad
677 958 919 1030 judicem
953 959 1101 1015 ultra
1130 967 1351 1014 sanctus
1369 958 1571 1014 Vitalis
1591 958 1781 1014 venire
1810 966 2094 1031 contemp-

501 1047 592 1103 sit.
624 1046 795 1114 Quem
824 1046 1086 1102 Paulinus
1130 1045 1435 1102 consularis
1481 1045 1605 1101 ideo
1647 1047 1888 1103 maxime
1920 1047 2093 1102 teneri

502 1136 819 1203 mandavit;
852 1153 962 1192 non
990 1143 1206 1191 tantum
1238 1135 1367 1208 quia
1395 1136 1729 1207 contempsit
1756 1135 1825 1190 ad
1853 1151 1978 1191 eum
2011 1151 2091 1190 re-

499 1225 640 1295 dire,
671 1241 863 1281 verum
894 1233 1161 1299 quantum
1189 1224 1258 1281 ob
1288 1225 1393 1282 hoc
1423 1224 1570 1298 quod
1602 1223 1937 1281 christianus
1954 1230 2094 1279 esset

498 1312 769 1372 detectus.

569 1405 623 1461 9.
665 1404 818 1460 Tunc
849 1402 1088 1461 ministri
1118 1401 1235 1475 ejus
1257 1404 1528 1477 rapientes
1552 1420 1675 1460 eum
1708 1403 1766 1459 in
1792 1410 2093 1475 conspectu

498 1492 617 1565 ejus
662 1494 1032 1552 adduxerunt.
1080 1496 1151 1550 Et
1188 1495 1385 1551 videns
1433 1511 1557 1550 eum
1601 1495 1885 1563 Paulinus,
1918 1495 1995 1551 ait
2023 1493 2091 1551 ad

499 1604 624 1644 eum
660 1606 671 1643 :
712 1587 998 1656 Quomodo
1030 1587 1318 1644 maleﬁciis
1356 1589 1619 1660 deceptus
1669 1604 1745 1655 es,
1780 1586 2002 1654 Vitalis,
2029 1593 2092 1642 ut

498 1693 611 1733 non
637 1676 907 1733 sacriﬁces
937 1676 1085 1733 diis?
1130 1676 1232 1734 Cui
1278 1676 1372 1732 ille
1421 1676 1744 1748 respondit:
1781 1678 1900 1732 Non
1930 1675 2093 1733 sacri-

498 1766 604 1823 ﬁco
637 1766 818 1823 surdis
848 1774 901 1822 et
930 1767 1121 1836 mutis,
1149 1767 1243 1824 sed
1271 1766 1522 1825 sacriﬁco
1543 1768 1656 1822 Deo
1684 1781 1826 1834 meo,
1850 1765 1944 1839 qui
1961 1765 2092 1823 fecit

2211 599 2314 655 ciis
2343 601 2697 669 manducare,
2726 602 2915 659 statim
2948 603 3033 659 illi
3054 602 3172 660 haec
3191 602 3494 672 audientes,
3516 611 3672 660 tanta
3686 620 3828 660 eam

2208 689 2354 745 caede
2403 701 2804 760 mactaverunt,
2836 701 2898 748 ut
2928 694 3172 749 vixeam
3203 693 3534 750 seminecem
3574 693 3664 750 sui
3697 693 3831 751 ho-

2208 778 2384 834 mines
2423 778 2493 834 ad
2544 780 3039 838 Mediolanensium
3084 780 3275 836 urbem
3323 781 3708 854 perducerent,
3738 783 3831 839 ita

2205 874 2268 922 ut
2296 868 2442 923 intra
2466 869 2716 925 triduum
2757 870 3020 942 migraret
3045 869 3115 925 ad
3144 868 3447 926 Christum.

2278 955 2363 1011 13.
2405 956 2477 1011 Et
2525 966 2879 1031 posteaquam
2936 965 3089 1030 pater
3124 974 3317 1014 eorum
3363 958 3553 1015 beatus
3602 958 3829 1016 Vitalis

2206 1045 2473 1118 martyrio
2519 1055 2600 1103 est
2653 1054 2984 1115 coronatus,
3044 1057 3206 1120 atque
3258 1048 3575 1105 beatissima
3631 1058 3829 1105 mater

2204 1131 2425 1190 Valeria
2469 1135 2728 1208 migravit
2778 1135 2855 1195 ad.
2902 1134 3204 1205 Christum,
3254 1137 3323 1193 ab
3371 1138 3632 1193 intestato
3678 1136 3829 1209 jure

2205 1220 2497 1279 Gervasius
2552 1234 2605 1281 et
2663 1224 2942 1287 Protasius
2986 1225 3304 1296 parentibus
3357 1227 3761 1283 successissent
3806 1246 3823 1294 ;

2203 1309 2428 1366 domum
2470 1314 2747 1387 propriam
2795 1318 2855 1375 in
2899 1336 3008 1393 qua
3051 1321 3169 1377 nati
3214 1320 3454 1391 fuerant,
3483 1330 3537 1378 et
3567 1339 3652 1378 res
3684 1322 3828 1377 uni-

2204 1416 2388 1459 versas
2418 1413 2727 1475 parentum,
2756 1416 2812 1465 et
2853 1410 3140 1468 casellulas
3188 1411 3609 1480 venumdantes,
3642 1412 3829 1468 dede-

2203 1499 2334 1547 runt
2364 1509 2525 1549 omne
2555 1495 2795 1567 pretium
2826 1498 3179 1571 pauperibus,
3210 1509 3262 1555 et
3282 1500 3608 1555 familiolam
3644 1517 3825 1557 suam

2202 1576 2494 1651 ingenuam
2543 1583 2793 1642 fecerunt
2839 1606 2850 1643 :
2898 1588 3112 1662 ipsique
3160 1606 3215 1645 se
3256 1588 3315 1644 in
3360 1605 3473 1645 uno
3516 1590 3828 1646 caenaculo

2201 1671 2611 1739 concluserunt,
2633 1682 2686 1730 et
2706 1691 2801 1746 per
2815 1676 3003 1735 decem
3026 1682 3202 1734 annos
3220 1678 3451 1735 lectioni
3478 1686 3531 1734 et
3559 1679 3829 1736 orationi

2201 1766 2476 1827 vacantes,
2535 1758 2642 1816 hoc
2698 1762 2894 1819 ordine
2948 1764 3006 1820 in
3066 1782 3211 1821 anno
3254 1766 3640 1823 conversionis
3691 1785 3826 1825 suae.

496 1857 698 1915 cmlum
726 1863 781 1913 et
809 1864 1031 1926 terram,
1066 1872 1213 1913 mare
1238 1865 1290 1912 et
1320 1859 1507 1913 omnia
1535 1874 1656 1930 quas
1687 1858 1746 1913 in
1776 1857 1855 1913 eis
1875 1862 2094 1923 sunt,et
2119 1870 2167 1932 Β
2201 1848 2495 1905 undecimo
2523 1850 2592 1906 ad
2623 1852 2862 1921 palmam
2893 1853 3147 1926 martyrii
3176 1863 3546 1926 pervenerunt
3579 1857 3733 1928 (22).

497 1947 625 2003 Jesu
654 1946 876 2004 Christo
908 1946 1024 2001 ﬁlio
1051 1945 1190 2017 ejus,
1214 1946 1449 2019 quicum
1481 1964 1544 2004 eo
1578 1956 1631 2003 et
1661 1947 1869 2019 Spiritu
1901 1954 2090 2003 sancto

499 2035 642 2092 vivit
670 2043 724 2091 et
752 2043 964 2107 regnat.
991 2036 1145 2092 Tunc
1174 2036 1439 2091 Paulinus
1460 2035 1627 2107 jussit
1663 2052 1788 2091 eum
1822 2035 1995 2091 levari
2031 2037 2090 2091 in

498 2123 752 2196 equuleo,
786 2132 849 2179 ut
880 2140 975 2195 per
1000 2131 1293 2192 tormenta,
1326 2123 1445 2195 ejus
1472 2140 1799 2180 consensum
1830 2124 1898 2179 ad
1928 2123 2092 2181 sacri-

498 2210 797 2269 ﬁcandum.
821 2212 1193 2283 compelleret.
1226 2211 1342 2279 Sed
1362 2220 1583 2268 sanctus
1613 2212 1813 2270 Vitalis
1856 2212 2087 2282 studuit,

500 2308 562 2357 ut
590 2302 704 2356 Deo
746 2300 997 2356 redderet
1044 2316 1311 2372 gemmam
1344 2300 1658 2372 pretiosam.
1711 2317 1875 2373 quam
1905 2317 2092 2373 rapere

500 2388 756 2447 diabolus
780 2388 1051 2446 studebat.
1076 2389 1149 2444 Et
1178 2388 1510 2460 respondens
1539 2389 1615 2445 ait
1635 2389 1685 2445 ei
1706 2406 1716 2444 :
1736 2388 1960 2445 Inﬁnita
1988 2388 2090 2445 tibi

500 2478 821 2536 dominatur
849 2479 1087 2536 stultitia
1119 2497 1131 2535 :
1186 2486 1279 2535 aut
1323 2487 1481 2552 putas
1516 2480 1902 2553 memetipsum
1936 2497 2093 2552 posse

500 2567 770 2640 decipere,
790 2567 883 2642 qui
914 2569 1051 2626 alios
1080 2586 1112 2625 a
1140 2569 1389 2643 periculo
1417 2569 1610 2627 mortis
1636 2570 1722 2626 vel
1754 2569 2093 2643 deceptionis

504 2656 736 2714 liberare
766 2657 953 2713 studui
975 2658 1004 2715 ?

578 2748 662 2806 10.
715 2749 870 2806 Tunc
916 2749 1180 2805 Paulinus
1229 2748 1533 2806 consularis
1566 2748 1715 2804 dixit
1765 2747 1833 2804 ad
1877 2748 2091 2807 Oﬁicia-

504 2837 649 2894 rium
674 2857 686 2895 :
719 2839 920 2896 Ducite
950 2855 1075 2895 eum
1098 2838 1167 2894 ad
1196 2839 1463 2905 Palmam,
1494 2845 1549 2893 et
1587 2836 1762 2892 nolite
1794 2836 2088 2905 decollare,

503 2929 549 2985 si
581 2929 888 2987 sacriﬁcare
939 2930 1378 3001 contempserit:
1429 2928 1523 2985 sed
1572 2929 1731 2985 facite
1778 2928 1995 2983 foveam
2033 2927 2092 2983 in

502 3025 667 3086 terra,
717 3018 913 3074 tandiu
958 3034 1067 3090 quo
1108 3034 1279 3091 usque
1313 3018 1645 3090 pervenistis
1682 3016 1749 3072 ad
1791 3032 2009 3088 aquam,
2040 3023 2095 3071 et

503 3105 583 3161 ibi
610 3122 737 3161 eum
766 3105 1026 3177 supinum
1058 3104 1336 3176 deponite,
1369 3113 1422 3160 et
1449 3112 1595 3160 terra
1621 3114 1783 3178 atque
1817 3103 2093 3176 lapidibus

2273 1937 2358 1993 14.
2403 1939 2831 2011 Superveniente
2880 1941 3084 1998 comite
3115 1942 3353 2011 Astasio,
3410 1944 3503 2017 qui
3555 1945 3821 2016 proﬁcis-

2198 2026 2424 2083 cebatur
2452 2027 2521 2083 ad
2550 2027 2782 2096 bellum,
2814 2030 2962 2103 quod
2990 2047 3022 2085 a
3045 2031 3409 2088 Marcomanis
3440 2032 3619 2090 fuerat
3650 2035 3821 2093 exci-

2199 2123 2397 2185 tatum,
2419 2127 2776 2174 occurrerunt
2811 2119 2860 2175 ei
2891 2122 3222 2194 templorum
3249 2124 3488 2180 cultores
3519 2124 3635 2197 (23)
3669 2142 3818 2182 cum

2200 2205 2575 2275 sacerdotibus
2595 2206 2730 2275 suis,
2756 2206 3036 2265 dicentes:
3061 2210 3116 2265 Si
3139 2210 3224 2266 vis
3242 2212 3400 2268 laetus
3430 2214 3498 2270 ad
3523 2214 3820 2286 Augustos

2200 2301 2416 2351 nostros
2462 2294 2667 2350 reverti
2697 2302 2752 2350 et
2781 2296 2983 2362 victor,
3015 2298 3339 2355 Gervasium
3387 2310 3441 2358 et
3485 2304 3815 2360 Protasium

2199 2381 2308 2437 diis
2336 2382 2540 2438 nostris
2566 2383 2879 2440 sacriﬁcare
2904 2388 3207 2459 compelle;
3252 2388 3608 2449 vehementer
3646 2392 3815 2450 enim

2200 2470 2279 2526 dii
2304 2471 2478 2527 nostri
2503 2470 2570 2526 de
2594 2488 2783 2527 eorum
2811 2482 3132 2548 contemptu
3158 2493 3279 2534 com
3291 2480 3449 2549 moti,
3472 2496 3816 2554 responsum

2199 2559 2360 2616 nobis
2387 2559 2515 2616 dare
2543 2570 2927 2619 contemnunt.

2271 2657 2356 2714 15.
2388 2657 2634 2714 Audiens
2653 2658 2770 2715 haec
2799 2660 3051 2716 Astasius
3080 2677 3275 2731 comes,
3284 2662 3451 2734 jussit
3480 2681 3572 2721 eos
3592 2668 3812 2737 teneri,

2199 2752 2253 2801 et
2280 2745 2350 2801 ad
2381 2761 2437 2802 se
2465 2745 2685 2803 adduci.
2719 2747 2932 2814 Quibus
2961 2747 3108 2804 dixit
3148 2767 3161 2805 :
3212 2752 3418 2808 Hortor
3452 2768 3552 2808 vos
3580 2760 3643 2808 ut
3670 2754 3812 2812 deo-

2200 2851 2324 2891 rum
2355 2843 2674 2892 nostrorum
2707 2836 2939 2908 injurias
2968 2845 3357 2910 temperantes,
3388 2840 3459 2897 ad
3488 2841 3811 2900 immolan—

2200 2925 2332 2983 dum
2362 2925 2442 2981 eis
2468 2925 2654 2982 devoti
2676 2926 2940 2984 studeatis
2968 2927 3257 2999 insistere;
3284 2938 3345 2986 ut
3378 2931 3655 3003 expeditio
3675 2950 3811 2990 mea

2202 3013 2453 3085 gnaviter
2480 3014 2807 3071 celebretur.
2838 3016 3037 3073 Beatus
3061 3017 3358 3075 Gervasius
3386 3020 3531 3075 dixit
3563 3038 3575 3077 :
3608 3020 3808 3078 Victo-

2201 3103 2336 3158 riam
2365 3102 2432 3159 de
2472 3104 2611 3159 coelo
2639 3103 2805 3160 debes
2832 3104 2900 3161 ab
2932 3105 3312 3179 omnipotente
3342 3110 3453 3164 Deo
3492 3108 3801 3182 requirere,

503 3192 790 3261 obrutum,
819 3192 898 3248 ibi
918 3191 1368 3259 dimittite.Quod
1395 3209 1522 3250 cum
1552 3192 1747 3248 fuisset
1779 3192 2092 3264 impletum,
2134 3226 2178 3288 ο
2203 3208 2313 3249 non
2355 3193 2422 3249 de
2461 3194 2771 3250 simulacris
2821 3195 3126 3253 immundis
3155 3204 3209 3252 et
3238 3198 3415 3267 vanis,
3454 3215 3574 3272 quae
3603 3200 3804 3257 oculos

501 3282 648 3338 Deus
696 3280 803 3337 sibi
848 3288 1100 3337 sanctum
1145 3281 1385 3338 Vitalem
1424 3282 1503 3337 ita
1543 3290 1842 3353 martyrem
1890 3295 2093 3337 conse—

501 3372 699 3441 oravit,
713 3379 774 3428 ut
801 3371 1053 3429 sacerdos
1073 3372 1353 3445 Apollinis
1381 3374 1477 3445 qui
1507 3372 1611 3429 hoc
1630 3370 1927 3428 consilium
1957 3371 2092 3426 Pau-

503 3461 620 3519 lino
661 3461 840 3535 judici
886 3461 1129 3531 dederat,
1183 3461 1404 3517 diabolo
1452 3462 1716 3533 repletus,
1762 3476 1857 3532 per
1885 3467 2091 3532 septem

503 3550 622 3608 dies
670 3566 1072 3623 energumenus
1122 3550 1383 3606 clamaret
1427 3549 1527 3618 ibi,
1588 3548 1684 3607 ubi
1737 3550 1966 3606 obrutus
2012 3557 2093 3605 est

501 3648 724 3696 sanctus
766 3638 966 3696 Vitalis
995 3637 1184 3694 dicens
1220 3655 1231 3693 :
1265 3637 1518 3695 Incendis
1559 3654 1667 3707 me,
1701 3646 1931 3711 martyr,
1970 3654 2090 3695 cru-

500 3726 614 3786 cias
641 3744 749 3796 me,
779 3736 986 3785 sancte.
1018 3727 1147 3783 Post
1178 3733 1385 3799 septem
1413 3743 1545 3784 vero
1574 3726 1692 3783 dies
1720 3727 2093 3800 praecipitatus

446 3801 463 3815 ’
502 3832 536 3871 a
588 3815 808 3872 diabolo
848 3816 906 3871 in
953 3815 1204 3885 ﬂumine,
1253 3816 1573 3888 exspiravit.
1624 3814 1857 3873 Sanctus
1907 3822 2091 3873 autem

502 3903 703 3963 Vitalis
752 3907 1023 3979 gloriosus
1067 3913 1279 3978 martyr
1324 3903 1551 3973 Christi,
1606 3902 1771 3976 juxta
1808 3903 2090 3961 civitatem

502 3994 949 4051 Ravennensium
996 4000 1216 4068 praestat
1257 3991 1601 4049 orationibus
1629 3994 1717 4048 vel
1748 3993 2091 4049 intercessro-

502 4082 667 4138 nibus
721 4083 835 4139 suis
877 4082 1143 4138 beneﬁcia
1198 4082 1458 4138 omnibus
1511 4081 1863 4138 credentibus
1906 4082 2089 4137 Jesum

502 4169 785 4229 Christum
816 4188 990 4245 usque
1010 4172 1069 4227 in
1099 4170 1430 4227 hodiernum
1460 4170 1629 4227 diem.

575 4259 661 4315 11.
699 4258 919 4316 Valeria
948 4269 1131 4316 autem
1167 4259 1374 4332 conjux
1419 4260 1558 4332 ejus,
1605 4261 1740 4316 dum
1780 4260 1945 4317 vellet
1974 4277 2090 4317 cor-

500 4364 603 4421 pus
645 4347 823 4404 sancti
852 4347 1061 4404 Vitalis
1089 4340 1323 4416 auferre,
1356 4365 1389 4404 a
1432 4348 1763 4406 Christianis
1809 4349 2090 4421 prohibita

499 4444 602 4506 est,
648 4445 703 4493 et
745 4437 806 4492 in
851 4436 1162 4493 visionibus
1203 4453 1345 4509 saepe
1376 4437 1680 4506 admonita,
1727 4453 1795 4494 ne
1835 4445 2085 4495 sanctum

2201 3281 2404 3337 habent
2440 3281 2559 3339 sine
2596 3282 2826 3352 lumine,
2876 3300 3034 3341 aures
3078 3286 3196 3341 sine
3236 3286 3451 3356 auditu,
3481 3303 3641 3343 nares
3668 3291 3801 3346 sine

2198 3367 2450 3438 odoratu,
2489 3386 2549 3426 os
2584 3371 2702 3427 sine
2731 3388 2999 3439 sermone,
3035 3389 3232 3429 manus
3261 3374 3381 3429 sine
3410 3381 3579 3439 tactu,
3626 3374 3801 3447 pedes

2201 3458 2317 3514 sine
2347 3475 2555 3530 gressu,
2584 3468 2637 3516 et
2658 3467 2905 3516 ventrem
2936 3460 3139 3533 absque
3166 3462 3523 3519 interioribus
3560 3464 3799 3536 proban-

2199 3554 2292 3604 tur
2312 3546 2532 3617 habere,
2572 3556 2625 3603 et
2654 3548 2775 3605 sine
2802 3548 2936 3604 ﬂatu
2973 3566 3088 3605 esse
3114 3560 3441 3608 noscuntur.
3464 3553 3800 3625 Indignatus

2200 3651 2382 3693 comes
2407 3635 2657 3692 Astasius
2680 3635 2847 3709 jussit
2889 3653 3015 3693 eum
3044 3637 3239 3695 tandiu
3268 3638 3565 3711 plumbatis
3605 3640 3797 3711 tundi,

2201 3723 2448 3798 quandiu
2478 3723 2761 3782 exhalaret
2786 3724 3035 3797 spiritus.

2274 3822 2360 3879 16.
2389 3821 2509 3890 Quo
2536 3828 2739 3891 amoto,
2783 3821 2951 3894 jussit
2978 3822 3086 3879 sibi
3129 3833 3303 3880 astare
3336 3823 3668 3893 Protasium,
3696 3826 3798 3882 cui

2199 3910 2346 3967 dixit
2378 3928 2390 3966 :
2424 3910 2606 3979 Miser,
2628 3911 2715 3965 vel
2742 3919 2803 3966 tu
2823 3910 3009 3966 vivere
3032 3911 3215 3980 stude,
3245 3919 3301 3968 et
3325 3912 3441 3968 noli
3461 3918 3799 3994 βιωθένατος

2199 4004 2341 4073 ﬁeri,
2387 4005 2531 4061 sicut
2573 4012 2627 4060 et
2673 4005 2844 4061 frater
2882 4014 3028 4062 tuus.
3075 4007 3176 4065 Cui
3229 4009 3505 4065 Protasius
3553 4027 3799 4083 respon-

2200 4092 2355 4161 dens,
2401 4092 2479 4148 ait
2520 4110 2532 4149 :
2571 4091 2705 4161 Quis
2757 4100 2838 4149 est
2884 4093 3069 4163 miser,
3097 4110 3195 4166 ego
3222 4095 3318 4168 qui
3352 4111 3464 4150 non
3493 4097 3689 4168 timeo,
3722 4117 3798 4156 an

2199 4188 2261 4236 tu
2290 4179 2384 4252 qui
2416 4195 2502 4236 me
2530 4180 2725 4239 timere
2753 4180 3001 4253 probaris
3022 4182 3049 4238 Τ
3101 4181 3294 4239 Comes
3338 4182 3485 4240 dixit
3519 4201 3529 4238 :
3573 4186 3693 4257 Ego
3740 4195 3798 4245 te

2198 4268 2475 4340 quomodo
2504 4269 2718 4327 timeo?
2764 4271 3045 4327 Protasius
3083 4271 3365 4343 respondit
3400 4289 3411 4327 :
3452 4274 3516 4329 In
3545 4290 3610 4329 eo
3640 4277 3791 4348 quod

2197 4364 2252 4412 te
2289 4356 2451 4415 times
2495 4358 2642 4427 laedi,
2689 4359 2736 4416 si
2764 4376 2876 4416 non
2925 4360 3347 4428 sacriﬁcavero;
3400 4362 3448 4417 si
3499 4364 3647 4419 enim
3673 4380 3793 4422 non
3866 4390 3871 4395 ·

2198 4445 2420 4502 timeres
2448 4454 2501 4503 te
2531 4446 2658 4504 laedi
2701 4465 2733 4504 a
2773 4465 2881 4519 me,
2913 4466 2999 4505 me
3027 4449 3097 4505 ad
3134 4451 3468 4508 sacriﬁcium
3498 4468 3610 4508 non
3638 4469 3793 4511 com-

499 4543 699 4600 corpus
728 4544 760 4583 a
791 4528 939 4583 malo
976 4527 1202 4584 homine
1231 4528 1369 4584 bene
1399 4529 1645 4601 positum
1683 4530 1934 4586 violaret.
1981 4530 2085 4587 Sed
2116 4580 2165 4640 Β
2196 4534 2445 4606 pelleres.
2476 4536 2592 4608 Ego
2625 4545 2807 4593 autem
2836 4544 2889 4594 te
2920 4554 3031 4594 non
3060 4539 3263 4596 timens
3290 4549 3583 4597 contemno
3607 4542 3794 4601 minas

499 4617 587 4640 211-
613 4619 690 4640 ,ἐ-
715 4616 1022 4640 ξ-ΑΑ-ιεΑ-Α
1043 4618 1369 4640 _-_J--_-_.A-
1422 4619 1723 4640 --.ΕΑΔ-ιε..-
1759 4619 1797 4640 -2
1838 4620 2083 4640 -_____.__2A
2195 4629 2249 4640 λη
2269 4639 2304 4640 ,,
2404 4630 2420 4640 Α
2593 4625 2604 4636 ο
2675 4625 2685 4636 ο
2708 4626 2724 4640 ι
2767 4626 2781 4640 ι
2845 4635 2855 4640 -
3126 4629 3137 4639 ι
3204 4637 3212 4640 .

497 4617 595 4673 illa
612 4638 617 4643 ·
637 4619 695 4672 in
714 4616 1024 4674 intentione
1043 4618 1394 4689 perdurante,
1416 4619 1727 4676 evidentius
1751 4619 1801 4676 ei
1833 4620 2085 4693 apparuit

496 4713 717 4764 sanctus
748 4706 971 4776 Vitalis,
1010 4706 1201 4765 dicens
1228 4707 1296 4763 ad
1330 4724 1448 4764 eam
1487 4727 1499 4765 :
1532 4708 1657 4765 Noli
1689 4708 1828 4764 mihi
1858 4710 2088 4767 molesta

495 4813 631 4866 esse,
666 4797 901 4861 mulier;
951 4797 1080 4871 quia
1108 4800 1419 4871 nunquam‘
1435 4795 1574 4853 mihi
1622 4805 1732 4854 tam
1782 4797 2082 4869 gloriosum

494 4887 698 4959 poteris
729 4903 916 4959 parare
950 4887 1282 4959 sepulcrum,
1321 4888 1482 4962 quale
1510 4886 1650 4942 mihi
1684 4886 1954 4943 Dominus
1981 4888 2081 4945 Je—

492 4991 585 5031 sus
607 4974 857 5033 Christus
883 4974 1003 5031 ﬁeri
1025 4974 1213 5048 jussit.
1240 5005 1249 5013 ι

565 5064 653 5121 12.
689 5065 810 5137 Ipsa
856 5074 1040 5122 autem
1070 5066 1203 5123 dum
1234 5073 1600 5123 reverteretur
1626 5065 1694 5122 ad
1734 5064 1927 5121 urbem
1957 5066 2083 5123 Me-

489 5151 918 5222 diolanensium,
952 5153 1194 5210 incurrit
1223 5153 1474 5210 homines
1504 5153 1822 5210 idololatras
1850 5153 2079 5212 Silvano

488 5242 858 5302 sacriﬁcantes
904 5242 964 5299 in
1011 5244 1247 5313 itsnere;
1293 5262 1455 5318 quam
1494 5261 1622 5302 cum
1669 5244 1958 5314 vidissent,
1988 5245 2081 5301 de-

487 5340 754 5407 ponentes
792 5349 912 5391 eam
954 5332 1022 5389 de
1062 5332 1341 5400 vehiculo,
1388 5338 1535 5398 486
1579 5333 1947 5390 hortabantur
1996 5350 2079 5391 se-

484 5445 614 5488 cum
640 5431 869 5503 epulari.
910 5429 1158 5503 Cumque
1183 5428 1282 5486 illa
1316 5429 1592 5501 resistens,
1621 5430 1827 5489 diceret
1874 5450 1886 5490 :
1922 5431 2080 5491 Chri-

2194 4629 2336 4691 tuas,
2372 4630 2426 4680 et
2454 4625 2644 4681 omnia
2671 4625 2819 4682 idola
2839 4635 2955 4696 tua,
2985 4629 3140 4700 quasi
3170 4637 3409 4687 stercora
3438 4640 3788 4704 computans,

2193 4716 2366 4771 Deum
2396 4716 2576 4773 solum
2604 4718 2700 4790 qui
2722 4727 2912 4791 regnat
2940 4719 2998 4774 in
3028 4720 3203 4789 caelis,
3235 4720 3422 4778 adoro.

2275 4805 2361 4861 17.
2392 4805 2642 4862 Audiens
2692 4806 2811 4863 haec
2847 4807 3116 4878 Astasius,
3166 4808 3334 4881 jussit
3377 4826 3503 4866 eum
3545 4810 3790 4870 fustibus

2191 4893 2349 4951 caedi.
2381 4894 2575 4952 Postea
2606 4911 2739 4951 vero
2769 4903 2951 4952 erecto
2980 4896 3127 4953 dixit
3160 4914 3172 4951 :
3205 4897 3391 4967 Miser,
3426 4906 3487 4955 ut
3515 4900 3649 4972 quid
3668 4908 3788 4957 tam

2190 4981 2457 5056 superbus
2501 4992 2555 5040 et
2602 4991 2714 5041 tam
2762 4984 2984 5042 rebellis
3031 4986 3226 5043 existis
3249 4987 3277 5044 ?
3307 4988 3392 5044 vis
3412 4988 3611 5061 perire,
3640 4990 3789 5047 sicut

2188 5077 2346 5127 tuum
2401 5071 2645 5143 probasti
2693 5074 3063 5145 germanum?
3092 5075 3371 5131 Protasius
3407 5076 3553 5132 dixit
3590 5093 3603 5132 :
3660 5078 3786 5138 Non

2186 5159 2293 5216 tibi
2324 5160 2548 5230 irascor,
2596 5178 2699 5220 nec
2747 5180 2866 5235 ego,
2912 5179 3013 5220 nec
3056 5164 3173 5237 ipsa
3212 5163 3470 5236 justitia:
3519 5168 3784 5240 quoniam

2187 5264 2358 5305 caecos
2383 5249 2463 5306 tui
2492 5250 2675 5307 cordis
2705 5254 2894 5309 oculos
2922 5252 3182 5309 attendo:
3221 5253 3581 5310 incredulitas
3608 5257 3781 5328 enim,

2187 5353 2309 5410 qua
2342 5339 2403 5397 in
2441 5340 2553 5397 tuis
2596 5341 2849 5398 sensibus
2903 5348 3112 5413 regnat,
3147 5358 3259 5398 non
3299 5350 3353 5399 te
3386 5344 3660 5415 permittit
3686 5345 3787 5402 vi—

2185 5428 2314 5487 dere
2354 5429 2503 5504 quod
2540 5429 2645 5488 Dei
2691 5438 2795 5488 est.
2840 5432 2979 5489 Nam
3025 5441 3080 5490 et
3123 5432 3396 5490 Dominus
3441 5450 3597 5493 meus
3628 5435 3786 5495 Jesus

557 5585 675 5661 (22)
725 5587 893 5661 Rom.
912 5586 1098 5661 _edit.,
1143 5585 1292 5661 idola
1332 5594 1650 5661 respuentes,
1712 5589 1805 5661 sub
1862 5588 2078 5645 Astasio
2178 5589 2527 5661 perveniente,
2555 5596 2665 5645 etc.

482 5656 665 5711 comite
734 5657 792 5711 in
865 5658 1252 5716 Mediolaneust'
1302 5656 1512 5715 civitate
1563 5660 1647 5714 die
1700 5660 2079 5716 Kalendarum

473 5726 761 5798 juniarum
799 5727 1030 5799 feliciter
1070 5736 1445 5803 pervenerunt.
1486 5731 1617 5790 Nam
1644 5748 1702 5789 eo
1736 5738 1963 5807 tempore
1989 5747 2075 5788 su-

2253 5660 2378 5733 (23)
2392 5661 2600 5719 Eadem
2626 5659 2786 5730 edit.,
2804 5668 3151 5720 cucurrerunt
3188 5662 3237 5720 ei
3262 5664 3491 5723 cultores
3514 5664 3782 5726 idolorum
