3970 6364
214 416 327 475 825

1129 409 1492 468 EPISTOLIE
1528 411 1632 467 EX
1663 409 2133 469 AMBROSIANlS
2168 408 2636 467 SEGREGATIE.

3419 406 3527 466 826

185 539 494 607 ,Οῐπίειιιε,
524 536 907 610 cruciﬁgentes
935 551 992 593 se
1019 551 1131 592 non
1162 534 1486 591 maledixit:
1518 535 1611 591 sed
1634 536 1819 607 potius
1845 539 1896 598 Α
1926 542 2071 591 terra
2098 542 2284 591 nostra
2316 532 2499 607 (Cant.
2535 553 2595 604 ιι,
2620 536 2734 609 12).
2757 560 2776 584 ι
2809 536 3233 609 Respondebant
3261 536 3525 594 Christia-

218 638 283 687 ut
312 630 391 686 eis
420 628 823 701 indulgeretur,
852 626 1054 694 oravit,
1087 626 1292 682 addens
1316 633 1370 681 et
1399 625 1525 692 hoc,
1557 626 1686 699 quia
1711 643 1818 682 ne-

217 720 427 777 scirent
447 720 583 795 quid
604 719 869 775 facerent.
904 717 1057 773 Unde
1077 724 1132 772 et
1159 733 1258 788 ego
1288 716 1369 772 tui
1395 717 1676 785 misereor,
1691 715 1820 788 quia

217 810 401 867 nescis
429 809 565 883 quid
595 808 782 864 facias.
826 808 941 879 Age
969 822 1097 878 ergo
1130 806 1277 879 quod
1312 806 1550 879 coepisti,
1585 812 1649 860 ut
1678 806 1819 862 mihi

217 898 399 973 possit
446 916 573 955 cum
626 914 749 953 meo
797 897 967 953 fratre
1012 895 1275 952 Gervasio
1311 895 1475 952 hodie
1511 895 1821 968 benignitas

219 989 527 1047 Salvatoris
555 988 730 1045 nostri
751 1003 1058 1044 occurrere.

298 1079 384 1135 18.
416 1078 571 1134 Tunc
607 1093 790 1133 comes
828 1076 1079 1131 Astasius
1102 1074 1268 1147 jussit
1294 1090 1421 1130 eum
1452 1075 1627 1147 capite
1662 1074 1816 1131 caedi.

219 1168 382 1236 Quod
410 1183 536 1225 cum
566 1167 771 1224 factum
797 1173 958 1235 esset,
995 1181 1095 1237 ego
1123 1164 1413 1237 Philippus
1450 1165 1655 1221 abstuli
1693 1181 1820 1220 cum

221 1258 342 1313 ﬁlio
368 1273 490 1312 meo
514 1256 707 1312 furtim
755 1263 916 1312 nocte
961 1263 1276 1311 sanctorum
1315 1254 1545 1309 istorum
1572 1269 1818 1326 corpora,

221 1353 279 1401 et
310 1345 370 1401 in
400 1344 564 1400 domo
590 1360 728 1413 mea,
771 1345 885 1400 Deo
914 1345 1032 1399 solo
1062 1351 1220 1411 teste,
1272 1342 1331 1397 in
1362 1341 1468 1399 ista
1504 1358 1630 1399 arca
1660 1357 1826 1398 saxea

222 1433 479 1506 sepelivi,
526 1433 753 1489 credens
804 1449 891 1488 me
938 1432 1283 1488 orationibus
1325 1448 1515 1488 eorum
1563 1430 1825 1503 consequi

220 1523 656 1582 misericordiam
688 1524 913 1581 Domini
943 1522 1119 1580 nostri
1148 1525 1275 1579 Jesu
1305 1522 1535 1591 Christi,
1568 1522 1663 1596 qui
1693 1539 1823 1578 cum

222 1614 383 1669 Patre
415 1621 469 1669 et
507 1614 719 1687 Spiritu
764 1622 954 1673 sancto
1000 1614 1145 1670 vivit
1186 1622 1241 1670 et
1285 1622 1474 1686 regnat
1523 1616 1582 1668 in
1630 1612 1828 1668 saecula

224 1704 580 1775 saeculorum,
604 1720 784 1761 amen.

511 1852 656 1910 487
682 1845 1024 1902 EPISTOLA
1064 1846 1138 1901 ιιι
1172 1844 1351 1918 (Alias
1387 1844 1531 1916 LV).

222 1950 530 2017 Martyrum
586 1945 773 2002 Vitatis
818 1950 866 1999 et
910 1945 1195 2017 Agricola,
1242 1944 1336 2014 qui
1380 1942 1635 2017 Bononia:
1683 1941 1823 1996 inter

301 2014 527 2073 tumulos
583 2017 888 2071 Judceorum
954 2014 1144 2087 ἐειρηίιὶ
1205 2021 1376 2082 erant,
1418 2014 1643 2087 factam
1707 2030 1824 2066 cum

294 2091 493 2160 plausu
537 2087 990 2160 Christianorum,
1014 2088 1320 2160 Judceorum
1353 2086 1742 2160 admiratione,_
1763 2100 1825 2138 ac

295 2157 571 2215 miraculis
600 2176 706 2213 non
742 2159 930 2229 paucis
976 2159 1321 2213 inventionem
1360 2157 1545 2227 refert.
1596 2157 1824 2229 Eosdem

298 2238 346 2287 et
371 2250 405 2285 a
437 2230 645 2285 nomine
689 2228 813 2284 θεία
859 2231 1153 2285 constantia
1194 2230 1252 2283 in
1288 2229 1562 2300 suppliciis
1600 2228 1820 2300 laudat:

298 2303 512 2372 aliaque
530 2302 788 2357 nonnulla
820 2300 1031 2371 subjicit
1049 2302 1121 2357 ad
1148 2299 1518 2357 eavndem’rem
1543 2299 1825 2372 pertinen-

302 2374 398 2429 tia.

231 2494 572 2562 AMBROSIUS,
602 2509 792 2549 servus
820 2494 947 2550 Iesu
982 2492 1213 2563 Christi,
1254 2500 1480 2550 vocatus
1517 2492 1826 2565 episcopus,

304 2580 682 2639 dilectissimis
716 2582 999 2650 fratribus,
1048 2591 1102 2639 et
1147 2582 1424 2638 universis
1453 2582 1708 2655 plebibus
1732 2596 1829 2653 per

306 2675 544 2743 Italiam,
577 2681 833 2731 aeternam
864 2673 919 2729 in
947 2673 1183 2730 Domino
1214 2674 1446 2729 salutem
1469 2673 1612 2745 (24).

312 2773 362 2828 1.
392 2772 587 2843 Magna
625 2780 788 2843 atque
832 2772 1091 2842 praecelsa
1132 2778 1441 2843 martyrum
1490 2770 1828 2839 testimonia,

240 2862 307 2919 de
329 2861 529 2935 quibus
557 2860 714 2916 vobis
746 2861 1049 2933 scripturus
1083 2877 1227 2929 sum,
1258 2869 1445 2917 noster
1472 2861 1656 2933 potius
1682 2869 1833 2917 atte-

235 2958 368 3007 nuat
396 2967 557 3023 quam
587 2949 825 3022 explicat
858 2966 1056 3006 sermo.
1085 2951 1290 3007 Verum
1321 2950 1467 3023 quod
1496 2967 1675 3007 sermo
1698 2958 1830 3007 atte-

234 3048 388 3109 nuat,
412 3040 589 3097 virtus
609 3040 838 3113 adauget
862 3059 874 3108 ;
908 3041 1117 3098 idcirco
1138 3042 1286 3115 quod
1315 3043 1372 3098 in
1405 3059 1491 3099 me
1522 3043 1706 3099 minus
1729 3051 1829 3113 est,

237 3129 297 3184 in
333 3128 673 3201 martyribus
702 3129 1012 3186 luculenter
1039 3131 1369 3203 resplendet.

307 3218 361 3275 2.
404 3218 674 3275 Invitatus
724 3217 910 3292 itaque
956 3235 988 3274 a
1036 3218 1192 3291 plebe
1238 3218 1593 3287 Bononiensi,
1639 3234 1833 3291 negare

239 3306 582 3380 praesentiam
616 3322 814 3375 meam,
843 3308 1081 3364 Domino
1128 3318 1471 3381 suggerente,
1518 3309 1835 3364 nullatenus

239 3396 430 3469 potui;
464 3395 727 3468 quoniam
758 3403 977 3468 tempus
1023 3397 1228 3465 aderat,
1259 3405 1322 3454 ut
1351 3414 1449 3453 sua
1495 3414 1614 3470 quae
1662 3395 1836 3454 Chri-

237 3491 355 3539 stus
380 3482 516 3538 solet
549 3481 847 3550 mirabilia,
892 3482 1007 3539 suis
1043 3483 1300 3540 ﬁdelibus
1340 3484 1671 3540 ostenderet.
1698 3484 1835 3539 Nam

238 3571 567 3628 Diocletiani
599 3580 653 3627 et
680 3570 1003 3627 Maximiani
1056 3572 1449 3645 imperatorum
1498 3572 1836 3645 temporibus

239 3661 350 3717 duo
381 3660 505 3723 viri,
539 3659 741 3716 Vitalis
779 3676 973 3733 nempe
1004 3670 1058 3717 et
1093 3661 1369 3734 Agricola,
1401 3679 1499 3735 pro
1531 3663 1750 3721 Christo
1778 3662 1836 3718 in

240 3750 471 3808 civitate
517 3749 778 3805 Bononiae
823 3750 1157 3824 martyrium
1201 3751 1346 3823 passi
1385 3760 1553 3820 sunt;
1602 3768 1836 3823 quorum

241 3854 490 3912 corpora,
526 3854 594 3894 ne
622 3854 653 3892 a
682 3837 939 3894 ﬁdelibus
979 3840 1371 3913 reperirentur,
1425 3839 1569 3896 inter
1611 3841 1839 3897 Judan-

242 3944 362 3983 rum
422 3927 670 4000 sepulcra
729 3926 1012 3984 recondita
1057 3927 1294 3984 fuerant.
1341 3927 1623 3985 Christum
1671 3929 1840 4002 igitur

240 4014 587 4083 conﬁtentes,
621 4022 677 4071 et
707 4031 805 4088 pro
834 4013 951 4088 ejus
989 4016 1162 4090 gloria
1209 4017 1525 4086 morientes,
1565 4018 1710 4075 inter
1747 4036 1841 4076 eos

242 4107 338 4180 qui
366 4124 492 4164 eum
522 4116 885 4180 negaverunt,
923 4107 1179 4165 indecore
1217 4109 1417 4182 sepulti
1452 4118 1600 4167 sunt.
1630 4112 1838 4169 Locum

242 4203 445 4263 autem,
478 4197 573 4268 qui
604 4213 800 4253 omnes
828 4197 1053 4263 latebat,
1084 4197 1337 4255 Christus
1364 4200 1635 4257 Dominus
1656 4211 1840 4257 noster

245 4282 385 4337 mihi
416 4284 657 4338 revelare
686 4283 943 4355 dignatus
985 4292 1086 4341 est.
1137 4285 1243 4342 Ubi
1279 4285 1507 4359 jejuniis
1554 4298 1608 4345 et
1642 4289 1838 4345 oratio-

245 4373 409 4429 nibus
440 4374 621 4445 plures
647 4375 908 4430 habentes
936 4376 1219 4445 excubias,
1263 4376 1577 4435 invenimus
1616 4379 1836 4436 tandem

244 4463 474 4538 pignora
502 4470 829 4535 martyrum,
861 4472 1023 4536 prout
1052 4464 1190 4519 mihi
1232 4465 1501 4521 Dominus
1543 4468 1837 4524 revelave-

244 4562 351 4621 rat,
382 4560 644 4625 tanquam
675 4552 820 4607 inter
844 4551 1029 4625 spinas
1058 4568 1237 4608 rosam
1276 4554 1536 4627 legentes,
1577 4564 1631 4611 et
1661 4557 1837 4613 omni-

245 4642 351 4700 bus
380 4643 558 4715 palam
586 4642 934 4698 manifestata
962 4651 1112 4698 sunt.

318 4735 371 4792 3.
404 4734 608 4792 Aderat
636 4732 872 4806 populus
901 4733 1249 4791 Christianus
1273 4751 1399 4792 cum
1429 4735 1625 4807 plausu
1652 4744 1706 4792 et
1735 4738 1842 4793 la:-

245 4822 391 4880 titia.
421 4823 597 4880 Judaei
632 4822 881 4880 ludentes
901 4821 1191 4880 dicebant:
1228 4845 1247 4869 ι
1276 4824 1462 4880 Flores
1487 4823 1592 4879 visi
1622 4834 1752 4883 sunt
1782 4826 1839 4881 in

320 4968 439 5043 (24)
496 4968 677 5028 Codex
734 4970 863 5043 Reg.
904 4977 953 5025 et
1008 4971 1269 5026 universas
1311 4971 1455 5043 plebi
1507 4978 1758 5028 (sternam
1788 4973 1842 5028 in

244 5041 474 5122 Domino
498 5043 755 5122 .salutem.
789 5041 996 5122 Magna
1039 5049 1194 5122 atque
1234 5041 1489 5122 prlecelsa
1538 5051 1842 5122 martyrum

249 5113 566 5179 testimonia,
591 5130 712 5187 qua:
743 5119 979 5187 attenuat
1020 5121 1200 5169 noster
1236 5113 1417 5187 potius
1458 5132 1619 5185 quam
1661 5113 1842 5187 carpti-

247 5189 334 5237 cat
361 5201 549 5239 sermo.
582 5185 756 5255 Igitur
792 5185 1045 5240 invitatus
1087 5204 1122 5240 a
1153 5185 1300 5256 plebe
1351 5187 1695 5255 Bononiensi,
1722 5185 1843 5242 ne-

246 5271 374 5325 gare
403 5256 741 5328 prwsmtiam
792 5273 961 5311 meam
1011 5258 1316 5311 nullatenus
1349 5258 1536 5328 potui:
1588 5259 1844 5328 quoniam

250 5332 448 5399 tempus
483 5326 689 5394 aderat,
717 5333 778 5382 ut
802 5344 901 5383 sua
928 5328 1188 5383 Dominus
1222 5326 1519 5397 mirabilia,
1549 5326 1666 5399 quae
1692 5332 1842 5399 solet,

251 5397 555 5470 ostenderet.
615 5399 951 5470 Apophoreta
995 5399 1204 5470 quidem
1252 5401 1413 5470 plena
1456 5397 1751 5456 sanctitatis
1796 5397 1846 5458 et

313 5468 893 5542 atiw‘mecum‘detuli:
944 5468 1269 5542 apophoreta
1316 5478 1490 5526 autem
1535 5474 1703 5528 solent
1745 5474 1842 5528 ha-

283 5539 1137 5619 erejriumehoiptineirun-‘Et
1165 5543 1269 5619 hec
1291 5544 1612 5619 cremorem
1642 5544 1844 5619 trium:

246 5610 437 5682 phalia
466 5616 622 5676 sunt;
655 5610 856 5686 Christi
882 5610 1030 5669 'enim
1070 5614 1245 5669 nostri
1284 5610 1547 5686 principis
1591 5615 1846 5686 triumphi

249 5687 374 5736 sunt
398 5687 693 5753 martyrum
712 5685 947 5757 palmae.
984 5686 1131 5757 Ergo
1172 5686 1301 5757 quia
1346 5686 1399 5741 in
1426 5685 1507 5741 me
1534 5686 1709 5742 minus
1746 5685 1840 5744 cst.

250 5768 415 5825 quam
442 5755 886 5826 prwsumebatur,
926 5755 985 5812 in
1023 5755 1349 5831 martyribus
1384 5759 1512 5832 plus
1556 5758 1843 5833 reperitur,

1866 4619 1915 4678 D

1928 625 1987 681 ni
2016 643 2028 681 :
2078 650 2095 673 -
2123 626 2358 698 Tempus
2396 625 2682 682 incisionis
2708 625 2933 682 advenit
2955 625 3169 698 (Ibid)
3193 650 3210 672 ι
3246 626 3358 681 Alii
3380 626 3526 683 dice-

1927 716 2096 772 bant:
2131 716 2244 772 Alii
2273 718 2707 785 seminaverunt,
2749 725 2803 772 et
2839 732 2940 773 nos
2987 716 3047 772 in
3094 732 3282 773 eorum
3314 716 3527 774 labores

1928 808 2243 876 introimus,
2313 817 2367 865 et
2428 820 2738 881 martyrum
2798 808 3012 865 fructus
3071 806 3414 879 recipimus;
3463 816 3528 864 ut

1929 895 2074 970 quod
2104 897 2368 968 scriptum
2397 903 2477 952 est
2505 897 2818 969 impleatur,
2878 895 3025 968 quod
3055 897 3150 969 qui
3185 896 3441 963 seminat,
3473 904 3527 953 et

1929 985 2025 1058 qui
2067 985 2247 1051 metit,
2288 985 2594 1042 mercedem
2625 986 2826 1057 accipit
2857 984 3038 1055 (Joan.
3077 1002 3154 1051 IV,
3177 986 3293 1056 36).
3325 983 3524 1051 Judaei,

1929 1074 2212 1130 audientes
2240 1090 2401 1130 voces
2432 1074 2747 1146 plaudentis
2774 1073 3054 1140 Ecclesiae,
3087 1073 3327 1129 ridentes
3365 1073 3528 1129 dice-

1928 1162 2061 1219 bant
2085 1181 2096 1219 :
2136 1188 2154 1211 ‹
2171 1165 2296 1221 Vox
2320 1164 2554 1220 turturis
2586 1163 2870 1219 auditaest
2891 1162 2947 1217 in
2968 1171 3113 1218 terra
3129 1172 3315 1219 nostra
3335 1161 3521 1234 (Cant.

1932 1270 1991 1320 ιι,
2044 1254 2174 1326 12);
2213 1279 2231 1301 ι
2288 1252 2588 1310 Christiani
2636 1252 2929 1309 dicebant:
2977 1276 2995 1298 ε
3037 1251 3226 1307 Vinea)
3269 1251 3528 1307 ﬂorentes

1931 1342 2201 1399 dederunt
2226 1342 2450 1398 odorem
2479 1358 2640 1397 suum
2674 1341 2839 1412 (Ibid.
2875 1340 2987 1408 13).
3022 1365 3040 1385 ι
3086 1340 3238 1395 Unde
3263 1339 3400 1395 bene
3430 1356 3528 1412 per

1932 1435 2256 1507 Prophetam
2284 1435 2525 1491 dicitur:
2562 1456 2590 1484 «
2618 1435 2747 1490 Dies
2776 1432 2886 1489 diei
2914 1440 3126 1489 eructat
3175 1432 3428 1501 verbum,
3472 1441 3530 1489 et

1934 1540 2046 1580 nox
2076 1524 2222 1581 nocti
2255 1523 2462 1580 indicat
2490 1524 2775 1579 scientiam
2814 1524 2987 1593 (Psal.
3014 1538 3178 1587 xvm,
3209 1521 3289 1592 3).
3312 1546 3330 1569 ι
3362 1521 3527 1589 Quasi

1935 1612 2080 1668 dicat
2105 1632 2116 1668 :
2139 1638 2155 1659 -
2186 1612 2314 1669 Dies
2351 1612 2482 1680 diei,
2508 1638 2526 1659 ι
2551 1611 2656 1668 hoc
2675 1621 2775 1678 est,
2808 1610 3158 1667 Christianus
3186 1610 3524 1677 Christiano;

1935 1710 1981 1758 et
2000 1720 2108 1758 ηοω
2133 1703 2271 1758 nocti
2301 1746 2316 1771 ,
2349 1702 2455 1759 hoc
2483 1710 2583 1769 est,
2606 1701 2826 1757 Iudaeus
2855 1700 3063 1756 Iudaeo.

2008 1817 2060 1873 4.
2095 1816 2250 1874 Certe
2278 1824 2332 1873 et
2355 1817 2461 1889 ipsi
2490 1816 2769 1873 dmmones
2798 1815 3223 1885 conﬁtebantur,
3255 1824 3309 1870 et
3337 1815 3404 1870 ab
3432 1813 3528 1870 ho-

1852 1899 1899 1959 B
1933 1908 2145 1965 minum
2188 1908 2512 1981 corporibus
2571 1908 2722 1965 illico
2759 1907 3199 1980 egrediebantur.
3249 1908 3321 1962 Et
3367 1908 3530 1963 multi

1931 1997 2026 2069 qui
2076 1997 2244 2053 variis
2300 1996 2650 2052 vexabantur
2712 1995 3155 2068 aegritudinibus,
3214 2003 3530 2052 sanctorum

1931 2094 2212 2158 tangentes
2266 2085 2504 2155 sudaria,
2563 2085 2827 2142 continuo
2873 2085 3229 2152 sanabuntur,
3278 2091 3331 2140 et
3375 2085 3534 2156 plura

1933 2192 2028 2248 per
2055 2184 2272 2231 sanctos
2300 2192 2427 2231 suos
2456 2174 2730 2229 mirabilia
2761 2174 2816 2229 in
2849 2174 3036 2247 populi
3064 2172 3373 2245 praesentia,
3396 2173 3528 2229 dum

1932 2281 2084 2322 sacra
2104 2263 2435 2320 veherentur
2456 2261 2705 2335 pignora,
2736 2271 2991 2335 operatus
3021 2270 3102 2319 est
3132 2262 3424 2319 Dominus.

2005 2354 2058 2410 5.
2089 2353 2364 2425 Colligant
2391 2368 2518 2423 ergo
2551 2351 2647 2407 alii
2686 2368 2882 2408 aurum
2923 2360 3085 2424 atque
3125 2359 3432 2424 argentum,
3478 2358 3533 2406 et

1935 2442 2003 2498 de
2040 2442 2338 2498 latentibus
2384 2448 2578 2498 eruant
2615 2441 2797 2509 venis,
2848 2441 3031 2512 legant
3069 2440 3314 2513 pretiosa
3356 2438 3532 2495 moni-

1936 2531 2075 2587 lium
2106 2540 2275 2588 serta:
2312 2530 2629 2603 temporalis
2662 2531 2764 2585 iste
2802 2528 3093 2585 thesaurus
3118 2536 3221 2596 est,
3250 2535 3304 2584 et
3329 2527 3534 2583 haben-

1935 2616 2084 2673 tibus
2124 2634 2235 2673 non
2289 2618 2667 2690 infrequenter
2720 2614 3080 2687 perniciosus.
3135 2614 3246 2669 Nos
3302 2613 3535 2684 legimus

1938 2717 2245 2781 martyrum
2275 2708 2490 2774 clavos;
2548 2714 2602 2762 et
2642 2707 2825 2778 plures
2854 2705 3099 2778 quidem,
3132 2705 3260 2776 quia
3289 2705 3446 2776 plura
3474 2704 3533 2759 in

1938 2800 2017 2855 eis
2043 2799 2271 2854 vulnera
2301 2814 2463 2870 quam
2495 2796 2736 2851 membra
2766 2795 3009 2851 fuerunt.
3042 2794 3367 2867 Colligimus
3396 2811 3534 2850 san-

1939 2889 2160 2962 guinem
2192 2886 2605 2959 triumphalem,
2662 2894 2716 2942 et
2766 2886 2945 2942 crucis
2997 2886 3229 2957 lignum.
3285 2886 3532 2958 Namque

1940 2981 2083 3036 sicut
2101 2979 2197 3051 qui
2225 2978 2293 3034 ad
2322 2976 2643 3033 convivium
2666 2992 2920 3049 magnum
2945 2975 3274 3045 invitantur,
3291 2975 3533 3048 apopho-

1941 3075 2056 3125 reta
2088 3083 2273 3124 secum
2300 3066 2501 3122 referre
2539 3072 2896 3133 consuerunt,
2935 3064 3011 3119 ita
3048 3080 3149 3120 nos
3177 3080 3246 3120 ex
3271 3063 3534 3121 convivio

1941 3157 2275 3214 Bononiensi
2330 3156 2664 3229 apophoreta
2712 3154 2897 3227 gratiae
2931 3161 2986 3210 et
3022 3153 3330 3210 sanctitatis
3375 3154 3534 3227 plena

1867 3254 1912 3317 (ζ.
1943 3247 2102 3304 nobis
2131 3261 2408 3303 reservare
2437 3260 2773 3302 curavimus.

2012 3355 2064 3411 6.
2097 3354 2419 3410 Sanctorum
2464 3351 2634 3423 igitur
2681 3359 2990 3425 martyrum
3050 3352 3145 3409 uni
3201 3367 3404 3408 nomen
3453 3359 3536 3408 est

1942 3443 2163 3514 Vitalis,
2234 3441 2489 3514 Agricola
2553 3456 2755 3509 nomen
2836 3442 2993 3499 alteri
3056 3442 3276 3515 utrique
3331 3456 3533 3496 nomen

1942 3541 2164 3606 aptum;
2197 3541 2258 3590 ut
2289 3531 2555 3605 martyrio
2577 3532 2689 3604 jam
2731 3530 3000 3604 designati
3044 3530 3177 3603 ipsis
3217 3530 3382 3586 etiam
3424 3546 3535 3586 vo-

1943 3624 2157 3683 cabulis
2212 3633 2591 3681 noscerentur.
2650 3625 2783 3680 Nam
2841 3624 2934 3678 ille
2973 3622 3171 3679 V'italis
3213 3622 3394 3678 dictus
3431 3630 3534 3689 est,

1945 3714 2097 3788 quasi
2121 3731 2215 3787 per
2244 3713 2405 3771 istius
2433 3714 2562 3770 vitae
2593 3720 2991 3785 contemptum,
3023 3710 3194 3766 vitam
3221 3710 3384 3766 aliam
3416 3725 3537 3782 qua:

1944 3813 2147 3861 aeterna
2174 3812 2275 3872 est,
2306 3804 2414 3860 sibi
2441 3811 2785 3875 compararet
2813 3819 2824 3857 :
2859 3801 2961 3857 iste
2993 3816 3123 3857 vero
3143 3797 3537 3873 Agricola,qui

1944 3895 2119 3951 bonos
2151 3892 2414 3966 spiritalis
2461 3893 2646 3966 gratias
2694 3893 2908 3950 fructus
2939 3897 3160 3955 sereret,
3193 3898 3247 3945 et
3287 3888 3371 3945 sui
3402 3903 3539 3943 san-

1947 3985 2128 4059 guinis
2181 3984 2447 4041 eﬁ'usione
2502 3984 2825 4041 meritorum
2874 3992 2927 4041 et
2984 3983 3256 4039 virtutum
3312 3995 3537 4036 suarum

1946 4076 2218 4151 plantaria
2246 4076 2469 4148 rigaret.

2020 4197 2071 4251 7.
2120 4195 2352 4251 Sanctus
2394 4195 2614 4262 Vitalis,
2681 4212 2806 4251 cum
2871 4212 2903 4251 a
2961 4193 3423 4267 persecutoribus,
3478 4201 3542 4249 ut

1947 4285 2228 4342 Christum
2259 4293 2502 4358 negaret,
2537 4285 2922 4359 imperaretur,
2970 4293 3025 4342 et
3071 4286 3166 4342 ille
3201 4285 3544 4343 constantius

1946 4374 2327 4442 conﬁteretur;
2358 4375 2494 4430 adeo
2524 4375 2678 4430 omni
2723 4384 3124 4432 tormentorum
3165 4392 3360 4448 genere
3406 4390 3542 4431 cru-

1945 4462 2120 4518 ciatus
2150 4471 2252 4530 est,
2282 4470 2345 4518 ut
2382 4463 2568 4519 nullus
2608 4463 2726 4535 (25)
2776 4463 2836 4519 in
2877 4463 2994 4535 ejus
3023 4479 3249 4535 corpore
3275 4463 3394 4518 sine
3422 4461 3541 4516 vul-

1946 4575 2074 4616 nere
2121 4568 2261 4617 esset
2303 4559 2475 4616 locus.
2528 4560 2707 4627 Quare
2749 4559 2893 4617 hanc
2936 4559 3029 4635 ad.
3052 4559 3351 4615 Dominum
3395 4553 3543 4611 488

1947 4650 2249 4707 orationem
2303 4650 2517 4717 effudit,
2578 4649 2812 4706 dicens:
2863 4648 3097 4705 Domine
3149 4648 3275 4705 Jesu
3321 4648 3542 4706 Christe

1948 4739 2197 4796 Salvator
2226 4753 2381 4794 meus
2413 4745 2467 4793 et
2495 4739 2641 4793 Deus
2667 4754 2839 4806 meus,
2871 4736 3005 4809 jube
3045 4736 3250 4809 suscipi
3277 4737 3535 4810 spiritum

1951 4842 2166 4897 meum;
2205 4826 2334 4900 quia
2356 4826 2471 4899 jam
2505 4825 2753 4883 desidero
2790 4826 3033 4899 accipere
3066 4842 3327 4885 coronam
3361 4843 3536 4900 quam

1952 4975 2131 5030 Sancti
2172 4975 2429 5045 martyris
2481 4989 2667 5045 nomen
2722 4972 2973 5045 Agricola
3013 4979 3105 5030 est.
3153 4973 3362 5033 Caetera
3407 4991 3542 5033 vero

1950 5045 2138 5101 eadem
2182 5043 2342 5118 serie,
2377 5061 2440 5118 ac
2480 5043 2675 5118 iisdem
2708 5043 2913 5118 verbis,
2943 5054 3173 5118 excepta
3196 5062 3307 5102 una
3341 5055 3436 5102 aut
3467 5047 3541 5102 al-

1948 5124 2066 5190 tera
2089 5116 2381 5190 sententia,
2413 5115 2685 5190 habentur
2714 5116 2773 5172 in
2802 5115 3098 5190 Exhortatf
3126 5118 3324 5190 Virgin.
3345 5134 3391 5190 Aa
3418 5134 3537 5190 cap.

1953 5187 2002 5255 1,
2036 5204 2192 5261 num.
2232 5187 2287 5261 2,
2326 5203 2497 5261 usque
2533 5186 2603 5243 ad
2657 5204 2774 5261 cap.
2800 5189 2883 5261 _2,
2933 5186 3363 5261 numJOCVSed
3419 5186 3545 5261 post

1952 5258 2116 5314 verba
2148 5259 2305 5332 hodie
2348 5258 2648 5332 dedicamus
2691 5258 3045 5332 subjungitur
3092 5260 3188 5332 illa
3236 5258 3541 5329 invocatio,

1951 5346 2113 5403 quam
2144 5330 2201 5385 in
2250 5330 2489 5404 lib.__cit.
2534 5347 2652 5404 cap.
2706 5330 2804 5404 ibi,
2850 5330 3004 5387 num.
3046 5331 3143 5404 94,
3190 5332 3365 5404 legere
3410 5340 3538 5388 est:

1952 5401 2239 5528 pofstquam
2295 5401 2519 5459 additur
2571 5401 2852 5459 clausula:
2894 5403 3054 5460 Passi
3080 5401 3415 5473 'sunt,'etc.,
3480 5411 3543 5460 ut

1952 5489 2009 5528 ιιι
2038 5490 2115 5528 ra.
3034 5504 3037 5505 ν

1952 5489 2115 5529 intra.
3034 5504 3037 5505 ⁷

2024 5545 2141 5628 (25)
2191 5545 2578 5628 Βθεεηθοάθχρ
2630 5546 2973 5628 proﬁteretur
3026 5545 3315 5628 Dominum
3365 5546 3545 5603 Iesum

1957 5617 2244 5697 Christum,
2275 5617 2387 5697 illis
2425 5617 2659 5697 omnium
2707 5623 3085 5697 tormentorum
3137 5619 3195 5675 in
3248 5636 3305 5676 eo
3352 5634 3543 5697 genera

1953 5690 2328 5762 exercentibus,
2353 5690 2431 5748 ita
2458 5696 2517 5750 ut
2548 5706 2653 5747 non
2681 5694 2829 5760 esset,
2859 5695 2963 5750 etc.
