3970 6370
465 399 572 456 827

1489 395 1588 450 AD
1626 392 1860 450 oram
1897 374 1954 448 s'.
1994 389 2328 448 AMBROSII
2364 389 2745 446 APPENDIX.

3665 382 3785 442 828

465 531 688 582 sanctus
725 521 951 595 angelus
996 528 1126 578 tuus
1175 518 1312 576 mihi
1361 484 1621 576 ostendit.
1683 517 1754 573 Et
1789 515 2061 589 completa
2087 515 2137 576 Α
2236 515 2289 571 2.
2322 514 2442 570 Νοη
2473 519 2626 586 potes
2658 511 2796 568 iram
2827 511 3022 580 vitare,
3053 511 3245 567 saltem
3274 517 3536 582 tempera.
3567 510 3789 588 Magna

466 613 738 681 oratione,
772 611 958 668 emisit
983 609 1260 682 spiritum.

537 706 594 762 8.
623 706 856 762 Sanctus
885 721 1016 760 vero
1051 703 1310 776 Agricola
1349 699 1665 758 mitioribus
1696 699 1771 754 ita
1800 697 2064 770 prmditus

466 803 584 852 erat
611 794 877 862 moribus,
905 802 966 850 ut
1015 793 1085 849 ab
1131 791 1388 849 omnibus
1425 791 1667 862 impense
1699 787 2056 860 diligeretur:

466 884 702 958 ideoque
741 883 859 956 ejus
905 884 1212 956 passionem
1244 881 1588 938 differebant.
1623 880 1827 936 Verum
1871 895 2062 951 perse—

467 983 720 1032 cutorum
763 973 882 1030 haec
911 971 1275 1044 indulgentia,
1307 971 1558 1043 quapiam
1591 969 1755 1025 etiam
1792 967 2060 1024 immani-

463 1071 575 1120 tate
605 1065 834 1136 martyri
875 1063 1166 1119 videbatur
1211 1060 1490 1128 acerbior;
1541 1077 1640 1116 nec-
1677 1059 1825 1115 enim
1867 1075 2056 1114 eorum

463 1151 748 1208 blanditia:
775 1151 1106 1218 sedulitatis,
1148 1149 1242 1206 sed
1279 1149 1488 1206 fraudis
1516 1157 1702 1205 erant:
1735 1145 2060 1204 differebant

464 1241 664 1313 quippe
693 1257 973 1296 coronam.
1017 1239 1160 1296 Hinc
1188 1255 1424 1312 namque
1453 1245 1723 1294 tormenta
1752 1235 2058 1310 supplicia-

463 1347 568 1403 que
599 1330 758 1402 plura
800 1329 858 1385 in
900 1337 1088 1386 sancto
1135 1345 1426 1386 exercuere
1453 1328 1657 1397 Vitale,
1699 1335 1762 1384 ut
1806 1336 2053 1384 sanctum

462 1430 732 1478 terrerent
759 1421 1071 1494 Agricolam
1105 1437 1118 1476 :
1161 1420 1252 1476 sed
1282 1419 1552 1476 Dominus
1581 1418 1676 1474 illa
1706 1418 1763 1474 in
1794 1417 2054 1489 majorem

462 1510 580 1581 ejus
603 1509 965 1568 constantiam
998 1510 1184 1566 vertit.
1215 1509 1462 1581 Denique
1485 1508 1738 1564 videntes
1767 1494 1913 1563 nihil
1934 1523 2056 1578 pro-

461 1599 648 1670 ﬁcere,
690 1617 813 1658 eum
863 1601 1081 1658 tandem
1131 1601 1280 1658 cruci
1332 1601 1657 1667 aﬂixerunt;
1710 1599 1896 1673 sicque
1942 1601 2056 1656 Deo

463 1689 724 1762 spiritum
756 1689 1016 1748 reddidit.
1039 1683 1047 1696 ’

532 1778 587 1834 9.
621 1778 853 1837 Sanctus
872 1779 1073 1837 Vitalis
1113 1779 1286 1836 sancti
1316 1778 1586 1852 Agricolae
1623 1794 1814 1836 servus
1855 1779 2054 1844 fuerat,

2173 601 2346 674 gloria
2383 610 2465 658 est
2497 602 2566 670 si,
2593 601 2684 659 cui
2714 601 2943 674 potuisti
2981 615 3199 670 nocere,
3243 615 3465 670 parcas;
3517 599 3778 670 peccanti

2174 691 2232 768 in
2261 699 2313 747 te
2343 707 2455 746 non
2485 691 2758 746 retribuas
2795 688 3097 746 secundum
3141 688 3382 759 culpam,
3421 688 3602 744 sciens
3631 688 3689 744 in
3721 695 3780 743 te

2171 789 2465 838 venturum
2496 797 2610 836 esse
2635 779 2932 852 judicium.
2965 779 3097 834 Nam
3139 795 3252 833 non
3297 778 3524 834 habebis
3570 777 3779 834 indul-

2170 868 2430 940 gentiam,
2465 867 2572 923 nisi
2607 868 2764 923 alteri
2793 865 3086 922 donaveris
3116 865 3254 938 (Jac.
3296 884 3356 934 ιι,
3389 866 3477 938 13)
3507 885 3522 933 ;
3576 866 3776 922 odium

2170 955 2316 1011 enim
2349 953 2630 1010 hominem
2661 963 2873 1026 separat
2901 971 2932 1009 a
2961 970 3148 1026 regno,
3177 970 3210 1010 a
3236 955 3374 1010 coelo
3403 952 3706 1021 subtrahit,
3741 970 3779 1010 a

2171 1043 2422 1116 paradiso
2449 1042 2659 1114 dejicit.

2238 1147 2293 1204 3.
2325 1149 2387 1204 In
2415 1148 2674 1205 omnibus
2705 1147 2921 1205 actibus
2959 1148 3068 1204 tuis
3095 1147 3315 1204 imitare
3357 1147 3556 1216 bonos,
3598 1162 3777 1202 aemu-

2167 1237 2279 1293 lare
2316 1245 2552 1306 sanctos,
2599 1237 2797 1294 habeto
2843 1245 2968 1293 ante
3017 1237 3205 1293 oculos
3251 1237 3505 1308 exempla
3548 1245 3777 1293 sancto-

2166 1342 2328 1382 rum:
2364 1325 2540 1383 socios
2583 1327 2688 1383 tibi
2731 1326 2906 1381 bonos
2947 1323 3240 1397 conjunge,
3292 1325 3424 1398 quia
3479 1325 3526 1382 si
3585 1325 3780 1383 socius

2163 1413 2337 1470 fueris
2363 1413 2816 1482 conversationis,
2868 1413 2976 1470 eris
3027 1421 3080 1470 et
3121 1413 3348 1470 virtutis
3397 1415 3572 1485 (Psal.
3623 1431 3780 1484 xvu,

2165 1501 2279 1574 26).
2310 1503 2681 1560 Periculosum
2707 1510 2789 1559 est
2814 1520 2940 1560 cum
2971 1502 3060 1558 his
3086 1503 3182 1576 qui
3209 1503 3350 1558 male
3381 1502 3606 1574 vivunt,
3637 1519 3779 1560 con-

2164 1593 2391 1650 versari.
2420 1594 2616 1651 Melius
2658 1602 2741 1650 est
2781 1610 2908 1666 ergo
2954 1593 3156 1650 habere
3211 1594 3484 1651 malorum
3541 1594 3776 1664 odium,

2165 1697 2328 1754 quam
2357 1683 2717 1739 consortium.

2235 1778 2288 1834 4.
2323 1779 2512 1836 Vanus
2540 1795 2718 1835 sermo
2758 1779 2868 1836 cito
2911 1779 3113 1852 polluit
3163 1787 3439 1848 mentem;
3495 1787 3552 1838 et
3606 1779 3783 1838 facile

462 1887 596 1928 mox
623 1869 742 1944 ejus
775 1871 834 1927 in
862 1871 1112 1944 passione
1160 1871 1364 1937 socius,
1411 1887 1560 1926 nunc
1597 1869 1783 1942 gloriae
1831 1885 2057 1926 consors
2083 1875 2131 1937 Β
2163 1868 2343 1940 agitur
2396 1869 2545 1942 quod
2595 1867 2831 1925 libenter
2882 1868 3126 1925 auditur.
3183 1869 3299 1926 Hoc
3341 1870 3653 1942 proferatur
3701 1887 3782 1927 ex

461 1961 640 2018 factus
667 1969 768 2017 est.
797 1962 992 2018 Merito
1020 1969 1202 2017 autem
1241 1969 1460 2016 sanctus
1489 1959 1690 2016 Vitalis
1719 1959 1897 2031 primo
1927 1975 2061 2031 pas-

461 2066 556 2106 sus
583 2057 686 2118 est,
714 2059 767 2106 et
793 2057 857 2106 ut
883 2067 1073 2106 servus
1102 2050 1398 2122 praecessit,
1428 2048 1560 2122 quia
1585 2047 1813 2104 domino
1838 2047 2060 2119 parabat

463 2141 648 2195 locum
683 2156 695 2194 :
737 2145 955 2194 secutus
1002 2146 1084 2195 est
1129 2138 1406 2205 dominus,
1459 2145 1522 2192 ut
1565 2137 1711 2194 servi
1773 2135 2060 2208 prudentis

461 2231 628 2286 fidem
659 2227 934 2300 probaret.
976 2227 1161 2284 Passio
1193 2227 1337 2283 servi
1368 2227 1662 2298 disciplina
1691 2234 1772 2281 est
1800 2225 2012 2281 domini
2040 2242 2052 2280 :

461 2317 555 2375 hic
580 2317 846 2386 instituit,
875 2315 971 2372 ille
1001 2316 1284 2389 implevit;
1337 2314 1480 2371 nihil
1530 2315 1612 2370 illi
1659 2315 1924 2372 servitute
1953 2315 2059 2372 de-

459 2409 722 2481 cerpitur.
757 2407 1044 2475 Quomodo
1075 2414 1255 2462 autem
1287 2403 1466 2460 minui
1494 2411 1692 2476 potest,
1724 2403 1870 2477 quod
1899 2403 2056 2463 Chri-

458 2505 576 2554 stus
602 2497 830 2554 donavit
853 2496 1065 2570 egregie
1091 2497 1102 2552 l
1136 2496 1235 2552 Ille
1261 2494 1483 2568 quidem
1513 2493 1730 2550 homini
1759 2493 2056 2550 serviendo

459 2585 659 2643 didicit
724 2585 999 2659 quomodo
1046 2585 1282 2657 placeret
1321 2583 1588 2641 Christo:
1641 2581 1735 2639 hic
1781 2581 2055 2654 geminam

458 2673 756 2748 acquisivit
787 2673 1003 2730 laudem
1031 2674 1089 2729 in
1121 2672 1219 2728 illo
1253 2670 1572 2744 magisterii,
1604 2670 1661 2726 in
1692 2687 1748 2726 se
1777 2669 2052 2742 martyrii.

459 2763 752 2820 Beneficiis
815 2771 1010 2818 mutuo
1057 2767 1428 2827 certaverunt,
1482 2767 1771 2832 postquam
1820 2760 2056 2832 aequales

457 2869 572 2910 esse
602 2859 920 2908 meruerunt
954 2870 966 2908 :
997 2851 1091 2908 hic
1119 2851 1277 2907 illum
1304 2849 1373 2906 ad
1400 2848 1726 2921 martyrium
1767 2849 2052 2920 praemisit,

459 2940 554 2996 ille
585 2941 750 2996 istum
781 2939 1089 2996 accersivit.
1140 2938 1290 2996 Nihil
1323 2955 1451 3010 ergo
1481 2937 1548 2993 ad
1577 2937 1832 2992 meritum
1862 2936 2054 2992 homi—

459 3030 548 3088 nis
594 3029 841 3086 conditio
895 3027 1156 3098 detraxit,
1202 3027 1346 3084 nihil
1403 3026 1641 3098 dignitas
1697 3027 1898 3083 auxit:
1959 3027 2053 3084 sed

461 3128 755 3192 utrumque
779 3117 916 3174 ﬁdes
951 3117 1376 3174 consummavit.
1422 3116 1557 3171 Nam
1611 3115 1877 3187 scriptum
1919 3124 2000 3173 est
2034 3135 2047 3174 :

471 3234 489 3258 ι
517 3211 644 3267 Sive
674 3209 834 3278 liber,
863 3209 980 3265 sive
1027 3224 1237 3275 servus,
1275 3222 1466 3262 omnes
1513 3206 1567 3262 in
1614 3205 1831 3262 Christo
1877 3223 2048 3262 unum
2083 3227 2128 3288 ο

453 3297 644 3357 sumus
689 3300 896 3372 (Galat.
941 3316 1024 3364 IlI,
1063 3299 1156 3370 28)
1193 3317 1206 3366 ;
1257 3305 1356 3354 et:
1403 3323 1421 3346 ι
1470 3297 1852 3372 Unusquisque
1901 3298 2048 3372 quod

458 3389 650 3447 fecerit
685 3389 914 3458 bonum,
947 3388 1053 3444 hoc
1081 3386 1306 3459 recipiet
1348 3403 1380 3443 a
1425 3387 1662 3443 Domino
1707 3387 1925 3458 (Ephes.
1965 3405 2045 3456 vr,

451 3480 534 3552 8).
556 3504 574 3528 ι
618 3479 780 3553 Apud
807 3479 1106 3536 Dominum
1133 3477 1280 3534 enim
1305 3477 1540 3534 servitus
1569 3486 1622 3534 et
1652 3477 1874 3534 libertas
1893 3493 2048 3549 aequa

453 3571 609 3628 lance
665 3569 1024 3642 penduntur:
1075 3584 1200 3626 cum
1247 3567 1401 3624 nulla
1442 3567 1514 3624 sit
1565 3567 1740 3640 major
1785 3566 2046 3640 dignitas,

453 3675 618 3734 quam
648 3658 856 3715 servire
884 3656 1122 3726 Christo,
1150 3657 1243 3730 qui
1291 3657 1433 3714 tanti
1479 3673 1580 3714 nos
1623 3655 1937 3725 aestimavit,
1984 3661 2048 3711 ut

453 3749 693 3804 animam
726 3764 880 3804 suam
909 3765 1008 3820 pro
1039 3747 1196 3805 nobis
1225 3747 1482 3804 traderet.

526 3838 612 3892 10.
646 3837 774 3894 Hac
800 3837 960 3894 vobis
989 3853 1160 3910 pauca
1188 3845 1242 3894 et
1266 3835 1698 3910 compendiario,
1739 3833 2046 3891 dilectissi—

452 3923 528 3978 mi
549 3923 765 3992 fratres,
787 3923 854 3980 de
874 3941 1162 3996 corporum
1185 3931 1499 3981 sanctorum
1527 3931 1829 3994 martyrum
1855 3921 2046 3976 inven-

452 4013 602 4068 tione
630 4011 938 4084 significare
967 4013 1283 4070 curavimus
1307 4031 1320 4081 ;
1355 4021 1418 4069 ut
1445 4012 1692 4085 ipsorum
1723 4009 2044 4066 memoriam

452 4101 513 4157 in
551 4102 815 4158 Ecclesiis
842 4103 1017 4159 facere
1045 4102 1292 4159 valeatis.
1325 4100 1475 4157 Passi
1503 4107 1632 4156 sunt
1659 4107 1839 4154 autem
1869 4097 2046 4155 sancti

451 4200 719 4266 martyres
747 4192 848 4249 sub
871 4194 1215 4252 Diocletiano
1244 4200 1298 4249 et
1324 4191 1660 4250 Maximiano
1691 4190 2046 4262 imperatori-

449 4283 572 4352 bus,
605 4282 664 4339 in
701 4282 924 4340 civitate
950 4282 1285 4340 Bononiensi
1316 4279 1616 4352 provincias
1643 4279 1835 4347 Italiae,
1867 4279 2044 4351 pridie

449 4375 632 4430 Nonas
687 4373 1035 4442 Novembris,
1080 4380 1340 4445 regnante
1374 4372 1503 4427 Jesu
1549 4368 1770 4426 Christo
1805 4369 2044 4426 Domino

449 4471 660 4532 nostro,
689 4463 780 4522 cui
809 4473 891 4521 est
916 4463 1098 4520 omnis
1127 4462 1304 4518 honor
1331 4468 1386 4517 et
1415 4460 1588 4532 gloria
1623 4460 1684 4515 in
1713 4459 1911 4517 saecula
1938 4477 2044 4517 sae-

446 4553 720 4622 culorum,
754 4568 934 4610 amen.

775 4666 1117 4724 EPISTOLA
1161 4665 1239 4723 IV
1280 4665 1458 4740 (Alias
1486 4615 1722 4738 ΧΧΙΧ)ι

451 4779 772 4856 Glorianum
812 4777 900 4856 ad.
922 4781 1192 4856 maturam
1241 4780 1289 4856 et
1339 4773 1643 4856 continuam
1684 4773 2046 4856 paenitentiam

517 4852 774 4918 excitans,
809 4847 938 4918 quid
966 4846 1070 4918 ipsi
1105 4847 1210 4901 sive
1242 4846 1312 4918 Vin
1339 4845 1492 4900 dictis
1534 4845 1640 4918 sive
1675 4844 1731 4899 in
1773 4844 1930 4916 fact-is
1971 4863 2044 4902 se-

519 4917 786 4994 quendum
812 4917 1178 4992 fugiendumve
1203 4917 1289 4986 sit,
1317 4917 1635 4990 prwscribit.

769 5027 1092 5084 Aunnosws
1115 5025 1400 5098 episcopus
1421 5025 1722 5082 FLORIANO.

525 5125 576 5182 1.
610 5125 826 5183 Dilecte
853 5125 956 5192 fili,
987 5123 1156 5196 dilige
1184 5125 1474 5196 lacrymas,
1516 5123 1631 5178 noli
1673 5121 1893 5180 differre
1933 5139 2042 5181 eas.

455 5214 690 5273 Tantum
725 5223 1010 5288 promptus
1039 5221 1154 5269 esto
1180 5213 1248 5270 ad
1278 5214 1534 5282 lamenta,
1577 5219 1842 5286 quantum
1889 5211 2044 5268 fuisti

451 5314 740 5378 promptus
769 5311 822 5360 et
851 5319 1056 5376 pronus
1086 5301 1156 5358 ad
1181 5302 1419 5373 culpam.
1461 5302 1624 5358 Nulla
1672 5318 1757 5358 res
1792 5301 1859 5359 de
1909 5317 2046 5375 pec-

453 5406 579 5454 cato
617 5404 670 5453 te
700 5410 953 5452 securum
983 5391 1146 5448 faciat
1177 5391 1370 5463 (Eccli.
1403 5408 1458 5459 v,
1483 5391 1564 5463 5).

523 5575 643 5709 (26)
674 5577 832 5632 Rom.
865 5573 1025 5642 edit.,
1052 5575 1273 5634 Mentem
1303 5571 1549 5639 hominis,
1581 5580 1686 5629 etc.

525 5647 618 5709 (27
675 5647 877 5702 Eadem
901 5645 1056 5709 edit.,
1089 5645 1160 5702 ad
1185 5645 1404 5700 noxiam
1434 5643 1616 5699 trahit.

525 5643 643 5712 (27)
675 5647 877 5702 Eadem
901 5645 1056 5714 edit.,
1089 5645 1160 5702 ad
1185 5645 1404 5700 noxiam
1434 5643 1616 5699 trahit.

530 5717 646 5790 (28)
678 5717 806 5788 Reg.
841 5717 1048 5786 Codex,
1072 5723 1325 5790 perpetua
1349 5732 1508 5788 poena
1536 5715 1863 5787 constringit.

2169 1955 2330 2012 labiis
2357 1956 2504 2029 quod
2533 1973 2692 2012 aures
2718 1973 2829 2012 non
2859 1957 3070 2029 polluat
3098 1957 3393 2015 audientis.
3437 1959 3614 2016 Mores
3655 1959 3781 2015 ho—

2168 2046 2336 2104 minis
2367 2048 2484 2120 (26)
2517 2048 2706 2120 lingua
2735 2047 2944 2121 pandit,
2977 2058 3034 2106 et
3061 2049 3240 2122 qualis
3283 2067 3466 2107 sermo
3511 2052 3780 2109 ostendi—

2167 2144 2276 2206 tur,
2313 2139 2438 2194 talis
2483 2139 2704 2196 animus
2748 2139 3140 2212 comprobatur
3174 2159 3186 2198 :
3235 2165 3254 2190 ‹
3297 2141 3388 2198 Ex
3429 2141 3782 2200 abundantia

2165 2226 2312 2282 enim
2343 2227 2525 2284 cordis
2555 2245 2615 2284 os
2644 2229 2908 2302 loquitur,
2942 2254 2960 2278 ι
3007 2239 3068 2288 ut
3098 2229 3366 2303 scriptum
3417 2241 3498 2289 est
3549 2233 3772 2304 (Matth.

2163 2330 2268 2384 .xn,
2301 2315 2418 2388 34).
2433 2317 2626 2374 Retine
2649 2317 2879 2376 verbum
2899 2321 3048 2392 quod
3068 2337 3182 2376 non
3202 2320 3438 2378 aediﬁcat
3450 2322 3772 2394 audientes,

2165 2402 2294 2474 quia
2341 2405 2436 2476 qui
2479 2405 2717 2462 otiosum
2757 2407 2990 2465 verbum
3035 2424 3148 2464 non
3200 2409 3472 2480 reprimit,
3532 2411 3643 2469 cito
3699 2413 3777 2470 ad

2164 2491 2334 2546 noxia
2364 2492 2561 2550 transit
2601 2495 2744 2568 (27).

2243 2597 2390 2656 489
2419 2603 2473 2660 5.
2504 2605 2582 2659 De
2611 2605 2794 2661 alieno
2819 2605 2965 2660 malo
2993 2621 3054 2661 os
3083 2613 3238 2662 tuum
3269 2621 3381 2662 non
3410 2606 3772 2680 coinquines:

2163 2706 2446 2766 nunquam
2473 2692 2726 2751 detrahas
2757 2693 3022 2766 peccanti,
3051 2692 3146 2750 sed
3173 2693 3407 2750 condole
3443 2713 3454 2752 :
3506 2697 3657 2770 quod
3711 2697 3776 2755 in

2161 2779 2287 2836 aliis
2329 2780 2594 2851 detrahis,
2645 2782 2704 2838 in
2751 2791 2802 2838 te
2851 2782 3036 2854 potius
3081 2781 3426 2854 pertimesce.
3467 2785 3772 2858 Nunquam

2162 2871 2406 2942 profecto
2455 2871 2726 2941 detrahes,
2774 2871 2818 2927 si
2876 2880 2929 2928 te
2977 2871 3160 2944 ipsum
3205 2872 3346 2930 bene
3394 2877 3770 2948 perspexeris.

2161 2958 2396 3016 Tantum
2433 2977 2564 3016 cura
2588 2960 2858 3033 corrigere
2887 2960 3058 3017 vitam
3089 2969 3264 3030 tuam,
3313 2971 3580 3036 quantum
3622 2981 3775 3037 pro-

2157 3047 2324 3118 spicis
2347 3048 2602 3105 alienam.
2633 3049 2738 3104 Per
2765 3049 2973 3106 nullam
3010 3049 3284 3107 fallaciam
3310 3051 3485 3107 vitam
3519 3051 3772 3124 alicujus

2160 3134 2442 3193 defendas.

2237 3236 2289 3292 6.
2313 3237 2424 3292 Nec
2460 3236 2634 3307 plaga,
2667 3250 2770 3292 nec
2798 3250 2947 3291 mors
2976 3243 3029 3292 te
3057 3235 3311 3302 terrebit,
3343 3235 3391 3292 si
3421 3237 3558 3294 bene
3587 3245 3642 3293 et
3667 3239 3770 3310 pie

2156 3323 2384 3380 vixeris.
2417 3324 2718 3382 Curiositas
2748 3325 3056 3398 periculosa
3092 3327 3448 3400 praesumptio
3485 3335 3584 3384 est.
3625 3329 3768 3387 Plus

2156 3410 2324 3484 dilige
2353 3411 2544 3469 audire
2589 3430 2752 3486 quam
2798 3413 3016 3471 dicere:
3069 3416 3193 3487 plus
3229 3415 3537 3472 auscultare
3585 3431 3766 3488 quam

2157 3500 2327 3572 loqui.
2357 3501 2464 3568 Qui
2501 3501 2842 3575 obtemperat
2870 3503 2926 3558 in
2963 3503 3126 3572 malo,
3175 3503 3374 3560 similis
3419 3510 3501 3559 est
3535 3503 3608 3572 ei,
3658 3505 3766 3576 qui

2156 3588 2290 3646 facit
2317 3591 2544 3647 malum.
2589 3592 2902 3649 Facientem
2933 3600 2987 3649 et
3017 3591 3408 3665 obsequentem
3453 3609 3550 3664 par
3582 3595 3764 3665 poeni-

2156 3678 2329 3735 tentia
2357 3681 2686 3752 constringit
2726 3681 2866 3754 (28).
2909 3680 3192 3754 Quidquid
3219 3681 3352 3738 boni
3381 3697 3507 3738 cum
3537 3680 3767 3738 discre-

2155 3767 2304 3824 tione
2333 3769 2546 3838 feceris,
2578 3769 2756 3826 virtus
2782 3777 2866 3826 est
2897 3787 2909 3826 :
2951 3770 3138 3827 virtus
3166 3787 3298 3827 vero
3327 3769 3622 3827 indiscreta
3654 3785 3766 3843 pro

2153 3857 2294 3913 vitio
2325 3857 2638 3930 deputatur.

2226 3956 2276 4011 7.
2305 3955 2704 4012 Testimonium
2747 3963 2900 4010 tuum
2933 3955 3076 4010 nulli
3106 3963 3301 4012 noceat
3334 3973 3346 4012 :
3399 3972 3578 4012 sermo
3626 3963 3766 4014 tuus

2153 4059 2265 4098 non
2295 4043 2366 4100 sit
2397 4043 2865 4116 reprehensibilis,
2898 4043 2992 4099 sed
3019 4042 3088 4099 ab
3118 4043 3376 4100 omnibus
3425 4043 3498 4099 sit
3544 4059 3762 4118 accep-

2152 4141 2240 4190 tus
2271 4141 2433 4205 atque
2463 4132 2774 4189 laudabilis.
2805 4131 3024 4188 Nullius
3045 4148 3288 4204 personas
3309 4133 3512 4189 affectu
3539 4149 3571 4188 a
3601 4144 3764 4193 recto

2146 4221 2362 4294 judicio
2391 4219 2716 4288 deﬂectaris,
2748 4236 2816 4276 an
2848 4219 3025 4288 dives,
3055 4236 3124 4275 an
3156 4236 3360 4293 pauper
3390 4221 3490 4290 sit;
3528 4239 3760 4282 causam

2153 4309 2386 4382 respice,
2416 4325 2532 4365 non
2570 4323 2878 4380 personam.
2923 4309 3204 4366 Justitiam
3251 4326 3350 4382 pro
3393 4311 3510 4368 sola
3551 4321 3763 4371 aeterna

2155 4397 2518 4454 retributione
2563 4396 2870 4464 distribue;
2918 4397 3014 4470 qui
3061 4397 3210 4453 enim
3266 4399 3554 4471 praesentia
3604 4401 3761 4458 dona

2153 4489 2388 4558 affectat,
2419 4488 2659 4544 futuram
2692 4487 2922 4559 gloriam
2951 4505 3064 4544 non
3089 4489 3306 4562 quaerit,
3339 4489 3425 4544 vel
3457 4499 3655 4562 sperat.
3685 4492 3760 4548 In

2071 4577 2120 4636 D
2146 4577 2362 4650 judicio
2390 4594 2670 4652 nunquam
2691 4577 3124 4635 misericordiam
3143 4578 3390 4636 deseras:
3423 4579 3594 4652 impia
3624 4581 3761 4655 (29)

2149 4667 2370 4742 justitia
2399 4675 2480 4724 est
2510 4667 2766 4724 humanm
2795 4667 3082 4740 fragilitati
3124 4683 3236 4724 non
3279 4667 3576 4740 ignoscere.
3619 4671 3757 4728 Nul-

2155 4747 2274 4815 lum.
2337 4765 2464 4814 ante
2510 4758 2784 4830 judicium
2837 4757 3168 4815 condemnes
3209 4775 3222 4814 :
3273 4759 3490 4815 nullum
3533 4758 3760 4831 judices

2155 4849 2486 4922 suspicionis
2501 4849 2748 4905 arbitrio.

2223 4948 2279 5005 8.
2317 4948 2462 5006 Cave
2517 4947 2775 5015 honores,
2831 4962 2968 5019 quos
3018 4954 3202 5002 tenere
3251 4947 3372 5004 sine
3422 4948 3585 5020 culpa
3636 4965 3756 5008 non

2156 5047 2332 5111 potes.
2363 5036 2688 5094 Sublimitas
2725 5035 2998 5092 honorum
3041 5035 3160 5092 sine
3189 5052 3352 5093 onere
3397 5037 3606 5108 peccati
3650 5039 3756 5096 vix

2155 5134 2416 5195 tenetur;
2451 5126 2574 5182 ideo
2595 5125 2732 5182 dicit
2759 5125 3059 5198 Apostolus
3091 5142 3102 5181 :
3149 5150 3166 5172 ε
3201 5126 3314 5182 Nec
3351 5133 3654 5198 quaerentes
3683 5128 3756 5185 ab

2156 5217 2476 5274 hominibus
2502 5217 2732 5290 gloriam
2761 5217 2819 5289 (Ι
2850 5216 3029 5273 Thess.
3057 5233 3116 5284 ιι,
3150 5215 3208 5287 6)
3245 5233 3257 5272 :
3289 5214 3350 5271 in
3375 5214 3571 5288 majori
3599 5217 3752 5274 enim

2153 5308 2326 5380 gradu
2360 5307 2478 5380 (30)
2521 5306 2696 5378 major
2737 5306 2856 5363 sine
2889 5303 3062 5362 dubio
3103 5305 3264 5379 culpa
3290 5311 3409 5363 est:
3439 5304 3538 5380 qui
3566 5305 3755 5364 minor

2151 5409 2252 5470 est,
2287 5399 2462 5455 veniae
2490 5397 2778 5471 proximus
2803 5404 2903 5454 est.

2226 5569 2342 5642 (29)
2367 5570 2556 5629 Codex
2579 5570 2735 5642 Reg,
2767 5569 2936 5642 impia
2962 5581 3105 5642 mens
3123 5573 3215 5628 est,
3245 5575 3350 5625 etc.

2227 5640 2342 5715 (30)
2375 5643 2522 5699 Idem
2552 5640 2680 5715 cod;
2709 5641 3036 5715 sublimatus
3075 5640 3324 5697 honorem
3362 5641 3622 5715 agnitum
3651 5649 3749 5714 est,

2151 5712 2396 5772 scelerum
2430 5731 2448 5771 :
2474 5715 2532 5770 in
2563 5712 2760 5785 majori
2785 5713 2981 5786 gradu,
3007 5719 3118 5770 etc.
