3970 6380
248 438 361 496 829

1559 435 2042 494 PRECATIONES
2075 437 2244 494 DUIE
2255 481 2268 493 .

3442 437 3550 496 830

323 576 378 631 9.
420 574 618 631 Nullus
656 574 776 630 sine
822 574 1033 647 peccati
1064 573 1311 645 periculo
1345 581 1583 629 terrenas
1618 590 1702 630 res
1733 573 1849 647 (31)
1882 578 1932 636 Α
2036 574 2120 630 10.
2162 548 2639 631 Omnibustribue
2673 593 2684 632 :
2735 591 2845 631 non
2874 576 3043 647 eligas
3070 576 3160 632 cui
3199 577 3546 646 miserearis;

249 662 638 720 administrat:
675 661 835 718 valde
864 678 1049 718 rarum
1080 671 1181 730 est,
1212 669 1274 717 ut
1301 662 1395 735 qui
1424 661 1649 719 divitias
1681 663 1848 734 possi-

250 751 346 807 det
375 750 442 806 ad
471 751 716 823 requiem
738 751 946 807 tendat.
982 751 1135 807 Unde
1164 751 1428 822 scriptum
1460 759 1539 806 est
1564 768 1575 805 :
1623 774 1641 796 ‹
1672 752 1846 805 Amen

253 840 381 896 dico
426 839 587 895 vobis
620 840 768 912 quod
807 840 965 896 dives
993 840 1218 897 difficile
1263 839 1491 895 intrabit
1530 839 1587 895 in
1620 856 1847 911 regnum

248 914 516 985 ccelorum
562 929 776 1000 (Matth.
811 945 933 994 XIX,
963 928 1081 999 23).
1116 953 1133 975 ι
1195 928 1301 995 Qui
1339 929 1486 985 curis
1530 930 1760 985 terrenis
1790 946 1846 986 se

248 1014 520 1088 implicat,
557 1032 589 1071 a
627 1015 866 1072 Domino
905 1033 960 1072 se
1012 1025 1225 1087 separat
1274 1017 1414 1089 (32).
1465 1017 1636 1072 Nemo
1666 1025 1845 1088 potest

249 1105 505 1176 amplecti
546 1104 644 1160 Dei
687 1106 917 1177 gratiam
964 1107 1132 1161 simul
1164 1115 1219 1163 et
1245 1106 1453 1164 saeculi.
1499 1106 1733 1164 Difficile
1764 1116 1846 1164 est

247 1194 562 1251 coelestibus
579 1202 633 1250 et
648 1195 1036 1254 terreniscuris
1047 1196 1213 1251 simul
1229 1195 1499 1252 insistere.
1515 1197 1692 1253 Difﬁci
1704 1199 1750 1253 le
1763 1206 1844 1254 est

246 1285 424 1340 Deum
456 1284 623 1339 simul
655 1292 709 1340 et
742 1284 1010 1340 mundum
1055 1284 1302 1357 diligere.
1353 1286 1490 1341 Toto
1535 1287 1721 1342 animo
1750 1286 1843 1342 odi

248 1384 305 1430 et
331 1375 530 1431 damna
562 1375 711 1447 quod
746 1376 930 1448 diligit
958 1378 1216 1433 mundus.
1250 1378 1530 1452 Tanquam
1571 1388 1840 1446 mortuus,

246 1480 279 1520 a
309 1463 429 1519 labe
457 1471 511 1519 et
539 1463 737 1520 affectu
778 1463 936 1520 istius
969 1466 1163 1521 mundi
1208 1474 1260 1522 te
1287 1484 1477 1539 separa
1512 1486 1524 1524 :
1579 1468 1720 1524 sicut
1750 1484 1845 1523 se—

248 1553 457 1625 pultus,
501 1553 709 1608 nullam
744 1551 944 1609 habeas
976 1570 1163 1610 curam
1203 1555 1270 1610 de
1300 1555 1406 1612 hoc
1431 1558 1632 1612 saeculo
1664 1575 1677 1612 :
1715 1566 1844 1613 tan-

246 1657 411 1714 quam
441 1641 756 1709 defunctus,
788 1642 857 1697 ab
888 1643 1041 1698 omni
1070 1651 1288 1700 terreno
1318 1655 1369 1701 te
1414 1648 1572 1718 priva
1600 1648 1839 1719 negotio.

248 1729 548 1788 Contemne
581 1730 771 1786 vivens
806 1746 925 1803 quae
953 1739 1075 1804 post
1120 1740 1350 1789 mortem
1382 1733 1582 1791 habere
1610 1752 1722 1791 non
1752 1753 1843 1809 po-

247 1819 398 1875 teris.

319 1986 434 2055 (31)
468 1986 668 2058 Regius
695 1987 890 2055 codex,
920 1986 1030 2042 sine
1053 1994 1260 2058 peccato
1300 1994 1535 2043 terrenas
1564 2005 1666 2055 res,
1698 1997 1801 2044 etc.

321 2058 437 2130 (32)
475 2059 631 2113 Rom.
665 2059 823 2124 edit.,
857 2059 922 2114 ab
949 2076 1005 2113 eo
1037 2065 1083 2112 te
1108 2060 1506 2130 separa.Minus
1535 2059 1838 2115 commode.

324 2128 439 2201 (3d)
474 2130 677 2184 Eadem
725 2130 858 2185 edit.
906 2128 1169 2186 Omnibus
1206 2137 1249 2185 te
1285 2131 1569 2187 tribue.....
1615 2148 1677 2185 ne
1704 2131 1843 2201 forte

244 2199 510 2270 pra/eras
540 2201 713 2269 illum,
745 2209 849 2256 etc.

328 2270 444 2341 (34)
486 2272 564 2327 De
606 2272 687 2327 his
732 2273 967 2341 dicitur;
1028 2272 1146 2330 hac
1198 2272 1363 2329 verba
1414 2289 1541 2329 cum
1595 2271 1842 2345 subjecto

1874 1931 1921 1991 B

1957 677 2027 718 ne
2057 662 2199 718 forte
2229 671 2513 734 praetereas
2546 663 2704 720 illum
2731 663 2846 735 (35)
2872 664 2966 737 qui
3000 672 3240 719 meretur
3266 664 3545 736 accipere:

1958 749 2229 807 incertum
2263 760 2345 807 est
2368 752 2517 807 enim
2549 768 2648 824 pro
2675 769 2784 825 quo
2820 752 3030 824 placeas
3060 751 3232 823 magis
3264 754 3396 808 Deo.
3428 755 3549 809 Non

1956 841 2173 897 auferas
2206 842 2301 897 uni
2347 842 2492 898 unde
2536 842 2746 898 tribuas
2784 843 2980 910 alteri;
3036 859 3104 898 ne
3150 844 3331 899 alieno
3370 847 3549 917 spolio

1957 931 2365 987 misericordem
2421 941 2473 988 te
2525 931 2782 988 ostendas
2826 949 2838 986 :
2886 932 3217 989 condemnat
3264 932 3543 990 miseratio

1956 1016 2081 1085 ista,
2110 1033 2223 1072 non
2252 1019 2489 1089 proficit.

2028 1114 2112 1169 11.
2155 1115 2369 1171 Bonum
2423 1116 2569 1189 quod
2620 1117 2774 1182 facis,
2836 1116 3248 1185 misericordiae,
3308 1133 3418 1173 non
3466 1116 3548 1189 ja-

1953 1203 2173 1260 ctantize
2201 1221 2362 1261 causa
2395 1205 2561 1262 facias
2587 1225 2600 1267 ;
2652 1207 2696 1261 si
2727 1207 2873 1262 enim
2905 1207 2997 1262 hic
3027 1209 3145 1263 laus
3173 1208 3457 1279 quaeritur,
3489 1207 3546 1263 in

1954 1292 2093 1347 cmlo
2147 1295 2517 1349 remuneratio
2566 1294 2860 1350 amittitur.
2911 1297 2987 1351 De
3029 1295 3116 1350 his
3157 1295 3364 1351 dicitur
3394 1296 3542 1368 (3’1):

1968 1404 1987 1426 σ
2017 1384 2191 1437 Amen
2241 1381 2366 1438 dico
2414 1382 2590 1449 vobis,
2651 1392 2972 1454 receperunt
3028 1384 3332 1440 mercedem
3389 1401 3542 1440 suam

1957 1468 2167 1539 (Matth.
2199 1488 2278 1536 vr,
2300 1471 2379 1543 2).
2408 1497 2426 1520 ι
2466 1472 2636 1527 Justis
2663 1472 2719 1527 in
2744 1475 2903 1542 cmlo,
2936 1490 3047 1528 non
3078 1473 3135 1528 in
3165 1481 3310 1529 terra
3339 1489 3545 1529 merces

1954 1559 2318 1629 promittitur.

2027 1656 2111 1711 l2.
2155 1657 2292 1729 Lege
2340 1659 2485 1731 quod
2528 1659 2876 1731 scripserim;
2924 1668 2977 1715 et
3008 1659 3133 1715 vide
3177 1677 3245 1717 ne
3292 1660 3438 1733 quod
3469 1661 3541 1717 le-

1954 1744 2128 1816 gendo
2159 1746 2397 1815 miraris,
2428 1748 2671 1804 vivendo
2697 1757 3040 1805 contemnas.
3071 1749 3226 1817 Vale,
3254 1758 3307 1805 et
3331 1765 3433 1805 nos
3462 1748 3543 1805 di-

1955 1833 2079 1906 lige,
2114 1836 2246 1908 quia
2274 1843 2330 1891 te
2359 1844 2420 1892 ut
2452 1836 2632 1892 ﬁlium
2667 1853 2769 1893 nos
2794 1837 3097 1910 diligimus.

1950 1996 2191 2073 Matthzei
2239 1998 2360 2054 loco
2398 1997 2456 2073 in
2505 2000 2635 2070 Reg.
2681 2000 2803 2073 cod.
2840 1999 3232 2073 desiderantur
3265 2017 3280 2073 ε
3328 2000 3385 2073 in
3415 2017 3544 2073 quo

1949 2067 2114 2142 etiam
2166 2078 2286 2142 post
2331 2069 2560 2125 verbum
2592 2067 2939 2142 'promittitur
2981 2071 3211 2142 epistola
3251 2067 3541 2127 desinit-in

1949 2136 2098 2212 hunc
2129 2136 2355 2212 modum
2388 2159 2399 2197 :
2464 2142 2587 2198 Vide
2608 2136 2854 2211 quisquis
2891 2143 2983 2195 hoc
3015 2136 3161 2212 legis,
3210 2159 3273 2195 ne
3301 2143 3442 2212 quod
3474 2144 3541 2197 le-

1946 2210 2109 2279 gendo
2138 2211 2373 2282 respicis,
2420 2210 2642 2268 vivendo
2667 2210 2983 2269 contemnas.
3018 2210 3161 2268 Laus
3190 2210 3325 2269 Deo:
3352 2214 3538 2270 Amen.

1626 2558 2153 2633 MONITUM.

314 2919 613 2990 Sequentes
640 2918 761 2975 duze
793 2920 1130 2992 precationes
1160 2920 1217 2976 in
1248 2920 1505 2976 omnibus
1536 2919 1755 2993 quidem
1778 2918 2164 2975 Ambrosianis
2190 2915 2536 2973 editionibus
2558 2915 2991 2987 reperiebantur:
3016 2913 3107 2969 sed
3129 2915 3332 2986 scripta
3350 2932 3535 2974 earum

241 3008 578 3078 exemplaria
606 3025 702 3080 per
744 3025 907 3082 quam
950 3027 1071 3066 rara
1099 3019 1247 3078 sunt,
1287 3018 1341 3065 et
1373 3011 1603 3065 inventu
1638 3008 1906 3065 difﬁcilia.
1951 3007 2118 3063 Nobis
2148 3006 2415 3079 profecto,
2474 3005 2668 3060 forulis
2706 3005 3043 3061 nobiliorum
3077 3005 3534 3061 bibliothecarum

236 3112 346 3152 non
379 3096 734 3168 indiligenter
776 3100 1143 3170 perlustratis,
1192 3100 1625 3171 manuscriptum
1674 3100 1872 3172 prioris
1914 3096 2180 3163 orationis
2231 3094 2477 3163 nullum,
2523 3093 2842 3165 posterioris
2890 3110 3020 3149 vero
3066 3102 3279 3168 tantum
3312 3094 3536 3151 unicum

235 3183 484 3256 detegere
514 3185 692 3241 licuit.
725 3185 884 3253 Quod
930 3194 1311 3258 argumentum
1344 3196 1425 3244 est
1450 3187 1598 3243 haud
1624 3187 1897 3244 mediocre
1929 3186 2055 3241 illos
2084 3202 2114 3239 a
2144 3183 2355 3256 quibus
2389 3184 2534 3238 inter
2578 3182 2855 3238 Ambrosii
2902 3183 3079 3254 Opera
3109 3183 3346 3255 primum
3378 3183 3539 3238 editae

235 3282 387 3341 sunt,
422 3289 532 3329 non
564 3273 933 3347 frequentium
960 3276 1357 3348 exemplarium
1382 3276 1706 3332 auctoritate
1727 3276 1830 3333 niti
1862 3274 2119 3348 potuisse.
2153 3274 2272 3329 Non
2303 3272 2511 3327 mirum
2542 3272 2711 3343 igitur
2743 3271 2785 3326 si
2810 3288 2841 3326 a
2859 3270 3144 3344 judicibus
3169 3271 3540 3344 sagacioribus

236 3370 466 3436 utraque
492 3372 682 3436 partus
709 3365 1006 3421 adulterini
1038 3366 1159 3422 loco
1189 3365 1376 3422 habita
1405 3366 1609 3433 fuerit;
1642 3367 1856 3423 etiamsi
1886 3365 2028 3422 enim
2065 3363 2240 3435 prima
2267 3379 2379 3418 non
2401 3363 2590 3433 paucis
2618 3364 2733 3418 Doc
2746 3370 2863 3418 tore
2895 3372 3083 3419 nostro
3109 3362 3226 3418 visa
3250 3363 3323 3417 sit
3351 3363 3535 3435 digna,

236 3456 419 3506 tamen
453 3452 717 3507 attentius
765 3453 1137 3509 consideranti
1185 3461 1239 3509 et
1279 3453 1395 3525 ejus
1425 3456 1603 3527 stylus
1634 3455 1702 3510 ab
1748 3453 2112 3510 Ambrosiano
2143 3454 2367 3525 paulum
2416 3453 2696 3521 diversus,
2739 3462 2792 3508 et
2821 3451 2878 3506 in
2908 3469 2971 3507 ea
3006 3452 3160 3509 citati
3210 3468 3278 3507 ex
3309 3452 3538 3525 antiquo

236 3540 439 3596 foedere
468 3540 573 3596 loci
602 3542 859 3596 nonnulli
889 3558 1014 3598 cum
1045 3543 1197 3598 LXX
1227 3545 1476 3600 versione
1500 3561 1610 3599 non
1633 3560 1933 3616 congruere
1955 3542 2460 3615 deprehenduntur.
2503 3541 2661 3608 Quod
2688 3558 2817 3597 vero
2844 3542 3043 3598 attinet
3070 3542 3137 3597 ad
3158 3543 3534 3613 posteriorem,

239 3628 294 3684 in
323 3646 385 3684 ea
414 3629 709 3701 rejicienda
740 3631 921 3686 minor
948 3638 1030 3686 est
1058 3631 1390 3699 difficultas;
1442 3632 1642 3705 quippe
1673 3650 1812 3705 quas,
1849 3633 1973 3687 licet
2003 3648 2112 3686 non
2145 3631 2458 3703 inelegans,
2504 3629 2880 3686 Ambrosianae
2911 3630 3194 3702 gravitatis
3237 3632 3334 3685 vix
3366 3630 3538 3703 quid-

234 3734 397 3791 quam
432 3735 539 3791 prze
569 3735 626 3774 se
652 3720 807 3776 ferat.
832 3722 966 3775 Eam
997 3728 1178 3776 autem
1200 3720 1268 3776 ad
1287 3721 1530 3777 codicem
1556 3723 1957 3779 Floriacensem
1982 3739 2254 3778 annorum
2285 3722 2514 3778 circiter
2536 3723 2636 3780 700
2661 3729 2930 3790 exactam,
2957 3723 3130 3778 multo
3152 3738 3314 3794 quam
3338 3725 3533 3793 fuerat,

234 3809 665 3867 emendatiorem
696 3809 1040 3867 exhibemus.
1075 3810 1343 3869 Caeterum
1368 3812 1528 3869 nobis
1555 3813 1783 3868 minizne
1814 3815 2006 3886 placet,
2042 3813 2188 3885 quod
2219 3813 2564 3885 Theophilus
2594 3813 2910 3870 Reinaudus
2938 3822 3227 3886 utramque
3252 3819 3538 3885 eapropter

234 3897 627 3953 Mediolanensi
673 3898 931 3970 episcopo
960 3898 1249 3970 ascriptam
1281 3909 1454 3972 putat,
1504 3902 1633 3973 quia
1665 3901 2005 3958 characteres
2048 3901 2101 3957 S.
2136 3902 2203 3956 A.
2235 3900 2438 3957 eisdem
2472 3902 2816 3957 orationibus
2844 3902 2908 3956 in
2939 3900 3319 3972 manuscripto
3349 3901 3535 3973 aliquo

235 3995 567 4060 praenotatos
596 3987 663 4043 de
691 3996 881 4045 sancto
909 3988 1205 4044 Ambrosio
1248 3989 1517 4062 quispiam
1562 3990 1952 4062 interpretatus
1996 3992 2089 4060 sit,
2137 4007 2263 4048 cum
2297 4008 2392 4063 per
2426 3992 2554 4047 illos
2580 4000 2803 4047 sanctus
2849 3991 3144 4045 Anselmus
3175 3989 3530 4046 indicaretur-

232 4077 534 4134 Enimvero
564 4086 625 4134 ut
645 4078 752 4135 alia
781 4078 1132 4152 quadrarent,
1163 4077 1400 4135 nimium
1430 4080 1595 4136 unius
1623 4080 1764 4136 ratio
1791 4080 2021 4137 dissidet
2049 4080 2117 4136 ab
2145 4081 2334 4149 altera,
2367 4096 2533 4154 quam
2566 4088 2627 4137 ut
2655 4080 2941 4136 ambarum
2973 4079 3229 4136 eumdem
3254 4085 3530 4135 auctorem

232 4166 402 4223 fuisse
425 4168 774 4225 arbitremur.

1015 4438 2193 4610 PRECATIONES
2338 4464 2721 4613 DU/E

635 4717 1362 4805 HACTENUS
1445 4720 2151 4806 AMBROSIO
2243 4716 3105 4803 ATTRIBUT/E.

704 5039 1053 5098 PRECATIO
1089 5039 1329 5098 PRIMA.

592 5128 661 5183 In
691 5126 1083 5197 praeparatione
1119 5127 1191 5182 ad
1226 5128 1466 5186 Missam.

1861 5040 1906 5101 C
1941 5037 2173 5094 moriam
2219 5035 2431 5094 facietis
2479 5035 2544 5103 (Ι
2573 5033 2699 5091 Cor.
2739 5049 2821 5103 xi,
2862 5032 2994 5105 25);
3050 5050 3181 5107 rogo
3218 5048 3314 5107 per
3367 5040 3526 5092 tuum

1932 5124 2249 5198 sanguinem
2283 5122 2602 5196 pretiosum,
2637 5138 2896 5195 magnum
2939 5122 3131 5179 salutis
3163 5130 3361 5179 nostrae
3405 5138 3523 5195 pre-

307 5218 357 5272 1.
394 5216 618 5273 Summe
647 5214 896 5273 sacerdos
926 5222 979 5272 et
1010 5232 1135 5271 vere
1165 5216 1414 5287 pontifex
1435 5216 1561 5274 Jesu
1584 5215 1821 5285 Christe,

232 5305 330 5380 qui
372 5314 425 5362 te
453 5305 705 5363 obtulisti
749 5307 863 5362 Deo
910 5304 1058 5361 Patri
1101 5306 1159 5362 in
1210 5322 1305 5363 ara
1357 5308 1537 5365 crucis
1585 5307 1821 5364 hostiam

234 5411 425 5466 puram
468 5402 521 5451 et
549 5394 959 5450 immaculatam
1001 5411 1100 5467 pro
1144 5394 1305 5452 nobis
1336 5396 1550 5452 miseris
1578 5404 1820 5468 peccato-

234 5485 406 5552 ribus,
457 5491 511 5540 et
554 5483 649 5557 qui
692 5483 894 5540 dedisti
938 5482 1100 5539 nobis
1128 5500 1348 5542 carnem
1378 5492 1529 5542 tuam
1561 5485 1627 5541 ad
1655 5501 1824 5541 man-

234 5573 568 5641 ducandum,
620 5582 674 5629 et
730 5574 1052 5647 sanguinem
1108 5583 1256 5631 tuam
1288 5574 1357 5632 ad
1384 5575 1709 5645 bibendum,
1768 5584 1823 5633 et

235 5661 464 5734 posuisti
506 5662 830 5734 mysterium
863 5663 921 5719 in
958 5664 1166 5722 virtute
1208 5666 1446 5738 Spiritus
1492 5668 1689 5736 sancti,
1723 5668 1821 5724 di-

235 5768 363 5811 cens
395 5770 407 5809 :
454 5776 473 5800 ι
504 5754 633 5811 Haec
658 5754 1111 5832 quotiescumque
1153 5756 1415 5829 feceritis,
1470 5757 1528 5816 in
1558 5759 1666 5816 mei
1710 5776 1820 5819 me-

1930 5216 2072 5272 tium
2105 5232 2117 5270 :
2162 5230 2291 5287 rogo
2318 5229 2414 5286 per
2437 5212 2578 5269 hanc
2607 5213 2803 5268 miram
2828 5220 2881 5270 et
2908 5211 3242 5269 ineffabilem
3273 5212 3525 5269 charita-

1932 5314 2063 5375 tem,
2108 5323 2214 5380 qua
2245 5323 2344 5362 nos
2375 5305 2603 5362 miseros
2632 5314 2686 5362 et
2714 5304 2971 5378 indignos
3005 5306 3083 5362 sic
3111 5322 3291 5360 amare
3318 5303 3524 5378 digna-

1930 5404 2020 5453 tus
2056 5413 2137 5465 es,
2191 5404 2253 5452 ut
2294 5396 2505 5451 lavares
2553 5411 2653 5451 nos
2699 5412 2731 5451 a
2774 5394 3014 5468 peccatis
3054 5393 3256 5451 nostris
3301 5392 3359 5450 in
3402 5410 3524 5450 san-

1931 5494 2095 5568 guine
2121 5502 2254 5563 tuo;
2290 5494 2425 5551 doce
2454 5510 2540 5550 me
2568 5510 2788 5550 servum
2817 5501 2974 5549 tuum
3004 5491 3316 5565 indignum,
3358 5508 3521 5565 quem

1929 5583 2075 5640 inter
2101 5592 2296 5641 caetera
2323 5584 2467 5640 dona
2508 5592 2601 5640 tua
2642 5582 2709 5639 ad
2758 5582 2999 5640 officium
3049 5580 3385 5637 sacerdotale
3412 5598 3524 5638 vo-

1928 5689 2049 5730 care
2078 5672 2334 5746 dignatus
2381 5688 2438 5728 es
2463 5672 2634 5728 nullis
2662 5670 2797 5726 meis
2828 5669 3061 5737 meritis,
3121 5669 3215 5726 sed
3249 5672 3365 5727 sola
3390 5669 3522 5742 dig-

1929 5762 2150 5821 natione
2197 5761 2588 5822 misericordiae
2643 5768 2788 5820 tuae:
2848 5759 2983 5821 doce
3025 5775 3132 5831 me,
3182 5775 3384 5835 quaeso,
3425 5756 3522 5835 per
