3970 6370
453 413 552 473 831

1457 416 1555 472 ΑΙ)
1593 413 1828 471 OPEHA
1865 411 1922 469 S.
1961 411 2295 470 AMBROSII
2331 411 2710 468 APPENDIX.

3656 411 3784 470 832

454 543 720 616 Spiritum
751 552 910 601 tuum
937 549 1154 598 tantum
1193 539 1518 612 mysterium
1547 547 1781 596 tractare
1809 554 1872 594 ea
1900 554 2049 594 reve-
2077 540 2128 600 A
2156 546 2221 594 ut
2247 538 2469 593 offeram
2505 537 2609 594 tibi
2645 535 3000 603 sacriﬁcium,
3043 535 3192 618 quod
3242 543 3301 592 tu
3349 537 3673 606 instituisti,
3703 546 3769 595 et

455 631 634 689 rentia
659 638 715 687 et
743 631 974 699 honore,
1010 645 1180 703 eaque
1195 628 1488 686 devotione
1517 638 1570 686 et
1597 629 1822 696 timore,
1849 626 2049 700 quibus

454 729 670 794 oportet
697 728 753 777 et
781 721 954 777 decet.

532 811 679 869 490
716 805 771 862 2.
811 806 920 861 Fac
947 821 1058 873 me,
1102 803 1337 860 Domine
1371 805 1499 860 .lesu
1529 803 1766 872 Christe,
1805 817 1902 874 per
1929 819 2048 876 gra-

454 903 584 960 tiam
626 911 774 959 tuam
815 920 1032 976 semper
1070 902 1214 959 illud
1243 902 1310 958 de
1352 910 1508 959 tanto
1538 903 1804 975 mysterio
1831 903 2050 960 credere

453 1002 508 1049 et
536 993 874 1064 intelligere,
916 993 1122 1048 sentire
1151 1002 1204 1049 et
1233 991 1468 1048 ﬁrmiter
1497 992 1750 1061 retinere,
1786 992 1970 1048 dicere
1996 999 2051 1046 et

455 1081 720 1154 cogitare,
769 1081 918 1156 quod
949 1081 1052 1138 tibi
1083 1082 1281 1154 placet,
1329 1088 1385 1136 et
1415 1072 1638 1152 expedit
1663 1081 1860 1136 anima
1892 1095 2044 1135 mea.

454 1173 633 1229 Intret
662 1172 902 1244 Spiritus
933 1180 1063 1230 tuus
1091 1173 1271 1228 bonus
1301 1172 1360 1229 in
1402 1188 1497 1229 cor
1527 1187 1729 1240 meum,
1753 1171 1848 1244 qui
1893 1179 2050 1227 sonet

455 1260 538 1317 ibi
567 1261 686 1317 sine
735 1277 892 1332 sono,
934 1271 988 1318 et
1023 1261 1143 1319 sine
1188 1261 1422 1335 strepitu
1458 1259 1752 1317 verborum
1793 1261 2050 1333 loquatur

455 1365 676 1406 omnem
702 1351 991 1408 veritatem
1021 1361 1300 1409 tantorum
1331 1350 1741 1424 mysteriorum.
1771 1349 2049 1407 Profunda

451 1447 582 1495 sunt
611 1440 804 1510 nimis,
836 1450 891 1498 et
917 1454 1072 1498 sacro
1100 1448 1244 1499 tecta
1270 1441 1564 1498 velamine.

523 1537 575 1592 3.
612 1538 841 1610 Propter
895 1555 1146 1612 magnam
1201 1539 1549 1596 clementiam
1607 1548 1756 1595 tuam
1812 1537 2048 1595 concede

451 1626 592 1682 mihi
623 1627 790 1683 hodie
811 1636 866 1684 et
893 1644 1109 1700 semper
1128 1628 1419 1684 missarum
1441 1629 1706 1684 solemnia
1725 1645 1862 1701 puro
1885 1627 2047 1685 corde

425 1721 504 1772 'et
529 1733 669 1788 pura
703 1727 886 1774 mente
918 1719 1213 1776 celebrare.
1263 1719 1460 1776 Libera
1503 1735 1600 1776 cor
1641 1735 1822 1775 meum
1852 1718 1922 1774 ab
1947 1718 2046 1774 im-

451 1804 681 1862 mundis
710 1814 765 1862 et
809 1806 1086 1876 nefandis,
1131 1807 1292 1864 vanis
1319 1817 1376 1865 et
1411 1808 1669 1864 obnoxiis
1705 1806 2046 1880 cogitationi-

2157 627 2342 683 oﬂ‘erri
2363 626 2670 700 pracepisti
2692 627 2747 682 in
2763 643 2885 682 com
2894 625 3343 682 memorationem
3362 625 3443 681 tui
3466 643 3567 698 pro
3583 627 3782 682 salute

2157 726 2362 774 nostra.
2413 715 2637 788 Suscipe
2682 733 2810 787 ergo
2856 714 3024 782 istud,
3077 731 3282 786 quaso,
3333 719 3777 785 summe'Deus,

2157 805 2475 863 dulcissime
2501 805 2628 860 Jesu
2658 804 2894 871 Christe,
2935 820 3033 876 pro
3064 803 3314 859 Ecclesia
3347 810 3440 858 tua
3469 814 3683 874 sancta,
3711 813 3780 862 et

2155 913 2256 968 pro
2294 903 2496 952 cuncto
2541 895 2745 968 populo
2789 903 2906 962 tuo,
2953 910 3114 966 quem
3159 893 3446 966 acquisisti
3492 895 3778 966 sanguine

2157 993 2254 1042 tuo
2280 985 2540 1058 pretioso.
2592 985 2664 1040 Et
2708 983 2966 1056 quoniam
3015 1000 3102 1038 me
3153 993 3490 1056 peccatorem
3531 985 3680 1041 inter
3709 994 3777 1042 te

2156 1082 2211 1130 et
2242 1073 2493 1129 eumdem
2542 1073 2812 1146 populum
2867 1072 3108 1128 medium
3157 1088 3276 1128 esse
3326 1074 3576 1144 voluisti,
3627 1075 3776 1132 licet

2155 1165 2215 1221 in
2244 1180 2330 1220 me
2357 1163 2491 1220 boni
2521 1165 2708 1236 operis
2739 1161 3118 1220 testimonium
3152 1179 3264 1218 non
3311 1179 3592 1236 agnoscas,
3638 1165 3770 1222 ofﬁ-

2155 1255 2304 1313 cium
2347 1253 2778 1327 dispensationis
2825 1253 3050 1310 credita
3097 1269 3210 1308 non
3244 1269 3478 1322 recuses,
3529 1271 3633 1312 nec
3662 1271 3774 1327 per

2156 1362 2244 1400 me
2274 1344 2566 1416 indignum
2613 1342 2884 1398 famulum
2923 1349 3080 1396 tuum
3109 1356 3300 1396 eorum
3331 1341 3525 1398 salutis
3571 1350 3774 1414 pereat

2155 1437 2415 1512 pretium,
2439 1453 2538 1510 pro
2569 1435 2772 1509 quibus
2799 1434 3028 1491 victima
3057 1435 3256 1502 factus,
3279 1433 3536 1491 salutaris
3563 1435 3770 1508 digna-

2153 1535 2245 1582 tus
2293 1541 2351 1581 es
2394 1541 2510 1582 esse
2558 1523 2881 1596 redemptio.
2932 1523 3158 1578 Profero
3205 1537 3353 1594 ergo,
3402 1523 3660 1591 Domine,
3713 1524 3770 1580 si

2155 1615 2400 1688 dignaris
2455 1614 2731 1687 propitius
2784 1612 2991 1669 intueri
3046 1611 3434 1668 tribulationes
3482 1611 3764 1684 plebium,

2155 1703 2400 1778 pericula
2427 1704 2782 1776 populorum,
2801 1701 3146 1774 captivorum
3169 1700 3454 1772 gemitum,
3471 1700 3764 1758 miseriam

2154 1793 2550 1866 orphanorum,
2605 1789 2956 1848 necessitates
3012 1790 3446 1862 peregrinorum,
3505 1790 3766 1863 inopiam

451 1893 576 1948 bus,
631 1893 783 1950 Muni
815 1911 902 1950 me
929 1894 1212 1952 beatorum
1245 1897 1561 1968 angelorum
1594 1897 1686 1969 pia
1713 1905 1766 1953 ει
1809 1896 1918 1952 ﬁda
1945 1905 2044 1953 ια..
2075 1903 2121 1965 Β
2155 1883 2445 1952 debilium,
2493 1883 2902 1955 desperationes
2932 1882 3336 1954 languentium,
3381 1881 3629 1939 defectus
3658 1897 3768 1938 se-

449 1983 581 2051 tela,
611 1991 775 2056 atque
807 1983 1108 2040 fortissima
1153 1985 1439 2054 custodia;
1482 1993 1545 2040 ut
1573 1986 1757 2042 hostes
1793 1985 2040 2041 omnium

447 2069 718 2138 bonorum
757 2071 970 2128 confusi
1001 2072 1286 2130 discedant
1325 2089 1422 2145 per
1454 2073 1723 2129 virtutem
1759 2073 1897 2128 tanti
1927 2089 2044 2145 my-

448 2157 624 2224 sterii,
674 2168 728 2216 et
759 2177 856 2233 per
891 2177 1117 2216 manum
1164 2163 1342 2218 sancti
1385 2161 1564 2231 angeli
1607 2161 1712 2218 tui.
1765 2161 1984 2232 Repelle
2012 2177 2045 2216 a

446 2265 554 2317 me,
586 2251 823 2306 Domine
871 2251 1000 2307 Jesu
1031 2249 1270 2319 Christe,
1321 2258 1374 2307 et
1402 2268 1434 2306 a
1474 2249 1690 2308 cunctis
1731 2250 1904 2305 servis
1932 2248 2042 2304 tuis

444 2336 810 2396 durissimum
859 2339 1118 2412 spiritum
1162 2339 1452 2412 superbia,
1511 2339 1850 2408 cenodoxia,
1899 2338 2040 2394 invi-

443 2425 570 2494 dia,
612 2425 936 2492 iracundia,
987 2425 1372 2484 fornicationis
1417 2435 1471 2483 et
1503 2426 1894 2492 immunditia,
1942 2425 2039 2482 du-

443 2513 664 2570 bietatis
693 2521 748 2571 et
771 2514 1148 2588 blasphemia.
1173 2515 1597 2574 Confundantur
1615 2517 1711 2590 qui
1739 2533 1840 2572 nos
1865 2531 2038 2588 perse-

444 2609 713 2673 quuntur,
745 2610 968 2675 pereant
1021 2603 1104 2658 illi
1143 2604 1238 2677 qui
1279 2613 1478 2660 cuncta
1504 2605 1728 2676 perdere
1754 2603 2036 2660 festinant.

445 2690 563 2746 Rex
590 2689 885 2758 virtutum,
919 2691 1192 2750 castitatis
1220 2700 1275 2749 et
1303 2693 1634 2766 integritatis
1662 2703 1873 2750 amator
1893 2698 2032 2756 491

441 2786 609 2856 Deus,
647 2789 855 2846 calesti
903 2806 1026 2846 rore
1058 2789 1459 2848 benedictionis
1495 2798 1604 2847 tua
1649 2791 1938 2865 exstingue
1978 2791 2038 2848 in

440 2892 673 2948 corpore
703 2894 826 2934 meo
854 2887 1030 2935 totum
1054 2880 1326 2938 fomitem
1353 2879 1636 2937 ardentem
1677 2879 1948 2948 libidinis,
1976 2889 2038 2938 ut

442 2975 662 3022 maneat
689 2965 747 3020 in
777 2983 865 3022 me
893 2976 1052 3024 tenor
1087 2969 1258 3025 totius
1302 2969 1570 3026 castitatis
1613 2969 1810 3026 anima
1841 2977 1895 3026 et
1921 2986 2035 3026 cor-

441 3054 618 3126 poris.
673 3055 944 3112 Mortiﬁca
990 3056 1049 3111 in
1096 3073 1183 3114 me
1213 3059 1396 3114 carnis
1441 3058 1716 3126 stimulos,
1755 3067 1809 3114 et
1846 3074 2036 3136 omnes

439 3140 694 3196 libidinis
722 3144 1141 3212 commotiones,
1175 3153 1229 3200 et
1255 3145 1325 3201 da
1355 3144 1496 3200 mihi
1538 3161 1723 3202 veram
1755 3155 1808 3202 et
1835 3162 2036 3219 perpe-

444 3241 594 3289 tuam
624 3233 929 3290 castitatem
981 3251 1107 3291 cum
1149 3235 1359 3292 cateris
1398 3235 1560 3292 donis
1588 3237 1720 3305 tuis,
1769 3254 1891 3310 qua
1931 3235 2033 3292 tibi

445 3321 698 3394 placeant
738 3323 794 3378 in
841 3323 1111 3386 veritate;
1167 3331 1229 3382 ut
1273 3323 1604 3382 sacrificium
1652 3324 1832 3381 laudis
1879 3331 2027 3381 casto

435 3427 666 3486 corpore
691 3420 746 3470 et
775 3413 983 3470 mundo
1011 3414 1174 3472 corde
1203 3416 1412 3472 valeam
1439 3414 1542 3471 tibi
1573 3415 1786 3471 oﬁ‘erre.

507 3511 561 3570 4.
602 3513 816 3581 Quanta
869 3515 1040 3585 enim,
1095 3516 1330 3574 Domine
1383 3516 1510 3572 Jesu
1561 3515 1799 3586 Christe,
1848 3515 2028 3574 cordis

433 3601 793 3672 contritione,
815 3611 870 3660 et
899 3605 1268 3678 lacrymarum
1289 3605 1462 3675 fonte,
1492 3615 1696 3680 quanta
1722 3605 2031 3662 reverentia

435 3697 491 3747 et
514 3699 776 3759 tremore,
801 3700 1006 3764 quanta
1025 3695 1270 3768 corporis
1299 3695 1572 3765 castitate,
1601 3703 1656 3752 et
1679 3695 1852 3752 animi
1880 3695 2028 3768 puri-

435 3785 546 3836 tate
581 3779 731 3836 istud
761 3779 1018 3838 divinum
1064 3791 1118 3839 et
1159 3785 1378 3840 caeleste
1417 3784 1748 3843 sacriﬁcium
1779 3792 1861 3842 est
1885 3787 2028 3842 cele-

435 3867 747 3940 brandum;
799 3871 896 3928 ubi
933 3889 1062 3929 caro
1105 3880 1202 3929 tua
1247 3873 1306 3928 in
1351 3875 1585 3932 veritate
1621 3875 1879 3945 sumitur,
1929 3875 2029 3932 ubi

435 3959 656 4032 sanguis
688 3968 816 4018 tuus
847 3961 907 4019 in
947 3963 1178 4021 veritate
1220 3964 1451 4034 bibitur,
1501 3965 1597 4022 ubi
1641 3983 1856 4023 summa
1900 3967 2029 4024 imis

435 4055 740 4120 unguntur,
775 4051 872 4108 ubi
923 4053 1074 4110 adest
1117 4055 1408 4126 prasentia
1447 4064 1762 4112 sanctorum
1803 4057 2026 4127 angelo-

433 4155 582 4210 rum,
601 4143 698 4198 ubi
726 4151 787 4199 tu
816 4161 872 4200 es
900 4145 1154 4202 sacerdos
1181 4155 1235 4202 et
1263 4145 1597 4203 sacriﬁcium
1627 4146 1956 4203 mirabiliter
1974 4157 2028 4203 et

434 4229 790 4288 ineffabiliter
817 4235 1154 4292 constitutus
1179 4236 1190 4291 l
1243 4235 1378 4302 Quis
1406 4235 1570 4308 digne
1619 4235 1724 4292 hoc
1753 4236 2026 4292 celebrare

436 4321 660 4393 poterit,
685 4322 793 4378 nisi
823 4329 904 4392 tu,
925 4325 1072 4380 Deus
1097 4323 1468 4396 omnipotens,
1489 4324 1806 4382 offerentem
1833 4325 2027 4381 feceris

431 4409 716 4484 dignum?
755 4411 903 4479 Scio,
934 4421 989 4470 et
1019 4429 1146 4469 vere
1179 4413 1316 4482 scio,
1361 4421 1414 4470 et
1456 4413 1636 4486 ipsum
1684 4415 1872 4488 pietati
1916 4423 2024 4472 tua

430 4501 702 4559 conﬁteor
729 4503 859 4576 quia
896 4519 1007 4559 non
1049 4519 1172 4559 sum
1202 4502 1402 4575 dignus
1430 4503 1684 4560 accedere
1711 4503 1780 4560 ad
1811 4513 2026 4578 myste—

433 4589 578 4647 rium
608 4599 826 4648 tantum
855 4600 1077 4666 propter
1097 4592 1268 4648 nimia
1297 4602 1516 4665 peccata
1547 4609 1684 4663 mea,
1707 4603 1760 4650 et
1779 4593 2025 4650 inﬁnitas
2051 4633 2100 4692 Β

430 4681 792 4754 negligentias
835 4699 1000 4740 meas.
1049 4683 1156 4740 Sed
1197 4683 1310 4740 scio
1341 4683 1630 4749 veraciter,
1681 4690 1735 4738 et
1763 4683 1926 4740 credo
1953 4699 2024 4738 ex

431 4779 548 4829 toto
575 4771 738 4830 corde
787 4781 840 4828 et
873 4791 966 4829 ore
1014 4773 1302 4843 conﬁteor,
1353 4773 1482 4846 quia
1519 4779 1673 4845 potes
1724 4787 1810 4828 me
1851 4771 2029 4828 facere

433 4859 694 4934 dignum;
729 4862 825 4936 qui
852 4863 1003 4919 solus
1023 4870 1176 4936 potes
1200 4861 1470 4918 mundum
1495 4862 1672 4918 facere
1698 4861 1764 4917 de
1793 4859 2028 4916 immun-

429 4951 502 5008 do
531 4961 856 5024 conceptum
889 4953 1120 5022 semine,
1151 4953 1218 5010 de
1244 4953 1622 5026 peccatoribus
1650 4951 1825 5008 facere
1848 4951 2029 5024 justos

434 5049 489 5098 et
517 5050 754 5097 sanctos.
806 5041 908 5096 Per
939 5041 1080 5097 hanc
1109 5041 1565 5114 omnipotentiam
1594 5049 1748 5096 tuam
1775 5047 1829 5096 te
1873 5048 2024 5112 rugo,

431 5136 496 5185 ut
525 5130 794 5187 concedas
822 5129 969 5186 mihi
997 5132 1272 5202 peccatori
1306 5130 1414 5188 hoc
1437 5132 1657 5188 caeleste
1696 5128 2028 5188 sacriﬁcium

440 5218 716 5276 celebrare
744 5235 880 5274 cum
911 5218 1110 5274 timore
1138 5227 1192 5275 et
1219 5225 1476 5289 tremore,
1519 5235 1645 5276 cum
1673 5217 1852 5275 cordis
1881 5215 2030 5290 puri-

438 5316 569 5376 tate,
603 5316 658 5364 et
687 5309 1058 5381 lacrymarum
1087 5308 1259 5374 fonte,
1291 5325 1416 5364 cum
1457 5308 1652 5365 latitia
1686 5307 1944 5380 spiritali,
1974 5313 2028 5363 et

433 5399 645 5455 caelesti
673 5384 891 5471 gaudio.
925 5397 1136 5455 Sentiat
1167 5413 1320 5454 mens
1349 5415 1470 5454 mea
1509 5397 1858 5454 dulcedinem
1887 5395 2026 5452 bea-

427 5485 656 5544 tissima
685 5488 988 5560 prasentia
1007 5495 1136 5557 tua,
1165 5495 1218 5544 et
1237 5487 1499 5544 excubias
1526 5493 1842 5544 sanctorum
1868 5475 2026 5555 ange'

435 5575 616 5631 lorum
651 5583 875 5633 tuorum
907 5577 966 5634 in
995 5575 1233 5634 circuitu
1262 5591 1402 5632 meo.

497 5674 553 5731 5.
592 5674 710 5746 Ego
757 5674 929 5744 enim,
975 5675 1233 5744 Domine,
1281 5689 1495 5730 memor
1531 5671 1858 5730 veneranda
1904 5686 2025 5744 pas-

429 5763 612 5826 sionis
642 5771 752 5820 tua
794 5763 994 5821 accedo
1038 5764 1108 5820 ad
1144 5764 1316 5820 altare
1343 5771 1524 5832 tuum,
1566 5761 1698 5820 licet
1739 5768 2019 5834 peccator;

2154 1989 2314 2044 num,
2362 1973 2600 2046 suspiria
2645 1971 2939 2045 juvenum,
2985 1979 3117 2028 vota
3161 1971 3462 2044 virginum,
3510 1973 3764 2028 lamenta

2153 2062 2446 2118 viduarum
2475 2079 2488 2128 ;
2530 2068 2595 2116 tu
2623 2061 2768 2118 enim
2803 2061 3080 2117 misereris
3111 2061 3384 2131 omnium,
3407 2061 3672 2127 Domine,
3700 2069 3765 2118 et

2152 2151 2296 2206 nihil
2327 2149 2498 2206 odisti
2528 2149 2782 2205 omnium
2811 2165 2932 2221 qua
2963 2149 3164 2207 fecisti.
3197 2150 3500 2207 Memorare
3528 2166 3649 2222 qua
3679 2150 3760 2208 sit

2151 2245 2338 2294 nostra
2393 2237 2725 2306 substantia,
2783 2237 2914 2309 quia
2967 2246 3030 2294 tu
3081 2238 3241 2293 Pater
3296 2245 3484 2294 noster
3529 2254 3618 2307 es;
3683 2255 3762 2296 ne

2150 2326 2402 2382 irascaris
2438 2327 2590 2395 satis,
2643 2341 2818 2399 neque
2855 2326 3277 2382 multitudinem
3309 2328 3581 2384 viscerum
3611 2337 3759 2384 tuo-

2148 2431 2272 2471 rum
2302 2431 2466 2486 super
2493 2432 2594 2472 nos
2623 2413 2926 2472 contineas.
2969 2415 3092 2470 Non
3134 2415 3284 2470 enim
3315 2415 3374 2470 in
3397 2416 3755 2488 justiﬁcatio-

2147 2503 2312 2560 nibus
2342 2503 2544 2560 nostris
2591 2503 2995 2576 prosternimus
3027 2518 3212 2574 preces
3257 2512 3470 2560 nostras
3515 2514 3643 2562 ante
3671 2505 3760 2562 fa-

2146 2593 2286 2650 ciem
2317 2601 2488 2662 tuam,
2512 2591 2608 2649 sed
2634 2593 2694 2647 in
2723 2591 3168 2648 miserationibus
3196 2591 3308 2648 tuis
3335 2593 3544 2648 multis.
3570 2594 3760 2650 Aufer

2146 2697 2178 2738 a
2200 2681 2382 2751 nobis,
2412 2682 2669 2750 Domine,
2717 2680 3038 2754 iniquitates
3065 2688 3296 2749 nostras,
3329 2689 3384 2736 et
3410 2679 3592 2753 ignem
3619 2699 3756 2739 san-

2145 2771 2222 2828 cti
2265 2771 2504 2844 Spiritus
2542 2771 2600 2827 in
2634 2771 2794 2827 nobis
2821 2770 3124 2827 clementer
3151 2769 3404 2827 accende.
3443 2769 3619 2826 Aufer
3646 2787 3756 2828 cor

2145 2859 2422 2932 lapideum
2453 2859 2520 2917 de
2551 2875 2716 2918 carne
2747 2869 2956 2929 nostra,
2996 2869 3050 2916 et
3077 2859 3145 2916 da
3167 2859 3329 2916 nobis
3356 2875 3452 2915 cor
3477 2875 3750 2916 carneum

2145 2948 2292 3021 quod
2319 2956 2373 3004 te
2405 2949 2616 3018 timeat,
2650 2949 2845 3021 diligat
2870 2956 2924 3005 et
2953 2947 3301 3014 honoriﬁcet,
3336 2955 3386 3004 te
3413 2945 3749 3016 delectetur,

2144 3045 2198 3094 te
2247 3044 2527 3110 sequatur,
2581 3047 2634 3094 et
2677 3045 2732 3093 te
2781 3037 3112 3110 perfruatur.
3171 3037 3424 3104 Oramus,
3481 3036 3748 3106 Domine,

2142 3125 2489 3182 clementiam
2525 3133 2696 3195 tuam,
2751 3135 2814 3182 ut
2844 3142 3036 3182 sereno
3081 3125 3244 3181 vultu
3285 3123 3551 3180 familiam
3584 3131 3747 3180 tuam

2141 3213 2282 3270 sacri
2345 3213 2429 3270 tui
2495 3213 2739 3270 nominis
2794 3213 2976 3270 ofﬁcia
3030 3213 3438 3286 praestolantem
3496 3211 3751 3284 aspicere

2145 3301 2408 3374 digneris.
2455 3303 2528 3359 Et
2559 3310 2624 3358 ut
2663 3301 2876 3359 nullius
2922 3303 2997 3358 sit
3028 3302 3246 3359 irritum
3282 3309 3498 3369 votum,
3525 3300 3751 3358 nullius

2138 3408 2310 3449 vacua
2341 3393 2658 3464 postulatio,
2690 3402 2752 3450 tu
2780 3392 2942 3448 nobis
2973 3408 3160 3464 preces
3185 3406 3430 3463 suggere,
3460 3405 3594 3464 quas
3620 3389 3750 3462 ipse

2137 3479 2329 3538 audire
2367 3483 2640 3554 propitius
2670 3489 2724 3538 et
2753 3481 3017 3539 exaudire
3044 3481 3350 3538 delecteris.

2209 3587 2262 3645 6.
2302 3589 2577 3662 Rogamus
2601 3591 2766 3646 etiam
2797 3596 2868 3660 te,
2901 3597 3086 3648 sancte
3113 3589 3292 3658 Pater,
3321 3604 3421 3660 pro
3449 3585 3748 3660 spiritibus

2137 3677 2387 3734 ﬁdelium
2417 3679 2830 3748 defunctorum,
2882 3687 2946 3736 ut
2989 3677 3062 3735 sit
3100 3677 3215 3734 illis
3240 3677 3389 3734 salus
3419 3684 3643 3744 aeterna,
3674 3691 3748 3734 ac

2138 3777 2400 3842 perpetua
2427 3770 2654 3838 sanitas,
2687 3769 2948 3842 gaudium
2977 3777 3032 3825 et
3059 3767 3414 3842 refrigerium
3453 3765 3746 3838 sempiter-

2138 3875 2292 3928 num,
2338 3859 2445 3917 hoc
2487 3875 2747 3931 magnum
2787 3845 3004 3929 pietatis
3045 3867 3468 3915 sacramentum.
3499 3856 3746 3912 Domine

2137 3949 2282 4004 Deus
2312 3963 2484 4015 meus,
2518 3947 2591 4002 sit
2615 3946 2730 4002 illis
2755 3945 2921 4002 hodie
2948 3962 3207 4019 magnum
3236 3954 3290 4002 et
3337 3945 3562 4018 plenum
3591 3961 3746 4018 gau-

2137 4034 2292 4091 dium
2322 4035 2390 4092 de
2421 4042 2475 4090 te
2505 4051 2644 4106 pane
2673 4035 2806 4089 vivo
2833 4043 2887 4090 et
2911 4049 3066 4102 vero,
3107 4033 3203 4106 qui
3231 4033 3300 4090 de
3330 4035 3468 4090 calo
3497 4034 3747 4091 descen—

2134 4123 2289 4192 disti,
2337 4131 2393 4180 et
2437 4123 2536 4179 das
2582 4122 2755 4178 vitam
2805 4122 3034 4190 mundo,
3088 4121 3156 4178 de
3211 4137 3376 4179 carne
3433 4131 3624 4178 sancta
3685 4133 3750 4182 et

2134 4214 2443 4285 benedicta,
2475 4217 2602 4288 agni
2631 4213 2892 4272 videlicet
2921 4214 3268 4270 immaculati
3307 4213 3404 4288 qui
3433 4213 3585 4271 tollis
3611 4232 3742 4288 pec-

2135 4315 2318 4364 catum
2348 4309 2564 4377 mundi,
2589 4317 2643 4365 et
2663 4308 2842 4382 potari
2868 4308 2935 4364 de
2957 4307 3110 4364 fonte
3128 4307 3348 4380 pietatis
3365 4315 3495 4376 tua,
3522 4309 3618 4381 qui
3639 4326 3743 4382 per

2135 4397 2384 4452 lanceam
2414 4398 2610 4454 militis
2634 4397 2703 4454 de
2728 4398 2896 4454 latere
2923 4397 3200 4454 emanavit
3226 4397 3480 4454 cruciﬁxi
3508 4399 3740 4456 Domini

2137 4487 2342 4554 nostri;
2375 4496 2437 4544 ut
2465 4487 2735 4545 consolati
2768 4485 3052 4543 exsultent
3081 4486 3140 4542 in
3170 4485 3330 4542 laude
3360 4493 3414 4542 et
3442 4485 3615 4560 gloria
3639 4495 3739 4544 tua

2134 4583 2344 4632 sancta.

2210 4675 2261 4730 7.
2304 4674 2456 4742 Peto,
2478 4674 2734 4743 Domine,
2764 4672 3114 4730 clementiam
3145 4680 3321 4739 tuam,
3347 4679 3410 4729 ut
3437 4671 3735 4731 descendat

2139 4779 2300 4836 super
2332 4764 2483 4821 hunc
2509 4779 2706 4836 panem
2737 4770 2792 4819 et
2821 4761 3046 4818 calicem
3079 4761 3246 4818 istum
3275 4761 3562 4834 plenitudo
3590 4763 3734 4818 divi-

2134 4840 2329 4910 'nitatis
2363 4863 2488 4910 tua.
2535 4851 2842 4910 Descendat
2886 4853 3072 4920 etiam,
3117 4853 3372 4920 Domine,
3418 4853 3516 4908 illa
3557 4855 3731 4910 sancti

2138 4945 2378 5018 Spiritus
2398 4943 2486 5000 tui
2519 4941 2822 4998 invisibilis
2852 4941 3050 5010 forma,
3071 4950 3126 4999 et
3155 4941 3735 5014 incomprehensibilis

2138 5033 2416 5106 majestas,
2447 5033 2595 5089 sicut
2625 5030 2902 5104 quondam
2937 5031 2995 5087 in
3028 5031 3252 5088 Patrum
3283 5030 3492 5088 hostias
3511 5030 3732 5088 descen-

2137 5123 2320 5192 debat,
2369 5122 2464 5196 qui
2498 5130 2552 5178 et
2581 5121 2887 5178 oblationes
2931 5129 3146 5177 nostras
3185 5137 3384 5193 corpus
3429 5128 3484 5177 et
3512 5122 3730 5194 sangui-

2135 5228 2261 5268 nem
2308 5221 2466 5268 tuum
2522 5211 2744 5280 efﬁciat,
2799 5219 2856 5268 et
2907 5227 2995 5266 me
3047 5209 3338 5283 indignum
3392 5209 3729 5268 sacerdotem

2142 5307 2302 5358 tuum
2355 5301 2548 5358 doceat
2605 5306 2819 5356 tantum
2863 5307 3096 5358 tractare
3145 5299 3492 5372 mysterium,
3550 5297 3628 5354 ita
3671 5307 3736 5356 ut

2143 5392 2355 5466 placide
2383 5409 2448 5450 ac
2477 5390 2713 5464 benigne
2732 5388 3062 5446 sacriﬁcium
3093 5388 3359 5461 suscipias
3386 5388 3454 5444 de
3478 5388 3733 5446 manibus

2137 5483 2275 5540 meis
2301 5481 2368 5537 ad
2397 5483 2632 5537 salutem
2659 5478 2911 5536 omnium
2938 5485 3052 5533 tam
3075 5477 3329 5534 vivorum
3350 5493 3514 5550 quam
3537 5476 3728 5534 defun-

2133 5579 2371 5630 ctorum.
2413 5573 2562 5644 Rogo
2597 5579 2671 5638 te,
2711 5572 2856 5632 492
2887 5566 3142 5636 Domine,
3191 5583 3286 5640 per
3329 5568 3508 5640 ipsum
3537 5583 3731 5625 sacro-

2135 5676 2388 5726 sanctum
2417 5667 2742 5741 mysterium
2785 5662 3032 5737 corporis
3060 5670 3115 5720 et
3156 5662 3440 5736 sanguinis
3468 5663 3576 5734 tui,
3623 5680 3730 5738 quo

2133 5757 2382 5834 quotidie
2399 5759 2460 5816 in
2487 5757 2739 5818 Ecclesia
2764 5762 2857 5816 tua
2875 5753 3152 5830 pascimur
3180 5762 3235 5813 et
3265 5761 3542 5830 potamur,
3567 5754 3728 5812 ablu-
