3970 6366
184 352 296 412 833

1489 346 1974 408 PRECATIONES
2013 349 2202 406 DUIE.

3390 355 3498 414 834

186 478 338 536 imur
363 486 418 535 et
444 478 873 547 sanctiﬁcamur,
906 485 1068 550 atque
1098 476 1270 533 unius
1295 486 1401 533 tuae
1449 491 1785 548 summaeque
1816 480 1865 539 Α
1894 474 2131 546 Spiritus
2150 484 2373 533 sanctus
2404 494 2416 533 :
2441 477 2536 534 sed
2570 478 2728 534 Pater
2747 478 2805 535 in
2835 479 2978 536 Filio
3000 489 3053 537 et
3079 479 3289 554 Spiritu
3305 492 3497 542 sancto

186 566 501 624 divinitatis
530 568 824 640 participes
868 565 1141 623 efﬁcimur
1166 585 1180 634 ;
1210 573 1477 639 quatenus
1509 567 1606 622 des
1648 565 1787 621 mihi

188 659 425 714 virtutes
469 666 592 714 tuas
647 666 883 725 sanctas,
927 656 1128 729 quibus
1174 656 1435 728 repletus,
1461 654 1607 712 bona
1644 672 1789 711 con-

186 748 419 805 scientia
445 748 511 804 ad
539 750 707 805 altare
722 757 879 805 tuum
904 748 1176 815 accedam,
1198 748 1273 802 ita
1300 746 1482 802 uthsec
1538 746 1788 802 coelestia

186 847 528 895 sacramenta
569 838 879 896 eiﬁciantur
908 837 1043 893 mihi
1075 837 1222 892 salus
1259 844 1312 891 et
1351 836 1485 892 vita.
1519 836 1600 891 Tu
1638 834 1785 891 enim

186 928 384 984 dixisti
413 946 505 985 ore
533 935 631 985 tuo
680 936 869 985 sancto
916 936 969 984 et
1005 928 1295 989 henedicto
1329 946 1340 983 :
1387 951 1406 974 ι
1427 927 1589 982 Panis
1623 941 1784 999 quem

185 1032 289 1089 ego
318 1017 538 1086 dedero,
568 1034 695 1075 caro
727 1034 845 1072 mea
882 1025 963 1073 est
994 1033 1093 1088 pro
1123 1016 1316 1071 mundi
1348 1016 1462 1071 vita
1490 1016 1672 1083 (Joan.
1701 1032 1780 1083 v1,

186 1108 307 1179 52).
339 1132 357 1155 ι
401 1109 489 1177 Et,
536 1133 555 1157 α
583 1107 690 1174 Qui
730 1106 1023 1163 manducat
1051 1123 1157 1174 me,
1191 1106 1306 1162 vita
1352 1106 1505 1161 vivet
1556 1114 1783 1178 propter

188 1217 298 1269 me,
331 1203 444 1275 ipse
465 1209 647 1257 manet
675 1202 734 1257 in
772 1218 879 1267 me,
910 1209 964 1257 et
987 1218 1086 1273 ego
1115 1202 1173 1257 in
1203 1216 1288 1257 eo.
1316 1201 1431 1273 Ego
1460 1217 1582 1256 sum
1629 1199 1784 1271 panis

186 1290 355 1346 vivus
383 1290 476 1363 qui
501 1291 568 1347 de
598 1292 739 1347 αωιο
774 1290 1033 1347 descendi
1069 1310 1080 1347 :
1109 1291 1156 1347 si
1199 1291 1322 1363 quis
1368 1289 1784 1347 manducaverit

186 1395 259 1435 ex
287 1379 393 1437 hoc
412 1396 569 1453 pane,
600 1381 753 1437 vivet
798 1381 857 1437 in
899 1389 1165 1438 aeternum
1200 1380 1365 1453 (Ibid.
1412 1380 1502 1449 58,
1545 1379 1635 1449 57,
1690 1379 1781 1448 51,

185 1469 306 1540 52).
340 1494 360 1516 .

260 1560 314 1616 8.
346 1560 510 1616 Panis
536 1558 877 1628 dulcissime,
910 1575 1041 1616 sana
1067 1557 1311 1630 palatum
1340 1559 1523 1616 cordis
1553 1559 1681 1627 mei,
1721 1567 1783 1616 ut

186 1647 421 1705 sentiam
451 1649 779 1704 suavitatem
811 1648 1015 1703 amoris
1050 1648 1134 1704 tui
1168 1668 1180 1705 :
1215 1664 1346 1704 sana
1387 1648 1455 1704 ab
1487 1650 1639 1704 omni
1670 1651 1782 1705 lan-

185 1753 375 1808 guore,
420 1744 483 1793 ut
513 1738 722 1793 nullam
752 1747 950 1809 praeter
990 1745 1041 1793 te
1072 1753 1247 1794 amem
1283 1738 1777 1809 pulchritudinem.

1899 565 2076 622 Filius
2110 565 2167 621 in
2201 567 2361 623 Patre
2415 576 2470 623 et
2511 567 2721 640 Spiritu
2767 578 2976 638 sancto,
3009 570 3247 642 Spiritus
3277 583 3497 633 sanctus

1898 655 1957 710 in
1995 656 2154 710 Patre
2195 663 2251 712 et
2292 656 2437 713 Filio
2469 664 2586 724 est;
2619 657 2749 730 quia
2784 658 2928 714 sicut
2957 666 3069 727 tua,
3110 663 3257 719 Deus
3288 672 3493 735 noster,

1896 750 2093 799 natura
2121 762 2380 816 personas
2426 746 2645 818 recipit,
2694 748 2774 803 sic
2801 756 2982 819 partes
3009 765 3354 824 nequaquam
3383 754 3495 809 ad-

1897 835 2110 893 mittit:
2148 837 2236 893 cui
2283 853 2383 894 nec
2427 854 2612 909 supra,
2656 853 2756 894 nec
2791 838 3007 907 subtus,
3038 847 3164 896 ante
3205 843 3290 897 vel
3350 852 3497 900 retro

1895 926 2175 996 convenit,
2214 928 2343 1000 quia
2387 944 2679 1000 corporum
2729 928 3063 986 lineamenta
3114 948 3224 987 non
3278 934 3493 1003 recipit.

1896 1014 2048 1073 Unde
2093 1024 2147 1071 et
2193 1025 2306 1072 tota
2339 1018 2596 1074 omnibus
2641 1018 2698 1073 in
2750 1019 2882 1075 locis
2919 1020 3037 1075 sine
3078 1021 3201 1076 loco
3231 1022 3493 1090 habetur,

1895 1121 1995 1162 nec
2024 1114 2204 1163 tamen
2242 1114 2359 1163 tota
2384 1106 2901 1179 comprehenditur;
2935 1115 3052 1164 tota
3090 1125 3332 1183 namque
3360 1111 3496 1167 ubi-

1894 1212 1998 1269 que
2031 1196 2282 1265 habetur,
2316 1197 2446 1270 quia
2474 1198 2716 1269 profecto
2762 1214 2885 1269 pars
2933 1215 3056 1255 mea
3084 1200 3241 1255 nulla
3279 1201 3496 1272 reperi-

1894 1292 1985 1340 tur
2016 1303 2029 1340 :
2060 1293 2175 1341 tota
2199 1293 2381 1342 autem
2410 1301 2521 1342 non
2542 1286 3057 1358 comprehenditur,
3079 1288 3209 1361 quia
3234 1290 3496 1347 videlicet

1893 1390 2019 1430 cum
2075 1374 2133 1430 in
2179 1374 2444 1431 creaturis
2484 1375 2780 1449 unicuique
2812 1384 2924 1433 tota
2956 1393 3193 1449 praesens
3233 1377 3492 1449 eﬂicitur,

1892 1464 2056 1519 etiam
2104 1464 2248 1519 ultra
2293 1471 2570 1521 creaturas
2606 1474 2721 1521 tota
2768 1466 3074 1522 invenitur.
3125 1466 3493 1533 Quamobrem

1891 1567 2017 1607 cum
2056 1552 2258 1608 coelum
2310 1562 2364 1609 et
2405 1561 2602 1608 terram
2634 1552 2846 1623 implet,
2901 1560 3015 1608 tota
3043 1561 3126 1609 est
3168 1570 3179 1609 :
3214 1570 3342 1610 cum
3380 1553 3494 1612 ho-

1892 1640 2098 1695 minem
2129 1658 2300 1697 unum
2332 1641 2548 1712 implet,
2579 1648 2693 1697 tota
2722 1648 2829 1707 est;
2856 1656 2958 1697 nec
2986 1642 3231 1697 variatur
3251 1659 3347 1714 per
3377 1644 3487 1699 sin-

1891 1731 2038 1802 gula,
2061 1747 2181 1804 quae
2203 1730 2260 1785 in
2289 1730 2520 1803 singulis
2549 1739 2662 1787 tota
2689 1740 2769 1787 est
2794 1751 2806 1799 ;
2841 1748 2941 1788 nec
2960 1731 3028 1787 de
3050 1734 3175 1789 loco
3204 1734 3275 1789 ad
3307 1734 3489 1790 locum

184 1826 353 1883 Panis
378 1827 790 1895 candidissime,
822 1826 1031 1883 habens
1060 1828 1119 1883 in
1149 1836 1202 1884 te
1233 1844 1395 1884 omne
1421 1828 1781 1885 delectamen-
1810 1843 1856 1904 Β
1893 1827 2113 1896 transit,
2145 1843 2271 1883 cum
2325 1843 2498 1884 unum
2548 1828 2824 1894 deserens,
2876 1829 3111 1885 alterum
3162 1829 3316 1901 petit,
3370 1845 3493 1903 qum

184 1923 330 1984 tum,
356 1924 409 1972 et
438 1915 619 1972 omnis
647 1916 855 1989 saporis
905 1917 1252 1987 suavitatem,
1292 1917 1385 1991 qui
1425 1934 1526 1973 nos
1572 1934 1784 1990 semper

185 2006 370 2063 reﬁcis
395 2024 408 2073 ;
442 2006 693 2063 comedat
723 2016 776 2064 te
809 2023 903 2063 cor
934 2023 1137 2077 meum,
1162 2016 1219 2065 et
1246 2008 1538 2065 dulcedine
1575 2008 1785 2080 saporis

184 2096 272 2151 tui
313 2097 624 2168 repleantur
669 2097 881 2153 viscera
924 2098 1121 2153 anima:
1178 2113 1331 2153 meae.
1386 2096 1679 2154 Manducat
1730 2106 1784 2154 te

185 2186 417 2258 angelus
444 2188 609 2259 pleno
656 2202 768 2256 ore,
809 2186 1104 2243 manducet
1155 2195 1209 2243 te
1250 2187 1570 2259 peregrinus
1617 2186 1785 2243 homo

185 2291 289 2347 pro
321 2276 544 2333 modulo
581 2292 717 2344 suo;
758 2293 827 2332 ne
870 2276 1101 2334 deiicere
1131 2277 1303 2349 possit
1342 2277 1400 2333 in
1430 2277 1539 2344 via,
1577 2276 1676 2333 tali
1703 2293 1783 2332 re-

187 2374 405 2423 creatus
456 2365 679 2423 viatico.
739 2366 901 2421 Panis
950 2374 1154 2436 sancte,
1210 2366 1370 2439 panis
1434 2366 1579 2435 vive,
1629 2367 1785 2440 panis

188 2454 442 2528 pulcher,
478 2454 635 2526 panis
664 2455 891 2524 munde,
923 2456 1018 2528 qui
1066 2456 1400 2512 descendisti
1453 2454 1520 2511 de
1543 2457 1702 2525 ccelo,
1733 2463 1787 2511 et

188 2543 289 2599 das
322 2541 493 2598 vitam
518 2542 747 2612 mundo,
779 2543 907 2599 veni
935 2544 992 2600 in
1020 2561 1116 2601 cor
1143 2561 1347 2613 meum,
1381 2552 1436 2601 et
1468 2545 1675 2601 munda
1701 2562 1786 2601 me

186 2633 260 2688 ab
285 2632 437 2689 omni
466 2632 884 2705 inquinamento
936 2634 1116 2690 carnis
1156 2643 1211 2691 et
1256 2634 1501 2707 spiritus.
1532 2636 1682 2691 Intra
1728 2636 1787 2691 in

188 2722 433 2778 animam
464 2737 660 2790 meam,
692 2730 745 2778 et
773 2723 1054 2781 sanctiﬁca
1095 2740 1183 2780 me
1228 2724 1379 2780 intus
1418 2732 1472 2781 et
1519 2726 1782 2781 exterius.

187 2812 328 2867 Esto
358 2819 603 2868 tutamen
636 2820 691 2868 et
720 2819 982 2885 perpetua
1010 2813 1158 2869 salus
1194 2813 1439 2886 corporis
1488 2821 1542 2869 et
1588 2814 1786 2870 animae

185 2916 348 2956 meae.
384 2901 606 2972 Repelle
633 2916 666 2956 a
707 2918 794 2956 me
842 2901 1167 2959 insidiantes
1212 2902 1372 2958 mihi.
1406 2902 1600 2959 Hostes
1628 2919 1787 2958 rece-

186 2990 328 3046 dant
364 2992 558 3062 procul
588 3007 619 3046 a
646 2991 936 3063 praesentia
963 3000 1080 3061 tua,
1109 3000 1171 3049 ut
1193 2991 1327 3047 foris
1351 3000 1403 3048 et
1430 2993 1577 3049 intus
1610 3009 1704 3064 per
1732 2999 1785 3047 te

188 3079 466 3148 munitus,
497 3086 646 3136 recto
674 3080 895 3137 tramite
915 3080 1227 3153 perveniam
1251 3081 1320 3137 ad
1345 3089 1501 3137 tuum
1533 3097 1782 3153 regnum;

1896 1926 2240 1999 semetipsam
2265 1925 2382 1983 sine
2410 1928 2531 1984 loco
2560 1936 2614 1984 et
2638 1934 2881 1999 tempore
2902 1936 3109 1985 movet.
3133 1928 3273 1984 Hinc
3294 1927 3493 1985 merito

1896 2015 2177 2084 colendus,
2211 2015 2344 2073 hinc
2383 2015 2693 2072 adorandus
2724 2032 2801 2084 es,
2832 2016 2966 2073 hinc
2996 2016 3489 2085 incommutabilis,

1897 2102 2030 2162 hinc
2075 2105 2590 2177 incircumscriptus
2644 2105 2953 2177 agnosceris
3008 2123 3020 2162 :
3065 2105 3198 2162 hinc
3226 2104 3495 2162 mediator

1896 2194 1997 2249 Dei
2026 2201 2080 2249 et
2127 2194 2417 2250 hominum
2468 2193 2639 2249 homo
2696 2194 2948 2252 Christus
2993 2194 3150 2251 Jesus
3187 2193 3491 2252 secundum

1897 2281 2208 2339 divinitatis
2228 2283 2541 2351 essentiam,
2557 2290 2705 2340 totus
2725 2299 2851 2340 cum
2879 2282 3203 2340 hominibus
3229 2284 3286 2339 in
3307 2284 3490 2353 terris,

1897 2380 2048 2428 totus
2074 2380 2190 2428 erat
2217 2389 2345 2429 cum
2371 2373 2528 2428 Patre
2558 2372 2615 2428 in
2647 2373 2821 2441 caelis,
2854 2389 2981 2429 cum
3010 2372 3226 2430 diceret
3259 2390 3272 2429 :
3334 2397 3354 2420 ι
3393 2374 3491 2430 Ne-

1898 2478 1989 2517 mo
2017 2460 2264 2519 ascendit
2298 2463 2356 2517 in
2386 2463 2607 2529 cmlum,
2661 2463 2769 2517 nisi
2809 2461 2903 2534 qui
2934 2461 3001 2517 de
3030 2464 3169 2519 creto
3206 2461 3491 2519 descendit

1899 2553 2074 2610 Filius
2126 2554 2389 2622 hominis,
2420 2553 2516 2627 qui
2566 2554 2625 2609 in
2668 2556 2810 2610 cmlo
2839 2563 2921 2611 est
2965 2556 3148 2626 (Joan.
3174 2570 3258 2625 nr,
3312 2556 3423 2626 l3).
3459 2580 3478 2603 ι

1913 2667 1931 2690 ι
1968 2642 2073 2709 Qui
2106 2642 2436 2715 (videlicet),
2469 2658 2596 2699 cum
2636 2643 2695 2698 in
2723 2643 2902 2700 forma
2929 2643 3027 2699 Dei
3060 2652 3222 2713 esset,
3253 2661 3365 2700 non
3395 2661 3494 2700 ra-

1899 2731 2083 2804 pinam
2141 2730 2439 2787 arbitratus
2489 2738 2571 2786 est
2609 2747 2724 2788 esse
2778 2748 2837 2787 se
2877 2734 3144 2805 aequalem
3195 2735 3308 2789 Deo
3343 2751 3354 2790 :
3397 2732 3491 2790 sed

1897 2821 2253 2893 semetipsum
2292 2820 2630 2889 exinanivit,
2663 2821 2895 2878 formam
2933 2822 3076 2878 servi
3109 2822 3399 2894 accipiens,
3432 2824 3491 2879 in

1898 2909 2322 2966 similitudinem
2353 2910 2642 2967 hominum
2662 2912 2743 2983 (1)
2766 2911 2964 2981 factus,
2997 2920 3051 2969 et
3078 2911 3272 2969 habitu
3301 2912 3492 2969 inven-

1896 3006 1987 3056 tus
2030 3008 2092 3056 ut
2122 3000 2305 3057 homo.
2358 3001 2687 3057 Humiliavit
2712 3002 3088 3076 semetipsum,
3143 3002 3321 3060 factus
3363 3003 3490 3060 ohe-

1896 3087 2054 3145 dieus
2073 3105 2244 3162 usque
2271 3089 2340 3145 ad
2377 3097 2629 3160 mortem,
2661 3100 2891 3148 mortem
2927 3099 3111 3148 autem
3139 3091 3322 3149 crucis
3342 3092 3493 3165 (Phi-

188 3166 289 3223 ubi
317 3183 428 3223 non
461 3168 761 3240 mysteriis,
794 3169 940 3226 sicut
973 3170 1031 3225 in
1061 3169 1165 3228 hoc
1193 3178 1439 3243 tempore
1468 3171 1667 3243 agitur,
1691 3170 1784 3227 sed
1820 3210 1864 3271 C
1899 3179 2029 3251 lipp,
2061 3196 2121 3247 ιι,
2152 3180 2307 3252 6-8),
2339 3205 2357 3228 ι

188 3254 331 3311 facie
351 3256 418 3311 ad
435 3256 631 3314 faciem
658 3264 708 3313 te
725 3256 1057 3327 videbimus,
1078 3275 1203 3315 cum
1226 3259 1519 3316 tradideris
1555 3276 1783 3332 regnum

188 3346 305 3401 Deo
321 3346 563 3415 Patri,et
592 3347 697 3403 erit
726 3348 870 3403 Deus
898 3348 1086 3403 omnia
1114 3348 1173 3403 in
1203 3349 1488 3405 omnibus.
1518 3350 1672 3406 Tunc
1698 3364 1785 3404 me

190 3435 261 3492 de
308 3444 361 3493 te
403 3437 628 3493 satiabis
658 3439 907 3495 satietate
951 3446 1230 3512 perpetua,
1276 3448 1338 3495 ut
1381 3456 1482 3496 nec
1526 3439 1784 3510 esuriam,

191 3541 297 3582 nec
324 3526 507 3583 sitiam
542 3527 596 3583 in
629 3536 894 3584 aeternum
922 3546 934 3583 :
970 3528 1065 3600 qui
1091 3545 1217 3585 cum
1255 3528 1447 3584 eodem
1478 3531 1593 3586 Deo
1630 3530 1788 3585 Patre

193 3622 250 3671 et
278 3615 487 3687 Spiritu
515 3624 703 3673 sancto
722 3617 871 3673 vivis
895 3624 948 3673 et
976 3633 1169 3690 regnas
1215 3634 1310 3690 per
1360 3618 1547 3674 omnia
1590 3619 1790 3675 saecula

194 3711 545 3781 saeculorum,
577 3728 758 3769 amen.

621 3856 973 3917 PBECATIO
1016 3858 1361 3917 SECUNDA.

499 3962 632 4020 Item
658 3964 718 4019 in
752 3966 1150 4039 prwparatione
1175 3967 1248 4022 ad
1273 3966 1513 4025 Missam.

274 4087 325 4144 1.
360 4087 586 4145 Summa
636 4097 691 4146 et
728 4089 1302 4164 incomprehensibilis
1348 4099 1563 4160 natura,
1615 4090 1794 4147 virtus

198 4176 422 4251 vitaque
447 4178 624 4249 beata,
649 4180 749 4236 lux
777 4181 1191 4252 inaccessibilis,
1223 4200 1372 4252 vera,
1405 4181 1720 4254 singularis,
1741 4189 1796 4238 et

198 4283 312 4323 una
357 4267 644 4338 sapientia,
674 4270 878 4327 veritas
914 4272 1419 4342 incommutabilis,
1460 4281 1666 4342 sancta,
1698 4272 1796 4327 in-

199 4357 603 4429 comparabilis,
637 4368 691 4414 et
718 4367 920 4415 aeterna
947 4361 1189 4429 dilectio,
1216 4364 1598 4434 temporalium
1611 4378 1794 4419 rerum

201 4446 324 4501 sine
364 4454 606 4519 tempore
656 4447 927 4517 conditor,
959 4449 1265 4505 visibilium
1318 4460 1371 4507 et
1424 4451 1796 4507 invisibilium

1965 3269 2018 3324 2.
2050 3270 2151 3324 Per
2179 3268 2330 3325 hunc
2358 3278 2429 3339 te,
2458 3269 2617 3327 beata
2652 3268 2911 3339 Trinitas,
2943 3268 3308 3327 humanitatis
3335 3268 3489 3328 habi-

1894 3372 2033 3434 tum,
2062 3362 2208 3421 493
2237 3383 2332 3439 per
2369 3365 2536 3438 hujus
2576 3365 2937 3437 subjectionis
2981 3366 3360 3423 humilitatem
3400 3365 3490 3421 de-

1895 3472 2106 3529 precor,
2148 3471 2243 3528 per
2289 3454 2454 3526 hujus
2491 3455 2915 3511 sacratissimam
2963 3452 3364 3523 obedientiam,
3394 3470 3493 3527 per

1895 3544 2061 3617 hujus
2086 3544 2456 3601 beatissimam
2509 3550 2740 3599 mortem
2788 3560 2957 3600 exoro
2983 3542 3041 3599 in
3092 3544 3306 3616 primis,
3334 3553 3397 3601 ut
3436 3554 3493 3601 te

1896 3634 2193 3691 Dominum
2224 3635 2399 3690 Deum
2456 3648 2639 3688 meum
2691 3633 2941 3704 diligam,
2971 3640 3026 3688 te
3057 3632 3263 3701 sitiam,
3292 3641 3347 3689 te
3372 3640 3491 3689 toto

1897 3725 2061 3781 corde
2090 3723 2402 3797 perquiram
2437 3741 2449 3779 :
2480 3722 2679 3779 deinde
2717 3729 2779 3778 ut
2808 3723 3125 3795 proximum
3153 3722 3320 3794 juxta
3343 3724 3491 3779 vires

1897 3822 2060 3885 atque
2090 3829 2401 3869 mensuram
2431 3813 2490 3868 in
2523 3811 2626 3869 hac
2654 3812 2773 3884 ipsa
2801 3819 2896 3867 tua
2932 3810 3231 3868 dilectione
3258 3812 3487 3869 charum

1899 3920 2111 3976 semper
2153 3911 2314 3977 atque
2351 3902 2613 3959 dilectum
2660 3902 2959 3959 attendam.
3008 3901 3112 3957 Sed
3167 3902 3309 3959 hanc
3359 3902 3494 3958 dile-

1900 3996 2139 4053 ctionem
2185 3993 2349 4062 nulli,
2397 3993 2652 4062 Domine,
2686 3991 2995 4064 praestabis,
3044 3990 3152 4047 nisi
3207 3993 3297 4048 cui
3354 3992 3497 4048 vitia

1902 4084 2055 4156 prius
2095 4083 2275 4140 odisse
2320 4083 2631 4140 donaveris.
2682 4083 2919 4140 Obsecro
2960 4099 3108 4156 ergo,
3150 4084 3242 4155 pia
3281 4091 3337 4140 et
3364 4100 3497 4141 vera

1904 4172 2297 4241 misericordia,
2338 4173 2514 4228 solida
2559 4180 2721 4246 atque
2769 4173 2934 4228 unica
2979 4189 3100 4245 spes
3131 4189 3270 4241 mea,
3303 4182 3366 4229 ut
3393 4190 3497 4229 su-

1903 4264 2103 4336 perbiae
2134 4279 2360 4335 regnum
2390 4262 2603 4318 auferas
2629 4262 2697 4318 ab
2736 4262 2921 4320 anima
2954 4279 3091 4318 mea.
3125 4262 3493 4333 Horrendum,

1903 4353 2157 4421 Domine,
2176 4353 2593 4426 pavendumque
2622 4360 2732 4409 tam
2763 4352 3067 4407 maximum
3099 4353 3327 4421 malum,
3350 4352 3497 4425 quod

1905 4444 2125 4514 angelos
2151 4442 2218 4498 de
2245 4444 2383 4499 coelo
2411 4440 2659 4514 projecit,
2694 4441 2843 4513 quod
2862 4440 3120 4496 homines
3147 4439 3215 4495 de
3245 4442 3499 4511 paradiso

202 4534 506 4591 invisibilis
540 4544 883 4609 aeternusque
931 4543 1191 4609 patrator,
1222 4539 1381 4594 Pater
1420 4547 1473 4595 et
1522 4539 1696 4594 Filius
1742 4545 1796 4594 et
1824 4569 1874 4627 Ι)
1906 4540 2217 4595 eliminavit
2248 4539 2354 4611 (‘2),
2400 4538 2656 4612 quodque
2690 4538 2913 4593 initium
2944 4538 3361 4627 omnispeccati
3392 4546 3494 4608 est,

202 4622 442 4696 Spiritus
469 4634 710 4694 sanctus,
749 4641 892 4681 unus
922 4634 975 4681 et
1017 4642 1181 4682 verus
1210 4626 1268 4681 in
1307 4627 1579 4682 Trinitate
1609 4628 1796 4686 Domi-

203 4730 311 4768 nus
340 4714 485 4770 Deus
506 4731 516 4769 :
540 4714 699 4770 Pater
721 4730 832 4770 non
863 4715 1069 4771 habens
1087 4732 1117 4770 a
1139 4732 1247 4788 quo
1264 4718 1357 4784 sis,
1380 4716 1588 4772 habens
1609 4724 1792 4773 tamen

205 4803 551 4875 sapientiam,
575 4804 631 4860 id
660 4812 743 4860 est
774 4804 1101 4873 Filium,cui
1117 4806 1289 4878 major
1315 4806 1400 4862 vel
1423 4807 1666 4863 anterior
1682 4823 1793 4863 non

204 4892 282 4948 sis
316 4910 327 4948 :
363 4892 537 4949 Filius
590 4893 795 4950 habens
840 4895 1052 4951 Patrem
1102 4912 1133 4951 a
1179 4912 1287 4968 quo
1330 4896 1424 4965 sis,
1462 4913 1573 4952 non
1610 4904 1795 4953 tamen

207 4980 415 5037 habens
441 4983 531 5039 cui
566 4983 747 5040 minor
795 4985 881 5040 vel
926 4985 1195 5063 posterior
1238 4986 1312 5041 sis
1344 5004 1355 5042 :
1384 4984 1621 5058 Spiritus
1676 5002 1795 5041 san-

205 5078 329 5129 ctus
374 5071 582 5127 habens
620 5073 833 5128 Patrem
881 5081 934 5129 et
980 5073 1205 5143 Filium,
1238 5092 1270 5130 a
1315 5075 1517 5147 quibus
1553 5075 1649 5143 sis,
1682 5091 1794 5131 non

206 5169 390 5217 tamen
420 5160 626 5217 habens
654 5161 856 5235 quibus
892 5163 979 5218 vel
1025 5162 1312 5237 inaequalis
1343 5166 1431 5220 vel
1460 5164 1640 5236 impar
1669 5164 1743 5220 sis
1778 5180 1794 5233 ;

207 5251 339 5324 quia
364 5258 538 5308 totum
570 5253 627 5308 in
658 5252 761 5309 hac
783 5259 878 5309 tua
923 5251 1235 5324 divinitate,
1266 5254 1356 5311 cui
1401 5262 1618 5329 tempus
1655 5272 1796 5312 nun-

207 5355 372 5413 quam
412 5340 633 5409 accidit,
676 5348 942 5398 aeternum
989 5358 1053 5400 ac
1082 5350 1438 5415 coaeternum,
1479 5347 1688 5419 aequale
1736 5362 1800 5403 ac

206 5432 484 5503 coaequale
508 5438 612 5501 est,
638 5432 696 5488 in
736 5448 845 5506 qua
888 5432 1028 5491 alius
1054 5432 1233 5504 Pater,
1262 5434 1403 5491 alius
1431 5434 1627 5506 Filius,
1658 5433 1800 5493 alius

287 5632 370 5708 (l)
427 5633 631 5713 omnes
676 5633 849 5707 edit.,
902 5636 961 5693 in
1012 5637 1415 5713 similitudinem
1472 5636 1798 5713 (hominum,

219 5706 396 5781 facta:
424 5707 660 5764 obediens
674 5726 696 5775 ;
713 5706 907 5768 caetera
934 5726 1005 5769 ex
1030 5711 1162 5786 Reg.
1191 5712 1313 5772 cod.
1351 5712 1610 5772 restituta

1904 4635 1957 4682 et
1978 4626 2043 4681 ad
2068 4627 2245 4698 ipsum
2268 4626 2502 4699 pertinet
2532 4624 2801 4697 quidquid
2838 4624 2960 4677 vitii
2990 4630 3044 4679 et
3067 4623 3377 4695 iniquitatis
3392 4632 3494 4694 est,

1902 4718 2059 4789 cujus
2102 4717 2293 4789 prima;
2346 4715 2559 4771 soboles
2600 4721 2804 4785 septem
2856 4712 3121 4768 nimirum
3170 4711 3499 4785 principalia

1902 4808 2058 4875 vitia,
2106 4824 2176 4863 ex
2207 4806 2309 4862 hac
2345 4806 2622 4861 virulenta
2668 4803 2849 4859 radice
2880 4801 3254 4874 proferuntur,
3286 4803 3499 4869 scilicet

1902 4898 2084 4954 inanis
2106 4898 2299 4971 gloria,
2331 4895 2562 4963 invidia,
2596 4896 2695 4961 ira,
2721 4891 2969 4964 tristitia,
2998 4893 3250 4964 avaritia,
3281 4892 3499 4952 ventris

1903 4987 2178 5059 ingluvies
2206 4992 2367 5057 atque
2395 4983 2635 5039 luxuria.
2668 4981 2773 5039 Sed
2799 4989 2851 5039 et
2870 4997 3163 5040 numerosa
3182 4983 3500 5057 propaginis

1902 5077 2065 5133 turba
2099 5093 2167 5132 ex
2197 5072 2429 5145 singulis
2458 5080 2766 5146 generatur.

1975 5166 2028 5221 3.
2050 5163 2235 5221 Inanis
2269 5178 2395 5234 ergo
2422 5161 2597 5235 gloria
2626 5177 2752 5219 cum
2784 5162 2944 5234 plene
2981 5170 3224 5220 mentem
3270 5162 3498 5236 ceperit,

1905 5274 2036 5315 mox
2087 5256 2459 5330 septiforinem
2513 5253 2570 5310 in
2602 5254 2698 5310 illa
2725 5255 3027 5329 nequitiam
3066 5256 3260 5329 gignit,
3313 5256 3500 5314 inobe-

1904 5346 2169 5404 dientiam
2200 5346 2432 5411 scilicet,
2456 5343 2809 5417 jactantiam,
2826 5343 3174 5417 hypocrisin,
3191 5346 3503 5421 contentio-

1905 5452 2054 5506 nem,
2084 5436 2462 5510 pertinaciam,
2518 5434 2871 5503 discordiam,
2901 5449 2966 5491 ac
3010 5434 3322 5493 novitatum
3349 5451 3503 5509 prae-

1908 5647 2067 5786 suist}
2097 5710 2229 5787 Reg.
2259 5707 2412 5784 cod.,
2442 5709 2505 5771 de
2522 5708 2785 5785 paradiso
2802 5708 3049 5769 minavit.
