3970 6362
515 342 624 401 835

1540 341 1636 397 AD
1676 339 1910 398 OPERA
1947 338 2004 397 S.
2031 337 2364 396 AMBROSII
2408 337 2788 396 APPENDIX.

3713 339 3824 397 836

516 471 909 544 sumptionem.
937 470 1042 528 Sed
1072 470 1116 527 si
1147 469 1279 527 huic
1307 487 1436 527 vera
1461 467 1756 526 humilitas
1783 477 2110 543 opponatur,
2143 469 2194 529 A
2227 468 2474 525 omnium
2505 469 2778 526 virtutum
2807 475 2862 526 et
2905 466 3176 525 bonorum
3211 483 3226 524 :
3259 482 3381 541 qua
3421 483 3535 525 non
3583 467 3829 538 invidet,

515 559 698 616 omnis
742 558 862 632 ejus
899 559 1147 632 nequitia
1195 555 1482 615 vacuatur.
1532 559 1607 615 Te
1659 575 1788 630 ergo
1835 559 2114 631 deprecor,

515 649 851 706 humilitatis
901 649 1179 721 magister,
1213 656 1275 704 ut
1331 648 1472 705 hanc
1528 648 1681 706 cordi
1727 664 1849 704 meo
1888 649 2115 715 inseras,

514 736 888 810 insertamque
918 738 1212 803 custodias,
1238 753 1358 810 qua
1387 737 1517 792 dum
1549 738 1771 793 cunctis
1801 736 2116 792 inferiorem

515 843 574 884 se
592 827 846 894 attendit,
871 826 1269 899 subjectionem
1300 827 1555 900 protinus
1583 827 1783 900 gignit,
1795 826 2117 898 jactantiam

515 916 842 988 exstinguit,
861 915 1183 989 hypocrisin
1197 916 1445 975 excludit
1460 916 1870 973 contentionem
1895 915 2115 987 refugit,

516 1004 875 1078 pertinaciam
925 1005 1160 1074 emollit,
1196 1003 1529 1061 discordiam
1583 1012 1872 1077 pracavet,
1908 1004 2118 1060 novita-

515 1101 634 1150 tum
669 1092 1152 1166 prasumptionem
1178 1090 1456 1148 abhorret.
1494 1093 1612 1150 Hoc
1640 1093 1810 1150 beata
1837 1092 2119 1148 humilita-

519 1183 592 1238 tis
621 1181 988 1239 medicamine
1044 1181 1300 1239 morbum
1341 1182 1603 1238 elationis
1634 1181 1940 1238 sanandum
1969 1198 2120 1254 pra-

516 1274 760 1342 videras,
781 1289 907 1330 cum
929 1288 1026 1345 per
1044 1271 1326 1328 hominem
1343 1279 1691 1345 assumptum
1711 1280 1901 1330 auctor
1920 1279 2118 1328 nostra

514 1361 729 1430 salutis,
774 1361 888 1417 tuis
927 1361 995 1418 ad
1042 1368 1096 1417 te
1141 1361 1494 1418 venientibus
1540 1359 1796 1418 diceres:
1849 1385 1868 1407 σ
1913 1361 2118 1417 Discite

514 1467 547 1508 a
577 1467 666 1507 me
696 1450 827 1524 quia
856 1449 1011 1507 mitis
1038 1466 1160 1506 sum
1191 1457 1246 1505 et
1271 1449 1504 1506 humilis
1523 1449 1709 1518 corde,
1739 1456 1794 1506 et
1821 1449 2119 1506 invenietis

516 1540 764 1614 requiem
811 1539 1100 1595 animabus
1155 1539 1356 1595 vestris
1409 1540 1622 1610 (Matth.
1681 1555 1761 1606 x1,
1801 1538 1916 1610 29).
1959 1563 1978 1587 ι
2047 1540 2118 1599 Et

515 1645 737 1686 rursum
773 1646 786 1684 :
829 1628 978 1685 cNisi
997 1627 1249 1684 conversi
1283 1627 1524 1693 fueritis,
1553 1635 1607 1684 et
1637 1627 1954 1685 eﬂiciamini
1973 1628 2118 1684 sicut

513 1717 756 1791 parvuli,
786 1731 900 1773 non
929 1714 1208 1773 intrabitis
1240 1715 1298 1771 in
1325 1731 1556 1788 regnum
1587 1715 1862 1773 calorum
1898 1717 2114 1789 (Matth.

515 1822 678 1874 xvm,
712 1805 792 1878 3).
825 1829 844 1854 ι

585 1903 640 1961 4.
670 1905 749 1960 De
778 1901 994 1959 invidia
1021 1921 1240 1978 quoque
1277 1903 1491 1974 odium,
1527 1905 1852 1972 susurratio,
1883 1904 2108 1962 detrac-

517 1992 620 2061 tio,
656 1992 952 2048 exsultatio
981 1993 1039 2048 in
1083 1992 1330 2050 adversis
1358 1994 1619 2064 proximi,
1664 1993 1891 2050 afﬂictio
1922 2001 2105 2051 autem

521 2083 580 2139 in
610 2082 884 2155 prosperis
910 2083 1029 2154 ejus
1047 2091 1392 2156 propagatur.
1416 2084 1461 2140 Ο
1480 2085 1623 2140 mala
1651 2084 1955 2156 progenies,
1986 2101 2106 2158 qua

514 2172 561 2228 si
588 2173 775 2228 animo
801 2172 1115 2228 intromissa
1143 2172 1416 2228 dominari
1445 2172 1690 2245 coeperit,
1719 2189 1935 2230 omnem
1971 2189 2108 2230 san-

512 2260 726 2320 ctitatis
752 2259 995 2317 sobolem
1027 2259 1366 2332 exstinguit!
1399 2259 1506 2328 Qui
1561 2261 1744 2332 itaque
1778 2261 1991 2318 invidet
2019 2262 2106 2318 vel

515 2351 654 2419 odit,
688 2368 798 2407 non
827 2351 998 2408 alium
1050 2351 1367 2426 priusquam
1398 2369 1455 2409 se
1501 2352 1680 2425 ipsum
1713 2352 1917 2410 occidit
1953 2371 1964 2409 ε
2013 2354 2107 2426 qui

514 2447 763 2496 susurrat
781 2447 836 2495 et
864 2439 1124 2508 detrahit,
1154 2441 1306 2512 prius
1336 2458 1462 2497 suas
1490 2458 1654 2514 quam
1685 2442 1921 2498 aliorum
1951 2441 2108 2498 radi-

515 2544 604 2585 ces
641 2530 877 2586 evellit:
937 2529 1034 2603 qui
1089 2532 1302 2586 exsulat
1344 2531 1402 2586 in
1459 2531 1706 2590 adversis
1757 2532 2024 2604 proximi,
2055 2541 2110 2590 et

513 2616 783 2690 aﬂligitur
810 2617 869 2674 in
899 2619 1170 2692 prosperis
1198 2619 1335 2691 ejus,
1367 2619 1548 2677 alieno
1569 2637 1624 2676 se
1657 2621 1895 2693 primum
1928 2621 2108 2694 gladio

515 2707 654 2780 petit
687 2706 791 2778 (3).
844 2707 960 2765 Hoc
993 2708 1297 2765 secundum
1345 2709 1615 2782 superbia
1644 2709 1946 2782 virgultum
1977 2719 2111 2769 tunc

509 2795 693 2868 primo
722 2796 829 2852 fuit
869 2807 1144 2868 exortum,
1182 2814 1305 2855 cum
1341 2799 1435 2854 ille
1465 2797 1533 2854 de
1565 2815 1674 2872 quo
1711 2800 1976 2872 scriptum
2005 2809 2107 2870 est,

523 2910 541 2933 ι
572 2885 790 2943 Invidia
819 2886 1027 2944 diaboli
1057 2905 1205 2945 mors
1248 2889 1503 2946 introivit
1532 2890 1589 2946 in
1619 2891 1805 2948 orbem
1837 2900 2108 2948 terrarum

511 2975 662 3046 (Sap.
704 2993 763 3042 ιι,
795 2975 914 3044 24),
938 3001 956 3024 ι
1000 2975 1134 3032 Cain
1157 2979 1427 3048 persuasit
1454 2985 1517 3033 ut
1543 2977 1738 3034 livoris
1763 2979 1891 3034 odio
1919 2981 2108 3036 frater-

450 3096 458 3102 -
510 3077 645 3118 num
699 3062 955 3118 funderet
983 3064 1326 3134 sanguinem.
1359 3065 1466 3121 Sed
1496 3065 1760 3122 nimirum
1796 3066 1939 3122 idem
1972 3067 2108 3123 Cain

2227 558 2318 613 sed
2336 559 2639 630 congaudet
2671 577 2682 614 :
2712 574 2824 614 non
2843 557 2982 627 odit,
3011 556 3106 614 sed
3133 555 3320 630 diligit
3351 574 3363 612 :
3403 573 3516 612 non
3543 569 3828 627 susurrat,

2224 646 2320 702 sed
2367 645 2618 718 objurgat
2659 665 2672 702 :
2723 663 2835 702 non
2881 645 3144 714 detrahit,
3182 645 3276 702 sed
3328 646 3508 718 arguit
3544 665 3556 703 :
3592 665 3703 703 non
3761 649 3834 704 de

2225 735 2470 792 adversis
2497 735 2736 807 proximi
2768 733 2984 808 gaudet,
3013 733 3110 790 sed
3148 741 3340 791 mearet
3377 753 3390 791 :
3425 751 3541 792 non
3587 735 3657 792 de
3687 753 3836 808 pro-

2225 826 2400 898 speris
2451 825 2807 882 aﬂlictionem
2863 825 3192 894 contrahit,
3239 825 3334 882 sed
3387 826 3831 884 consolationem

2227 913 2444 987 recipit.
2473 914 2671 971 Merito
2700 921 2884 970 autem
2914 913 3022 970 tale
3047 929 3250 970 nomen
3290 914 3520 986 accepit,
3549 915 3699 988 quod
3732 914 3835 970 illa

2226 1004 2448 1061 charius
2487 1004 2727 1060 inveniri
2770 1020 2883 1060 non
2927 1003 3131 1076 poterit
3171 1021 3183 1059 :
3222 1019 3389 1076 quam
3419 1003 3518 1076 qui
3548 1003 3740 1074 habet,
3781 1013 3836 1061 te

2226 1093 2417 1165 utique
2457 1092 2640 1148 habet.
2688 1116 2706 1140 ι
2743 1093 2908 1161 Deus,
2975 1091 3178 1164 inquit,
3214 1089 3455 1148 charitas
3500 1100 3600 1161 est,
3641 1101 3698 1150 et
3729 1095 3832 1168 qui

2227 1189 2412 1238 manet
2457 1181 2515 1237 in
2557 1181 2844 1250 charitate,
2890 1181 2948 1236 in
2994 1182 3107 1237 Deo
3165 1187 3368 1248 manet,
3402 1187 3455 1235 et
3483 1181 3628 1237 Deus
3671 1181 3733 1238 in
3764 1199 3834 1238 eo

2228 1273 2283 1344 (1
2317 1273 2473 1330 Joan.
2494 1290 2574 1340 vr,
2607 1272 2719 1342 16).
2743 1297 2761 1320 ι
2795 1271 2902 1340 Qui
2921 1277 2984 1326 ut
3013 1270 3302 1342 prafatum
3334 1269 3563 1326 invidia
3596 1280 3830 1345 superet

2227 1362 2455 1428 malum,
2491 1359 2672 1416 cordis
2700 1360 2867 1416 simul
2886 1368 2941 1416 et
2964 1359 3077 1416 oris
3104 1357 3390 1431 jungenda
3413 1359 3667 1416 custodia
3701 1369 3791 1418 est
3816 1380 3830 1418 :

2225 1462 2408 1520 cordis
2435 1463 2665 1532 scilicet,
2696 1479 2765 1519 ne
2793 1461 3062 1528 invideat,
3086 1455 3238 1514 494
3264 1477 3333 1516 ne
3350 1460 3410 1517 in
3435 1461 3684 1518 adversis
3701 1479 3833 1534 pro-

2226 1553 2364 1608 ximi
2394 1553 2654 1620 exsultet,
2687 1567 2756 1608 ne
2768 1551 2826 1607 in
2853 1550 3126 1624 prosperis
3147 1551 3467 1607 mastitiam
3496 1551 3828 1608 contrahat:

2225 1641 2338 1698 oris
2365 1657 2517 1710 vero,
2537 1656 2607 1696 ne
2635 1649 2900 1709 susurret,
2919 1655 2986 1696 ne
3007 1639 3280 1697 detrahat.
3311 1640 3594 1714 Scriptum
3619 1641 3834 1714 quippe

2226 1737 2308 1787 est
2338 1747 2351 1786 :
2397 1753 2417 1778 ι
2448 1729 2614 1786 Omni
2643 1729 2896 1786 custodia
2933 1745 3091 1786 serva
3117 1745 3180 1785 os
3207 1737 3368 1786 tuum
3415 1747 3428 1785 :
3457 1745 3616 1786 serva
3661 1736 3827 1785 tuum

2143 1824 2192 1885 B
2222 1836 2336 1888 cor,
2367 1819 2498 1892 quia
2537 1834 2608 1874 ex
2641 1819 2761 1891 ipso
2798 1818 2916 1874 vita
2960 1817 3209 1892 procedit
3252 1819 3440 1890 (Prov.
3489 1835 3568 1885 Iv,
3620 1817 3744 1884 23).
3797 1844 3817 1866 ι

2215 1911 2288 1966 Et
2314 1925 2536 1965 rursum
2567 1908 2835 1980 scriptum
2858 1915 2980 1964 est:
3029 1931 3048 1954 ι
3076 1907 3224 1964 Mors
3280 1914 3334 1962 et
3377 1907 3494 1963 vita
3535 1907 3594 1962 in
3641 1907 3827 1964 mani-

2212 1999 2318 2055 bus
2353 1998 2555 2070 lingua
2585 1998 2771 2068 (Prov.
2811 2013 2972 2064 xvm,
3023 1995 3139 2068 21).
3186 2021 3204 2046 ι
3261 1995 3441 2054 Citius
3473 2003 3655 2052 autem
3703 2012 3819 2052 ma-

2215 2087 2330 2142 lum
2361 2085 2510 2158 quod
2551 2085 2702 2141 intus
2739 2085 2888 2152 latet,
2921 2083 3314 2156 exstinguitur,
3348 2085 3394 2140 si
3422 2100 3455 2140 a
3488 2100 3659 2157 pravo
3707 2085 3830 2140 elo.

2215 2174 2346 2248 quio
2376 2174 2510 2230 foris
2539 2175 2725 2246 lingua
2753 2173 3016 2232 freuetur.
3065 2198 3082 2220 ι
3111 2175 3279 2243 Pone,
3324 2174 3577 2242 Domine,
3625 2180 3832 2230 custo-

2215 2262 2362 2320 diam
2384 2263 2468 2320 ori
2495 2279 2638 2332 meo,
2661 2270 2715 2318 et
2745 2263 2949 2320 ostium
2982 2263 3413 2322 circumstantia
3442 2262 3602 2319 labiis
3633 2262 3814 2326 meis;

2216 2361 2278 2410 ut
2305 2369 2415 2409 non
2445 2352 2686 2408 declinet
2709 2369 2811 2408 cor
2830 2369 3010 2409 meum
3043 2353 3100 2408 in
3135 2353 3362 2408 verbum
3395 2355 3604 2409 malum
3634 2354 3824 2424 (Psal.

2216 2461 2336 2512 ch,
2360 2443 2412 2511 3,
2449 2441 2530 2515 4).
2576 2467 2594 2489 ι
2637 2473 2707 2486 -
2757 2467 2776 2490 ι
2828 2441 3026 2498 Libera
3075 2441 3315 2498 animam
3366 2459 3545 2498 meam
3585 2458 3615 2498 a
3648 2440 3824 2497 labiis

2215 2531 2443 2606 iniquis,
2467 2541 2524 2590 et
2545 2548 2577 2588 a
2606 2531 2795 2603 lingua
2823 2531 3013 2587 dolosa
3042 2531 3220 2602 (Psal.
3253 2546 3406 2600 cxrx,
3439 2531 3522 2602 2).
3552 2555 3570 2579 ι

2284 2621 2338 2678 6.
2389 2622 2474 2676 Ira
2507 2629 2688 2678 autem
2727 2618 2994 2676 invidiam
3051 2617 3298 2690 sequitur
3321 2661 3337 2686 ,
3367 2633 3476 2690 qua
3518 2617 3666 2674 inter
3721 2633 3831 2673 cae-

2213 2716 2329 2765 tera
2357 2709 2494 2764 vitia
2522 2706 2664 2762 nihil
2695 2705 2960 2780 asperius,
2991 2703 3136 2760 nihil
3193 2704 3480 2761 invenitur
3523 2704 3778 2760 amarius
3813 2721 3826 2759 :

2217 2814 2336 2872 qua
2361 2797 2492 2853 dum
2515 2796 2659 2852 ultra
2681 2794 2906 2852 modum
2927 2793 3260 2861 eiierbuerit,
3284 2793 3545 2850 atrociter
3571 2799 3826 2848 mentem

2216 2888 2516 2955 exulcerat,
2551 2901 2772 2942 sensum
2811 2883 3052 2953 hebetat,
3083 2883 3329 2956 linguam
3367 2882 3644 2949 immutat,
3668 2895 3826 2937 ocu-

2216 2977 2298 3032 los
2347 2976 2663 3042 obumbrat,
2719 2981 3008 3046 totumque
3065 2989 3264 3046 corpus
3317 2971 3621 3044 perturbat.
3672 2971 3827 3028 Hinc

2213 3065 2470 3138 protinus
2512 3065 2668 3131 rixa,
2702 3061 3072 3130 contumelia,
3112 3063 3338 3129 clamor,
3369 3061 3701 3132 indignatio,
3733 3067 3825 3116 tu-

507 3147 735 3205 invidus
761 3148 914 3220 prius
943 3165 1096 3206 suam
1140 3150 1379 3207 animam
1413 3167 1575 3224 quam
1607 3151 1834 3210 alterius
1875 3169 2094 3210 carnem
2137 3171 2182 3232 ο
2212 3169 2334 3208 mor
2387 3152 2609 3220 mentis,
2647 3149 3002 3222 blasphemia
3047 3151 3403 3206 suscitantur.
3450 3151 3529 3205 De
3573 3166 3680 3222 qua
3730 3150 3818 3206 ni-

506 3237 757 3310 peremit,
789 3238 1055 3311 scriptum
1101 3239 1302 3312 quippe
1332 3246 1414 3295 est
1448 3257 1460 3295 :
1508 3264 1527 3288 ι
1565 3239 1673 3308 Qui
1717 3241 1836 3300 odit
1877 3242 2102 3306 fratrem

506 3344 668 3385 suum
697 3326 977 3386 homicida
1003 3336 1102 3385 est.
1159 3329 1230 3384 Et
1259 3329 1411 3386 scitis
1440 3330 1568 3402 quia
1613 3331 1794 3389 omnis
1822 3333 2103 3396 homicida

505 3433 616 3474 non
637 3415 802 3474 habet
817 3418 987 3474 vitam
1009 3425 1268 3474 aternam
1287 3418 1344 3474 in
1365 3436 1421 3476 se
1443 3429 1752 3477 manentem
1775 3423 1796 3491 (
1801 3424 1834 3479 Ι
1839 3425 1997 3482 Joan.
2013 3444 2098 3497 nr,

507 3507 622 3578 15).
653 3507 816 3574 Hinc,
848 3507 1102 3576 Domine,
1132 3515 1353 3580 apparet
1385 3508 1543 3582 cujus
1563 3511 1801 3583 primum
1820 3513 2102 3574 homicida

503 3605 586 3653 est
601 3597 696 3670 qui
716 3599 952 3654 alterum
979 3597 1118 3665 odit,
1134 3597 1192 3652 in
1209 3615 1318 3671 quo
1335 3597 1448 3656 vita
1467 3616 1578 3656 non
1604 3609 1704 3658 est.
1729 3601 1887 3670 Quod
1906 3614 2101 3664 contra

503 3684 719 3758 Moyses
744 3685 1000 3741 omnium
1030 3685 1357 3744 mitissimus
1385 3687 1664 3758 admonet,
1693 3690 1882 3750 dicens
1911 3712 1922 3751 :
1973 3720 1992 3742 ι
2019 3695 2098 3752 Ne

504 3773 686 3830 oderis
711 3773 1024 3846 proximum
1053 3782 1211 3830 tuum
1234 3775 1290 3831 in
1321 3776 1483 3834 corde
1511 3787 1606 3835 tuo
1625 3780 1771 3852 (Lev.
1790 3799 1911 3852 XIX,
1935 3783 2047 3855 17).
2065 3809 2084 3832 ι

501 3862 575 3918 Et
601 3863 730 3935 quia
757 3861 874 3928 ille,
898 3862 991 3936 qui
1015 3863 1226 3921 invidet
1253 3873 1308 3921 et
1329 3865 1468 3934 odit,
1490 3877 1886 3941 consequenter
1913 3888 2094 3928 susur-

502 3960 587 4008 rat
613 3960 668 4008 et
696 3951 968 4021 detrahit;
1003 3951 1108 4010 hoc
1133 3954 1337 4010 malum
1371 3954 1654 4030 Scriptura
1679 3967 1869 4016 sancta
1897 3976 2094 4033 praea-

501 4039 742 4096 vendum
764 4039 1054 4098 denuntiat
1078 4060 1090 4098 :
1123 4067 1141 4090 ι
1164 4042 1284 4098 Νοη
1299 4043 1430 4112 eris,
1454 4045 1658 4118 inquit,
1680 4063 1906 4103 susurro
1921 4048 1980 4103 in
2001 4065 2092 4122 po-

502 4128 646 4202 pulis
668 4130 828 4202 (Ibid.
865 4131 990 4202 16);
1022 4158 1040 4180 ι
1075 4139 1130 4188 et
1162 4150 1174 4188 :
1213 4132 1727 4192 «Nolitedetrahere
1741 4137 2090 4206 alterutrum,

505 4221 702 4278 fratres
732 4222 935 4294 (Iacob.
969 4240 1046 4292 Iv,
1081 4223 1194 4294 11).
1242 4248 1261 4272 ι
1321 4223 1429 4291 Qui
1459 4240 1591 4280 vero
1621 4225 1863 4282 detrahit
1911 4227 2091 4296 fratri,

505 4310 748 4368 detrahit
779 4311 884 4384 legi
909 4329 924 4379 ;
959 4312 1053 4383 qui
1083 4311 1232 4367 enim
1263 4321 1509 4369 susurrat
1537 4323 1590 4370 et
1615 4314 1874 4386 detrahit,
1905 4332 2092 4374 conse-

501 4415 676 4473 quens
704 4408 786 4456 est
817 4407 878 4456 ut
908 4399 964 4456 in
989 4400 1236 4457 adversis
1266 4401 1504 4474 proximi
1549 4405 1807 4473 exsultet,
1837 4405 1896 4463 in
1925 4423 2092 4479 pros—

2211 3239 2414 3295 mirum
2455 3239 2736 3310 Scriptura
2775 3247 2962 3296 sancta
3007 3244 3258 3306 testatur,
3303 3237 3540 3317 dicens:
3588 3264 3606 3286 ι
3636 3239 3728 3294 Ira
3756 3237 3821 3293 in

2211 3329 2338 3386 sinu
2367 3328 2525 3386 stulti
2546 3328 2839 3401 requiescit
2861 3328 3060 3400 (Eccle.
3092 3345 3196 3396 vn,
3229 3327 3344 3398 20),
3375 3336 3428 3384 et
3444 3328 3530 3384 Ira
3547 3327 3656 3384 viri
3677 3325 3823 3400 jus-

2209 3419 2394 3476 titiam
2425 3418 2523 3476 Dei
2552 3434 2664 3474 non
2691 3424 2948 3490 operatur
2989 3417 3258 3489 (Jacob.1,
3289 3414 3406 3486 20).
3439 3441 3458 3465 ι

2283 3522 2313 3577 7
2368 3519 2474 3576 Sed
2502 3517 2700 3588 objice,
2732 3517 2986 3584 Domine,
3017 3523 3211 3573 contra
3250 3523 3367 3572 tam
3397 3514 3816 3584 amarissimum

2207 3609 2506 3666 iracundia
2555 3608 2762 3663 malum
2810 3605 3201 3663 suavissimum
3233 3603 3508 3679 patientia
3558 3603 3816 3674 bonum,

2205 3697 2264 3754 in
2293 3715 2404 3772 quo
2440 3696 2751 3770 specialiter
2777 3695 3086 3752 animarum
3126 3703 3436 3751 nostrarum
3485 3694 3630 3748 salus
3680 3693 3817 3749 col-

2205 3787 2442 3856 locatur,
2465 3803 2589 3844 cum
2625 3785 2786 3842 nobis
2829 3801 2926 3858 per
2961 3783 3329 3858 Evangelium
3374 3783 3591 3840 dicatur
3623 3801 3635 3840 :
3686 3807 3709 3831 ι
3745 3784 3810 3838 In

2203 3876 2468 3948 patientia
2514 3882 2695 3930 vestra
2741 3872 3091 3946 possidebitis
3132 3872 3342 3928 animas
3393 3879 3600 3928 vestras
3647 3872 3808 3943 (Luc.

2204 3981 2327 4032 xxi,
2361 3965 2474 4035 19).
2507 3988 2526 4012 ι
2568 3962 2700 4030 Qua
2731 3961 2995 4016 nimirum
3030 3959 3162 4015 dum
3215 3976 3396 4016 arcem
3425 3968 3479 4015 et
3512 3959 3812 4032 principa-

2203 4062 2320 4110 tum
2347 4053 2404 4107 in
2435 4058 2618 4108 mente
2645 4049 2964 4122 susceperit,
2995 4064 3187 4104 omnes
3208 4065 3340 4104 mox
3360 4048 3809 4120 perturbationes

2201 4139 2538 4215 compescit:
2577 4138 2726 4194 rixas
2769 4146 2823 4194 et
2871 4137 3234 4195 contumelias
3264 4137 3320 4192 in
3351 4135 3804 4194 exhortationem

2200 4229 2498 4298 convertit,
2519 4228 2809 4285 confusum
2833 4229 3126 4284 clamorem
3157 4226 3259 4282 sub
3288 4225 3541 4282 ordinato
3571 4227 3804 4285 silentio

2202 4320 2403 4395 premit
2432 4319 2869 4391 indignationem
2901 4325 3285 4390 tumoremque
3315 4315 3516 4372 mentis
3546 4333 3799 4374 mansue-

2198 4413 2393 4472 tudine
2411 4411 2976 4484 vincit,blasphemias
3000 4409 3297 4481 gratiarum
3315 4405 3530 4466 actione
3551 4408 3793 4481 repellit.

497 4495 642 4566 peris
670 4501 851 4552 autem
883 4496 1054 4551 animi
1095 4495 1375 4554 tristitiam
1414 4497 1722 4554 contrahat.
1763 4499 1868 4555 Sed
1903 4516 2089 4556 occur-
2121 4528 2170 4588 D
2200 4503 2359 4572 Quod
2389 4503 2433 4559 si
2462 4503 2604 4558 forte
2637 4502 2694 4556 in
2729 4501 3058 4556 immensum
3095 4499 3180 4555 ira
3221 4514 3478 4555 succensa
3505 4499 3573 4554 ad
3599 4498 3792 4554 horam

497 4583 572 4640 rit
626 4585 819 4641 beatus
872 4585 1190 4657 Apostolus,
1247 4591 1300 4641 et
1352 4585 1488 4642 dicit
1537 4605 1549 4642 :
1599 4609 1618 4632 ι
1675 4585 1922 4644 Gaudere
1966 4604 2090 4644 cum

498 4674 884 4748 gaudentibus,
929 4673 1057 4731 ﬂere
1099 4691 1226 4732 cum
1265 4674 1525 4732 ﬂentibus
1575 4677 1749 4748 (Rom.
1781 4695 1884 4746 xu,
1913 4679 2024 4751 15).
2057 4704 2076 4727 ο

495 4766 567 4822 Et
595 4783 718 4824 ecce
747 4767 890 4822 alius
936 4782 1035 4838 pro
1069 4765 1298 4821 terrenis
1326 4765 1509 4835 rebus,
1551 4767 1887 4841 terrenisque
1921 4768 2091 4825 hono-

497 4853 670 4924 ribus,
703 4856 849 4912 alius
879 4873 976 4927 pro
1002 4857 1272 4912 virtutum
1304 4855 1648 4913 successibus
1673 4858 1903 4914 cuilibet
1935 4859 2091 4914 invi—

495 4943 606 5012 det,
637 4945 940 5017 quemlibet
970 4944 1109 5011 odit,
1139 4953 1330 5002 contra
1376 4945 1680 5018 quemlibet
1707 4955 1973 5014 susurrat,
2023 4945 2090 5003 de

494 5032 744 5106 quolibet
770 5032 1032 5102 detrahit,
1054 5033 1121 5090 de
1149 5034 1446 5107 cujuslibet
1463 5034 1708 5092 adversis
1734 5036 1996 5104 exsultat,
2018 5033 2087 5092 de

493 5121 768 5194 prosperis
787 5121 1034 5178 animum
1064 5122 1391 5180 mastificat.

562 5219 616 5277 5.
648 5219 754 5276 Sed
778 5227 840 5276 ut
869 5219 927 5275 in
956 5219 1171 5276 cunctis
1220 5219 1327 5276 hoc
1353 5219 1650 5294 multiplex
1693 5197 1914 5279 malum
1929 5237 2083 5295 supe-

2202 4593 2468 4667 patientia
2481 4590 2854 4658 succubuerit,
2879 4589 3192 4657 nullumne,
3224 4587 3792 4655 Domine,remedium

2199 4684 2348 4740 erit?
2376 4682 2498 4738 Erit
2527 4691 2690 4738 certe.
2710 4682 2846 4737 Nam
2871 4695 2996 4737 cum
3023 4679 3190 4752 hujus
3220 4677 3349 4734 mali
3379 4677 3790 4735 damnationem

2200 4775 2567 4846 Evangelium
2622 4771 2928 4838 denuntiet,
2975 4769 3164 4826 dicens
3216 4787 3228 4825 :
3297 4793 3315 4816 ι
3370 4769 3474 4836 Qui
3532 4767 3792 4824 irascitur

2200 4865 2360 4922 fratri
2395 4881 2516 4932 suo,
2549 4879 2676 4918 reus
2711 4861 2814 4918 erit
2839 4859 3088 4932 judicio:
3121 4858 3218 4932 qui
3241 4866 3423 4914 autem
3451 4855 3657 4914 dixerit
3682 4856 3788 4914 fra-

2197 4955 2270 5012 tri
2300 4971 2400 5011 suo
2438 4951 2624 5017 racha,
2656 4967 2781 5008 reus
2821 4951 2926 5006 erit
2968 4948 3208 5006 concilio
3246 4947 3378 5020 :qui
3407 4955 3587 5003 autem
3631 4946 3784 5002 dixe-

2196 5045 2270 5101 rit
2293 5044 2462 5112 fatue,
2493 5057 2617 5098 reus
2643 5042 2748 5098 erit
2778 5041 3035 5112 gehenna
3081 5037 3224 5110 ignis
3255 5037 3465 5108 (Matth.
3498 5053 3554 5104 v,
3585 5033 3718 5106 22);
3754 5060 3772 5084 ι

2195 5135 2450 5208 protinus
2503 5131 2972 5204 recuperationem
3027 5126 3352 5198 subjungit,
3400 5141 3528 5182 cum
3583 5121 3722 5180 dicit
3766 5141 3778 5180 :

2207 5252 2226 5276 ς
2263 5224 2321 5280 Si
2359 5223 2522 5280 offers
2549 5237 2756 5278 munus
2779 5227 2936 5276 tuum
2966 5216 3035 5274 ad
3061 5217 3250 5284 altare,
3283 5221 3337 5271 et
3364 5213 3440 5270 ibi
3465 5211 3782 5270 recordatus

493 5316 664 5379 retur,
696 5317 970 5378 occurrat,
1015 5309 1271 5376 Domine,
1302 5325 1506 5383 quaso,
1557 5311 1697 5367 illud
1738 5311 2083 5368 multiforme
2190 5315 2362 5372 fueris
2391 5313 2522 5387 quia
2551 5313 2718 5369 frater
2745 5319 2872 5369 tuus
2915 5308 3080 5366 habet
3135 5305 3346 5378 aliquid
3381 5303 3674 5361 adversum
3703 5311 3776 5373 te,

491 5396 721 5468 bonum,
751 5398 898 5472 quod
927 5398 1138 5472 potenti
1168 5399 1374 5455 virtute
1402 5401 1663 5456 resistens
1690 5417 1801 5458 non
1826 5403 1920 5459 det
1939 5399 2081 5456 invi-

2189 5406 2440 5478 relinque
2470 5403 2548 5460 ibi
2573 5419 2774 5460 munus
2799 5409 2958 5458 tuum
2987 5405 3113 5455 ante
3147 5397 3340 5464 altare,
3377 5403 3432 5452 et
3461 5395 3599 5452 vade
3628 5393 3778 5466 prius

493 5493 598 5550 dia
629 5496 830 5566 locum,
871 5495 1109 5554 charitas
1142 5495 1370 5566 scilicet,
1395 5513 1516 5570 qua
1545 5495 1965 5556 fundamentum
1998 5505 2080 5555 est
2187 5493 2542 5554 reconciliari
2570 5492 2729 5550 fratri
2757 5497 2876 5562 tuo,
2906 5497 2960 5548 et
2993 5495 3123 5546 tunc
3152 5485 3382 5544 veniens
3427 5483 3623 5542 oﬂ'eres
3661 5501 3776 5542 mu-

567 5700 650 5776 (3)
673 5702 755 5760 Ita
771 5702 966 5762 codex.
996 5705 1128 5779 Reg.
1153 5722 1169 5774 ;
1199 5703 1334 5763 edit.
1363 5711 1568 5774 autem,
1589 5703 1762 5762 alieno
1777 5703 2088 5778 proximum
2117 5719 2170 5762 se
2189 5703 2320 5777 petit
2338 5702 2536 5777 gladio.
