3970 6406
133 383 237 440 837

1430 382 1914 441 PRECA'I‘IONES
1952 383 2141 440 DUJE.

2142 320 2171 347 1

3335 383 3441 443 838

133 523 239 563 nus
264 514 424 563 tuum
458 508 620 579 (Ibid.
652 508 743 578 23,
767 508 883 581 24).
908 532 928 556 ι
961 509 1033 564 Et
1058 508 1198 564 illud
1229 526 1242 564 :
1286 532 1305 557 ε
1325 508 1462 567 Cum
1484 509 1641 565 statis
1661 510 1728 566 ad
1758 526 1810 585 Α
1840 507 2001 579 cujus
2053 506 2400 563 mortiferum
2456 507 2610 563 virus
2643 516 2778 564 tunc
2818 516 3096 582 utcunque
3142 520 3433 581 vacuatur,

133 596 426 664 orandum,
445 597 729 667 remittite,
749 599 794 653 si
822 598 957 671 quid
974 598 1189 655 habetis
1209 597 1471 655 adversus
1491 600 1725 656 alterum

132 685 189 741 in
218 686 482 744 cordibus
502 688 700 744 vestris
733 690 1017 758 (Mar.cxr,
1048 690 1163 762 25).
1198 715 1216 736 ι
1260 690 1413 744 Hanc
1441 689 1599 758 mihi,
1622 692 1725 745 Do-

132 775 283 831 mine
329 779 494 845 Deus,
541 779 836 835 secundam
892 780 1073 836 tribue
1100 780 1412 849 victoriam,
1447 781 1494 836 si
1539 781 1726 837 furore

131 875 369 925 caecatus
418 870 651 925 amisero
692 871 947 942 primam,
990 889 1116 928 cum
1167 891 1277 929 non
1306 882 1404 930 tuo
1452 874 1590 941 zelo,
1630 873 1725 929 sed

132 974 252 1013 meo
283 957 423 1013 vitio
454 959 750 1031 cujuslibet
779 961 1026 1018 animum
1058 964 1297 1020 offendo.

198 1046 254 1102 8.
301 1047 551 1104 Tristitia
580 1064 798 1122 quoque
845 1048 983 1106 iram
1014 1054 1544 1126 persequitur:quae
1589 1050 1719 1106 dum

131 1137 314 1193 cordis
346 1155 542 1195 arcana
590 1148 858 1212 penetrat,
908 1141 1159 1213 protinus
1210 1141 1266 1195 in
1303 1139 1421 1211 ejus
1465 1140 1723 1197 cubiculo

133 1226 426 1296 malitiam,
469 1245 775 1299 rancorem,
809 1230 1348 1303 pusillanimitatem,
1379 1229 1723 1301 desperatio-

133 1335 277 1386 nem,
321 1326 599 1391 torporem
639 1320 784 1377 circa
816 1330 1103 1394 praecepta,
1137 1321 1484 1393 vagationem
1519 1322 1722 1378 mentis

131 1423 254 1480 erga
284 1407 485 1465 illicita
517 1419 757 1481 generat.
791 1410 921 1479 Quae
952 1412 1099 1468 inter
1136 1421 1331 1469 caetera
1375 1412 1514 1469 vitia
1556 1429 1719 1485 quam

130 1496 197 1551 sit
244 1496 586 1567 detestanda,
626 1499 819 1557 beatus
872 1501 1074 1558 Paulus
1122 1502 1370 1558 indicat:
1431 1526 1449 1549 ‹
1499 1502 1718 1573 Szeculi,

131 1584 405 1658 inquiens,
452 1586 699 1655 tristitia,
757 1598 987 1646 mortem
1028 1600 1286 1663 operatur
1332 1593 1417 1665 (II
1447 1593 1574 1649 Cor.
1616 1609 1717 1660 vn,

134 1676 241 1747 lO).
289 1700 308 1725 ι
352 1677 456 1733 Sed
502 1678 748 1746 obsecro,
793 1681 939 1736 Deus
979 1688 1033 1735 et
1078 1681 1349 1737 Dominus
1389 1697 1562 1749 meus,
1613 1697 1722 1753 op-

131 1784 267 1840 pone
318 1776 511 1825 contra
560 1769 746 1826 saeculi
790 1771 1073 1829 tristitiam
1127 1772 1325 1829 futurae
1362 1772 1722 1828 beatitudinis

1835 614 1961 653 cum
2011 614 2123 653 non
2171 600 2428 671 qualitas,
2461 599 2554 654 sed
2599 598 2773 655 libido
2811 599 2869 654 in
2901 600 3042 655 escis
3071 610 3435 673 praecavetur.

1836 689 2018 744 Prima
2047 689 2195 745 enim
2230 692 2429 746 mulier
2456 707 2567 745 non
2606 690 3006 763 exquisitarum
3055 693 3277 765 dapum,
3331 696 3429 752 sed

1835 778 1950 832 sola
1970 778 2118 849 pomi
2140 778 2502 834 delectatione
2524 786 2756 835 mortem
2787 782 2995 837 mundo
3018 783 3240 840 induxit
3264 785 3425 857 (Gen.

1836 884 1919 936 Ill,
1952 868 2007 940 6)
2040 886 2051 924 :
2112 877 2166 924 et
2209 867 2469 940 antiquus
2515 868 2688 925 hostis
2720 887 2896 942 regem
2931 880 3177 927 nostrum
3218 890 3328 929 non
3358 876 3426 930 de

1833 970 2018 1022 carne,
2056 957 2151 1010 sed
2190 956 2257 1011 de
2287 972 2425 1028 pane
2453 960 2687 1015 tentavit
2717 960 2930 1030 (Matth.
2965 978 3043 1029 ιν,
3092 960 3185 1032 3);
3237 971 3290 1018 et
3323 963 3437 1017 So-

1833 1048 1997 1105 doma
2034 1049 2244 1107 idcirco
2290 1051 2414 1123 igne
2457 1060 2512 1108 et
2572 1052 2835 1124 sulphure
2888 1055 3073 1125 periit,
3117 1054 3248 1127 quia
3289 1055 3436 1111 inter

1833 1147 2031 1195 caetera
2060 1141 2204 1196 mala
2234 1157 2426 1212 panem
2450 1141 2507 1196 in
2539 1141 2825 1197 saturitate
2855 1142 3093 1198 comedit
3119 1143 3273 1213 (Gen.
3309 1160 3433 1212 xxx,

1834 1226 1950 1299 24).

1905 1324 1990 1380 ll.
2025 1326 2365 1398 Quapropter
2388 1327 2736 1384 clementiam
2758 1336 2931 1397 tuam,
2963 1331 3128 1398 Deus,
3160 1329 3430 1403 imploro,

1832 1421 1894 1469 ut
1940 1413 2084 1469 sicut
2138 1432 2278 1486 aeger
2306 1415 2373 1471 ad
2405 1416 2755 1485 medicinam,
2785 1418 2865 1475 sic
2902 1417 2969 1474 ad
3002 1419 3292 1475 sumendas
3336 1420 3429 1476 da-

1831 1517 1924 1573 pes
1953 1503 2203 1560 accedam
2230 1523 2242 1560 :
2277 1522 2619 1580 nequaquam
2654 1508 2865 1567 scilicet
2889 1510 2945 1565 in
2976 1510 3055 1566 eis
3081 1510 3423 1582 voluptatem

1831 1602 2109 1664 appetens,
2147 1594 2241 1650 sed
2278 1597 2588 1652 necessitati
2637 1598 2991 1655 subvenicns.
3034 1600 3210 1655 Aufer
3254 1616 3287 1656 a
3345 1616 3433 1657 me

1829 1689 2052 1753 propter
2070 1699 2323 1755 magnam
2359 1684 2793 1741 misericordiam
2812 1697 2960 1743 tuam
2984 1704 3147 1745 omne
3175 1688 3426 1746 ciborum

1830 1769 2060 1824 noxium
2106 1769 2460 1839 desiderium,
2516 1789 2921 1847 congruamque
2955 1793 3115 1831 servo
3145 1784 3241 1832 tuo
3270 1793 3430 1834 esca-

131 1856 400 1926 leetitiam,
460 1874 580 1930 quae
637 1874 707 1914 ex
777 1876 1009 1917 maerore
1068 1869 1403 1918 contractam
1475 1861 1723 1918 malitam
1753 1868 1798 1929 Β
1830 1874 1952 1913 rum
2002 1859 2282 1931 propitius
2333 1861 2509 1917 tribue
2547 1862 2979 1930 abstinentiam;
3024 1873 3086 1921 ut
3138 1865 3282 1921 inter
3334 1883 3427 1923 ne-

130 1944 315 2002 vincat
359 1946 766 2017 benevolentia,
818 1949 984 2005 tredio
1036 1958 1378 2022 procreatum
1441 1966 1723 2007 rancorem

130 2032 295 2103 pellat
334 2032 666 2102 sinceritate,
714 2035 1227 2107 pusillanimitatem
1258 2037 1586 2094 fortitudine
1624 2054 1727 2094 ro-

129 2120 302 2192 boret,
352 2122 790 2197 desperationem
827 2126 940 2199 spei
993 2127 1195 2184 ﬁducia
1223 2128 1416 2200 erigat,
1447 2137 1723 2201 torporem

128 2209 271 2267 circa
301 2220 570 2284 praecepta
598 2214 864 2272 exercitio
895 2215 1127 2288 spiritali
1166 2217 1417 2288 repellat,
1465 2217 1724 2288 vagatio-

128 2315 249 2355 uem
309 2302 510 2359 mentis
568 2320 695 2377 erga
750 2304 950 2361 illicita
1025 2305 1349 2363 inconcussa
1420 2305 1722 2363 stabilitate

130 2390 388 2446 refrenet.
440 2391 600 2459 Quod
636 2393 704 2462 si,
762 2392 831 2449 ad
883 2402 1227 2451 momentum
1279 2393 1560 2451 subtracta
1614 2395 1721 2450 lae-

127 2477 268 2547 titia,
304 2479 569 2552 spiritali,
608 2483 815 2538 malum
848 2483 1086 2540 tristitiae
1117 2484 1488 2557 praevaluerit,
1540 2501 1718 2556 agam,

127 2581 329 2638 quaeso,
385 2570 532 2642 quod
584 2580 771 2628 monet
824 2572 1016 2630 beatus
1062 2574 1334 2630 Iacobus:
1400 2598 1418 2621 ι
1448 2574 1721 2629 Tristatur

127 2655 246 2728 quis
280 2656 341 2713 in
368 2659 570 2717 vobis?
622 2663 753 2720 Oret
781 2678 939 2735 aequo
976 2662 1184 2732 animo,
1240 2670 1294 2718 et
1326 2662 1521 2735 psallat
1576 2662 1715 2733 (Jac.

128 2745 320 2818 V313).
366 2772 384 2795 ι

195 2844 249 2901 9.
271 2841 527 2898 Avaritia
553 2842 803 2915 sequitur
820 2843 1127 2914 tristitiam,
1143 2861 1263 2918 quae
1286 2844 1344 2900 in
1367 2852 1600 2916 utroque
1621 2843 1717 2898 Teo

123 2940 397 2991 stamento
425 2931 543 3004 pari
570 2939 795 2989 notatur
822 2934 1218 2990 exsecratione.
1252 2936 1314 2990 In
1354 2934 1526 2990 veteri
1563 2949 1714 2988 nam-

118 3039 221 3097 que
277 3021 520 3078 dicitur:
568 3046 586 3068 ι
625 3021 808 3078 Avaro
859 3021 1003 3078 nihil
1051 3032 1131 3080 est
1185 3023 1471 3080 scelestius
1520 3021 1711 3094 (Eccli.

120 3128 172 3181 ι,
205 3113 306 3182 9);
343 3137 360 3160 ι
415 3110 473 3166 in
501 3127 647 3168 novo
693 3120 906 3169 autem:
954 3138 972 3162 ι
1018 3120 1072 3169 et
1116 3114 1429 3181 avaritiam,
1461 3130 1582 3186 qua:
1632 3120 1714 3168 est

123 3201 397 3257 idolorum
428 3200 665 3256 servitus
696 3202 917 3272 (Ephes.
952 3218 1007 3271 v,
1040 3203 1121 3274 5).
1151 3228 1169 3250 ι
1216 3204 1299 3258 Ex
1329 3219 1435 3276 qua
1466 3202 1712 3274 profecto

123 3301 323 3365 septem
343 3293 607 3365 nequitiae
626 3295 1238 3366 procreantur,scilicet,
1261 3294 1521 3367 proditio,
1542 3294 1711 3362 fraus,

124 3381 359 3450 fallacia,
390 3381 720 3453 perjurium,
752 3382 1097 3456 inquietudo,
1129 3383 1419 3452 violentia,
1449 3391 1503 3439 et
1523 3390 1715 3440 contra

126 3470 557 3527 misericordiam
606 3470 918 3528 obduratio.
967 3473 1039 3528 Et
1076 3488 1219 3539 ecce,
1265 3472 1500 3528 Domine
1545 3475 1711 3539 Deus,

123 3562 351 3633 quilibet
388 3571 601 3620 amator
628 3563 843 3629 mundi,
878 3572 931 3619 et
961 3579 1072 3619 non
1103 3564 1206 3630 tui,
1242 3569 1464 3634 propter
1492 3562 1713 3619 metalla

125 3655 374 3723 pretiosa,
415 3652 667 3709 ardentes
709 3652 1088 3725 fulgentesque
1147 3651 1375 3724 lapides,
1431 3668 1618 3707 servos
1660 3658 1715 3706 et

124 3758 303 3800 servas
340 3744 543 3817 praedia
569 3753 622 3800 et
643 3742 846 3799 fundos
883 3742 951 3799 ad
983 3752 1212 3799 mortem
1244 3743 1561 3816 proximum
1592 3750 1713 3797 tra-

123 3832 219 3900 dit,
250 3832 502 3889 fraudem
535 3832 793 3901 incurrit,
826 3831 1099 3889 fallaciam
1130 3832 1376 3901 obducit,
1409 3830 1712 3904 perjurium

125 3922 449 3979 committit:
499 3931 553 3979 et
590 3923 734 3979 alius
774 3922 1055 3996 inquietus
1093 3932 1146 3979 et
1167 3924 1444 3979 violentus
1468 3930 1549 3977 est
1578 3937 1715 3993 pro-

128 4018 239 4081 pter
265 4012 481 4082 villam,
510 4012 653 4068 alius
676 4021 899 4084 propter
918 4013 1178 4085 gallinam
1204 4032 1216 4069 :
1249 4012 1392 4068 alius
1410 4010 1716 4067 obduratur

128 4106 309 4155 contra
335 4099 775 4158 misericordiam
807 4117 875 4157 ne
905 4100 1175 4159 retribuat
1217 4116 1434 4169 aurum,
1465 4099 1607 4154 alius
1645 4113 1716 4153 ne

130 4189 361 4260 porrigat
403 4199 614 4261 potum.
658 4189 763 4246 Sed
793 4197 941 4262 peto,
974 4190 1049 4246 mi
1079 4192 1242 4258 Deus,
1282 4196 1493 4246 amator
1530 4193 1715 4244 castus

129 4283 175 4331 et
219 4292 400 4344 verus,
446 4286 508 4332 ut
542 4278 632 4333 cui
671 4286 867 4349 praeter
896 4285 949 4333 te
978 4278 1134 4334 nulla
1178 4279 1447 4350 possessio
1485 4276 1715 4334 debetur

134 4363 186 4419 in
246 4373 417 4432 terra,
448 4364 591 4420 nihil
625 4365 772 4437 quod
824 4372 889 4420 tu
942 4382 1053 4422 non
1095 4382 1170 4435 es,
1220 4366 1604 4438 concupiscam
1654 4366 1713 4421 in

1747 3230 1790 3290 C

130 4460 305 4522 terra;
363 4471 577 4527 semper
633 4454 786 4511 illius
829 4455 1116 4511 sententia:
1182 4456 1548 4525 meminerim,
1609 4473 1715 4530 qua
1786 4526 1793 4531 .

130 4542 369 4600 dicitur:
441 4568 459 4591 ε
492 4543 681 4600 Nudus
734 4559 980 4616 egressus
1027 4561 1144 4600 sum
1197 4545 1263 4600 de
1321 4552 1477 4601 utero
1523 4546 1714 4601 matris

134 4646 276 4702 meae,
322 4632 503 4688 nudus
558 4640 805 4689 revertar
836 4634 971 4689 illuc
1010 4634 1126 4706 (Job
1158 4652 1197 4703 ι,
1229 4635 1340 4705 21).
1374 4660 1390 4682 ι
1435 4637 1614 4709 Atque
1640 4638 1719 4692 il-

134 4718 267 4777 lius:
313 4747 331 4770 ι
360 4722 511 4779 Nihil
542 4722 834 4780 intulimus
863 4723 921 4779 in
948 4723 1095 4780 hunc
1136 4723 1425 4793 mundum,
1476 4725 1569 4781 sed
1617 4743 1718 4785 nec

136 4809 333 4868 auferre
363 4812 496 4885 quid
527 4829 816 4885 possumus
856 4813 913 4885 (Ι
958 4814 1088 4869 Tim.
1141 4830 1220 4882 vr,
1269 4813 1347 4885 7).
1380 4837 1397 4861 ι
1457 4813 1587 4880 Qua:
1636 4815 1717 4871 ni-

137 4898 325 4955 mirum
356 4901 488 4957 dum
526 4902 615 4975 pie
640 4902 1082 4968 considerantur,
1116 4902 1308 4958 mundi
1337 4896 1715 4978 contemptum

137 4988 313 5046 afferre
341 4992 620 5063 videntur,
655 4994 750 5067 qui
779 4995 1030 5051 avaritiae
1061 4993 1371 5053 contrarius
1398 5002 1499 5052 est.

208 5092 347 5150 495
378 5096 463 5153 10.
496 5096 624 5152 Post
655 5096 772 5155 haec
803 5106 969 5154 restat
994 5097 1203 5154 ventris
1252 5098 1543 5172 ingluvies,
1595 5116 1715 5173 quae

139 5196 167 5236 a
192 5186 507 5243 necessitate
535 5185 754 5259 quidem
804 5187 1019 5259 incipit,
1068 5188 1161 5244 sed
1193 5190 1388 5247 modus
1426 5190 1714 5247 necessita-

140 5270 204 5325 tis
231 5274 511 5343 excedens,
545 5275 613 5331 ad
643 5276 984 5347 voluptatem
1024 5279 1320 5349 pertransit
1345 5296 1358 5345 ;
1411 5277 1655 5352 dumque
1684 5295 1716 5336 a

142 5356 295 5417 licitis
322 5362 387 5418 ad
420 5363 615 5420 illicita
642 5366 976 5436 pervenerit,
1008 5383 1138 5421 mox
1168 5367 1411 5439 ineptam
1438 5368 1711 5437 laetitiam,

142 5450 535 5521 scurrilitatem,
567 5451 1002 5525 immunditiam,
1035 5455 1474 5529 multiloquium,
1500 5474 1714 5515 sensus-

147 5549 243 5606 que
284 5537 668 5599 hebetudinem
732 5543 879 5603 circa
939 5545 1362 5619 intelligentiam
1436 5546 1709 5621 parturit:

209 5717 283 5795 (4)
313 5724 512 5785 Omnes
534 5725 693 5798 edit.,
749 5726 1105 5789 delectationis
1133 5728 1245 5804 ejus
1272 5746 1443 5790 sensu.

1746 4596 1795 4654 D

1834 1948 2128 2011 cessarium
2174 1948 2398 2005 modum
2440 1950 2720 2023 proprium
2755 1959 3050 2026 temperem
3095 1954 3427 2027 appetitum,

1834 2043 2148 2109 remotaque
2178 2052 2208 2092 a
2237 2053 2322 2092 me
2352 2039 2504 2094 omni
2544 2056 2765 2113 prorsus
2794 2042 3016 2114 crapula
3039 2052 3093 2100 et
3140 2042 3423 2113 ebrietate,

1832 2125 2003 2181 sciam
2046 2126 2104 2181 in
2158 2127 2364 2183 virtute
2394 2135 2489 2185 tua
2517 2129 2818 2196 abundare,
2858 2131 3025 2187 sciam
3054 2140 3108 2187 et
3137 2133 3426 2205 penuriam

1833 2213 1967 2285 pati,
2001 2214 2255 2271 noverim
2284 2232 2500 2290 quoque
2522 2217 2579 2273 iu
2608 2218 2809 2291 quibus
2834 2219 2971 2275 mihi
3003 2220 3282 2277 sufﬁciens
3311 2238 3428 2278 esse

1831 2304 2056 2375 possim.
2098 2306 2198 2370 Ita,
2239 2306 2493 2375 Domine,
2526 2306 2626 2376 ita,
2657 2309 2816 2364 Pater
2864 2310 3027 2378 bone,
3073 2312 3258 2367 noxiis
3296 2328 3428 2384 gas-

1830 2393 2125 2466 trimargiae
2163 2396 2341 2451 succis
2387 2397 2642 2453 arefactis
2693 2398 2877 2470 inepta
2919 2400 3113 2456 laetitia
3149 2402 3236 2457 vel
3276 2418 3428 2460 scur-

1830 2485 2012 2541 rilitas
2032 2502 2143 2541 non
2174 2486 2491 2559 pullulabit,
2513 2504 2633 2561 quae
2650 2488 2775 2544 illos
2796 2490 3034 2545 maxime
3054 2490 3121 2545 ad
3153 2491 3421 2549 insaniam

1829 2575 2101 2648 perducit,
2147 2578 2204 2632 in
2253 2578 2455 2650 quibus
2482 2580 2704 2651 crapula
2738 2586 2791 2635 et
2826 2580 3060 2636 ebrietas
3112 2581 3421 2638 dominium

1827 2665 2033 2723 sumit:
2084 2690 2102 2713 ι
2135 2666 2291 2722 Sedit
2328 2666 2475 2722 enim
2506 2669 2741 2739 populus
2773 2668 3102 2725 manducare
3131 2677 3185 2726 et
3208 2670 3418 2740 bibere,

1826 2761 1880 2809 et
1926 2763 2285 2811 surrexerunt
2339 2756 2525 2812 ludere
2564 2758 2767 2829 (Exod.
2825 2770 3009 2825 χχχιι,
3040 2758 3122 2829 6).
3155 2783 3173 2805 ι
3217 2758 3424 2816 Contra

1826 2859 1963 2916 quos
1990 2844 2087 2899 illa
2120 2845 2392 2901 sententia
2442 2846 2616 2914 venit,
2659 2861 2766 2918 qua
2793 2844 2997 2902 dicitur
3030 2862 3041 2901 :
3090 2872 3108 2895 ι
3137 2846 3234 2905 Vae
3262 2847 3422 2904 vobis

1827 2932 2120 3002 divitibus,
2153 2934 2249 3006 qui
2290 2934 2502 2990 habetis
2551 2936 2982 2992 consolationem
3038 2943 3277 2992 vestram
3307 2938 3320 2993 l
3350 2938 3424 2993 Et

1822 3038 1906 3077 vae
1937 3023 2126 3091 vobis,
2161 3023 2253 3095 qui
2289 3023 2481 3079 ridetis
2515 3040 2695 3091 nunc;
2734 3024 2863 3097 quia
2890 3024 3178 3097 plorabitis
3220 3034 3274 3082 et
3313 3025 3422 3082 fle-

1822 3108 1955 3165 bitis
1977 3111 2129 3181 (Luc.
2153 3126 2231 3178 v1,
2263 3108 2352 3179 2’s,
2384 3111 2476 3183 25)
2501 3112 2513 3167 l
2544 3137 2562 3160 ι
2606 3112 2763 3179 Quod
2780 3119 2971 3169 contra
3000 3112 3041 3168 ii
3071 3113 3167 3186 qui
3195 3131 3417 3172 carnem

1823 3216 1978 3255 suam
2034 3200 2433 3258 cruciﬁxerunt
2482 3218 2608 3259 cum
2655 3202 2810 3260 vitiis
2856 3210 2911 3259 et
2959 3204 3422 3278 concupiscentiis

1822 3289 1940 3360 ejus
1995 3290 2204 3362 (Galat.
2263 3308 2320 3356 v,
2362 3290 2453 3362 24)
2494 3291 2761 3349 audiunt:
2816 3317 2834 3340 ι
2873 3293 3110 3349 Mundus
3139 3294 3419 3366 gaudebit,

1823 3396 1922 3434 vos
1938 3395 2070 3434 vero
2101 3395 2205 3435 con
2216 3379 2545 3435 tritabimini
2566 3398 2579 3447 ;
2598 3381 2693 3437 sed
2722 3381 2946 3438 tristitia
2966 3390 3152 3463 vestra
3172 3390 3421 3439 vertetur

1824 3469 1881 3525 in
1911 3469 2171 3541 gaudium
2204 3476 2257 3525 et
2285 3470 2545 3542 gaudium
2575 3478 2815 3527 vestrum
2848 3488 3010 3527 nemo
3029 3473 3186 3528 tollet
3211 3489 3241 3528 a
3262 3472 3420 3529 vobis

1825 3559 2007 3630 (Joan.
2036 3559 2248 3627 xvr,20,
2278 3559 2393 3629 22).
2412 3585 2429 3606 ι
2453 3560 2524 3615 Et
2552 3577 2791 3647 rursum;
2828 3584 2845 3606 ι
2872 3560 3177 3632 Beatiquid
3207 3562 3418 3632 lugent,

1822 3650 2082 3721 quoniam
2112 3649 2215 3722 ipsi
2246 3649 2678 3706 consolabuntur
2700 3651 2911 3722 (Matth.
2935 3670 2995 3719 v,
3024 3652 3105 3724 5).
3126 3675 3143 3699 ι
3176 3654 3417 3709 Immun-

1820 3738 1959 3795 ditia
1986 3756 2202 3813 quoque
2232 3758 2353 3813 quae
2368 3740 2531 3812 juxta
2558 3742 2883 3814 Apostolum
2906 3743 3237 3816 quibusdam
3264 3742 3419 3815 regni

1821 3829 2057 3885 caelestis
2088 3830 2296 3885 aditum
2326 3830 2554 3898 claudit,
2587 3832 2907 3903 vigilantem
2950 3849 3254 3906 nunquam,
3295 3833 3419 3891 dor-

1826 3918 2087 3975 mientem
2122 3935 2254 3975 vero
2281 3918 2494 3976 tardius
2524 3936 2621 3975 sua
2648 3921 2962 3976 colluvione
2994 3921 3240 3978 fmdavit.
3265 3922 3420 3978 Mul-

1828 4006 2123 4080 tiloquium
2160 4008 2342 4063 inedia
2371 4025 2615 4081 pressum
2645 4009 2866 4066 silebit:
2916 4008 3191 4067 hebetudo
3227 4027 3421 4068 sensus

1822 4096 1967 4153 circa
2013 4097 2434 4170 intelligentiam
2486 4098 2789 4170 spiritualis
2864 4099 3137 4157 acuminis
3197 4100 3420 4173 ingenio

1822 4185 2013 4254 cedet;
2063 4187 2208 4258 quod
2254 4196 2440 4244 sancta
2487 4189 2824 4261 parcimonia
2859 4188 2917 4245 in
2948 4197 3131 4246 mente
3160 4206 3420 4264 propaga-

1821 4274 1931 4341 bit;
1982 4284 2175 4331 venter
2222 4277 2370 4332 enim
2400 4276 2735 4335 abstinentia
2778 4285 3093 4336 contractus
3148 4279 3419 4337 humanos

1822 4362 1879 4418 in
1909 4365 2081 4420 altum
2107 4366 2286 4421 elevat
2314 4383 2526 4423 sensus.

1896 4463 1981 4519 12.
2026 4463 2271 4520 Luxuria
2321 4466 2751 4539 gastrimargiam
2806 4468 3073 4540 sequitur,
3100 4471 3243 4541 'quae
3284 4470 3417 4525 dum

1823 4551 2060 4607 licentiae
2082 4561 2253 4610 metas
2273 4555 2510 4623 excedit,
2537 4573 2666 4611 mox
2693 4556 2761 4612 de
2781 4557 3161 4613 se'czecitatem
3194 4558 3415 4629 mentis,

1828 4640 2403 4713 inconsiderationem,
2428 4644 2871 4712 inconstantiam,
2902 4644 3414 4717 praecipitationem,

1825 4751 2063 4792 amorem
2100 4737 2208 4806 sui,
2239 4737 2426 4794 odium
2459 4737 2576 4805 Dei,
2609 4736 2860 4792 affectum
2894 4736 3176 4808 praesentis
3204 4738 3415 4808 saeculi,

1825 4824 2109 4882 horrorem
2147 4836 2329 4883 autem
2380 4828 2466 4882 vel
2511 4825 2948 4898 desperationem
3000 4825 3176 4898 gignit
3204 4827 3405 4884 futuri.

1824 4913 1929 4971 Sed
1960 4923 2103 4987 peto,
2135 4917 2387 4983 Domine,
2410 4922 2473 4970 ut
2503 4916 2597 4987 qui
2618 4914 2685 4969 ab
2706 4914 2823 4985 ipso
2851 4913 3155 4986 pubertatis
3170 4922 3416 4987 tempore

1823 5018 1856 5059 a
1900 5004 2193 5076 complexu
2226 5003 2462 5061 carnalis
2501 5003 2710 5074 copulae
2754 5002 2996 5059 alienum
3052 5020 3139 5060 me
3167 5021 3283 5061 esse
3321 5021 3415 5061 vo-

1825 5094 1998 5163 luisti,
2050 5093 2433 5151 delectationis
2480 5093 2599 5165 ejus
2640 5109 2910 5149 consensu
2946 5094 3028 5167 (4)
3061 5110 3173 5150 non
3202 5105 3413 5168 tangar,

1825 5182 1968 5251 Quid
2015 5183 2161 5238 enim
2205 5182 2446 5255 prodest,
2500 5182 2733 5239 Domine
2782 5182 2950 5252 Deus,
2997 5184 3267 5256 virginem
3301 5201 3416 5242 esse

1790 5270 1795 5275 ’
1822 5289 2067 5345 corpore,
2109 5272 2155 5328 si
2193 5272 2477 5343 contingat
2508 5279 2688 5328 mente
2718 5289 2833 5329 esse
2862 5281 3179 5345 corruptum
3205 5274 3233 5329 ?
3266 5299 3283 5321 ι
3308 5275 3415 5342 Qui

1822 5364 1968 5421 enim
2027 5362 2229 5421 viderit
2286 5363 2571 5420 mulierem
2610 5363 2678 5421 ad
2731 5364 3230 5437 concupiscendum
3269 5381 3411 5434 eam,

1816 5452 1931 5526 jam
1961 5453 2264 5511 moechatus
2292 5461 2373 5511 est
2402 5471 2519 5511 eam
2544 5453 2603 5515 in
2632 5455 2797 5512 corde
2817 5472 2917 5513 suo
2940 5454 3150 5526 (Matth.
3175 5472 3235 5521 v,
3258 5456 3402 5527 28).,

1822 5540 1965 5599 Huic
2015 5541 2260 5614 profecto
2308 5543 2542 5601 necdum
2590 5544 2899 5603 castitatem
2949 5545 3215 5618 professo,
3249 5545 3414 5618 juxta
