3970 6366
476 339 582 400 839

1476 340 1572 398 AD
1610 339 1846 399 OPERA
1881 339 1937 398 S.
1973 336 2304 400 AMBROSII
2340 337 2720 398 APPENDIX.

3693 339 3801 398 8&0

481 465 830 538 Apostolum,
860 464 1060 521 melius
1085 473 1168 522 est
1204 465 1412 523 nubere
1433 481 1594 538 quam
1633 465 1720 522 uri
1751 467 1784 522 Ι
1812 467 1937 524 Cor.
1967 483 2068 537 vn,
2103 467 2149 526 A
2185 466 2351 522 etiam
2384 466 2441 522 in
2472 465 2570 522 illo
2598 463 2782 522 adhuc
2817 463 3018 522 saeculo
3046 462 3262 538 aliquid
3289 463 3350 522 in
3377 481 3469 523 me
3507 465 3801 525 vindicati.

479 555 569 627 9):
601 549 696 612 sed
721 553 970 624 obsecro,
1016 555 1272 623 Domine,
1303 563 1366 611 ut
1394 555 1486 612 cui
1516 571 1629 612 non
1679 556 1807 614 licet
1845 554 2074 626 nubere,

480 659 582 702 nec
609 643 890 716 contingat
925 643 1104 700 aduri.

555 732 640 789 13.
693 733 834 789 Ecce
891 731 1022 788 dum
1065 749 1164 804 pro
1207 749 1294 789 me
1334 732 1609 790 sollicitus
1651 733 1785 790 talia
1837 734 2076 806 postulo,

484 821 798 879 meminisse
825 821 1110 878 charitatis
1139 821 1340 891 debeo;
1375 831 1438 879 ut
1467 825 1632 879 etiam
1672 841 1768 895 pro
1796 824 1923 880 aliis
1951 839 2078 880 exo-

485 929 617 970 rem.
668 914 742 969 Te
785 913 954 986 igitur
1001 923 1304 972 amatorem
1364 916 1626 973 Ecclesia:
1654 923 1764 972 tua;
1795 916 2078 988 deprecor,

483 1001 648 1068 Deus,
699 1016 798 1072 pro
863 1000 1240 1058 sacerdotibus
1283 1001 1446 1073 ejus;
1492 1011 1554 1059 ut
1603 1003 1787 1060 verbis
1833 1004 1998 1059 simul
2027 1012 2082 1060 et

484 1089 698 1146 meritis
746 1089 876 1147 vitae
926 1092 1192 1164 populum
1241 1091 1348 1147 sibi
1397 1092 1668 1149 creditum
1696 1093 1764 1150 ad
1805 1094 2080 1150 caelestem

482 1181 716 1252 patriam
748 1180 1008 1238 invitent.
1041 1182 1146 1237 Pro
1173 1183 1418 1254 regibus,
1439 1183 1696 1252 ducibus,
1722 1191 1777 1240 et
1801 1184 1869 1240 iis
1898 1183 1992 1258 qui
2021 1184 2082 1240 in

485 1267 827 1325 sublimitate
868 1269 1033 1342 positi
1069 1278 1241 1338 sunt;
1283 1280 1345 1327 ut
1375 1280 1554 1344 patres
1602 1273 1972 1345 orphanorum
2028 1279 2083 1328 et

477 1354 693 1428 judices
745 1357 1037 1414 viduarum
1085 1359 1410 1432 semetipsos
1465 1360 1787 1429 exhibeant,
1845 1361 2084 1417 miseriis

483 1447 734 1521 inopum,
783 1456 838 1504 et
885 1449 1178 1521 gemitibus
1229 1466 1530 1522 pauperum
1559 1449 1911 1520 condoleant,
1937 1451 2082 1507 nihil

484 1537 592 1594 nisi
621 1538 768 1612 quod
791 1537 1000 1611 justum
1039 1548 1140 1607 est,
1192 1539 1250 1595 in
1293 1539 1516 1610 judicio
1563 1533 1850 1612 quaerant;
1896 1541 2084 1614 sicque

483 1627 871 1685 administrent
890 1630 1198 1700 praesentia,
1215 1645 1282 1684 ne
1305 1630 1567 1686 amittant
1592 1619 1745 1686 bona.
1756 1630 1955 1686 futura.
1980 1631 2085 1688 Pro

484 1717 816 1790 virginibus,
828 1718 1264 1788 continentibus,
1289 1735 1351 1776 ac
1377 1719 1586 1776 mundo
1617 1720 2080 1789 renuntiantibus;

2185 555 2319 612 dum
2366 569 2632 623 reservas,
2664 561 2792 626 peto
2822 569 2891 609 ne
2918 567 3006 608 me
3033 553 3291 625 potestati
3337 553 3658 634 daemonum
3691 564 3800 613 tra-

2183 643 2303 709 das,
2333 645 2466 700 dum
2497 645 2674 700 scelus
2705 659 2888 700 meum
2917 642 3236 716 purgatoria
3263 658 3430 715 pmna
3461 643 3724 717 detergis.

2260 733 2347 788 16.
2383 733 2699 806 Nunquam,
2748 730 3000 800 Domine,
3053 731 3330 788 oblivioni
3389 732 3660 790 tradenda
3713 741 3800 789 est

2185 819 2304 876 dies
2332 819 2449 888 illa,
2498 821 2566 877 de
2596 836 2704 893 qua
2742 819 2888 876 dixit
2935 819 3205 892 propheta
3243 838 3256 877 :
3321 844 3342 868 ι
3386 821 3538 890 Dies,
3587 822 3800 894 inquit,

2188 911 2304 980 irae,
2340 911 2459 968 dies
2494 911 2608 980 illa,
2659 911 2777 968 dies
2823 910 3206 968 tribulationis
3250 920 3306 968 et
3332 911 3623 985 angustiae,
3675 912 3801 969 dies

2187 1001 2518 1059 calamitatis
2545 1009 2600 1058 et
2633 1001 2891 1070 miseriae,
2912 1000 3030 1058 dies
3049 1001 3404 1076 tenebrarum
3433 1009 3488 1058 et
3515 1001 3801 1074 caliginis,

2187 1089 2306 1146 dies
2335 1090 2550 1148 nebula
2579 1100 2632 1148 et
2661 1091 2900 1148 turbinis
2931 1091 3036 1163 (6),
3082 1091 3200 1147 dies
3231 1091 3377 1147 tubae
3425 1099 3481 1147 et
3507 1091 3790 1163 clangoris

2192 1179 2430 1252 (Sophon
2474 1180 2752 1252 1,15,16),
2785 1204 2803 1228 ι
2845 1179 2906 1236 in
2935 1197 3063 1254 qua,
3094 1183 3250 1239 caelis
3279 1189 3335 1238 et
3363 1181 3526 1238 terris
3557 1181 3805 1238 ardenti-

2188 1266 2312 1336 bus,
2357 1293 2376 1316 ι
2414 1269 2648 1324 exibunt
2685 1285 2750 1324 an
2763 1269 2894 1342 geli,
2948 1277 3004 1326 et
3030 1269 3363 1342 separabunt
3389 1271 3562 1326 malos
3588 1269 3658 1326 de
3688 1287 3804 1326 me-

2190 1356 2284 1413 dio
2331 1355 2632 1428 justorum,
2689 1366 2744 1414 et
2791 1358 3014 1415 mittent
3069 1375 3164 1414 eos
3209 1359 3269 1414 in
3319 1360 3598 1415 caminum
3650 1359 3804 1432 ignis

2193 1445 2405 1517 (Matth.
2438 1464 2564 1516 xm,
2609 1447 2696 1516 b9,
2728 1447 2862 1518 50);
2899 1472 2917 1495 ι
2980 1447 3039 1504 in
3089 1463 3198 1521 qua
3248 1465 3516 1506 messores
3561 1450 3807 1506 collecta

2191 1534 2400 1592 zizania
2442 1535 2750 1608 alligabunt
2781 1537 2838 1591 in
2883 1536 3174 1594 fasciculos
3220 1537 3289 1594 ad
3328 1537 3802 1596 comburendum.

2192 1625 2255 1682 In
2284 1641 2392 1699 qua
2419 1643 2451 1682 a
2479 1626 2722 1682 sinistris
2752 1626 2915 1698 positi
2944 1627 3169 1684 audient
3199 1627 3358 1700 impii
3392 1645 3404 1684 :
3469 1651 3488 1676 ς
3516 1628 3809 1686 Discedite

2193 1732 2225 1772 a
2253 1731 2358 1784 me,
2382 1715 2683 1784 maledicti,
2716 1715 2773 1771 iu
2804 1715 2986 1788 ignem
3019 1725 3306 1785 aeternum,
3339 1717 3434 1790 qui
3456 1726 3810 1791 praeparatus

484 1817 547 1865 ut
602 1808 1274 1882 praesentia/despiciant,
1328 1809 1514 1867 futura
1562 1809 1865 1883 requirant,
1899 1827 1998 1868 nec
2023 1827 2080 1867 se
2105 1824 2152 1884 Β
2195 1813 2278 1862 est
2305 1803 2548 1874 diabolo,
2597 1812 2652 1861 et
2680 1805 2889 1878 angelis
2930 1804 3048 1878 ejus
3093 1806 3306 1879 (Matth.
3339 1823 3478 1876 xxv,
3509 1805 3630 1878 41).
3665 1831 3684 1854 ι
3735 1807 3806 1862 In

487 1898 722 1970 negotiis
769 1899 1122 1956 saecularibus
1177 1900 1500 1973 implicent;
1547 1910 1610 1957 ut
1643 1899 1747 1956 tibi
1777 1901 2080 1958 militantes

485 1991 757 2062 placeant,
807 1989 898 2046 cui
938 2005 995 2045 se
1037 1989 1428 2062 probaverunt.
1495 1989 1600 2046 Pro
1647 1989 1974 2063 conjugatis,
2019 1998 2085 2047 ut

485 2077 566 2134 sic
593 2078 700 2135 sibi
742 2078 980 2136 invicem
1015 2079 1195 2135 carnis
1221 2078 1470 2135 debitum
1497 2079 1737 2149 solvant,
1771 2095 1841 2136 ne
1865 2096 1898 2136 a
1927 2081 2083 2137 desi-

485 2166 639 2224 derio
668 2167 858 2240 patria:
878 2168 1117 2224 caelestis
1138 2168 1472 2225 exorbitent.

560 2256 645 2314 14.
688 2257 793 2312 Sed
822 2257 956 2330 quid
985 2273 1104 2329 ago,
1137 2258 1416 2314 Domine?
1446 2257 1612 2325 Quasi
1661 2257 1868 2315 oblitus
1894 2275 2080 2331 pecca-

488 2355 670 2403 torum
701 2362 970 2414 meorum,
1000 2362 1100 2418 pro
1115 2345 1240 2402 aliis
1264 2362 1493 2403 exorare
1524 2362 1816 2418 praesumo.
1849 2347 1894 2404 Ο
1917 2365 2081 2420 quam

489 2438 546 2493 in
577 2438 769 2494 multis
795 2435 999 2492 offendi
1027 2443 1190 2508 atque
1209 2435 1455 2492 oﬂ‘endol
1480 2435 1586 2492 Sed
1615 2443 1799 2492 tamen
1825 2453 1935 2494 non
1957 2437 2082 2494 sub-

489 2527 632 2599 repit
671 2526 996 2599 desperatio,
1052 2541 1178 2582 cum
1226 2525 1582 2599 publicanum
1628 2525 1686 2581 in
1731 2527 1937 2599 templo
1966 2526 2082 2599 jus-

487 2620 762 2678 tiﬁcatum
791 2617 1035 2688 attendo,
1073 2635 1198 2675 cum
1233 2620 1506 2676 latronem
1540 2619 1597 2675 in
1627 2636 1788 2676 cruce
1817 2619 2082 2676 conﬁten-

489 2717 624 2775 tem,
645 2718 702 2765 et
729 2708 796 2764 de
820 2724 982 2764 cruce
1011 2707 1080 2764 ad
1105 2708 1424 2765 Paradisum
1450 2715 1824 2765 transeuntem
1853 2710 2078 2783 aspicio,

489 2814 616 2855 cum
646 2797 871 2854 Mariam
909 2807 1032 2870 post
1064 2799 1267 2854 multas
1298 2797 1594 2855 criminum
1644 2799 1886 2855 maculas
1931 2799 2083 2856 fonte

489 2888 711 2960 pietatis
729 2887 994 2956 ablutam,
1017 2905 1141 2944 cum
1164 2889 1385 2945 Petrum
1415 2896 1538 2961 post
1561 2893 1710 2952 496
1738 2889 2082 2962 negationem

491 2983 830 3054 apostolatus
858 2982 1086 3054 gratiam
1123 3000 1468 3056 recuperasse
1498 2985 1738 3042 intueor.
1785 2985 1890 3042 Sed
1931 3001 2084 3058 rogo,

492 3071 788 3128 ineﬂ‘abilis
832 3072 1028 3144 pietas,
1074 3079 1138 3129 ut
1163 3075 1254 3132 cui
1283 3075 1350 3130 de
1383 3075 1555 3131 tantis
1582 3075 1854 3148 exemplis
1882 3091 2084 3148 praesu-

2193 1911 2299 1970 qua
2321 1893 2436 1967 jam
2467 1895 2732 1952 obseratis
2777 1896 2904 1951 vitae
2927 1895 3118 1968 jauuis
3162 1913 3290 1954 cum
3329 1896 3618 1954 exstinctis
3658 1896 3807 1952 lam-

2191 1985 2424 2057 pedibus
2465 1987 2646 2042 stultae
2677 1985 2920 2059 virgines
2947 2003 2980 2043 a
3027 1986 3273 2045 thalamo
3310 1989 3548 2046 exclusa;
3592 1988 3807 2060 plora-

2189 2075 2364 2144 bunt,
2419 2075 2964 2149 dominationemque
3018 2077 3358 2149 ingementes
3415 2077 3803 2136 clamabunt:

2202 2185 2222 2210 ι
2264 2163 2518 2232 Domine,
2562 2163 2819 2234 Domine,
2886 2164 3039 2237 aperi
3085 2165 3246 2222 nobis
3295 2166 3460 2239 (Ibid.
3503 2167 3628 2239 11):
3666 2191 3687 2216 ι
3745 2175 3814 2223 et

2189 2263 2324 2311 tunc
2365 2253 2515 2311 dices
2555 2255 2710 2312 illis:
2777 2279 2796 2302 ‹
2836 2256 3019 2312 Nescio
3048 2274 3139 2312 vos
3169 2258 3332 2329 (Ibid.
3372 2259 3484 2328 12).
3519 2283 3539 2307 ι
3589 2259 3654 2314 In
3684 2274 3813 2331 qua

2189 2343 2354 2400 etiam
2386 2343 2482 2416 qui
2512 2343 2797 2400 miraculis
2823 2353 3272 2414 coruscaverunt,
3299 2346 3562 2402 similiter
3580 2347 3808 2404 lamen-

2189 2433 2456 2490 tabuntur
2500 2433 2726 2505 repulsi,
2774 2444 2828 2490 et
2863 2433 3050 2490 dicent
3089 2452 3102 2490 :
3169 2460 3188 2482 ι
3226 2437 3482 2505 Domine,
3530 2437 3810 2503 Domine,

2189 2538 2372 2580 nonne
2400 2522 2459 2578 in
2488 2522 2710 2578 nomine
2741 2529 2836 2578 tuo
2877 2521 3352 2594 prophetavimus,
3391 2532 3446 2580 et
3476 2526 3533 2580 in
3563 2526 3812 2582 nomine

2189 2619 2286 2668 tuo
2316 2611 2590 2668 daemonia
2635 2609 2918 2682 ejecimus,
2964 2619 3018 2668 et
3055 2612 3114 2668 in
3141 2620 3239 2669 tuo
3289 2613 3513 2669 nomine
3554 2615 3814 2672 virtutes

2191 2701 2392 2756 multas
2421 2699 2653 2756 fecimus
2683 2701 2900 2772 (Matth.
2929 2718 3030 2769 vn,
3069 2700 3162 2773 22)
3185 2700 3214 2757 ?
3244 2725 3262 2748 ι
3302 2702 3374 2758 Et
3400 2710 3535 2758 tunc
3563 2703 3810 2761 conﬁte-

2193 2789 2342 2847 beris
2371 2789 2535 2847 etiam
2580 2788 2700 2845 istis
2729 2789 2859 2861 quia
2885 2805 3171 2862 nunquam
3211 2789 3418 2846 novisti
3447 2807 3558 2859 eos,
3605 2791 3813 2864 subji—

2192 2880 2344 2937 ciens
2377 2898 2389 2937 :
2436 2904 2455 2927 ι
2485 2878 2761 2936 Discedite
2792 2895 2823 2934 a
2848 2893 2955 2947 me,
2981 2893 3175 2934 omnes
3203 2877 3296 2950 qui
3328 2879 3638 2950 operamini
3670 2880 3813 2937 ini-

2191 2969 2458 3042 quitatem
2485 2970 2647 3042 (Ibid.
2673 2968 2789 3042 23).
2812 2995 2832 3018 ι
2865 2967 3000 3036 Quis
3019 2967 3156 3036 haec,
3179 2969 3414 3025 Domine
3439 2971 3606 3037 Deus,
3629 2973 3807 3028 terri-

2190 3061 2322 3118 bilis
2351 3061 2412 3117 in
2438 3055 2716 3130 consiliis,
2747 3059 3019 3117 mirabilis
3041 3061 3098 3115 in
3131 3060 3530 3133 majestatibus,
3561 3047 3808 3122 faciens-

493 3177 642 3217 mere
670 3160 908 3230 donasti,
941 3161 1178 3233 gemitus
1205 3162 1508 3233 publicani,
1561 3162 1961 3220 confessionem
1992 3166 2082 3222 la—
2110 3181 2155 3243 ο
2197 3164 2302 3222 que
2333 3148 2586 3243 ρτοᾷὶείδ
2614 3149 2826 3243 inqu“:
2873 3148 3274 3243 inquami‘hmc
3300 3166 3412 3207 non
3461 3153 3806 3243 P3V98t_(7),

487 3249 685 3320 tronis,
717 3251 987 3322 lacrymas
1012 3251 1340 3320 meretricis,
1383 3252 1660 3326 ﬂetusque
1686 3253 1935 3326 negantis
1961 3270 2088 3328 apo-

487 3339 616 3398 stoli
644 3339 931 3398 concedas.
961 3340 1128 3408 Quasi
1158 3340 1376 3414 ﬂagello
1405 3341 1697 3414 temporali
1730 3343 1939 3400 scelera
1968 3361 2091 3402 mea

486 3429 821 3488 vindicanda
845 3429 1175 3504 provideris,
1198 3432 1542 3504 lacrymosus
1569 3431 1844 3504 imploro;
1870 3440 1933 3489 ut
1951 3432 2086 3490 dum

489 3528 684 3577 contra
721 3519 841 3576 haec
869 3519 1042 3577 iratus
1079 3520 1330 3590 desaevis,
1384 3537 1598 3594 semper
1653 3521 1711 3578 in
1753 3521 1835 3578 ira
1875 3522 2085 3579 miseri-

488 3612 692 3671 cordia
746 3611 1089 3670 recorderis:
1149 3629 1311 3684 quem
1356 3611 1504 3668 enim
1551 3611 1760 3684 diligis,
1817 3613 2084 3686 corripis;

491 3703 742 3776 ﬂagellas
761 3711 944 3759 autem
972 3718 1194 3759 omnem
1233 3701 1414 3759 ﬁlium
1453 3719 1615 3776 quem
1655 3703 1858 3776 recipis
1903 3704 2086 3776 (Hebr.

495 3810 599 3863 χιι,
629 3793 710 3865 6).
761 3791 974 3860 Quibus
1014 3793 1282 3850 nimirum
1321 3793 1506 3851 verbis
1536 3794 1640 3852 etsi
1671 3793 1827 3867 virga
1869 3811 2091 3868 percus-

496 3882 640 3938 soris
671 3882 752 3956 (5)
800 3883 1062 3951 minatur,
1105 3891 1364 3956 paternus
1393 3891 1576 3940 tamen
1618 3883 1838 3956 pietatis
1863 3883 2092 3941 affectus

503 3981 861 4031 monstratur.
911 3975 992 4030 Da
1019 3989 1168 4046 ergo,
1216 3973 1472 4041 Domine,
1520 3973 1665 4030 inter
1709 3972 1923 4046 ﬂagella
1956 3970 2092 4030 tole-

491 4065 752 4133 rantiam,
783 4079 852 4118 ne
881 4061 1342 4118 murmurationis
1370 4069 1578 4130 notam,
1601 4069 1664 4118 ut
1693 4062 1872 4118 malus
1900 4077 2094 4118 servus

494 4155 771 4212 incurram
805 4171 817 4209 :
863 4151 958 4208 sed
985 4151 1158 4223 magis
1183 4151 1338 4224 quasi
1367 4151 1548 4206 bonus
1578 4150 1753 4218 ﬁlius,
1791 4150 2092 4224 gratiarum

493 4244 738 4302 actiones
766 4239 1080 4313 rependam.

555 4331 653 4402 ‘15.
696 4341 842 4399 Illud
872 4341 1037 4398 etiam
1069 4353 1397 4414 magnopere
1425 4349 1573 4414 peto,
1605 4347 1672 4398 ut
1710 4341 1856 4399 diem
1886 4343 2089 4414 obitus,

507 4435 654 4494 diem
699 4433 929 4490 extremi
955 4431 1176 4505 judicii,
1231 4431 1638 4489 damnationem
1669 4435 1856 4492 aeterni
1887 4436 2093 4508 suppli-

2197 3245 2252 3295 et
2280 3255 2313 3294 a
2339 3239 2512 3295 fundo
2532 3237 2716 3296 cordis
2738 3254 2848 3294 non
2870 3238 3260 3296 contremiscat
3285 3257 3298 3296 :
3329 3256 3454 3297 cum
3483 3243 3649 3298 etiam
3668 3241 3811 3300 illos

2197 3327 2446 3384 damnari
2471 3327 2678 3396 audiat,
2711 3343 2852 3400 quos
2879 3327 2938 3382 in
2971 3326 3071 3384 hac
3099 3327 3215 3384 vita
3243 3329 3477 3402 contigit
3506 3331 3808 3388 miraculis

2197 3420 2528 3476 coruscare?
2579 3418 2667 3475 Ad
2711 3435 2832 3492 quae
2870 3418 3136 3474 nimirum
3179 3420 3324 3476 valet
3367 3421 3464 3476 illa
3499 3423 3807 3493 sententia,

2199 3526 2306 3583 qua
2332 3510 2540 3567 dicitur
2571 3527 2583 3567 :
2646 3533 2666 3558 α
2695 3511 2880 3568 Nescit
2923 3510 3092 3568 homo
3135 3519 3320 3568 utrum
3354 3529 3540 3571 amore
3566 3532 3636 3571 an
3665 3515 3811 3573 odio

2197 3597 2398 3670 dignus
2416 3599 2507 3669 sit,
2533 3599 2627 3657 sed
2651 3601 2840 3657 omnia
2860 3607 3213 3658 reservantur
3229 3601 3288 3657 in
3316 3601 3563 3658 futurum
3584 3603 3814 3661 incerta

2201 3689 2397 3759 (Eccle.
2419 3705 2499 3758 1x,
2523 3689 2576 3757 1,
2601 3688 2715 3760 2).»
2749 3689 2811 3745 In
2841 3705 2950 3762 quo
2977 3697 3031 3745 et
3059 3689 3104 3745 si
3129 3688 3314 3760 justus
3340 3690 3437 3746 vix
3465 3690 3809 3760 salvabitur,

2197 3786 2450 3848 peccator
2477 3785 2532 3834 et
2560 3777 2765 3851 impius
2793 3777 2889 3834 ubi
2918 3777 3187 3850 parebunt
3206 3779 3235 3834 ?

2277 3886 2364 3942 17.
2405 3885 2613 3952 Etiam,
2642 3887 2878 3942 Domine
2904 3888 3072 3954 Deus,
3113 3885 3488 3942 indesinenter
3516 3887 3815 3944 meditan-

2203 3974 2335 4031 dum
2367 3983 2583 4031 aeternae
2611 3973 2983 4031 damnationis
3011 3972 3368 4044 supplicium,
3399 3973 3456 4029 in
3486 3991 3596 4047 quo
3623 3976 3813 4048 quid-

2198 4064 2332 4138 quid
2362 4080 2645 4136 poenarum
2703 4079 2852 4119 nunc
2903 4061 3204 4134 excogitari
3260 4067 3460 4133 potest,
3520 4063 3813 4138 quidquid

2199 4153 2366 4210 etiam
2397 4168 2510 4208 non
2538 4159 2736 4223 potest,
2788 4167 3002 4224 semper
3043 4151 3215 4207 adest.
3256 4149 3428 4222 Cujus
3457 4151 3666 4208 vermis
3701 4156 3810 4210 im-

2203 4241 2472 4310 mortalis,
2517 4239 2663 4314 ignis
2705 4238 3199 4311 inexstinguibilis,
3249 4239 3390 4296 fetor
3434 4239 3814 4300 intolerabilis

2200 4341 2283 4390 est
2315 4351 2327 4389 :
2379 4331 2538 4404 cujus
2564 4339 2709 4387 terra
2762 4329 3070 4398 tenebrosa,
3117 4337 3172 4387 et
3199 4329 3394 4386 mortis
3431 4330 3666 4402 caligine
3697 4349 3811 4390 co-

2199 4431 2406 4498 operta,
2437 4430 2582 4480 terra
2614 4421 2848 4478 miseriae
2881 4429 2934 4478 et
2963 4420 3310 4477 tenebrarum
3335 4428 3453 4488 est;
3486 4421 3645 4493 cujus
3673 4431 3812 4480 tor-

495 4524 590 4594 cii,
622 4523 1133 4595 beatitudinemque
1169 4521 1322 4594 regni
1366 4522 1539 4579 futuri
1585 4539 1802 4597 semper
1833 4525 2087 4582 memine-

2204 4522 2386 4570 rentes
2410 4513 2468 4568 in
2500 4512 2676 4584 picem
2705 4518 3124 4578 convertuntur,
3147 4519 3202 4566 et
3229 4509 3433 4567 humus
3451 4510 3509 4566 in
3540 4511 3807 4584 sulphur,

494 4617 601 4672 rim
636 4633 648 4670 :
703 4611 851 4686 quod
881 4627 1042 4668 nemo
1071 4609 1444 4668 indesinenter
1487 4619 1688 4684 potest,
1736 4613 1842 4668 nisi
1890 4612 1985 4686 qui
2025 4612 2094 4669 ad

495 4705 667 4763 vitam
698 4701 1098 4776 praeordinatus
1122 4707 1206 4758 est
1243 4707 1522 4758 aeternam.
1560 4700 1956 4770 Indesinenter,
1989 4705 2094 4758 Do-

499 4791 670 4862 mine,
697 4789 987 4849 recolenda
1016 4798 1098 4846 est
1126 4788 1244 4847 dies
1273 4790 1388 4859 illa,
1421 4790 1478 4846 in
1507 4807 1614 4864 qua
1657 4792 1756 4847 lux
1791 4808 1917 4848 cum
1947 4799 2095 4848 tene-

495 4882 612 4940 bris
641 4889 866 4956 pugnat,
905 4879 1281 4937 misericordia
1325 4897 1448 4937 cum
1479 4879 1810 4938 crudelitate
1840 4881 2095 4948 desudat,

499 4969 558 5029 in
585 4989 693 5046 qua
719 4973 1067 5030 adversarius
1097 4979 1284 5029 noster
1313 4973 1456 5028 mala
1485 4988 1605 5046 quae
1637 4971 1886 5039 fecimus,
1918 4969 2098 5028 locuti

500 5076 714 5129 sumus,
760 5061 849 5116 vel
894 5061 1280 5134 cogitavimus,
1334 5059 1771 5118 violentissimus
1811 5071 2100 5118 accusator

501 5156 730 5216 retexet,
756 5147 1030 5220 justitiam
1069 5156 1226 5206 tuam
1255 5149 1324 5206 ad
1355 5149 1472 5207 haec
1500 5150 1778 5223 punienda
1817 5149 2096 5223 deposcet.

503 5237 610 5296 Ubi
638 5237 773 5312 quid
815 5254 959 5307 sum,
1012 5238 1267 5307 Domine,
1313 5238 1421 5295 nisi
1461 5246 1526 5294 tu
1553 5240 1649 5313 qui
1672 5238 1820 5311 justo
1852 5239 2098 5312 judicas,

503 5329 670 5386 etiam
699 5326 1130 5386 misericorditer
1172 5326 1481 5385 defendas?
1519 5327 1843 5396 Recordare,
1877 5344 2098 5402 quaeso,

505 5419 636 5490 quia
661 5418 960 5476 advocatus
987 5433 1142 5475 meus
1167 5433 1225 5476 es
1253 5416 1390 5490 ipse,
1438 5419 1534 5492 qui
1569 5417 1807 5491 judicas.
1861 5417 2022 5486 Quod
2051 5415 2101 5474 si

601 5613 658 5681 6)
698 5615 822 5670 Dies
849 5615 1052 5670 nebulae
1077 5621 1126 5670 et
1166 5613 1414 5681 turbinis,
1431 5613 1489 5670 Pe
1515 5631 1618 5671 ms.
1655 5615 1972 5671 restitutum
2001 5621 2102 5670 est.

467 5553 478 5566 '
575 5543 657 5615 (ὅ)
696 5542 902 5600 Eadem
931 5542 1088 5612 edit.,
1131 5543 1226 5599 etsi
1255 5543 1407 5615 virga
1430 5541 1814 5615 percussionis.

599 5545 634 5600 5
696 5545 902 5600 Eadem
931 5545 1088 5612 edit.,
1131 5545 1226 5599 etsi
1255 5545 1407 5615 virga
1430 5545 1814 5615 percussionis.

575 5545 658 5756 g6;
698 5615 822 5694 Dies
849 5615 1052 5697 nebulae
1077 5621 1126 5670 et
1149 5615 1414 5697 turbinis,
1459 5629 1489 5696 e
1515 5631 1618 5696 ms.
1655 5615 1972 5695 restitutum
2001 5621 2102 5670 est.

603 5685 632 5740 7
699 5683 874 5754 Edit.,
928 5687 1058 5754 Qui:
1103 5687 1323 5744 hw......
1380 5701 1520 5756 quis,
1580 5701 1828 5756 mquam,
1880 5687 1964 5741 his
2001 5699 2108 5740 non

2201 4601 2524 4674 ardebitque
2571 4601 2628 4655 in
2663 4600 3090 4671 sempiternum;
3146 4598 3304 4677 cujus
3343 4599 3493 4656 lacus
3532 4601 3810 4672 sanguine

2203 4692 2434 4764 igneque
2465 4687 2760 4762 permistus
2799 4697 2898 4756 est,
2949 4695 3002 4745 et
3028 4703 3384 4761 quoscunque
3428 4688 3679 4761 suscipit,
3712 4689 3810 4746 de-

2203 4781 2400 4854 mergit
2429 4779 2595 4834 simul
2625 4785 2679 4834 et
2709 4777 2913 4834 exurit.
2951 4776 2995 4834 Ο
3025 4793 3189 4851 quam
3225 4775 3531 4835 horrenda!
3573 4794 3605 4834 ο
3636 4793 3806 4850 quam

2205 4869 2471 4943 stupenda
2502 4877 2632 4926 sunt
2658 4869 2762 4924 ista
2785 4869 2798 4924 l
3787 4857 3802 4869 “

2280 4969 2366 5025 18.
2410 4967 2515 5024 Sed
2562 4965 2738 5040 major
2765 4965 2890 5035 erit,
2935 4966 3190 5038 Domine,
3237 4971 3534 5035 cruciatus,
3577 4967 3811 5027 amissio

2203 5065 2314 5115 tuae
2342 5057 2630 5115 claritatis.
2684 5055 2899 5113 Sufﬁcit
2947 5056 3092 5113 enim
3140 5056 3208 5114 ad
3253 5059 3472 5130 plenam
3523 5055 3806 5116 miseriam

2203 5155 2300 5204 tua
2342 5164 2453 5204 non
2483 5146 2694 5220 perfrui
2738 5147 3108 5218 beatitudine,
3159 5149 3217 5205 in
3257 5165 3364 5223 qua
3397 5148 3536 5222 justi
3567 5150 3812 5221 receptis

2207 5237 2560 5310 corporibus,
2617 5245 3043 5312 sanctorumque
3101 5240 3424 5312 angelorum
3480 5237 3808 5296 celsitudini

2208 5326 2496 5401 coaequati,
2528 5326 2586 5383 in
2615 5336 2873 5385 aeternam
2920 5328 3100 5386 lucem
3133 5326 3214 5399 (8)
3255 5327 3608 5400 aspicientes,
3655 5326 3812 5385 sicut

2210 5417 2292 5474 sol
2344 5416 2714 5490 refulgebunt.
2771 5416 2884 5474 Nec
2930 5415 3208 5474 immerito
3250 5417 3364 5474 sole
3410 5424 3466 5474 et
3512 5417 3645 5474 luna
3691 5433 3808 5476 non

2205 5547 2606 5688 pazgtitltegius
2629 5610 2822 5683 codex,
2866 5615 3141 5687 cowquati,
3179 5613 3446 5674 intentam
3475 5614 3659 5686 lucem,
3700 5623 3806 5674 etc.
