3970 6384
191 377 293 433 841

1625 384 2035 441 ADMONITIO.

3400 391 3505 447 842

195 503 560 577 indigebunt;
602 504 730 577 quia
772 513 823 561 te
856 521 1090 578 perenne
1118 508 1306 563 lumen
1335 506 1636 566 habebunt.
1670 512 1790 567 Non
1817 513 1865 571 A
1901 520 1982 566 ret
2016 530 2028 567 :
2061 527 2270 568 novum
2302 511 2513 568 scilicet
2549 529 2753 569 munus
2781 512 2958 585 prima
2985 515 3223 583 offerret,
3255 520 3318 571 ut
3348 530 3505 587 puer-

136 584 149 589 ’
189 594 434 649 esurient
465 610 639 666 neque
664 595 872 663 sitient,
910 611 1020 651 non
1060 595 1389 653 laborabunt
1434 614 1613 670 neque
1666 599 1798 655 deﬁ-

190 684 360 751 cient,
392 700 501 738 non
537 683 842 739 moerebunt
888 701 1065 757 neque
1102 685 1402 758 lugebunt;
1446 688 1577 760 quia
1627 688 1801 760 quid—

189 773 324 846 quid
368 772 655 839 satietatis,
701 773 972 846 quidquid
1018 775 1240 846 quietis,
1284 776 1555 849 quidquid
1611 776 1798 848 gaudii

187 871 293 931 est,
319 870 413 918 tua
457 862 700 919 visitatio
731 863 1026 935 praestabit,
1061 881 1181 937 quae
1218 865 1275 919 in
1312 866 1572 922 omnibus
1605 867 1799 922 omnia

187 954 317 1008 erit.
373 951 483 1007 Nec
532 958 749 1022 tempus
809 951 922 1022 jam
973 952 1086 1009 illis
1132 954 1370 1021 accedet,
1425 954 1553 1027 quia
1621 964 1795 1012 totum

188 1040 471 1097 aeternitas
502 1040 839 1112 possidebit:
876 1057 975 1097 nec
1004 1041 1280 1097 timebunt
1322 1044 1467 1098 ultra
1492 1041 1604 1114 jam
1633 1045 1794 1113 mori,

188 1131 287 1203 qui
342 1130 644 1185 meruerint
696 1130 852 1186 beata
909 1131 1330 1189 immortalitate
1385 1134 1598 1189 vestiri.
1648 1140 1796 1199 497

188 1226 336 1295 Quid
367 1236 546 1283 autem
600 1227 667 1282 de
720 1227 822 1284 hac
865 1227 1209 1285 beatitudine
1267 1230 1432 1285 miser
1483 1248 1580 1303 ego
1630 1232 1796 1289 homo

186 1316 428 1388 amplius
457 1315 638 1371 dicere
667 1316 824 1371 valeo
847 1317 875 1373 ‘P
904 1317 997 1389 qui
1028 1316 1095 1373 de
1136 1316 1231 1372 illa
1279 1317 1550 1391 quidquid
1578 1320 1791 1390 dixero,

187 1403 288 1459 illa
324 1404 593 1460 sententia
646 1405 936 1476 reprimor,
994 1421 1157 1478 quam
1214 1422 1309 1476 per
1364 1407 1688 1479 prophetam
1742 1418 1796 1465 et

186 1493 517 1564 Apostolum
573 1492 775 1549 dictam
835 1493 1127 1565 intelligo:
1196 1518 1212 1541 ι
1246 1494 1405 1562 Quod
1460 1497 1654 1553 oculus
1683 1515 1792 1553 non

185 1582 355 1651 vidit,
387 1600 485 1640 nec
514 1582 667 1640 auris
690 1583 929 1651 audivit,
962 1600 1061 1639 nec
1093 1583 1150 1640 in
1194 1602 1291 1641 cor
1323 1585 1568 1644 hominis
1594 1606 1794 1645 ascen-

184 1669 412 1740 derunt,
475 1689 595 1745 quae
645 1674 971 1745 praeparavit
1027 1676 1173 1730 Deus
1239 1674 1325 1731 his
1392 1677 1490 1749 qui
1556 1678 1795 1750 diligunt

182 1776 313 1816 eum
348 1762 430 1833 (9)
467 1762 525 1833 (I
556 1763 684 1819 Cor.
724 1780 785 1831 II,
831 1764 913 1833 9).
947 1789 965 1811 ι
994 1764 1172 1820 Erunt
1202 1772 1347 1821 certe
1386 1765 1443 1822 in
1491 1767 1586 1823 illa
1638 1768 1795 1824 beata

1909 617 2039 672 pera
2067 601 2223 673 virgo
2255 610 2625 673 perseveraret
2666 602 2824 673 (l0):
2885 604 3039 658 nulla
3092 611 3286 675 praeter
3331 605 3504 678 ipsam

1909 696 2021 745 tam
2078 707 2283 746 novum
2333 692 2621 763 acciperet,
2682 699 2750 747 ut
2798 694 2970 748 Deum
3002 693 3160 764 virgo
3191 702 3421 765 pareret,
3450 702 3505 750 et

1907 783 2053 842 498
2108 787 2229 850 post
2298 789 2513 851 partum
2573 780 2728 852 virgo
2782 789 3043 838 maneret.
3113 783 3503 854 Apostolorum

1911 876 2359 933 intercessionem
2412 878 2668 949 imploro,
2723 879 2817 951 qui
2872 879 3241 935 beatissimam
3290 881 3505 937 Media-

1909 968 2046 1020 toris
2076 974 2468 1037 paupertatem,
2518 966 2742 1039 ejusque
2782 968 3060 1039 passiones
3090 968 3322 1041 vestigio
3349 969 3506 1025 inse-

1908 1062 2154 1126 quentes,
2209 1055 2277 1111 ad
2307 1064 2523 1113 tantum
2569 1057 2919 1113 celsitudinis
2970 1058 3190 1115 culmen
3232 1076 3507 1131 pervene-

1906 1152 2057 1211 runt,
2091 1152 2152 1199 ut
2190 1160 2531 1218 quaecunque
2584 1146 2818 1218 ligarent
2860 1162 3023 1218 super
3052 1154 3273 1217 terram,
3325 1156 3506 1204 essent

1907 1234 2070 1307 ligata
2097 1241 2150 1290 et
2180 1233 2238 1289 in
2271 1236 2448 1291 coelo:
2488 1242 2543 1291 et
2583 1252 2702 1308 quae
2750 1236 3029 1292 solverent
3068 1253 3231 1310 super
3275 1247 3502 1308 terram,

1908 1331 2092 1379 essent
2116 1324 2295 1379 soluta
2323 1331 2376 1378 et
2410 1324 2467 1379 in
2488 1326 2627 1380 caelo
2655 1325 2864 1395 (Matth.
2894 1341 3057 1393 xvm,
3091 1326 3218 1396 18);
3252 1334 3414 1398 atque
3444 1327 3503 1382 in

1905 1411 2165 1467 extremis
2219 1412 2468 1468 sederent
2532 1429 2695 1485 super
2750 1413 3042 1470 duodecim
3099 1413 3347 1483 thronos,
3402 1415 3505 1487 ju-

1904 1503 2149 1559 dicantes
2178 1502 2467 1560 duodecim
2520 1503 2700 1560 tribus
2747 1504 2910 1560 Israel
2958 1505 3171 1576 (Matth.
3231 1522 3351 1574 XIX,
3384 1506 3499 1577 28).

1902 1592 2206 1663 Martyrum
2237 1609 2420 1664 preces
2445 1592 2699 1663 deposco,
2722 1593 2817 1665 qui
2858 1610 2959 1666 pro
2981 1594 3211 1651 veritate
3251 1611 3363 1651 non
3389 1595 3505 1652 du-

1901 1680 2150 1738 bitarunt
2177 1682 2496 1754 sanguinem
2530 1682 2783 1750 fundere,
2816 1698 2917 1740 nec
2947 1682 3267 1741 dilexerunt
3291 1684 3504 1741 animas

1902 1786 2029 1826 suas
2063 1787 2232 1844 usque
2263 1771 2330 1827 ad
2360 1780 2613 1839 mortem,
2666 1779 2729 1827 ut
2779 1771 2975 1829 mortis
3024 1781 3349 1844 superarent
3376 1790 3502 1831 auc-

181 1850 306 1905 vita
334 1850 451 1906 haec
480 1850 623 1906 bona
660 1868 779 1924 quae
811 1852 1073 1924 prtemisi,
1108 1853 1205 1909 sed
1238 1853 1507 1911 ineffabili
1542 1864 1598 1913 et
1633 1858 1794 1915 nobis
1823 1876 1871 1937 Β
1907 1871 2101 1918 torem.
2134 1862 2518 1920 Confessorum
2563 1862 2843 1920 orationes
2890 1864 3202 1935 expostulo,
3233 1863 3327 1937 qui
3357 1862 3504 1920 bella

181 1939 372 1995 adhuc
428 1939 977 2011 incomprehensibili
1028 1943 1210 1999 modo.
1285 1942 1460 2015 Hujus
1501 1944 1782 2002 desiderio

183 2028 423 2084 Domine
453 2030 617 2097 Deus,
651 2028 917 2085 formator
957 2039 1011 2086 et
1040 2031 1366 2087 reformator
1414 2049 1592 2100 meus,
1624 2033 1790 2107 hujus

179 2132 371 2172 amore
418 2134 669 2189 peragam
699 2118 981 2191 ‘quidquid
1035 2120 1091 2174 in
1126 2119 1228 2175 hac
1276 2121 1391 2177 vita
1441 2123 1694 2195 praecipis
1727 2131 1790 2179 ut

177 2221 337 2276 agam
367 2224 378 2261 :
415 2223 513 2263 nec
542 2208 616 2264 sit
647 2208 790 2263 ultra
823 2208 989 2264 timor
1016 2210 1072 2264 in
1103 2208 1391 2279 charitate,
1429 2212 1524 2267 sed
1552 2212 1791 2283 perfecta

164 2294 424 2352 .charitas
454 2296 597 2352 foras
628 2296 808 2353 mittat
836 2298 1092 2354 timorem
1128 2299 1184 2368 (Ι
1198 2301 1360 2356 Joan.
1397 2318 1475 2368 IV,
1510 2300 1622 2371 18).

259 2386 344 2442 19.
388 2386 457 2441 Ει
487 2393 547 2440 ut
572 2386 766 2443 eﬂicax
805 2386 922 2443 haec
960 2404 1080 2443 mea
1125 2390 1199 2445 sit
1250 2390 1583 2461 deprecatio,
1617 2390 1789 2448 beatae

179 2474 367 2528 Mariae
418 2474 662 2547 Virginis
714 2476 971 2548 suffragia
1019 2484 1173 2549 peto,
1214 2494 1376 2551 quam
1422 2480 1566 2535 tanti
1607 2480 1789 2536 meriti

179 2585 299 2625 esse
329 2569 526 2636 fecisti,
558 2579 618 2626 ut
647 2570 826 2642 prima
854 2572 1001 2628 inter
1030 2573 1291 2630 mulieres
1337 2592 1545 2632 novum
1588 2594 1792 2635 munus

178 2657 427 2727 offerret,
459 2666 513 2715 et
543 2660 695 2715 nulla
723 2670 920 2732 praeter
944 2660 1117 2734 ipsam
1166 2670 1275 2718 tarn
1331 2680 1535 2720 novum
1569 2666 1791 2739 accipe-

258 2802 340 2874 (9)
376 2803 457 2859 Ita
487 2819 625 2871 ms.;
660 2803 792 2860 edit.
837 2819 992 2873 vero,
1024 2806 1164 2861 Deus
1207 2806 1544 2879 diligentibus
1573 2826 1639 2865 se.

1898 1952 2160 2008 tentantis
2193 1952 2431 2018 inimici,
2479 1950 2611 2008 dum
2674 1953 2762 2024 pie
2808 1951 3063 2008 viverent
3122 1951 3183 2007 in
3229 1950 3504 2008 catholica

1898 2056 2049 2112 pace,
2098 2042 2186 2097 vel
2214 2041 2809 2099 etiam'hzereticorum
2867 2040 3332 2099 conﬂictationem
3365 2040 3504 2097 diu-

1898 2137 2065 2186 turno
2097 2130 2396 2187 certamine
2424 2132 2792 2203 pertulerunt,
2837 2139 3022 2204 atque,
3054 2139 3117 2187 ut
3158 2146 3350 2186 verum
3403 2130 3501 2187 di-

1898 2235 2038 2288 cam,
2100 2220 2363 2292 longioris
2417 2218 2734 2292 occultique
2789 2219 3044 2291 martyrii
3095 2220 3306 2291 palmas
3351 2235 3503 2277 acce-

1899 2317 2117 2381 perunt.
2151 2309 2390 2374 Talium,
2422 2310 2567 2363 Deus
2602 2325 2774 2376 meus,
2809 2324 2995 2380 preces
3022 2324 3305 2382 nunquam
3355 2325 3500 2381 sper-

1899 2415 2015 2466 nas,
2038 2397 2083 2454 si
2104 2406 2166 2455 ut
2189 2415 2287 2471 pro
2319 2413 2405 2453 me
2442 2404 2690 2465 exorent,
2730 2398 2846 2469 ipse
2894 2396 3272 2470 inspiraveris,
3315 2398 3413 2472 qui
3440 2398 3500 2454 in

1898 2488 2203 2543 aeternitate
2232 2487 2459 2559 perenni
2507 2487 2655 2542 vivis
2686 2494 2741 2542 et
2788 2503 2982 2559 regnas
3011 2495 3211 2545 cuncta
3254 2503 3349 2559 per
3388 2505 3501 2543 saa-

1900 2577 2045 2644 cula,
2076 2584 2132 2633 et
2156 2575 2213 2631 in
2244 2575 2502 2633 omnibus
2530 2574 2775 2644 saeculis,
2804 2592 2985 2633 amen.

1976 2805 2091 2881 (10)
2122 2807 2224 2866 Ms.
2254 2805 2449 2879 codex,
2480 2815 2541 2865 ut
2561 2807 2745 2881 puella
2784 2807 2931 2882 virgo
2955 2815 3335 2883 perseveraret.

526 3124 638 3211 IN
714 3058 1552 3213 EXPOSITIONEM
1620 3123 2401 3213 APOCALYPSIS.
2456 3128 3135 3216 ADMONITIO.

255 3424 431 3499 Hujus
461 3423 853 3485 Commentarii
895 3426 1176 3500 exemplar
1219 3425 1277 3483 in
1316 3440 1426 3500 quo
1469 3428 1643 3483 sancti
1689 3426 1964 3484 Ambrosii
2011 3444 2210 3483 nomen
2260 3427 2589 3500 inscriptum
2636 3436 2773 3498 erat,
2834 3438 3033 3486 nactus
3077 3447 3106 3486 e
3154 3429 3492 3489 bibliotheca

180 3516 499 3573 monasterii
529 3515 814 3589 cujusdam
839 3516 1205 3574 Cuthebertus
1238 3518 1557 3573 Tonstallus
1583 3516 1970 3573 Dunelmensis
1998 3518 2303 3588 episcopus,
2336 3516 2474 3572 illud
2505 3516 2583 3573 ita
2629 3518 2838 3589 publici
2872 3518 3017 3590 juris
3061 3519 3237 3575 facere
3268 3519 3491 3576 consti-

184 3604 309 3672 tuit,
346 3611 406 3659 ut
433 3604 598 3659 simul
632 3605 794 3661 etiam
831 3604 1042 3661 doctori
1079 3614 1267 3661 nostro
1315 3606 1495 3676 ipsum
1533 3604 1820 3661 vindicare
1867 3604 2087 3676 propria
2129 3604 2548 3676 prmfatiuncula
2588 3614 2899 3661 conaretur.
2949 3608 3071 3663 Non
3113 3615 3299 3663 tamen
3330 3606 3488 3663 dissi-

182 3696 358 3751 mulat
386 3695 565 3751 locum
598 3712 771 3751 unum
817 3696 872 3750 in
898 3712 962 3751 eo
993 3696 1240 3767 reperiri,
1271 3696 1365 3765 qui
1398 3695 1711 3766 Gregorium
1752 3697 2049 3751 Romanum
2093 3694 2387 3765 episcopum
2430 3700 2478 3749 et
2522 3695 2693 3750 verbis
2733 3702 2782 3749 et
2834 3712 2988 3750 sensu
3029 3695 3287 3767 praeferat
3329 3713 3341 3751 :
3394 3696 3489 3752 sed

180 3783 324 3840 nihil
356 3800 470 3839 esse
501 3782 643 3839 idem
673 3784 981 3856 respondet,
1005 3802 1103 3840 cur
1131 3784 1487 3841 Ambrosium
1520 3784 1577 3839 in
1603 3782 1710 3839 hoc
1732 3782 1941 3839 imitari
1971 3800 2081 3838 non
2103 3783 2343 3854 potuerit
2371 3790 2597 3839 sanctus
2625 3783 2942 3855 Gregorius.
2978 3785 3067 3839 Ex
3097 3783 3201 3841 hac
3220 3780 3489 3841 Tonstalli

179 3872 444 3940 editione,
481 3888 600 3945 quae
629 3889 775 3929 anno
808 3873 942 3929 1548
972 3873 1177 3946 prodiit
1203 3874 1447 3942 Parisiis,
1482 3874 1599 3929 haec
1633 3872 2042 3931 Commentaria
2073 3872 2130 3927 in
2160 3872 2515 3945 appendicem
2561 3891 2671 3929 suae
2710 3873 3200 3930 Ambrosianorum
3246 3874 3488 3947 Operum

180 3961 441 4019 editionis
473 3961 734 4018 Gillotius
763 3961 1023 4019 admisit:
1053 3961 1202 4035 quod
1239 3963 1502 4019 similiter
1530 3980 1561 4019 a
1595 3964 1857 4020 Romanis
1888 3964 2197 4021 factitatum
2236 3972 2335 4020 est.
2373 3963 2627 4020 Dubitari
2665 3981 2828 4036 porro
2867 3964 3095 4020 minime
3129 3972 3308 4037 potest
3353 3964 3489 4037 quin

181 4049 287 4107 hoc
315 4050 494 4121 ipsum
528 4067 665 4123 opus
694 4068 722 4107 e
754 4052 1127 4125 manuscripto
1157 4053 1317 4109 valde
1355 4053 1554 4108 mutilo
1578 4053 1859 4125 vulgatum
1899 4050 2086 4120 fuerit,
2131 4052 2575 4124 quandoquidem
2624 4051 2851 4107 nomina
2894 4051 3111 4119 Hilarii,
3166 4052 3484 4123 Augustini,

182 4138 491 4208 Prudentii,
541 4141 889 4213 Hieronymi,
929 4148 982 4198 et
1032 4141 1317 4213 ipsiusmet
1371 4142 1659 4211 Anbrosii,
1708 4158 1773 4197 ac
1822 4142 2045 4198 demum
2085 4139 2352 4210 Gregorii,
2386 4140 2479 4212 qui
2512 4140 2734 4207 sexties,
2768 4145 2830 4194 ut
2854 4138 3169 4206 minimum,
3198 4138 3489 4211 citatisque

183 4244 579 4300 nonnunquam
607 4229 777 4300 ipsius
807 4230 1010 4298 verbis,
1038 4231 1115 4286 ibi
1148 4232 1436 4303 allegatur,
1472 4232 1838 4304 praetermissa
1884 4238 2011 4289 sunt
2063 4230 2121 4285 in
2172 4228 2509 4286 editionibus
2543 4249 2554 4286 :
2614 4246 2737 4302 quae
2779 4245 2879 4285 nos
2917 4245 3029 4284 non
3085 4244 3241 4285 secus
3292 4244 3354 4284 ac
3382 4228 3486 4283 fre-

183 4314 571 4387 quentissimas
596 4316 731 4371 alias
772 4317 992 4372 lacunas
1022 4319 1521 4391 manuscriptorum
1575 4320 1911 4392 optimorum
1969 4320 2215 4377 subsidio
2265 4320 2608 4377 restituimus
2656 4321 2813 4393 (Vide
2867 4336 3022 4393 capp.
3064 4321 3117 4388 9,
3153 4320 3241 4385 11,
3275 4320 3361 4389 13,
3397 4320 3484 4388 17,

182 4404 245 4460 21
276 4410 330 4458 et
350 4400 467 4475 22).

254 4494 646 4550 Verumtamen
696 4495 1053 4566 quantumvis
1110 4497 1444 4570 imperfectae
1505 4497 1711 4553 fuerint
1767 4497 1968 4554 eisdem
2021 4498 2328 4569 superiores
2385 4497 2676 4564 editiones,
2722 4496 2919 4551 idonea
2958 4505 3137 4552 tamen
3167 4502 3486 4566 argumenta

182 4583 627 4656 suppeditarunt,
678 4584 824 4640 unde
874 4584 1054 4640 critici
1107 4602 1298 4640 omnes
1328 4584 1702 4641 adulterinum
1760 4585 1930 4641 fetum
1960 4586 2251 4643 Ambrosio
2296 4586 2637 4659 suppositum
2671 4585 2839 4640 fuisse
2862 4592 3239 4655 agnoscerent.
3281 4584 3362 4638 Eo
3401 4584 3483 4638 in-

182 4673 457 4730 ducebant
486 4674 676 4746 scripti
723 4675 962 4731 elocutio
993 4673 1273 4746 majestate
1303 4675 1666 4732 Ambrosiana
1693 4674 1866 4730 multo
1895 4674 2142 4745 inferior,
2194 4676 2503 4747 ignorantia
2532 4675 2843 4730 Graecarum
2888 4673 3214 4738 litterarum,
3247 4670 3483 4743 denique

186 4762 326 4835 (cap.
362 4763 453 4833 17)
488 4764 773 4835 potestatis
802 4763 1284 4836 Longobardorum
1318 4766 1470 4837 quasi
1496 4765 1610 4837 jam
1640 4763 1834 4819 deletae
1862 4762 2003 4818 facta
2043 4763 2269 4818 mentio.
2322 4764 2392 4817 Et
2441 4778 2570 4817 sane
2625 4760 2729 4815 hoc
2757 4760 3012 4816 ultimum
3067 4760 3390 4829 sufﬁciebat,
3422 4770 3485 4818 ut

184 4864 430 4911 sanctum
478 4855 782 4911 antistitem
841 4855 1240 4912 demonstraret
1291 4853 1409 4925 ejus
1456 4852 1940 4910 commentationis
1986 4860 2260 4911 auctorem
2321 4851 2431 4907 dici
2483 4851 2905 4923 haudquaquam
2940 4865 3115 4921 posse,
3166 4867 3339 4922 quam
3363 4861 3484 4922 post

183 4958 385 4998 annum
420 4942 540 5011 774,
565 4961 672 5016 quo
687 4944 875 5001 eadem
915 4960 1063 5016 gens;
1096 4945 1375 5001 exstincto
1399 4959 1520 5016 rege
1550 4960 1649 4998 suo
1679 4942 1983 5010 Desiderio,
2017 4942 2118 4999 sub
2168 4940 2433 4997 ditionem
2468 4938 2650 4996 Caroli
2700 4938 2879 5009 Magni
2914 4940 3129 4995 redacta
3159 4940 3287 5009 fuit,
3320 4957 3483 4997 com-

184 5034 411 5106 positam
445 5051 557 5092 esse
586 5035 818 5092 dubium
848 5053 959 5092 non
989 5044 1088 5092 est.
1122 5036 1266 5103 Quid
1302 5053 1431 5092 vero
1460 5034 1504 5090 si
1537 5034 1645 5091 huc
1692 5035 1956 5091 addamus
1997 5034 2163 5089 istum
2213 5040 2491 5088 auctorem
2544 5029 2611 5086 de
2650 5028 2914 5101 Gregorio
2965 5040 3117 5101 pont.
3167 5046 3315 5087 max.
3370 5040 3482 5088 tan.

184 5139 343 5195 quam
371 5125 516 5180 inter
544 5133 761 5182 sanctos
789 5134 843 5182 et
869 5126 1129 5183 Ecclesia
1158 5126 1409 5182 doctores
1439 5142 1564 5182 cum
1601 5124 1938 5196 Hieronymo
1976 5134 2137 5196 atque
2166 5122 2294 5178 aliis
2334 5120 2448 5193 jam
2492 5127 2626 5176 tunc
2667 5125 2885 5192 recepto
2944 5135 3250 5176 sermonem
3280 5118 3480 5175 habere

184 5220 344 5285 atque
368 5214 544 5286 (capp.
583 5214 631 5282 1,
664 5215 697 5272 6
730 5222 782 5271 et
804 5215 895 5286 20)
930 5231 999 5270 ex
1031 5214 1318 5270 Athanasii
1356 5214 1621 5286 Syinbolo
1648 5214 1801 5287 quasi
1832 5231 1929 5286 pro
1960 5216 2146 5287 regula
2175 5212 2303 5269 ﬁdei
2368 5229 2462 5285 per
2506 5212 2830 5268 universum
2876 5211 3253 5269 Christianum
3294 5212 3481 5268 orbem

180 5301 289 5375 jam
322 5303 599 5360 decantari
625 5304 791 5362 solito
820 5304 1128 5378 frequentia
1168 5320 1431 5377 usurpare
1487 5303 1823 5373 testimonia,
1868 5311 1923 5360 et
1976 5305 2044 5360 ad
2073 5311 2409 5376 postremum
2445 5302 2586 5374 (cap.
2631 5300 2721 5372 18)
2753 5299 3272 5358 archidiaconorum
3305 5300 3482 5356 avari-

186 5392 313 5449 tiam
347 5411 465 5468 quas
496 5397 833 5468 synodorum
863 5396 1205 5465 Parisiensis,
1241 5394 1641 5463 Cabilonensis,
1672 5403 1727 5451 et
1778 5394 2242 5468 Aquisgranensis
2287 5409 2436 5451 nono
2474 5391 2681 5449 szeculo
2726 5390 3122 5449 celebratarum
3176 5391 3484 5448 canonibus

187 5483 421 5539 coercita
440 5494 539 5552 est,
566 5487 804 5557 graviter
822 5494 875 5542 et
902 5502 1027 5542 cum
1059 5485 1346 5543 stomacho
1378 5484 1656 5541 insectari.

257 5572 493 5645 Tempus
517 5573 702 5645 igitur,
727 5590 835 5648 quo
867 5574 1016 5631 hunc
1046 5583 1324 5632 auctorem
1356 5574 1604 5630 floruisse
1659 5590 1876 5631 necesse
1905 5583 2007 5643 est,
2036 5574 2438 5648 deprehensum
2489 5570 2790 5640 habemus;
2847 5569 2913 5627 de
2962 5569 3188 5627 nomine
3239 5567 3483 5642 ejusdem

188 5676 337 5718 nunc
366 5663 719 5734 quaerendum
754 5673 855 5721 est.
896 5666 1081 5738 Neque
1109 5682 1241 5722 vero
1280 5664 1529 5721 Usserius
1564 5663 1943 5721 Armachanus
1992 5665 2094 5737 (De
2125 5663 2324 5720 Christ.
2359 5662 2505 5719 Eccl.
2538 5678 2755 5717 success.
2804 5678 2866 5716 ac
2912 5666 3073 5728 statu,
3121 5676 3241 5731 cap.
3289 5660 3367 5733 1),
3421 5665 3483 5716 ut

190 5749 561 5807 hallucinatus
586 5759 667 5807 est
696 5751 754 5807 in
784 5768 869 5822 eo,
908 5754 1056 5826 quod
1095 5754 1254 5811 illum
1286 5759 1555 5809 recentem
1606 5769 1721 5810 esse
1758 5752 2121 5823 existimavit,
2163 5752 2241 5809 ita
2280 5753 2445 5810 etiam
2495 5753 2552 5808 in
2609 5750 2715 5810 hoc
2759 5750 2984 5819 erravit,
3016 5749 3162 5825 quod
3190 5749 3486 5807 afﬁrmavit

465 5861 706 5919 Parnon.
745 5861 921 5921 XVII.

3126 5861 3196 5917 27
