  <div class='ocr_page' id='page_1' title='image "/cluster/home/n/w/nwhite01/storage/ocr_20150623/17/umn.31951002477311b/429.png"; bbox 0 0 3970 6388; ppageno 0'>
   <div class='ocr_carea' id='block_1_1' title="bbox 495 378 2078 439">
    <p class='ocr_par' dir='ltr' id='par_1_1' title="bbox 495 380 2078 439">
     <span class='ocr_line' id='line_1_1' title="bbox 495 380 2078 439; baseline -0.001 -1"><span class='ocrx_word' id='word_1_1' title='bbox 495 382 599 438; x_wconf 75' lang='grc'><strong><em>843</em></strong></span> <span class='ocrx_word' id='word_1_2' title='bbox 1498 383 1594 438; x_wconf 83' lang='lat' dir='ltr'><strong><em>AD</em></strong></span> <span class='ocrx_word' id='word_1_3' title='bbox 1631 381 1866 439; x_wconf 82' lang='lat' dir='ltr'><strong><em>OPEBA</em></strong></span> <span class='ocrx_word' id='word_1_4' title='bbox 1903 380 1958 436; x_wconf 93' lang='lat' dir='ltr'><strong><em>S.</em></strong></span> <span class='ocrx_word' id='word_1_5' title='bbox 2001 381 2078 436; x_wconf 67' lang='lat' dir='ltr'><strong><em>Ah</em></strong></span> 
     </span>
    </p>
   </div>
   <div class='ocr_carea' id='block_1_2' title="bbox 2189 378 3814 439">
    <p class='ocr_par' dir='ltr' id='par_1_2' title="bbox 2189 378 3814 438">
     <span class='ocr_line' id='line_1_2' title="bbox 2189 378 3814 438; baseline -0.002 -1"><span class='ocrx_word' id='word_1_6' title='bbox 2189 379 2333 438; x_wconf 79' lang='lat' dir='ltr'><strong><em>LOSlI</em></strong></span> <span class='ocrx_word' id='word_1_7' title='bbox 2372 379 2754 436; x_wconf 82' lang='lat' dir='ltr'><strong><em>APPENDIX.</em></strong></span> <span class='ocrx_word' id='word_1_8' title='bbox 3697 378 3814 434; x_wconf 66' lang='grc'><strong><em>844-</em></strong></span> 
     </span>
    </p>
   </div>
   <div class='ocr_carea' id='block_1_3' title="bbox 491 507 3808 584">
    <p class='ocr_par' dir='ltr' id='par_1_3' title="bbox 491 507 3808 584">
     <span class='ocr_line' id='line_1_3' title="bbox 491 507 3808 584; baseline 0 -18"><span class='ocrx_word' id='word_1_9' title='bbox 491 507 908 582; x_wconf 85' lang='lat' dir='ltr'><strong><em>Rerengaudum</em></strong></span> <span class='ocrx_word' id='word_1_10' title='bbox 920 507 1088 566; x_wconf 89' lang='lat' dir='ltr'><strong><em>fuisse</em></strong></span> <span class='ocrx_word' id='word_1_11' title='bbox 1105 510 1686 582; x_wconf 86' lang='lat' dir='ltr'><strong><em>appellatum.Etenim</em></strong></span> <span class='ocrx_word' id='word_1_12' title='bbox 1703 511 1807 568; x_wconf 89' lang='lat' dir='ltr'><strong><em>hoc</em></strong></span> <span class='ocrx_word' id='word_1_13' title='bbox 1823 510 2002 584; x_wconf 89' lang='lat' dir='ltr'><strong><em>ipsum</em></strong></span> <span class='ocrx_word' id='word_1_14' title='bbox 2023 526 2222 568; x_wconf 87' lang='lat' dir='ltr'><strong><em>nomen</em></strong></span> <span class='ocrx_word' id='word_1_15' title='bbox 2246 511 2302 566; x_wconf 91' lang='lat' dir='ltr'><strong><em>in</em></strong></span> <span class='ocrx_word' id='word_1_16' title='bbox 2317 510 2602 567; x_wconf 84' lang='lat' dir='ltr'><strong><em>codicibus</em></strong></span> <span class='ocrx_word' id='word_1_17' title='bbox 2626 508 3275 577; x_wconf 85' lang='lat' dir='ltr'><strong><em>omnibus,Gemeticensi</em></strong></span> <span class='ocrx_word' id='word_1_18' title='bbox 3293 516 3508 565; x_wconf 87' lang='lat' dir='ltr'><strong><em>tantum</em></strong></span> <span class='ocrx_word' id='word_1_19' title='bbox 3532 516 3808 580; x_wconf 86' lang='lat' dir='ltr'><strong><em>excepto,</em></strong></span> 
     </span>
    </p>
   </div>
   <div class='ocr_carea' id='block_1_4' title="bbox 479 596 3814 672">
    <p class='ocr_par' dir='ltr' id='par_1_4' title="bbox 479 596 3814 672">
     <span class='ocr_line' id='line_1_4' title="bbox 479 596 3814 672; baseline -0.001 -18"><span class='ocrx_word' id='word_1_20' title='bbox 479 598 668 656; x_wconf 76' lang='lat' dir='ltr'><strong><em>autin</em></strong></span> <span class='ocrx_word' id='word_1_21' title='bbox 697 599 878 656; x_wconf 90' lang='lat' dir='ltr'><strong><em>fronte</em></strong></span> <span class='ocrx_word' id='word_1_22' title='bbox 907 599 1286 672; x_wconf 72' lang='lat' dir='ltr'><strong><em>praescriptum</em></strong></span> <span class='ocrx_word' id='word_1_23' title='bbox 1317 599 1548 672; x_wconf 77' lang='lat' dir='ltr'><strong><em>legitur;</em></strong></span> <span class='ocrx_word' id='word_1_24' title='bbox 1591 608 1685 656; x_wconf 89' lang='lat' dir='ltr'><strong><em>aut</em></strong></span> <span class='ocrx_word' id='word_1_25' title='bbox 1728 600 1918 655; x_wconf 80' lang='lat' dir='ltr'><strong><em>saltem</em></strong></span> <span class='ocrx_word' id='word_1_26' title='bbox 1950 600 2006 654; x_wconf 90' lang='lat' dir='ltr'><strong><em>in</em></strong></span> <span class='ocrx_word' id='word_1_27' title='bbox 2046 599 2421 666; x_wconf 85' lang='lat' dir='ltr'><strong><em>conclusione,</em></strong></span> <span class='ocrx_word' id='word_1_28' title='bbox 2474 615 2594 670; x_wconf 88' lang='lat' dir='ltr'><strong><em>quae</em></strong></span> <span class='ocrx_word' id='word_1_29' title='bbox 2653 598 2710 654; x_wconf 90' lang='lat' dir='ltr'><strong><em>in</em></strong></span> <span class='ocrx_word' id='word_1_30' title='bbox 2739 596 3111 654; x_wconf 90' lang='lat' dir='ltr'><strong><em>edictionihus</em></strong></span> <span class='ocrx_word' id='word_1_31' title='bbox 3152 596 3519 669; x_wconf 71' lang='lat' dir='ltr'><strong><em>praetermissa</em></strong></span> <span class='ocrx_word' id='word_1_32' title='bbox 3567 605 3679 666; x_wconf 88' lang='lat' dir='ltr'><strong><em>est,</em></strong></span> <span class='ocrx_word' id='word_1_33' title='bbox 3716 597 3814 652; x_wconf 88' lang='lat' dir='ltr'><strong><em>his</em></strong></span> 
     </span>
    </p>
   </div>
   <div class='ocr_carea' id='block_1_5' title="bbox 491 686 3810 760">
    <p class='ocr_par' dir='ltr' id='par_1_5' title="bbox 491 686 3810 760">
     <span class='ocr_line' id='line_1_5' title="bbox 491 686 3810 760; baseline -0.001 -18"><span class='ocrx_word' id='word_1_34' title='bbox 491 687 674 744; x_wconf 86' lang='lat' dir='ltr'><strong><em>verbis</em></strong></span> <span class='ocrx_word' id='word_1_35' title='bbox 699 687 1010 745; x_wconf 82' lang='lat' dir='ltr'><strong><em>indicatur:</em></strong></span> <span class='ocrx_word' id='word_1_36' title='bbox 1053 689 1303 760; x_wconf 76' lang='lat' dir='ltr'><strong><em>Quisquis</em></strong></span> <span class='ocrx_word' id='word_1_37' title='bbox 1332 707 1517 744; x_wconf 83' lang='lat' dir='ltr'><strong><em>nomen</em></strong></span> <span class='ocrx_word' id='word_1_38' title='bbox 1543 689 1776 746; x_wconf 73' lang='lat' dir='ltr'><strong><em>auctoris</em></strong></span> <span class='ocrx_word' id='word_1_39' title='bbox 1806 690 1939 743; x_wconf 86' lang='lat' dir='ltr'><strong><em>scire</em></strong></span> <span class='ocrx_word' id='word_1_40' title='bbox 1967 689 2254 754; x_wconf 80' lang='lat' dir='ltr'><strong><em>desideras,</em></strong></span> <span class='ocrx_word' id='word_1_41' title='bbox 2320 688 2522 742; x_wconf 78' lang='lat' dir='ltr'><strong><em>litteras</em></strong></span> <span class='ocrx_word' id='word_1_42' title='bbox 2568 687 2979 758; x_wconf 70' lang='lat' dir='ltr'><strong><em>Expositionum</em></strong></span> <span class='ocrx_word' id='word_1_43' title='bbox 3010 687 3064 741; x_wconf 85' lang='lat' dir='ltr'><strong><em>in</em></strong></span> <span class='ocrx_word' id='word_1_44' title='bbox 3091 686 3350 756; x_wconf 75' lang='lat' dir='ltr'><strong><em>capitibus</em></strong></span> <span class='ocrx_word' id='word_1_45' title='bbox 3391 703 3468 741; x_wconf 83' lang='lat' dir='ltr'><strong><em>vn</em></strong></span> <span class='ocrx_word' id='word_1_46' title='bbox 3525 687 3810 743; x_wconf 85' lang='lat' dir='ltr'><strong><em>Visiouum</em></strong></span> 
     </span>
    </p>
   </div>
   <div class='ocr_carea' id='block_1_6' title="bbox 484 777 3814 856">
    <p class='ocr_par' dir='ltr' id='par_1_6' title="bbox 484 777 3814 856">
     <span class='ocr_line' id='line_1_6' title="bbox 484 777 3814 856; baseline 0 -24"><span class='ocrx_word' id='word_1_47' title='bbox 484 777 698 849; x_wconf 83' lang='lat' dir='ltr'><strong><em>primas</em></strong></span> <span class='ocrx_word' id='word_1_48' title='bbox 715 779 936 834; x_wconf 86' lang='lat' dir='ltr'><strong><em>attende.</em></strong></span> <span class='ocrx_word' id='word_1_49' title='bbox 970 779 1234 834; x_wconf 82' lang='lat' dir='ltr'><strong><em>Numerus</em></strong></span> <span class='ocrx_word' id='word_1_50' title='bbox 1261 787 1492 856; x_wconf 71' lang='lat' dir='ltr'><strong><em>quatuor</em></strong></span> <span class='ocrx_word' id='word_1_51' title='bbox 1527 779 1787 833; x_wconf 81' lang='lat' dir='ltr'><strong><em>vocalium</em></strong></span> <span class='ocrx_word' id='word_1_52' title='bbox 1805 795 1920 848; x_wconf 72' lang='lat' dir='ltr'><strong><em>qua:</em></strong></span> <span class='ocrx_word' id='word_1_53' title='bbox 1940 778 2144 845; x_wconf 87' lang='lat' dir='ltr'><strong><em>desunt,</em></strong></span> <span class='ocrx_word' id='word_1_54' title='bbox 2175 777 2222 831; x_wconf 89' lang='lat' dir='ltr'><strong><em>si</em></strong></span> <span class='ocrx_word' id='word_1_55' title='bbox 2244 778 2455 832; x_wconf 63' lang='lat' dir='ltr'><strong><em>Graecas</em></strong></span> <span class='ocrx_word' id='word_1_56' title='bbox 2479 777 2743 848; x_wconf 80' lang='lat' dir='ltr'><strong><em>posueris,</em></strong></span> <span class='ocrx_word' id='word_1_57' title='bbox 2775 783 2849 832; x_wconf 89' lang='lat' dir='ltr'><strong><em>est</em></strong></span> <span class='ocrx_word' id='word_1_58' title='bbox 2890 794 3084 832; x_wconf 81' lang='lat' dir='ltr'><strong>LXXXI.</strong></span> <span class='ocrx_word' id='word_1_59' title='bbox 3118 777 3324 832; x_wconf 85' lang='lat' dir='ltr'><strong><em>Verum</em></strong></span> <span class='ocrx_word' id='word_1_60' title='bbox 3357 777 3619 850; x_wconf 84' lang='lat' dir='ltr'><strong><em>quoniam</em></strong></span> <span class='ocrx_word' id='word_1_61' title='bbox 3655 777 3814 833; x_wconf 86' lang='lat' dir='ltr'><strong><em>forte</em></strong></span> 
     </span>
    </p>
   </div>
   <div class='ocr_carea' id='block_1_7' title="bbox 491 865 3812 940">
    <p class='ocr_par' dir='ltr' id='par_1_7' title="bbox 491 865 3812 940">
     <span class='ocr_line' id='line_1_7' title="bbox 491 865 3812 940; baseline -0.001 -16"><span class='ocrx_word' id='word_1_62' title='bbox 491 867 724 924; x_wconf 87' lang='lat' dir='ltr'><strong><em>obscura</em></strong></span> <span class='ocrx_word' id='word_1_63' title='bbox 751 875 805 923; x_wconf 91' lang='lat' dir='ltr'><strong><em>et</em></strong></span> <span class='ocrx_word' id='word_1_64' title='bbox 831 867 1176 939; x_wconf 71' lang='lat' dir='ltr'><strong><em>mnigmatica</em></strong></span> <span class='ocrx_word' id='word_1_65' title='bbox 1205 867 1381 922; x_wconf 88' lang='lat' dir='ltr'><strong><em>videri</em></strong></span> <span class='ocrx_word' id='word_1_66' title='bbox 1404 877 1632 940; x_wconf 88' lang='lat' dir='ltr'><strong><em>possunt</em></strong></span> <span class='ocrx_word' id='word_1_67' title='bbox 1656 867 1771 922; x_wconf 63' lang='lat' dir='ltr'><strong><em>haec</em></strong></span> <span class='ocrx_word' id='word_1_68' title='bbox 1801 866 1916 938; x_wconf 88' lang='lat' dir='ltr'><strong><em>ipsa</em></strong></span> <span class='ocrx_word' id='word_1_69' title='bbox 1951 865 2135 933; x_wconf 87' lang='lat' dir='ltr'><strong><em>verba,</em></strong></span> <span class='ocrx_word' id='word_1_70' title='bbox 2161 882 2350 920; x_wconf 89' lang='lat' dir='ltr'><strong><em>eorum</em></strong></span> <span class='ocrx_word' id='word_1_71' title='bbox 2382 865 2782 937; x_wconf 74' lang='lat' dir='ltr'><strong><em>expositionem</em></strong></span> <span class='ocrx_word' id='word_1_72' title='bbox 2815 865 2870 920; x_wconf 91' lang='lat' dir='ltr'><strong><em>in</em></strong></span> <span class='ocrx_word' id='word_1_73' title='bbox 2905 865 3072 937; x_wconf 83' lang='lat' dir='ltr'><strong><em>Regio</em></strong></span> <span class='ocrx_word' id='word_1_74' title='bbox 3091 882 3154 921; x_wconf 92' lang='lat' dir='ltr'><strong><em>ac</em></strong></span> <span class='ocrx_word' id='word_1_75' title='bbox 3179 865 3422 936; x_wconf 88' lang='lat' dir='ltr'><strong><em>Sagiensi</em></strong></span> <span class='ocrx_word' id='word_1_76' title='bbox 3456 865 3653 922; x_wconf 86' lang='lat' dir='ltr'><strong><em>codice</em></strong></span> <span class='ocrx_word' id='word_1_77' title='bbox 3675 874 3812 922; x_wconf 86' lang='lat' dir='ltr'><strong><em>ante</em></strong></span> 
     </span>
    </p>
   </div>
   <div class='ocr_carea' id='block_1_8' title="bbox 490 953 2942 1030">
    <p class='ocr_par' dir='ltr' id='par_1_8' title="bbox 490 953 2942 1030">
     <span class='ocr_line' id='line_1_8' title="bbox 490 953 2942 1030; baseline -0.002 -14"><span class='ocrx_word' id='word_1_78' title='bbox 490 959 596 1016; x_wconf 87' lang='lat'><strong><em>600</em></strong></span> <span class='ocrx_word' id='word_1_79' title='bbox 631 975 804 1015; x_wconf 90' lang='lat' dir='ltr'><strong><em>annos</em></strong></span> <span class='ocrx_word' id='word_1_80' title='bbox 828 965 882 1014; x_wconf 91' lang='lat' dir='ltr'><strong><em>et</em></strong></span> <span class='ocrx_word' id='word_1_81' title='bbox 903 958 1086 1014; x_wconf 89' lang='lat' dir='ltr'><strong><em>eadem</em></strong></span> <span class='ocrx_word' id='word_1_82' title='bbox 1123 974 1287 1012; x_wconf 89' lang='lat' dir='ltr'><strong><em>manu</em></strong></span> <span class='ocrx_word' id='word_1_83' title='bbox 1313 975 1419 1030; x_wconf 91' lang='lat' dir='ltr'><strong><em>qua</em></strong></span> <span class='ocrx_word' id='word_1_84' title='bbox 1450 959 1678 1030; x_wconf 82' lang='lat' dir='ltr'><strong><em>ipsemet</em></strong></span> <span class='ocrx_word' id='word_1_85' title='bbox 1709 958 2150 1012; x_wconf 76' lang='lat' dir='ltr'><strong><em>Commentarius</em></strong></span> <span class='ocrx_word' id='word_1_86' title='bbox 2175 955 2438 1026; x_wconf 80' lang='lat' dir='ltr'><strong><em>scriptam</em></strong></span> <span class='ocrx_word' id='word_1_87' title='bbox 2475 955 2570 1012; x_wconf 91' lang='lat' dir='ltr'><strong><em>hic</em></strong></span> <span class='ocrx_word' id='word_1_88' title='bbox 2595 953 2942 1024; x_wconf 88' lang='lat' dir='ltr'><strong><em>subjicimus.</em></strong></span> 
     </span>
    </p>
   </div>
   <div class='ocr_carea' id='block_1_9' title="bbox 563 1043 3812 1118">
    <p class='ocr_par' dir='ltr' id='par_1_9' title="bbox 563 1043 3812 1118">
     <span class='ocr_line' id='line_1_9' title="bbox 563 1043 3812 1118; baseline -0 -16"><span class='ocrx_word' id='word_1_89' title='bbox 563 1049 771 1102; x_wconf 81' lang='lat' dir='ltr'><strong><em>Auctor</em></strong></span> <span class='ocrx_word' id='word_1_90' title='bbox 826 1045 990 1116; x_wconf 82' lang='lat' dir='ltr'><strong><em>hujus</em></strong></span> <span class='ocrx_word' id='word_1_91' title='bbox 1045 1046 1174 1102; x_wconf 83' lang='lat' dir='ltr'><strong><em>libri</em></strong></span> <span class='ocrx_word' id='word_1_92' title='bbox 1212 1046 1595 1117; x_wconf 87' lang='lat' dir='ltr'><strong><em>Berengaudus</em></strong></span> <span class='ocrx_word' id='word_1_93' title='bbox 1640 1047 1965 1117; x_wconf 86' lang='lat' dir='ltr'><strong><em>appellatur,</em></strong></span> <span class='ocrx_word' id='word_1_94' title='bbox 2023 1045 2068 1100; x_wconf 89' lang='lat' dir='ltr'><strong><em>si</em></strong></span> <span class='ocrx_word' id='word_1_95' title='bbox 2120 1045 2435 1114; x_wconf 84' lang='lat' dir='ltr'><strong><em>diligenter,</em></strong></span> <span class='ocrx_word' id='word_1_96' title='bbox 2472 1043 2748 1118; x_wconf 86' lang='lat' dir='ltr'><strong><em>quomodo</em></strong></span> <span class='ocrx_word' id='word_1_97' title='bbox 2802 1043 3200 1100; x_wconf 79' lang='lat' dir='ltr'><strong><em>inveniendum</em></strong></span> <span class='ocrx_word' id='word_1_98' title='bbox 3233 1061 3434 1099; x_wconf 87' lang='lat' dir='ltr'><strong><em>nomen</em></strong></span> <span class='ocrx_word' id='word_1_99' title='bbox 3475 1062 3644 1101; x_wconf 92' lang='lat' dir='ltr'><strong><em>suum</em></strong></span> <span class='ocrx_word' id='word_1_100' title='bbox 3684 1046 3812 1118; x_wconf 87' lang='lat' dir='ltr'><strong><em>ipse</em></strong></span> 
     </span>
    </p>
   </div>
   <div class='ocr_carea' id='block_1_10' title="bbox 489 1133 3810 1207">
    <p class='ocr_par' dir='ltr' id='par_1_10' title="bbox 489 1133 3810 1207">
     <span class='ocr_line' id='line_1_10' title="bbox 489 1133 3810 1207; baseline -0.001 -15"><span class='ocrx_word' id='word_1_101' title='bbox 489 1137 700 1205; x_wconf 83' lang='lat' dir='ltr'><strong><em>doceat,</em></strong></span> <span class='ocrx_word' id='word_1_102' title='bbox 723 1135 1056 1192; x_wconf 86' lang='lat' dir='ltr'><strong><em>attendatur.</em></strong></span> <span class='ocrx_word' id='word_1_103' title='bbox 1088 1135 1283 1190; x_wconf 68' lang='lat' dir='ltr'><strong><em>Primae</em></strong></span> <span class='ocrx_word' id='word_1_104' title='bbox 1313 1137 1460 1191; x_wconf 91' lang='lat' dir='ltr'><strong><em>enim</em></strong></span> <span class='ocrx_word' id='word_1_105' title='bbox 1483 1135 1678 1190; x_wconf 65' lang='lat' dir='ltr'><strong><em>litterae</em></strong></span> <span class='ocrx_word' id='word_1_106' title='bbox 1715 1135 2136 1207; x_wconf 85' lang='lat' dir='ltr'><strong><em>Expositionum</em></strong></span> <span class='ocrx_word' id='word_1_107' title='bbox 2161 1133 2219 1188; x_wconf 89' lang='lat' dir='ltr'><strong><em>in</em></strong></span> <span class='ocrx_word' id='word_1_108' title='bbox 2250 1133 2521 1204; x_wconf 80' lang='lat' dir='ltr'><strong><em>capitibus</em></strong></span> <span class='ocrx_word' id='word_1_109' title='bbox 2549 1140 2756 1205; x_wconf 85' lang='lat' dir='ltr'><strong><em>septem</em></strong></span> <span class='ocrx_word' id='word_1_110' title='bbox 2779 1133 3095 1202; x_wconf 88' lang='lat' dir='ltr'><strong><em>Visionum,</em></strong></span> <span class='ocrx_word' id='word_1_111' title='bbox 3120 1151 3254 1207; x_wconf 88' lang='lat' dir='ltr'><strong><em>quas</em></strong></span> <span class='ocrx_word' id='word_1_112' title='bbox 3302 1136 3584 1191; x_wconf 86' lang='lat' dir='ltr'><strong><em>attendere</em></strong></span> <span class='ocrx_word' id='word_1_113' title='bbox 3610 1135 3810 1207; x_wconf 87' lang='lat' dir='ltr'><strong><em>jubet,</em></strong></span> 
     </span>
    </p>
   </div>
   <div class='ocr_carea' id='block_1_11' title="bbox 490 1225 3815 1300">
    <p class='ocr_par' dir='ltr' id='par_1_11' title="bbox 490 1225 3815 1300">
     <span class='ocr_line' id='line_1_11' title="bbox 490 1225 3815 1300; baseline 0 -16"><span class='ocrx_word' id='word_1_114' title='bbox 490 1227 608 1284; x_wconf 66' lang='lat' dir='ltr'><strong><em>ista:</em></strong></span> <span class='ocrx_word' id='word_1_115' title='bbox 645 1236 792 1296; x_wconf 82' lang='lat' dir='ltr'><strong><em>sunt,</em></strong></span> <span class='ocrx_word' id='word_1_116' title='bbox 825 1228 888 1283; x_wconf 88' lang='grc' dir='ltr'><strong><em>Β.</em></strong></span> <span class='ocrx_word' id='word_1_117' title='bbox 929 1229 993 1284; x_wconf 81' lang='grc' dir='ltr'><strong>Β.</strong></span> <span class='ocrx_word' id='word_1_118' title='bbox 1037 1227 1100 1282; x_wconf 88' lang='grc' dir='ltr'><strong><em>Ν.</em></strong></span> <span class='ocrx_word' id='word_1_119' title='bbox 1151 1227 1218 1284; x_wconf 89' lang='lat' dir='ltr'><strong><em>G.</em></strong></span> <span class='ocrx_word' id='word_1_120' title='bbox 1246 1227 1315 1285; x_wconf 84' lang='lat' dir='ltr'><strong><em>V.</em></strong></span> <span class='ocrx_word' id='word_1_121' title='bbox 1349 1229 1414 1284; x_wconf 92' lang='lat' dir='ltr'><strong><em>D.</em></strong></span> <span class='ocrx_word' id='word_1_122' title='bbox 1441 1228 1496 1284; x_wconf 90' lang='lat' dir='ltr'><strong><em>S.</em></strong></span> <span class='ocrx_word' id='word_1_123' title='bbox 1540 1227 1786 1294; x_wconf 84' lang='lat' dir='ltr'><strong><em>Quatuor</em></strong></span> <span class='ocrx_word' id='word_1_124' title='bbox 1813 1233 1993 1281; x_wconf 90' lang='lat' dir='ltr'><strong><em>autem</em></strong></span> <span class='ocrx_word' id='word_1_125' title='bbox 2033 1225 2232 1280; x_wconf 66' lang='lat' dir='ltr'><strong><em>Graecae</em></strong></span> <span class='ocrx_word' id='word_1_126' title='bbox 2279 1227 2519 1292; x_wconf 84' lang='lat' dir='ltr'><strong><em>vocales,</em></strong></span> <span class='ocrx_word' id='word_1_127' title='bbox 2553 1225 2790 1298; x_wconf 76' lang='lat' dir='ltr'><strong><em>quaehis</em></strong></span> <span class='ocrx_word' id='word_1_128' title='bbox 2820 1225 3180 1298; x_wconf 71' lang='lat' dir='ltr'><strong><em>adjungendze</em></strong></span> <span class='ocrx_word' id='word_1_129' title='bbox 3227 1235 3376 1295; x_wconf 92' lang='lat' dir='ltr'><strong><em>sunt,</em></strong></span> <span class='ocrx_word' id='word_1_130' title='bbox 3417 1229 3815 1300; x_wconf 82' lang='lat' dir='ltr'><strong><em>exprimentes</em></strong></span> 
     </span>
    </p>
   </div>
   <div class='ocr_carea' id='block_1_12' title="bbox 490 1313 3812 1390">
    <p class='ocr_par' dir='ltr' id='par_1_12' title="bbox 490 1313 3812 1390">
     <span class='ocr_line' id='line_1_12' title="bbox 490 1313 3812 1390; baseline 0.001 -19"><span class='ocrx_word' id='word_1_131' title='bbox 490 1332 780 1372; x_wconf 88' lang='lat' dir='ltr'><strong><em>numerum</em></strong></span> <span class='ocrx_word' id='word_1_132' title='bbox 804 1333 997 1384; x_wconf 81' lang='lat' dir='ltr'><strong>LXXXI,</strong></span> <span class='ocrx_word' id='word_1_133' title='bbox 1030 1316 1147 1371; x_wconf 65' lang='lat' dir='ltr'><strong><em>ista:</em></strong></span> <span class='ocrx_word' id='word_1_134' title='bbox 1168 1323 1328 1370; x_wconf 91' lang='lat' dir='ltr'><strong><em>sunt:</em></strong></span> <span class='ocrx_word' id='word_1_135' title='bbox 1360 1316 1404 1370; x_wconf 90' lang='lat' dir='ltr'>E</span> <span class='ocrx_word' id='word_1_136' title='bbox 1423 1315 1623 1379; x_wconf 85' lang='lat' dir='ltr'><strong><em>brevis,</em></strong></span> <span class='ocrx_word' id='word_1_137' title='bbox 1656 1315 1726 1381; x_wconf 80' lang='lat'><strong><em>5;</em></strong></span> <span class='ocrx_word' id='word_1_138' title='bbox 1759 1315 1887 1369; x_wconf 90' lang='lat' dir='ltr'><strong><em>item</em></strong></span> <span class='ocrx_word' id='word_1_139' title='bbox 1911 1314 1956 1368; x_wconf 91' lang='lat' dir='ltr'><strong>E</strong></span> <span class='ocrx_word' id='word_1_140' title='bbox 1977 1313 2183 1381; x_wconf 78' lang='lat' dir='ltr'><strong><em>brevis,</em></strong></span> <span class='ocrx_word' id='word_1_141' title='bbox 2211 1313 2263 1378; x_wconf 82' lang='lat'><strong>5;</strong></span> <span class='ocrx_word' id='word_1_142' title='bbox 2297 1315 2364 1381; x_wconf 84' lang='lat' dir='ltr'><strong><em>A,</em></strong></span> <span class='ocrx_word' id='word_1_143' title='bbox 2394 1316 2440 1379; x_wconf 84' lang='lat' dir='ltr'><strong><em>l;</em></strong></span> <span class='ocrx_word' id='word_1_144' title='bbox 2468 1323 2524 1368; x_wconf 89' lang='lat' dir='ltr'><strong><em>et</em></strong></span> <span class='ocrx_word' id='word_1_145' title='bbox 2545 1315 2610 1382; x_wconf 91' lang='grc'><strong><em>0,</em></strong></span> <span class='ocrx_word' id='word_1_146' title='bbox 2633 1314 2722 1370; x_wconf 90' lang='grc'><strong>70.</strong></span> <span class='ocrx_word' id='word_1_147' title='bbox 2746 1315 2919 1386; x_wconf 75' lang='lat' dir='ltr'><strong><em>Iunge</em></strong></span> <span class='ocrx_word' id='word_1_148' title='bbox 2937 1331 3066 1385; x_wconf 82' lang='lat' dir='ltr'><strong><em>ergo</em></strong></span> <span class='ocrx_word' id='word_1_149' title='bbox 3095 1313 3264 1371; x_wconf 88' lang='lat' dir='ltr'><strong><em>simul</em></strong></span> <span class='ocrx_word' id='word_1_150' title='bbox 3287 1333 3603 1386; x_wconf 88' lang='lat' dir='ltr'><strong><em>numerum,</em></strong></span> <span class='ocrx_word' id='word_1_151' title='bbox 3631 1335 3812 1390; x_wconf 87' lang='lat' dir='ltr'><strong><em>quem</em></strong></span> 
     </span>
    </p>
   </div>
   <div class='ocr_carea' id='block_1_13' title="bbox 475 1401 3819 1478">
    <p class='ocr_par' dir='ltr' id='par_1_13' title="bbox 475 1401 3819 1478">
     <span class='ocr_line' id='line_1_13' title="bbox 475 1401 3819 1478; baseline 0.001 -18"><span class='ocrx_word' id='word_1_152' title='bbox 475 1405 716 1478; x_wconf 68' lang='lat' dir='ltr'><strong><em>singulas</em></strong></span> <span class='ocrx_word' id='word_1_153' title='bbox 735 1407 950 1462; x_wconf 86' lang='lat' dir='ltr'><strong><em>vocales</em></strong></span> <span class='ocrx_word' id='word_1_154' title='bbox 981 1406 1095 1463; x_wconf 58' lang='lat' dir='ltr'><strong><em>ista;</em></strong></span> <span class='ocrx_word' id='word_1_155' title='bbox 1121 1405 1426 1462; x_wconf 87' lang='lat' dir='ltr'><strong><em>continent.</em></strong></span> <span class='ocrx_word' id='word_1_156' title='bbox 1457 1413 1510 1460; x_wconf 89' lang='lat' dir='ltr'><strong><em>et</em></strong></span> <span class='ocrx_word' id='word_1_157' title='bbox 1537 1403 1764 1460; x_wconf 85' lang='lat' dir='ltr'><strong><em>habebis</em></strong></span> <span class='ocrx_word' id='word_1_158' title='bbox 1791 1403 1910 1459; x_wconf 87' lang='lat' dir='ltr'><strong><em>sine</em></strong></span> <span class='ocrx_word' id='word_1_159' title='bbox 1957 1401 2128 1458; x_wconf 91' lang='lat' dir='ltr'><strong><em>dubio</em></strong></span> <span class='ocrx_word' id='word_1_160' title='bbox 2183 1417 2374 1468; x_wconf 78' lang='lat' dir='ltr'><strong>LXXXI,</strong></span> <span class='ocrx_word' id='word_1_161' title='bbox 2411 1401 2520 1456; x_wconf 89' lang='lat' dir='ltr'><strong><em>nisi</em></strong></span> <span class='ocrx_word' id='word_1_162' title='bbox 2582 1418 2735 1468; x_wconf 86' lang='lat' dir='ltr'><strong><em>vero,</em></strong></span> <span class='ocrx_word' id='word_1_163' title='bbox 2796 1403 2861 1470; x_wconf 86' lang='lat' dir='ltr'><strong><em>E,</em></strong></span> <span class='ocrx_word' id='word_1_164' title='bbox 2916 1411 2977 1458; x_wconf 89' lang='lat' dir='ltr'><strong><em>ut</em></strong></span> <span class='ocrx_word' id='word_1_165' title='bbox 3031 1411 3396 1476; x_wconf 65' lang='lat' dir='ltr'><strong><em>praenotatum</em></strong></span> <span class='ocrx_word' id='word_1_166' title='bbox 3427 1415 3529 1474; x_wconf 91' lang='lat' dir='ltr'><strong><em>est,</em></strong></span> <span class='ocrx_word' id='word_1_167' title='bbox 3559 1407 3666 1472; x_wconf 41' lang='lat' dir='ltr'><strong><em>.bis</em></strong></span> <span class='ocrx_word' id='word_1_168' title='bbox 3701 1424 3819 1463; x_wconf 89' lang='lat' dir='ltr'><strong><em>as—</em></strong></span> 
     </span>
    </p>
   </div>
   <div class='ocr_carea' id='block_1_14' title="bbox 487 1489 3819 1570">
    <p class='ocr_par' dir='ltr' id='par_1_14' title="bbox 487 1489 3819 1570">
     <span class='ocr_line' id='line_1_14' title="bbox 487 1489 3819 1570; baseline 0.001 -21"><span class='ocrx_word' id='word_1_169' title='bbox 487 1492 804 1565; x_wconf 89' lang='lat' dir='ltr'><strong><em>sumpseris,</em></strong></span> <span class='ocrx_word' id='word_1_170' title='bbox 842 1493 900 1548; x_wconf 90' lang='lat' dir='ltr'><strong><em>in</em></strong></span> <span class='ocrx_word' id='word_1_171' title='bbox 949 1493 1076 1548; x_wconf 88' lang='lat' dir='ltr'><strong><em>aliis</em></strong></span> <span class='ocrx_word' id='word_1_172' title='bbox 1103 1493 1331 1548; x_wconf 90' lang='lat' dir='ltr'><strong><em>omnino</em></strong></span> <span class='ocrx_word' id='word_1_173' title='bbox 1355 1491 1591 1547; x_wconf 87' lang='lat' dir='ltr'><strong><em>diversis</em></strong></span> <span class='ocrx_word' id='word_1_174' title='bbox 1620 1491 1902 1547; x_wconf 83' lang='lat' dir='ltr'><strong><em>vocalibus</em></strong></span> <span class='ocrx_word' id='word_1_175' title='bbox 1930 1505 2192 1544; x_wconf 88' lang='lat' dir='ltr'><strong><em>numerus</em></strong></span> <span class='ocrx_word' id='word_1_176' title='bbox 2222 1489 2324 1546; x_wconf 89' lang='lat' dir='ltr'><strong><em>iste</em></strong></span> <span class='ocrx_word' id='word_1_177' title='bbox 2366 1491 2472 1546; x_wconf 88' lang='lat' dir='ltr'><strong><em>tibi</em></strong></span> <span class='ocrx_word' id='word_1_178' title='bbox 2515 1507 2626 1546; x_wconf 92' lang='lat' dir='ltr'><strong><em>non</em></strong></span> <span class='ocrx_word' id='word_1_179' title='bbox 2657 1501 2928 1549; x_wconf 88' lang='lat' dir='ltr'><strong><em>occurret.</em></strong></span> <span class='ocrx_word' id='word_1_180' title='bbox 2963 1492 3168 1550; x_wconf 88' lang='lat' dir='ltr'><strong><em>Confer</em></strong></span> <span class='ocrx_word' id='word_1_181' title='bbox 3207 1495 3397 1568; x_wconf 84' lang='lat' dir='ltr'><strong><em>itaque</em></strong></span> <span class='ocrx_word' id='word_1_182' title='bbox 3428 1495 3526 1552; x_wconf 89' lang='lat' dir='ltr'><strong><em>has</em></strong></span> <span class='ocrx_word' id='word_1_183' title='bbox 3555 1506 3819 1570; x_wconf 85' lang='lat' dir='ltr'><strong><em>quatuor</em></strong></span> 
     </span>
    </p>
   </div>
   <div class='ocr_carea' id='block_1_15' title="bbox 487 1579 3821 1658">
    <p class='ocr_par' dir='ltr' id='par_1_15' title="bbox 487 1579 3821 1658">
     <span class='ocr_line' id='line_1_15' title="bbox 487 1579 3821 1658; baseline 0.003 -21"><span class='ocrx_word' id='word_1_184' title='bbox 487 1584 704 1639; x_wconf 88' lang='lat' dir='ltr'><strong><em>vocales</em></strong></span> <span class='ocrx_word' id='word_1_185' title='bbox 733 1581 1108 1654; x_wconf 86' lang='lat' dir='ltr'><strong><em>superioribus</em></strong></span> <span class='ocrx_word' id='word_1_186' title='bbox 1140 1589 1346 1653; x_wconf 89' lang='lat' dir='ltr'><strong><em>septem</em></strong></span> <span class='ocrx_word' id='word_1_187' title='bbox 1393 1580 1845 1642; x_wconf 88' lang='lat' dir='ltr'><strong><em>consonantibus,</em></strong></span> <span class='ocrx_word' id='word_1_188' title='bbox 1895 1587 1949 1635; x_wconf 91' lang='lat' dir='ltr'><strong><em>et</em></strong></span> <span class='ocrx_word' id='word_1_189' title='bbox 1997 1579 2239 1651; x_wconf 85' lang='lat' dir='ltr'><strong><em>syllabas</em></strong></span> <span class='ocrx_word' id='word_1_190' title='bbox 2280 1597 2350 1636; x_wconf 81' lang='lat' dir='ltr'><strong><em>ex</em></strong></span> <span class='ocrx_word' id='word_1_191' title='bbox 2400 1581 2488 1637; x_wconf 90' lang='lat' dir='ltr'><strong><em>his</em></strong></span> <span class='ocrx_word' id='word_1_192' title='bbox 2538 1599 2807 1656; x_wconf 91' lang='lat' dir='ltr'><strong><em>compone</em></strong></span> <span class='ocrx_word' id='word_1_193' title='bbox 2837 1585 2944 1641; x_wconf 89' lang='lat' dir='ltr'><strong><em>hoc</em></strong></span> <span class='ocrx_word' id='word_1_194' title='bbox 2975 1585 3137 1642; x_wconf 90' lang='lat' dir='ltr'><strong><em>modo</em></strong></span> <span class='ocrx_word' id='word_1_195' title='bbox 3185 1587 3576 1658; x_wconf 80' lang='lat' dir='ltr'><strong><em>Bereugaudos.</em></strong></span> <span class='ocrx_word' id='word_1_196' title='bbox 3613 1590 3821 1646; x_wconf 78' lang='lat' dir='ltr'><strong><em>Habes</em></strong></span> 
     </span>
    </p>
   </div>
   <div class='ocr_carea' id='block_1_16' title="bbox 487 1669 3818 1747">
    <p class='ocr_par' dir='ltr' id='par_1_16' title="bbox 487 1669 3818 1747">
     <span class='ocr_line' id='line_1_16' title="bbox 487 1669 3818 1747; baseline 0.002 -17"><span class='ocrx_word' id='word_1_197' title='bbox 487 1673 658 1746; x_wconf 86' lang='lat' dir='ltr'><strong><em>igitur</em></strong></span> <span class='ocrx_word' id='word_1_198' title='bbox 684 1672 1073 1744; x_wconf 85' lang='lat' dir='ltr'><strong><em>Berengaudos.</em></strong></span> <span class='ocrx_word' id='word_1_199' title='bbox 1105 1671 1210 1728; x_wconf 90' lang='lat' dir='ltr'><strong><em>Sed</em></strong></span> <span class='ocrx_word' id='word_1_200' title='bbox 1232 1671 1349 1727; x_wconf 61' lang='lat' dir='ltr'><strong><em>haec</em></strong></span> <span class='ocrx_word' id='word_1_201' title='bbox 1369 1669 1556 1727; x_wconf 69' lang='lat' dir='ltr'><strong><em>Graeca</em></strong></span> <span class='ocrx_word' id='word_1_202' title='bbox 1584 1670 1899 1728; x_wconf 86' lang='lat' dir='ltr'><strong><em>terminatio</em></strong></span> <span class='ocrx_word' id='word_1_203' title='bbox 1928 1680 2009 1726; x_wconf 87' lang='lat' dir='ltr'><strong><em>est</em></strong></span> <span class='ocrx_word' id='word_1_204' title='bbox 2035 1689 2046 1726; x_wconf 89' lang='lat'><strong>:</strong></span> <span class='ocrx_word' id='word_1_205' title='bbox 2094 1671 2288 1728; x_wconf 91' lang='lat' dir='ltr'><strong><em>Latina</em></strong></span> <span class='ocrx_word' id='word_1_206' title='bbox 2341 1681 2522 1729; x_wconf 87' lang='lat' dir='ltr'><strong><em>autem</em></strong></span> <span class='ocrx_word' id='word_1_207' title='bbox 2565 1676 2884 1732; x_wconf 87' lang='lat' dir='ltr'><strong><em>terminatio</em></strong></span> <span class='ocrx_word' id='word_1_208' title='bbox 2926 1686 3008 1733; x_wconf 90' lang='lat' dir='ltr'><strong><em>est</em></strong></span> <span class='ocrx_word' id='word_1_209' title='bbox 3039 1695 3052 1732; x_wconf 91' lang='lat'><strong>:</strong></span> <span class='ocrx_word' id='word_1_210' title='bbox 3100 1677 3576 1735; x_wconf 80' lang='lat' dir='ltr'><strong><em>BeReNGaVDoS.</em></strong></span> <span class='ocrx_word' id='word_1_211' title='bbox 3633 1679 3818 1747; x_wconf 86' lang='lat' dir='ltr'><strong><em>Quod</em></strong></span> 
     </span>
    </p>
   </div>
   <div class='ocr_carea' id='block_1_17' title="bbox 485 1758 3820 1836">
    <p class='ocr_par' dir='ltr' id='par_1_17' title="bbox 485 1758 3820 1836">
     <span class='ocr_line' id='line_1_17' title="bbox 485 1758 3820 1836; baseline 0.002 -19"><span class='ocrx_word' id='word_1_212' title='bbox 485 1762 630 1818; x_wconf 91' lang='lat' dir='ltr'><strong><em>enim</em></strong></span> <span class='ocrx_word' id='word_1_213' title='bbox 661 1761 806 1833; x_wconf 89' lang='lat' dir='ltr'><strong><em>apud</em></strong></span> <span class='ocrx_word' id='word_1_214' title='bbox 834 1759 1050 1816; x_wconf 76' lang='lat' dir='ltr'><strong><em>Graecos</em></strong></span> <span class='ocrx_word' id='word_1_215' title='bbox 1087 1761 1145 1816; x_wconf 90' lang='lat' dir='ltr'><strong><em>in</em></strong></span> <span class='ocrx_word' id='word_1_216' title='bbox 1169 1778 1248 1827; x_wconf 93' lang='lat' dir='ltr'><strong><em>os,</em></strong></span> <span class='ocrx_word' id='word_1_217' title='bbox 1288 1760 1432 1832; x_wconf 90' lang='lat' dir='ltr'><strong><em>apud</em></strong></span> <span class='ocrx_word' id='word_1_218' title='bbox 1471 1759 1696 1816; x_wconf 88' lang='lat' dir='ltr'><strong><em>Latinos</em></strong></span> <span class='ocrx_word' id='word_1_219' title='bbox 1725 1758 2050 1816; x_wconf 85' lang='lat' dir='ltr'><strong><em>terminatur</em></strong></span> <span class='ocrx_word' id='word_1_220' title='bbox 2077 1759 2136 1815; x_wconf 90' lang='lat' dir='ltr'><strong><em>in</em></strong></span> <span class='ocrx_word' id='word_1_221' title='bbox 2186 1779 2264 1828; x_wconf 81' lang='lat' dir='ltr'><strong><em>us,</em></strong></span> <span class='ocrx_word' id='word_1_222' title='bbox 2308 1770 2370 1818; x_wconf 92' lang='lat' dir='ltr'><strong><em>ut</em></strong></span> <span class='ocrx_word' id='word_1_223' title='bbox 2427 1765 2614 1820; x_wconf 83' lang='lat' dir='ltr'><strong><em>Petros</em></strong></span> <span class='ocrx_word' id='word_1_224' title='bbox 2644 1767 2855 1834; x_wconf 81' lang='lat' dir='ltr'><strong><em>Petrus,</em></strong></span> <span class='ocrx_word' id='word_1_225' title='bbox 2890 1767 3089 1822; x_wconf 85' lang='lat' dir='ltr'><strong><em>Paulos</em></strong></span> <span class='ocrx_word' id='word_1_226' title='bbox 3120 1769 3345 1824; x_wconf 83' lang='lat' dir='ltr'><strong><em>Paulus.</em></strong></span> <span class='ocrx_word' id='word_1_227' title='bbox 3382 1767 3540 1836; x_wconf 88' lang='lat' dir='ltr'><strong><em>Quod</em></strong></span> <span class='ocrx_word' id='word_1_228' title='bbox 3596 1769 3644 1824; x_wconf 89' lang='lat' dir='ltr'><strong><em>si</em></strong></span> <span class='ocrx_word' id='word_1_229' title='bbox 3692 1786 3820 1824; x_wconf 89' lang='lat' dir='ltr'><strong><em>or—</em></strong></span> 
     </span>
    </p>
   </div>
   <div class='ocr_carea' id='block_1_18' title="bbox 483 1848 3819 1929">
    <p class='ocr_par' dir='ltr' id='par_1_18' title="bbox 483 1848 3819 1929">
     <span class='ocr_line' id='line_1_18' title="bbox 483 1848 3819 1929; baseline 0.002 -23"><span class='ocrx_word' id='word_1_230' title='bbox 483 1848 669 1906; x_wconf 88' lang='lat' dir='ltr'><strong><em>dinem</em></strong></span> <span class='ocrx_word' id='word_1_231' title='bbox 702 1848 1084 1922; x_wconf 75' lang='lat' dir='ltr'><strong><em>praedictarum</em></strong></span> <span class='ocrx_word' id='word_1_232' title='bbox 1115 1849 1392 1906; x_wconf 88' lang='lat' dir='ltr'><strong><em>vocalium</em></strong></span> <span class='ocrx_word' id='word_1_233' title='bbox 1436 1848 1494 1904; x_wconf 90' lang='lat' dir='ltr'><strong><em>in</em></strong></span> <span class='ocrx_word' id='word_1_234' title='bbox 1528 1849 1864 1905; x_wconf 87' lang='lat' dir='ltr'><strong><em>inveniendo</em></strong></span> <span class='ocrx_word' id='word_1_235' title='bbox 1895 1849 2002 1906; x_wconf 90' lang='lat' dir='ltr'><strong><em>hoc</em></strong></span> <span class='ocrx_word' id='word_1_236' title='bbox 2048 1850 2273 1906; x_wconf 89' lang='lat' dir='ltr'><strong><em>nomine</em></strong></span> <span class='ocrx_word' id='word_1_237' title='bbox 2302 1859 2492 1909; x_wconf 91' lang='lat' dir='ltr'><strong><em>tenere</em></strong></span> <span class='ocrx_word' id='word_1_238' title='bbox 2551 1855 2830 1924; x_wconf 89' lang='lat' dir='ltr'><strong><em>malueris,</em></strong></span> <span class='ocrx_word' id='word_1_239' title='bbox 2863 1863 2916 1912; x_wconf 93' lang='lat' dir='ltr'><strong><em>et</em></strong></span> <span class='ocrx_word' id='word_1_240' title='bbox 2955 1857 3110 1927; x_wconf 87' lang='lat' dir='ltr'><strong><em>prius</em></strong></span> <span class='ocrx_word' id='word_1_241' title='bbox 3159 1857 3416 1929; x_wconf 90' lang='lat' dir='ltr'><strong><em>ponendo</em></strong></span> <span class='ocrx_word' id='word_1_242' title='bbox 3447 1862 3514 1928; x_wconf 82' lang='lat' dir='ltr'><strong><em>A,</em></strong></span> <span class='ocrx_word' id='word_1_243' title='bbox 3570 1867 3819 1915; x_wconf 57' lang='lat' dir='ltr'><strong><em>caeteras</em></strong></span> 
     </span>
    </p>
   </div>
   <div class='ocr_carea' id='block_1_19' title="bbox 484 1936 3819 2021">
    <p class='ocr_par' dir='ltr' id='par_1_19' title="bbox 484 1936 3819 2021">
     <span class='ocr_line' id='line_1_19' title="bbox 484 1936 3819 2021; baseline 0.004 -27"><span class='ocrx_word' id='word_1_244' title='bbox 484 1953 581 2012; x_wconf 90' lang='lat' dir='ltr'><strong><em>per</em></strong></span> <span class='ocrx_word' id='word_1_245' title='bbox 607 1945 970 1996; x_wconf 85' lang='lat' dir='ltr'><strong><em>consonantes</em></strong></span> <span class='ocrx_word' id='word_1_246' title='bbox 1025 1937 1102 1994; x_wconf 91' lang='lat' dir='ltr'><strong><em>ita</em></strong></span> <span class='ocrx_word' id='word_1_247' title='bbox 1139 1936 1448 2010; x_wconf 87' lang='lat' dir='ltr'><strong><em>disponere,</em></strong></span> <span class='ocrx_word' id='word_1_248' title='bbox 1489 1945 1552 1993; x_wconf 90' lang='lat' dir='ltr'><strong><em>ut</em></strong></span> <span class='ocrx_word' id='word_1_249' title='bbox 1595 1937 1746 1994; x_wconf 87' lang='lat' dir='ltr'><strong><em>dicas</em></strong></span> <span class='ocrx_word' id='word_1_250' title='bbox 1775 1939 2165 2010; x_wconf 86' lang='lat' dir='ltr'><strong><em>Barenguedos,</em></strong></span> <span class='ocrx_word' id='word_1_251' title='bbox 2199 1958 2308 1998; x_wconf 91' lang='lat' dir='ltr'><strong><em>non</em></strong></span> <span class='ocrx_word' id='word_1_252' title='bbox 2339 1943 2444 2000; x_wconf 90' lang='lat' dir='ltr'><strong><em>tibi</em></strong></span> <span class='ocrx_word' id='word_1_253' title='bbox 2476 1945 2700 2016; x_wconf 88' lang='lat' dir='ltr'><strong><em>quidem</em></strong></span> <span class='ocrx_word' id='word_1_254' title='bbox 2734 1945 2792 2001; x_wconf 92' lang='lat' dir='ltr'><strong><em>in</em></strong></span> <span class='ocrx_word' id='word_1_255' title='bbox 2824 1946 2929 2002; x_wconf 90' lang='lat' dir='ltr'><strong><em>hoc</em></strong></span> <span class='ocrx_word' id='word_1_256' title='bbox 2976 1949 3292 2021; x_wconf 87' lang='lat' dir='ltr'><strong><em>praescripta</em></strong></span> <span class='ocrx_word' id='word_1_257' title='bbox 3323 1949 3597 2005; x_wconf 89' lang='lat' dir='ltr'><strong><em>vocalium</em></strong></span> <span class='ocrx_word' id='word_1_258' title='bbox 3652 1951 3819 2008; x_wconf 88' lang='lat' dir='ltr'><strong><em>ratio</em></strong></span> 
     </span>
    </p>
   </div>
   <div class='ocr_carea' id='block_1_20' title="bbox 483 2026 3818 2114">
    <p class='ocr_par' dir='ltr' id='par_1_20' title="bbox 483 2026 3818 2114">
     <span class='ocr_line' id='line_1_20' title="bbox 483 2026 3818 2114; baseline 0.004 -30"><span class='ocrx_word' id='word_1_259' title='bbox 483 2027 805 2084; x_wconf 87' lang='lat' dir='ltr'><strong><em>adversatur</em></strong></span> <span class='ocrx_word' id='word_1_260' title='bbox 837 2045 850 2084; x_wconf 90' lang='lat'>:</span> <span class='ocrx_word' id='word_1_261' title='bbox 881 2026 974 2084; x_wconf 89' lang='lat' dir='ltr'><strong><em>sed</em></strong></span> <span class='ocrx_word' id='word_1_262' title='bbox 1003 2026 1301 2082; x_wconf 70' lang='lat' dir='ltr'><strong><em>barbarum</em></strong></span> <span class='ocrx_word' id='word_1_263' title='bbox 1344 2027 1530 2096; x_wconf 90' lang='lat' dir='ltr'><strong><em>nimis,</em></strong></span> <span class='ocrx_word' id='word_1_264' title='bbox 1577 2034 1632 2082; x_wconf 88' lang='lat' dir='ltr'><strong><em>et</em></strong></span> <span class='ocrx_word' id='word_1_265' title='bbox 1686 2028 2006 2084; x_wconf 90' lang='lat' dir='ltr'><strong><em>omnimodo</em></strong></span> <span class='ocrx_word' id='word_1_266' title='bbox 2053 2029 2381 2086; x_wconf 88' lang='lat' dir='ltr'><strong><em>inusitatum</em></strong></span> <span class='ocrx_word' id='word_1_267' title='bbox 2428 2031 2675 2090; x_wconf 85' lang='lat' dir='ltr'><strong><em>hominis</em></strong></span> <span class='ocrx_word' id='word_1_268' title='bbox 2703 2051 2904 2092; x_wconf 91' lang='lat' dir='ltr'><strong><em>nomen</em></strong></span> <span class='ocrx_word' id='word_1_269' title='bbox 2937 2037 3066 2094; x_wconf 90' lang='lat' dir='ltr'><strong><em>inde</em></strong></span> <span class='ocrx_word' id='word_1_270' title='bbox 3111 2038 3398 2095; x_wconf 83' lang='lat' dir='ltr'><strong><em>formatur.</em></strong></span> <span class='ocrx_word' id='word_1_271' title='bbox 3431 2039 3629 2096; x_wconf 87' lang='lat' dir='ltr'><strong><em>Melius</em></strong></span> <span class='ocrx_word' id='word_1_272' title='bbox 3663 2058 3818 2114; x_wconf 86' lang='lat' dir='ltr'><strong><em>ergo</em></strong></span> 
     </span>
    </p>
   </div>
   <div class='ocr_carea' id='block_1_21' title="bbox 485 2115 3813 2201">
    <p class='ocr_par' dir='ltr' id='par_1_21' title="bbox 485 2115 3813 2201">
     <span class='ocr_line' id='line_1_21' title="bbox 485 2115 3813 2201; baseline 0.005 -29"><span class='ocrx_word' id='word_1_273' title='bbox 485 2125 586 2187; x_wconf 85' lang='lat' dir='ltr'><strong><em>est,</em></strong></span> <span class='ocrx_word' id='word_1_274' title='bbox 616 2125 670 2174; x_wconf 89' lang='lat' dir='ltr'><strong><em>et</em></strong></span> <span class='ocrx_word' id='word_1_275' title='bbox 689 2118 864 2174; x_wconf 90' lang='lat' dir='ltr'><strong><em>multo</em></strong></span> <span class='ocrx_word' id='word_1_276' title='bbox 893 2117 1096 2174; x_wconf 89' lang='lat' dir='ltr'><strong><em>rectius</em></strong></span> <span class='ocrx_word' id='word_1_277' title='bbox 1121 2124 1202 2186; x_wconf 89' lang='lat' dir='ltr'><strong><em>ut,</em></strong></span> <span class='ocrx_word' id='word_1_278' title='bbox 1233 2117 1377 2174; x_wconf 88' lang='lat' dir='ltr'><strong><em>sicut</em></strong></span> <span class='ocrx_word' id='word_1_279' title='bbox 1406 2116 1782 2188; x_wconf 63' lang='lat' dir='ltr'><strong><em>prsescriptum</em></strong></span> <span class='ocrx_word' id='word_1_280' title='bbox 1809 2125 1908 2186; x_wconf 88' lang='lat' dir='ltr'><strong><em>est,</em></strong></span> <span class='ocrx_word' id='word_1_281' title='bbox 1932 2119 2329 2190; x_wconf 81' lang='lat' dir='ltr'><strong><em>Berengaudus,</em></strong></span> <span class='ocrx_word' id='word_1_282' title='bbox 2363 2137 2473 2176; x_wconf 89' lang='lat' dir='ltr'><strong><em>non</em></strong></span> <span class='ocrx_word' id='word_1_283' title='bbox 2504 2124 2905 2194; x_wconf 82' lang='lat' dir='ltr'><strong><em>Barenguedus,</em></strong></span> <span class='ocrx_word' id='word_1_284' title='bbox 2937 2134 3182 2197; x_wconf 90' lang='lat' dir='ltr'><strong><em>vocetur,</em></strong></span> <span class='ocrx_word' id='word_1_285' title='bbox 3219 2115 3351 2201; x_wconf 79' lang='lat' dir='ltr'><strong><em>quia</em></strong></span> <span class='ocrx_word' id='word_1_286' title='bbox 3389 2127 3494 2186; x_wconf 91' lang='lat' dir='ltr'><strong><em>hoc</em></strong></span> <span class='ocrx_word' id='word_1_287' title='bbox 3521 2129 3813 2187; x_wconf 89' lang='lat' dir='ltr'><strong><em>usitatum</em></strong></span> 
     </span>
    </p>
   </div>
   <div class='ocr_carea' id='block_1_22' title="bbox 483 2205 3151 2280">
    <p class='ocr_par' dir='ltr' id='par_1_22' title="bbox 483 2205 3151 2280">
     <span class='ocr_line' id='line_1_22' title="bbox 483 2205 3151 2280; baseline 0.004 -18"><span class='ocrx_word' id='word_1_288' title='bbox 483 2213 538 2264; x_wconf 91' lang='lat' dir='ltr'><strong><em>et</em></strong></span> <span class='ocrx_word' id='word_1_289' title='bbox 564 2206 736 2279; x_wconf 87' lang='lat' dir='ltr'><strong><em>magis</em></strong></span> <span class='ocrx_word' id='word_1_290' title='bbox 757 2207 1004 2278; x_wconf 79' lang='lat' dir='ltr'><strong><em>elegans;</em></strong></span> <span class='ocrx_word' id='word_1_291' title='bbox 1039 2205 1179 2263; x_wconf 90' lang='lat' dir='ltr'><strong><em>illud</em></strong></span> <span class='ocrx_word' id='word_1_292' title='bbox 1211 2223 1340 2262; x_wconf 90' lang='lat' dir='ltr'><strong><em>vero</em></strong></span> <span class='ocrx_word' id='word_1_293' title='bbox 1369 2215 1422 2262; x_wconf 90' lang='lat' dir='ltr'><strong><em>et</em></strong></span> <span class='ocrx_word' id='word_1_294' title='bbox 1452 2205 1776 2262; x_wconf 88' lang='lat' dir='ltr'><strong><em>inusitatum</em></strong></span> <span class='ocrx_word' id='word_1_295' title='bbox 1805 2215 1859 2262; x_wconf 90' lang='lat' dir='ltr'><strong><em>et</em></strong></span> <span class='ocrx_word' id='word_1_296' title='bbox 1890 2206 2118 2263; x_wconf 88' lang='lat' dir='ltr'><strong><em>minime</em></strong></span> <span class='ocrx_word' id='word_1_297' title='bbox 2147 2209 2365 2280; x_wconf 83' lang='lat' dir='ltr'><strong><em>elegans</em></strong></span> <span class='ocrx_word' id='word_1_298' title='bbox 2406 2209 2653 2267; x_wconf 89' lang='lat' dir='ltr'><strong><em>hominis</em></strong></span> <span class='ocrx_word' id='word_1_299' title='bbox 2674 2229 2875 2269; x_wconf 90' lang='lat' dir='ltr'><strong><em>nomen</em></strong></span> <span class='ocrx_word' id='word_1_300' title='bbox 2910 2215 3151 2274; x_wconf 90' lang='lat' dir='ltr'><strong><em>videtur.</em></strong></span> 
     </span>
    </p>
   </div>
   <div class='ocr_carea' id='block_1_23' title="bbox 554 2295 3816 2383">
    <p class='ocr_par' dir='ltr' id='par_1_23' title="bbox 554 2295 3816 2383">
     <span class='ocr_line' id='line_1_23' title="bbox 554 2295 3816 2383; baseline 0.004 -32"><span class='ocrx_word' id='word_1_301' title='bbox 554 2297 674 2352; x_wconf 86' lang='lat' dir='ltr'><strong><em>Jam</em></strong></span> <span class='ocrx_word' id='word_1_302' title='bbox 703 2311 833 2352; x_wconf 87' lang='lat' dir='ltr'><strong><em>vero</em></strong></span> <span class='ocrx_word' id='word_1_303' title='bbox 861 2298 906 2352; x_wconf 90' lang='lat' dir='ltr'><strong><em>si</em></strong></span> <span class='ocrx_word' id='word_1_304' title='bbox 937 2297 1061 2370; x_wconf 87' lang='lat' dir='ltr'><strong><em>quis</em></strong></span> <span class='ocrx_word' id='word_1_305' title='bbox 1094 2305 1253 2354; x_wconf 88' lang='lat' dir='ltr'><strong><em>aveat</em></strong></span> <span class='ocrx_word' id='word_1_306' title='bbox 1303 2295 1442 2352; x_wconf 86' lang='lat' dir='ltr'><strong><em>scire</em></strong></span> <span class='ocrx_word' id='word_1_307' title='bbox 1480 2295 1755 2368; x_wconf 90' lang='lat' dir='ltr'><strong><em>quodnam</em></strong></span> <span class='ocrx_word' id='word_1_308' title='bbox 1794 2295 1962 2351; x_wconf 87' lang='lat' dir='ltr'><strong><em>fuerit</em></strong></span> <span class='ocrx_word' id='word_1_309' title='bbox 2011 2297 2252 2354; x_wconf 86' lang='lat' dir='ltr'><strong><em>auctoris</em></strong></span> <span class='ocrx_word' id='word_1_310' title='bbox 2293 2297 2538 2369; x_wconf 89' lang='lat' dir='ltr'><strong><em>ejusdem</em></strong></span> <span class='ocrx_word' id='word_1_311' title='bbox 2574 2301 2904 2358; x_wconf 88' lang='lat' dir='ltr'><strong><em>institutum</em></strong></span> <span class='ocrx_word' id='word_1_312' title='bbox 2935 2321 2998 2360; x_wconf 90' lang='lat' dir='ltr'><strong><em>ac</em></strong></span> <span class='ocrx_word' id='word_1_313' title='bbox 3029 2305 3156 2360; x_wconf 65' lang='lat' dir='ltr'><strong><em>vitae</em></strong></span> <span class='ocrx_word' id='word_1_314' title='bbox 3179 2323 3367 2377; x_wconf 87' lang='lat' dir='ltr'><strong><em>genus,</em></strong></span> <span class='ocrx_word' id='word_1_315' title='bbox 3401 2307 3618 2383; x_wconf 86' lang='lat' dir='ltr'><strong><em>tametsi</em></strong></span> <span class='ocrx_word' id='word_1_316' title='bbox 3646 2308 3816 2364; x_wconf 87' lang='lat' dir='ltr'><strong><em>nihil</em></strong></span> 
     </span>
    </p>
   </div>
   <div class='ocr_carea' id='block_1_24' title="bbox 484 2385 3816 2458">
    <p class='ocr_par' dir='ltr' id='par_1_24' title="bbox 484 2385 3816 2458">
     <span class='ocr_line' id='line_1_24' title="bbox 484 2385 3816 2458; baseline 0.004 -16"><span class='ocrx_word' id='word_1_317' title='bbox 484 2385 712 2442; x_wconf 92' lang='lat' dir='ltr'><strong><em>omnino</em></strong></span> <span class='ocrx_word' id='word_1_318' title='bbox 741 2387 1088 2458; x_wconf 89' lang='lat' dir='ltr'><strong><em>exploratum</em></strong></span> <span class='ocrx_word' id='word_1_319' title='bbox 1120 2385 1188 2442; x_wconf 90' lang='lat' dir='ltr'><strong><em>de</em></strong></span> <span class='ocrx_word' id='word_1_320' title='bbox 1209 2385 1316 2442; x_wconf 89' lang='lat' dir='ltr'><strong><em>hoc</em></strong></span> <span class='ocrx_word' id='word_1_321' title='bbox 1345 2392 1618 2458; x_wconf 85' lang='lat' dir='ltr'><strong><em>suppetat,</em></strong></span> <span class='ocrx_word' id='word_1_322' title='bbox 1651 2402 1776 2441; x_wconf 90' lang='lat' dir='ltr'><strong><em>eum</em></strong></span> <span class='ocrx_word' id='word_1_323' title='bbox 1808 2386 1991 2442; x_wconf 71' lang='lat' dir='ltr'><strong><em>tamen</em></strong></span> <span class='ocrx_word' id='word_1_324' title='bbox 2023 2385 2378 2441; x_wconf 89' lang='lat' dir='ltr'><strong><em>monasticam</em></strong></span> <span class='ocrx_word' id='word_1_325' title='bbox 2412 2387 2786 2444; x_wconf 72' lang='lat' dir='ltr'><strong><em>Benedictinaa</em></strong></span> <span class='ocrx_word' id='word_1_326' title='bbox 2825 2390 3054 2446; x_wconf 85' lang='lat' dir='ltr'><strong><em>familiae</em></strong></span> <span class='ocrx_word' id='word_1_327' title='bbox 3101 2393 3504 2453; x_wconf 88' lang='lat' dir='ltr'><strong><em>institutionem</em></strong></span> <span class='ocrx_word' id='word_1_328' title='bbox 3539 2406 3816 2454; x_wconf 86' lang='lat' dir='ltr'><strong><em>secutum</em></strong></span> 
     </span>
    </p>
   </div>
   <div class='ocr_carea' id='block_1_25' title="bbox 483 2473 3816 2560">
    <p class='ocr_par' dir='ltr' id='par_1_25' title="bbox 483 2473 3816 2560">
     <span class='ocr_line' id='line_1_25' title="bbox 483 2473 3816 2560; baseline 0.003 -28"><span class='ocrx_word' id='word_1_329' title='bbox 483 2491 598 2532; x_wconf 84' lang='lat' dir='ltr'><strong><em>esse</em></strong></span> <span class='ocrx_word' id='word_1_330' title='bbox 633 2474 766 2531; x_wconf 90' lang='lat' dir='ltr'><strong><em>hinc</em></strong></span> <span class='ocrx_word' id='word_1_331' title='bbox 796 2473 1140 2547; x_wconf 86' lang='lat' dir='ltr'><strong><em>conjicimus,</em></strong></span> <span class='ocrx_word' id='word_1_332' title='bbox 1175 2473 1320 2548; x_wconf 91' lang='lat' dir='ltr'><strong><em>quod</em></strong></span> <span class='ocrx_word' id='word_1_333' title='bbox 1340 2475 1406 2530; x_wconf 92' lang='lat' dir='ltr'><strong><em>de</em></strong></span> <span class='ocrx_word' id='word_1_334' title='bbox 1436 2474 1590 2530; x_wconf 89' lang='lat' dir='ltr'><strong><em>vitiis</em></strong></span> <span class='ocrx_word' id='word_1_335' title='bbox 1609 2491 1731 2547; x_wconf 58' lang='lat' dir='ltr'><strong><em>quas</em></strong></span> <span class='ocrx_word' id='word_1_336' title='bbox 1760 2473 1863 2530; x_wconf 91' lang='lat' dir='ltr'><strong><em>sibi</em></strong></span> <span class='ocrx_word' id='word_1_337' title='bbox 1903 2474 2111 2530; x_wconf 84' lang='lat' dir='ltr'><strong><em>aditum</em></strong></span> <span class='ocrx_word' id='word_1_338' title='bbox 2141 2473 2197 2528; x_wconf 92' lang='lat' dir='ltr'><strong><em>in</em></strong></span> <span class='ocrx_word' id='word_1_339' title='bbox 2224 2475 2554 2530; x_wconf 89' lang='lat' dir='ltr'><strong><em>monasteria</em></strong></span> <span class='ocrx_word' id='word_1_340' title='bbox 2584 2484 2701 2530; x_wconf 91' lang='lat' dir='ltr'><strong><em>tum</em></strong></span> <span class='ocrx_word' id='word_1_341' title='bbox 2727 2478 2990 2549; x_wconf 87' lang='lat' dir='ltr'><strong><em>temporis</em></strong></span> <span class='ocrx_word' id='word_1_342' title='bbox 3044 2480 3286 2537; x_wconf 82' lang='lat' dir='ltr'><strong><em>fecerant</em></strong></span> <span class='ocrx_word' id='word_1_343' title='bbox 3322 2484 3502 2556; x_wconf 90' lang='lat' dir='ltr'><strong><em>(capp.</em></strong></span> <span class='ocrx_word' id='word_1_344' title='bbox 3539 2487 3572 2542; x_wconf 86' lang='lat'><strong>9</strong></span> <span class='ocrx_word' id='word_1_345' title='bbox 3601 2493 3657 2541; x_wconf 90' lang='lat' dir='ltr'><strong><em>et</em></strong></span> <span class='ocrx_word' id='word_1_346' title='bbox 3696 2487 3816 2560; x_wconf 74' lang='grc'><strong><em>21)</em></strong></span> 
     </span>
    </p>
   </div>
   <div class='ocr_carea' id='block_1_26' title="bbox 482 2564 3814 2645">
    <p class='ocr_par' dir='ltr' id='par_1_26' title="bbox 482 2564 3814 2645">
     <span class='ocr_line' id='line_1_26' title="bbox 482 2564 3814 2645; baseline 0.004 -25"><span class='ocrx_word' id='word_1_347' title='bbox 482 2571 752 2638; x_wconf 89' lang='lat' dir='ltr'><strong><em>tanquam</em></strong></span> <span class='ocrx_word' id='word_1_348' title='bbox 779 2565 1017 2621; x_wconf 88' lang='lat' dir='ltr'><strong><em>ocularis</em></strong></span> <span class='ocrx_word' id='word_1_349' title='bbox 1047 2565 1200 2621; x_wconf 87' lang='lat' dir='ltr'><strong><em>testis</em></strong></span> <span class='ocrx_word' id='word_1_350' title='bbox 1229 2564 1462 2621; x_wconf 88' lang='lat' dir='ltr'><strong><em>subinde</em></strong></span> <span class='ocrx_word' id='word_1_351' title='bbox 1490 2564 1722 2620; x_wconf 88' lang='lat' dir='ltr'><strong><em>disserat</em></strong></span> <span class='ocrx_word' id='word_1_352' title='bbox 1755 2565 1934 2636; x_wconf 88' lang='lat' dir='ltr'><strong><em>(capp.</em></strong></span> <span class='ocrx_word' id='word_1_353' title='bbox 1989 2565 2054 2621; x_wconf 78' lang='grc'>18</span> <span class='ocrx_word' id='word_1_354' title='bbox 2081 2572 2135 2620; x_wconf 88' lang='lat' dir='ltr'><strong><em>et</em></strong></span> <span class='ocrx_word' id='word_1_355' title='bbox 2163 2565 2276 2634; x_wconf 79' lang='lat' dir='ltr'><strong><em>2i),</em></strong></span> <span class='ocrx_word' id='word_1_356' title='bbox 2307 2573 2360 2620; x_wconf 91' lang='lat' dir='ltr'><strong><em>et</em></strong></span> <span class='ocrx_word' id='word_1_357' title='bbox 2397 2566 2542 2622; x_wconf 88' lang='lat' dir='ltr'><strong><em>locos</em></strong></span> <span class='ocrx_word' id='word_1_358' title='bbox 2585 2568 2771 2638; x_wconf 90' lang='lat' dir='ltr'><strong><em>plures</em></strong></span> <span class='ocrx_word' id='word_1_359' title='bbox 2829 2569 3030 2638; x_wconf 88' lang='lat' dir='ltr'><strong><em>passim</em></strong></span> <span class='ocrx_word' id='word_1_360' title='bbox 3074 2569 3278 2628; x_wconf 85' lang='lat' dir='ltr'><strong><em>inserat</em></strong></span> <span class='ocrx_word' id='word_1_361' title='bbox 3324 2589 3354 2627; x_wconf 93' lang='lat' dir='ltr'><strong><em>e</em></strong></span> <span class='ocrx_word' id='word_1_362' title='bbox 3403 2575 3608 2645; x_wconf 79' lang='lat' dir='ltr'><strong><em>Regula</em></strong></span> <span class='ocrx_word' id='word_1_363' title='bbox 3641 2576 3814 2634; x_wconf 84' lang='lat' dir='ltr'><strong><em>beati</em></strong></span> 
     </span>
    </p>
   </div>
   <div class='ocr_carea' id='block_1_27' title="bbox 483 2653 3817 2734">
    <p class='ocr_par' dir='ltr' id='par_1_27' title="bbox 483 2653 3817 2734">
     <span class='ocr_line' id='line_1_27' title="bbox 483 2653 3817 2734; baseline 0.004 -24"><span class='ocrx_word' id='word_1_364' title='bbox 483 2653 774 2710; x_wconf 84' lang='lat' dir='ltr'><strong><em>Benedicti</em></strong></span> <span class='ocrx_word' id='word_1_365' title='bbox 810 2653 877 2710; x_wconf 86' lang='lat' dir='ltr'><strong><em>ad</em></strong></span> <span class='ocrx_word' id='word_1_366' title='bbox 907 2654 1139 2710; x_wconf 89' lang='lat' dir='ltr'><strong><em>verbum</em></strong></span> <span class='ocrx_word' id='word_1_367' title='bbox 1186 2670 1490 2724; x_wconf 84' lang='lat' dir='ltr'><strong><em>expressos.</em></strong></span> <span class='ocrx_word' id='word_1_368' title='bbox 1541 2653 1673 2720; x_wconf 66' lang='lat' dir='ltr'><strong><em>Qum</em></strong></span> <span class='ocrx_word' id='word_1_369' title='bbox 1725 2661 1906 2708; x_wconf 90' lang='lat' dir='ltr'><strong><em>tamen</em></strong></span> <span class='ocrx_word' id='word_1_370' title='bbox 1960 2653 2101 2708; x_wconf 86' lang='lat' dir='ltr'><strong><em>ratio</em></strong></span> <span class='ocrx_word' id='word_1_371' title='bbox 2157 2653 2202 2708; x_wconf 91' lang='lat' dir='ltr'><strong><em>si</em></strong></span> <span class='ocrx_word' id='word_1_372' title='bbox 2249 2672 2361 2710; x_wconf 89' lang='lat' dir='ltr'><strong><em>non</em></strong></span> <span class='ocrx_word' id='word_1_373' title='bbox 2421 2655 2706 2726; x_wconf 87' lang='lat' dir='ltr'><strong><em>probetur,</em></strong></span> <span class='ocrx_word' id='word_1_374' title='bbox 2740 2658 2924 2728; x_wconf 82' lang='lat' dir='ltr'><strong><em>negari</em></strong></span> <span class='ocrx_word' id='word_1_375' title='bbox 2963 2658 3153 2715; x_wconf 88' lang='lat' dir='ltr'><strong><em>saltem</em></strong></span> <span class='ocrx_word' id='word_1_376' title='bbox 3187 2661 3415 2716; x_wconf 90' lang='lat' dir='ltr'><strong><em>minime</em></strong></span> <span class='ocrx_word' id='word_1_377' title='bbox 3443 2665 3650 2734; x_wconf 89' lang='lat' dir='ltr'><strong><em>poterit</em></strong></span> <span class='ocrx_word' id='word_1_378' title='bbox 3679 2666 3817 2724; x_wconf 76' lang='lat' dir='ltr'><strong><em>viri</em></strong></span> 
     </span>
    </p>
   </div>
   <div class='ocr_carea' id='block_1_28' title="bbox 483 2741 3804 2821">
    <p class='ocr_par' dir='ltr' id='par_1_28' title="bbox 483 2741 3804 2821">
     <span class='ocr_line' id='line_1_28' title="bbox 483 2741 3804 2821; baseline 0.004 -24"><span class='ocrx_word' id='word_1_379' title='bbox 483 2742 841 2798; x_wconf 78' lang='lat' dir='ltr'><strong><em>ecclesiasticis</em></strong></span> <span class='ocrx_word' id='word_1_380' title='bbox 878 2742 1088 2810; x_wconf 80' lang='lat' dir='ltr'><strong><em>litteris,</em></strong></span> <span class='ocrx_word' id='word_1_381' title='bbox 1110 2749 1173 2798; x_wconf 89' lang='lat' dir='ltr'><strong><em>ut</em></strong></span> <span class='ocrx_word' id='word_1_382' title='bbox 1205 2741 1402 2813; x_wconf 77' lang='lat' dir='ltr'><strong><em>Regius</em></strong></span> <span class='ocrx_word' id='word_1_383' title='bbox 1430 2741 1605 2797; x_wconf 87' lang='lat' dir='ltr'><strong><em>codex</em></strong></span> <span class='ocrx_word' id='word_1_384' title='bbox 1635 2741 1692 2796; x_wconf 91' lang='lat' dir='ltr'><strong><em>in</em></strong></span> <span class='ocrx_word' id='word_1_385' title='bbox 1723 2741 1841 2812; x_wconf 88' lang='lat' dir='ltr'><strong><em>ipso</em></strong></span> <span class='ocrx_word' id='word_1_386' title='bbox 1879 2741 2054 2812; x_wconf 84' lang='lat' dir='ltr'><strong><em>capite</em></strong></span> <span class='ocrx_word' id='word_1_387' title='bbox 2083 2743 2462 2816; x_wconf 77' lang='lat' dir='ltr'><strong><em>praescriptum</em></strong></span> <span class='ocrx_word' id='word_1_388' title='bbox 2508 2743 2692 2812; x_wconf 87' lang='lat' dir='ltr'><strong><em>habet,</em></strong></span> <span class='ocrx_word' id='word_1_389' title='bbox 2725 2745 2915 2815; x_wconf 86' lang='lat' dir='ltr'><strong><em>optime</em></strong></span> <span class='ocrx_word' id='word_1_390' title='bbox 2959 2748 3155 2802; x_wconf 83' lang='lat' dir='ltr'><strong><em>eruditi</em></strong></span> <span class='ocrx_word' id='word_1_391' title='bbox 3188 2748 3292 2805; x_wconf 90' lang='lat' dir='ltr'><strong><em>hoc</em></strong></span> <span class='ocrx_word' id='word_1_392' title='bbox 3321 2766 3458 2821; x_wconf 88' lang='lat' dir='ltr'><strong><em>opus</em></strong></span> <span class='ocrx_word' id='word_1_393' title='bbox 3487 2767 3624 2807; x_wconf 89' lang='lat' dir='ltr'><strong><em>esse.</em></strong></span> <span class='ocrx_word' id='word_1_394' title='bbox 3661 2754 3804 2810; x_wconf 88' lang='lat' dir='ltr'><strong><em>Non</em></strong></span> 
     </span>
    </p>
   </div>
   <div class='ocr_carea' id='block_1_29' title="bbox 483 2827 3806 2908">
    <p class='ocr_par' dir='ltr' id='par_1_29' title="bbox 483 2827 3806 2908">
     <span class='ocr_line' id='line_1_29' title="bbox 483 2827 3806 2908; baseline 0.004 -24"><span class='ocrx_word' id='word_1_395' title='bbox 483 2829 634 2885; x_wconf 89' lang='lat' dir='ltr'><strong><em>aliud</em></strong></span> <span class='ocrx_word' id='word_1_396' title='bbox 661 2827 934 2901; x_wconf 90' lang='lat' dir='ltr'><strong><em>judicium</em></strong></span> <span class='ocrx_word' id='word_1_397' title='bbox 961 2830 1077 2903; x_wconf 90' lang='lat' dir='ltr'><strong><em>jam</em></strong></span> <span class='ocrx_word' id='word_1_398' title='bbox 1108 2829 1239 2886; x_wconf 89' lang='lat' dir='ltr'><strong><em>olim</em></strong></span> <span class='ocrx_word' id='word_1_399' title='bbox 1266 2830 1334 2885; x_wconf 92' lang='lat' dir='ltr'><strong><em>de</em></strong></span> <span class='ocrx_word' id='word_1_400' title='bbox 1357 2829 1456 2885; x_wconf 91' lang='lat' dir='ltr'><strong><em>illo</em></strong></span> <span class='ocrx_word' id='word_1_401' title='bbox 1486 2831 1684 2886; x_wconf 88' lang='lat' dir='ltr'><strong><em>tulerat</em></strong></span> <span class='ocrx_word' id='word_1_402' title='bbox 1720 2829 2018 2901; x_wconf 86' lang='lat' dir='ltr'><strong><em>Dionysius</em></strong></span> <span class='ocrx_word' id='word_1_403' title='bbox 2048 2830 2466 2902; x_wconf 89' lang='lat' dir='ltr'><strong><em>Chartusianus,</em></strong></span> <span class='ocrx_word' id='word_1_404' title='bbox 2491 2839 2544 2887; x_wconf 92' lang='lat' dir='ltr'><strong><em>et</em></strong></span> <span class='ocrx_word' id='word_1_405' title='bbox 2570 2833 2778 2890; x_wconf 88' lang='lat' dir='ltr'><strong><em>recenti</em></strong></span> <span class='ocrx_word' id='word_1_406' title='bbox 2803 2835 3066 2890; x_wconf 87' lang='lat' dir='ltr'><strong><em>memoria</em></strong></span> <span class='ocrx_word' id='word_1_407' title='bbox 3097 2835 3151 2892; x_wconf 88' lang='lat' dir='ltr'><strong><em>id</em></strong></span> <span class='ocrx_word' id='word_1_408' title='bbox 3182 2839 3358 2908; x_wconf 91' lang='lat' dir='ltr'><strong><em>ipsum</em></strong></span> <span class='ocrx_word' id='word_1_409' title='bbox 3390 2839 3560 2896; x_wconf 88' lang='lat' dir='ltr'><strong><em>sensit</em></strong></span> <span class='ocrx_word' id='word_1_410' title='bbox 3582 2841 3806 2898; x_wconf 89' lang='lat' dir='ltr'><strong><em>erudi—</em></strong></span> 
     </span>
    </p>
   </div>
   <div class='ocr_carea' id='block_1_30' title="bbox 482 2919 3805 3002">
    <p class='ocr_par' dir='ltr' id='par_1_30' title="bbox 482 2919 3805 3002">
     <span class='ocr_line' id='line_1_30' title="bbox 482 2919 3805 3002; baseline 0.003 -26"><span class='ocrx_word' id='word_1_411' title='bbox 482 2919 732 2977; x_wconf 88' lang='lat' dir='ltr'><strong><em>tissimus</em></strong></span> <span class='ocrx_word' id='word_1_412' title='bbox 759 2937 821 2977; x_wconf 90' lang='lat' dir='ltr'><strong><em>ac</em></strong></span> <span class='ocrx_word' id='word_1_413' title='bbox 846 2921 914 2978; x_wconf 91' lang='lat' dir='ltr'><strong><em>de</em></strong></span> <span class='ocrx_word' id='word_1_414' title='bbox 942 2921 1214 2978; x_wconf 86' lang='lat' dir='ltr'><strong><em>catholica</em></strong></span> <span class='ocrx_word' id='word_1_415' title='bbox 1242 2919 1508 2991; x_wconf 78' lang='lat' dir='ltr'><strong><em>religione</em></strong></span> <span class='ocrx_word' id='word_1_416' title='bbox 1535 2919 1741 2991; x_wconf 87' lang='lat' dir='ltr'><strong><em>optime</em></strong></span> <span class='ocrx_word' id='word_1_417' title='bbox 1789 2920 2019 2978; x_wconf 88' lang='lat' dir='ltr'><strong><em>meritus</em></strong></span> <span class='ocrx_word' id='word_1_418' title='bbox 2063 2921 2332 2980; x_wconf 87' lang='lat' dir='ltr'><strong><em>dominus</em></strong></span> <span class='ocrx_word' id='word_1_419' title='bbox 2361 2921 2644 2994; x_wconf 88' lang='lat' dir='ltr'><strong><em>Benignus</em></strong></span> <span class='ocrx_word' id='word_1_420' title='bbox 2674 2922 2922 2994; x_wconf 87' lang='lat' dir='ltr'><strong><em>Bossuet,</em></strong></span> <span class='ocrx_word' id='word_1_421' title='bbox 2955 2924 3314 2982; x_wconf 90' lang='lat' dir='ltr'><strong><em>Meldensium</em></strong></span> <span class='ocrx_word' id='word_1_422' title='bbox 3359 2929 3580 3000; x_wconf 72' lang='lat' dir='ltr'><strong><em>przrsul,</em></strong></span> <span class='ocrx_word' id='word_1_423' title='bbox 3623 2931 3805 3002; x_wconf 87' lang='lat' dir='ltr'><strong><em>cujus</em></strong></span> 
     </span>
    </p>
   </div>
   <div class='ocr_carea' id='block_1_31' title="bbox 480 3007 1754 3084">
    <p class='ocr_par' dir='ltr' id='par_1_31' title="bbox 480 3007 1754 3084">
     <span class='ocr_line' id='line_1_31' title="bbox 480 3007 1754 3084; baseline -0.001 -19"><span class='ocrx_word' id='word_1_424' title='bbox 480 3010 741 3084; x_wconf 76' lang='lat' dir='ltr'><strong><em>suffragio</em></strong></span> <span class='ocrx_word' id='word_1_425' title='bbox 773 3010 864 3068; x_wconf 91' lang='lat' dir='ltr'><strong><em>hic</em></strong></span> <span class='ocrx_word' id='word_1_426' title='bbox 882 3026 992 3066; x_wconf 90' lang='lat' dir='ltr'><strong><em>non</em></strong></span> <span class='ocrx_word' id='word_1_427' title='bbox 1015 3007 1266 3066; x_wconf 89' lang='lat' dir='ltr'><strong><em>assentiri</em></strong></span> <span class='ocrx_word' id='word_1_428' title='bbox 1295 3009 1448 3065; x_wconf 87' lang='lat' dir='ltr'><strong><em>nefas</em></strong></span> <span class='ocrx_word' id='word_1_429' title='bbox 1479 3009 1754 3066; x_wconf 88' lang='lat' dir='ltr'><strong><em>ducimus.</em></strong></span> 
     </span>
    </p>
   </div>
   <div class='ocr_carea' id='block_1_32' title="bbox 1491 3252 2750 3490">
    <p class='ocr_par' dir='ltr' id='par_1_32' title="bbox 1491 3252 2750 3490">
     <span class='ocr_line' id='line_1_32' title="bbox 1491 3252 2750 3490; baseline 0.006 -8"><span class='ocrx_word' id='word_1_430' title='bbox 1491 3252 2750 3490; x_wconf 88' lang='lat' dir='ltr'>EXPOSITIO</span> 
     </span>
    </p>
   </div>
   <div class='ocr_carea' id='block_1_33' title="bbox 729 3573 3532 3675">
    <p class='ocr_par' dir='ltr' id='par_1_33' title="bbox 729 3573 3532 3675">
     <span class='ocr_line' id='line_1_33' title="bbox 729 3573 3532 3675; baseline 0.005 -15"><span class='ocrx_word' id='word_1_431' title='bbox 729 3573 1090 3661; x_wconf 79' lang='lat' dir='ltr'>SUPER</span> <span class='ocrx_word' id='word_1_432' title='bbox 1185 3575 1615 3662; x_wconf 80' lang='lat' dir='ltr'><strong><em>SEPTEM</em></strong></span> <span class='ocrx_word' id='word_1_433' title='bbox 1711 3577 2234 3666; x_wconf 86' lang='lat' dir='ltr'><strong><em>VISIONES</em></strong></span> <span class='ocrx_word' id='word_1_434' title='bbox 2337 3583 2634 3668; x_wconf 79' lang='lat' dir='ltr'>LIBRI</span> <span class='ocrx_word' id='word_1_435' title='bbox 2735 3586 3532 3675; x_wconf 84' lang='lat' dir='ltr'><strong><em>APOCALYPSIS.</em></strong></span> 
     </span>
    </p>
   </div>
   <div class='ocr_carea' id='block_1_34' title="bbox 3484 3163 3785 3176">
    <p class='ocr_par' dir='ltr' id='par_1_34' title="bbox 3484 3163 3785 3176">
     <span class='ocr_line' id='line_1_34' title="bbox 3484 3163 3785 3176; baseline 0.013 -2"><span class='ocrx_word' id='word_1_436' title='bbox 3484 3163 3785 3176; x_wconf 66' lang='lat' dir='ltr'><strong><em>--——_—o</em></strong></span> 
     </span>
    </p>
   </div>
   <div class='ocr_carea' id='block_1_35' title="bbox 855 3865 1722 3928">
    <p class='ocr_par' dir='ltr' id='par_1_35' title="bbox 855 3865 1722 3928">
     <span class='ocr_line' id='line_1_35' title="bbox 855 3865 1722 3928; baseline -0.002 -2"><span class='ocrx_word' id='word_1_437' title='bbox 855 3869 1004 3928; x_wconf 84' lang='lat'>499</span> <span class='ocrx_word' id='word_1_438' title='bbox 1039 3865 1132 3920; x_wconf 89' lang='lat' dir='ltr'><strong><em>DE</em></strong></span> <span class='ocrx_word' id='word_1_439' title='bbox 1172 3865 1391 3923; x_wconf 80' lang='lat' dir='ltr'><strong><em>PRIMA</em></strong></span> <span class='ocrx_word' id='word_1_440' title='bbox 1422 3867 1722 3924; x_wconf 83' lang='lat' dir='ltr'><strong><em>VISIONE.</em></strong></span> 
     </span>
    </p>
   </div>
   <div class='ocr_carea' id='block_1_36' title="bbox 553 3961 2074 4036">
    <p class='ocr_par' dir='ltr' id='par_1_36' title="bbox 553 3961 2074 4036">
     <span class='ocr_line' id='line_1_36' title="bbox 553 3961 2074 4036; baseline 0.002 -19"><span class='ocrx_word' id='word_1_441' title='bbox 553 3961 780 4017; x_wconf 90' lang='lat' dir='ltr'><strong><em>Beatum</em></strong></span> <span class='ocrx_word' id='word_1_442' title='bbox 809 3963 1070 4018; x_wconf 85' lang='lat' dir='ltr'><strong><em>Joannem</em></strong></span> <span class='ocrx_word' id='word_1_443' title='bbox 1116 3961 1196 4034; x_wconf 87' lang='lat' dir='ltr'><strong><em>(l)</em></strong></span> <span class='ocrx_word' id='word_1_444' title='bbox 1225 3964 1534 4035; x_wconf 85' lang='lat' dir='ltr'><strong><em>apostolum</em></strong></span> <span class='ocrx_word' id='word_1_445' title='bbox 1591 3972 1644 4021; x_wconf 91' lang='lat' dir='ltr'><strong><em>et</em></strong></span> <span class='ocrx_word' id='word_1_446' title='bbox 1681 3963 2074 4036; x_wconf 87' lang='lat' dir='ltr'><strong><em>evangelistam</em></strong></span> 
     </span>
    </p>
   </div>
   <div class='ocr_carea' id='block_1_37' title="bbox 2102 3872 3793 3954">
    <p class='ocr_par' dir='ltr' id='par_1_37' title="bbox 2102 3872 3793 3954">
     <span class='ocr_line' id='line_1_37' title="bbox 2102 3872 3793 3954; baseline 0.011 -30"><span class='ocrx_word' id='word_1_447' title='bbox 2102 3872 2153 3930; x_wconf 86' lang='lat' dir='ltr'><strong>A</strong></span> <span class='ocrx_word' id='word_1_448' title='bbox 2183 3886 2279 3942; x_wconf 89' lang='lat' dir='ltr'><strong><em>per</em></strong></span> <span class='ocrx_word' id='word_1_449' title='bbox 2354 3873 2752 3931; x_wconf 88' lang='lat' dir='ltr'><strong><em>revelationem</em></strong></span> <span class='ocrx_word' id='word_1_450' title='bbox 2784 3877 3007 3948; x_wconf 86' lang='lat' dir='ltr'><strong><em>agnosci</em></strong></span> <span class='ocrx_word' id='word_1_451' title='bbox 3031 3885 3258 3950; x_wconf 88' lang='lat' dir='ltr'><strong><em>queunt.</em></strong></span> <span class='ocrx_word' id='word_1_452' title='bbox 3311 3882 3384 3936; x_wconf 87' lang='lat' dir='ltr'><strong><em>Et</em></strong></span> <span class='ocrx_word' id='word_1_453' title='bbox 3445 3880 3793 3954; x_wconf 79' lang='lat' dir='ltr'><strong><em>signiﬁcavit,</em></strong></span> 
     </span>
    </p>
   </div>
   <div class='ocr_carea' id='block_1_38' title="bbox 2183 3961 3800 4034">
    <p class='ocr_par' dir='ltr' id='par_1_38' title="bbox 2183 3961 3800 4034">
     <span class='ocr_line' id='line_1_38' title="bbox 2183 3961 3800 4034; baseline 0.012 -20"><span class='ocrx_word' id='word_1_454' title='bbox 2183 3961 2389 4015; x_wconf 84' lang='lat' dir='ltr'><strong><em>mittens</em></strong></span> <span class='ocrx_word' id='word_1_455' title='bbox 2421 3979 2520 4032; x_wconf 86' lang='lat' dir='ltr'><strong><em>per</em></strong></span> <span class='ocrx_word' id='word_1_456' title='bbox 2548 3965 2793 4034; x_wconf 86' lang='lat' dir='ltr'><strong><em>angelum</em></strong></span> <span class='ocrx_word' id='word_1_457' title='bbox 2816 3981 2971 4020; x_wconf 85' lang='lat' dir='ltr'><strong><em>suum</em></strong></span> <span class='ocrx_word' id='word_1_458' title='bbox 2999 3983 3147 4021; x_wconf 86' lang='lat' dir='ltr'><strong><em>servo</em></strong></span> <span class='ocrx_word' id='word_1_459' title='bbox 3176 3984 3271 4023; x_wconf 89' lang='lat' dir='ltr'><strong><em>suo</em></strong></span> <span class='ocrx_word' id='word_1_460' title='bbox 3301 3970 3520 4026; x_wconf 83' lang='lat' dir='ltr'><strong><em>Joanui.</em></strong></span> <span class='ocrx_word' id='word_1_461' title='bbox 3564 3973 3626 4028; x_wconf 90' lang='lat' dir='ltr'><strong><em>In</em></strong></span> <span class='ocrx_word' id='word_1_462' title='bbox 3679 3974 3800 4034; x_wconf 84' lang='lat' dir='ltr'><strong><em>hoc</em></strong></span> 
     </span>
    </p>
   </div>
   <div class='ocr_carea' id='block_1_39' title="bbox 483 4049 2073 4126">
    <p class='ocr_par' dir='ltr' id='par_1_39' title="bbox 483 4049 2073 4126">
     <span class='ocr_line' id='line_1_39' title="bbox 483 4049 2073 4126; baseline 0.003 -20"><span class='ocrx_word' id='word_1_463' title='bbox 483 4049 632 4106; x_wconf 90' lang='lat' dir='ltr'><strong><em>hunc</em></strong></span> <span class='ocrx_word' id='word_1_464' title='bbox 660 4049 864 4106; x_wconf 91' lang='lat' dir='ltr'><strong><em>librum</em></strong></span> <span class='ocrx_word' id='word_1_465' title='bbox 891 4052 1262 4124; x_wconf 88' lang='lat' dir='ltr'><strong><em>Apocalypsin</em></strong></span> <span class='ocrx_word' id='word_1_466' title='bbox 1290 4051 1526 4109; x_wconf 90' lang='lat' dir='ltr'><strong><em>edidisse</em></strong></span> <span class='ocrx_word' id='word_1_467' title='bbox 1547 4061 1779 4122; x_wconf 90' lang='lat' dir='ltr'><strong><em>constat;</em></strong></span> <span class='ocrx_word' id='word_1_468' title='bbox 1815 4053 2073 4126; x_wconf 88' lang='lat' dir='ltr'><strong><em>quamvis</em></strong></span> 
     </span>
    </p>
   </div>
   <div class='ocr_carea' id='block_1_40' title="bbox 483 4139 2075 4214">
    <p class='ocr_par' dir='ltr' id='par_1_40' title="bbox 483 4139 2075 4214">
     <span class='ocr_line' id='line_1_40' title="bbox 483 4139 2075 4214; baseline 0.004 -19"><span class='ocrx_word' id='word_1_469' title='bbox 483 4139 797 4195; x_wconf 86' lang='lat' dir='ltr'><strong><em>exstiterint</em></strong></span> <span class='ocrx_word' id='word_1_470' title='bbox 821 4140 1016 4214; x_wconf 88' lang='lat' dir='ltr'><strong><em>aliqui,</em></strong></span> <span class='ocrx_word' id='word_1_471' title='bbox 1041 4141 1137 4214; x_wconf 89' lang='lat' dir='ltr'><strong><em>qui</em></strong></span> <span class='ocrx_word' id='word_1_472' title='bbox 1162 4157 1274 4196; x_wconf 93' lang='lat' dir='ltr'><strong><em>non</em></strong></span> <span class='ocrx_word' id='word_1_473' title='bbox 1317 4141 1384 4197; x_wconf 90' lang='lat' dir='ltr'><strong><em>ab</em></strong></span> <span class='ocrx_word' id='word_1_474' title='bbox 1411 4158 1494 4210; x_wconf 91' lang='lat' dir='ltr'><strong><em>eo,</em></strong></span> <span class='ocrx_word' id='word_1_475' title='bbox 1541 4142 1635 4198; x_wconf 90' lang='lat' dir='ltr'><strong><em>sed</em></strong></span> <span class='ocrx_word' id='word_1_476' title='bbox 1681 4143 1750 4198; x_wconf 90' lang='lat' dir='ltr'><strong><em>ab</em></strong></span> <span class='ocrx_word' id='word_1_477' title='bbox 1783 4143 1894 4199; x_wconf 90' lang='lat' dir='ltr'><strong><em>alio</em></strong></span> <span class='ocrx_word' id='word_1_478' title='bbox 1922 4143 2075 4201; x_wconf 86' lang='lat' dir='ltr'><strong><em>dixe-</em></strong></span> 
     </span>
    </p>
   </div>
   <div class='ocr_carea' id='block_1_41' title="bbox 483 4227 2078 4306">
    <p class='ocr_par' dir='ltr' id='par_1_41' title="bbox 483 4227 2078 4306">
     <span class='ocr_line' id='line_1_41' title="bbox 483 4227 2078 4306; baseline 0.004 -22"><span class='ocrx_word' id='word_1_479' title='bbox 483 4229 598 4284; x_wconf 90' lang='lat' dir='ltr'><strong><em>rint</em></strong></span> <span class='ocrx_word' id='word_1_480' title='bbox 625 4227 794 4284; x_wconf 88' lang='lat' dir='ltr'><strong><em>fuisse</em></strong></span> <span class='ocrx_word' id='word_1_481' title='bbox 824 4230 1188 4302; x_wconf 84' lang='lat' dir='ltr'><strong><em>compositum</em></strong></span> <span class='ocrx_word' id='word_1_482' title='bbox 1225 4249 1236 4286; x_wconf 91' lang='lat'><strong>:</strong></span> <span class='ocrx_word' id='word_1_483' title='bbox 1287 4229 1380 4286; x_wconf 89' lang='lat' dir='ltr'><strong><em>sed</em></strong></span> <span class='ocrx_word' id='word_1_484' title='bbox 1429 4231 1548 4303; x_wconf 90' lang='lat' dir='ltr'><strong><em>ejus</em></strong></span> <span class='ocrx_word' id='word_1_485' title='bbox 1593 4232 1760 4288; x_wconf 89' lang='lat' dir='ltr'><strong><em>fuisse</em></strong></span> <span class='ocrx_word' id='word_1_486' title='bbox 1791 4235 2078 4306; x_wconf 86' lang='lat' dir='ltr'><strong><em>sequentia</em></strong></span> 
     </span>
    </p>
   </div>
   <div class='ocr_carea' id='block_1_42' title="bbox 486 4318 2130 4413">
    <p class='ocr_par' dir='ltr' id='par_1_42' title="bbox 486 4318 2130 4413">
     <span class='ocr_line' id='line_1_42' title="bbox 486 4318 2130 4413; baseline 0.005 -39"><span class='ocrx_word' id='word_1_487' title='bbox 486 4318 854 4374; x_wconf 79' lang='lat' dir='ltr'><strong><em>manifestam.</em></strong></span> <span class='ocrx_word' id='word_1_488' title='bbox 965 4407 984 4413; x_wconf 72' lang='lat'>_</span> <span class='ocrx_word' id='word_1_489' title='bbox 1068 4407 1089 4413; x_wconf 74' lang='lat'>_</span> <span class='ocrx_word' id='word_1_490' title='bbox 1285 4408 1333 4413; x_wconf 74' lang='lat'><strong><em>__</em></strong></span> <span class='ocrx_word' id='word_1_491' title='bbox 1613 4411 1619 4413; x_wconf 64' lang='lat'>_</span> <span class='ocrx_word' id='word_1_492' title='bbox 1894 4411 1900 4413; x_wconf 69' lang='lat'>_</span> <span class='ocrx_word' id='word_1_493' title='bbox 2115 4384 2130 4413; x_wconf 46' lang='grc' dir='ltr'><strong>ι</strong></span> 
     </span>
    </p>
   </div>
   <div class='ocr_carea' id='block_1_43' title="bbox 553 4406 2080 4483">
    <p class='ocr_par' dir='ltr' id='par_1_43' title="bbox 553 4406 2080 4483">
     <span class='ocr_line' id='line_1_43' title="bbox 553 4406 2080 4483; baseline 0.003 -20"><span class='ocrx_word' id='word_1_494' title='bbox 553 4406 781 4463; x_wconf 88' lang='lat' dir='ltr'>CAPUT</span> <span class='ocrx_word' id='word_1_495' title='bbox 817 4407 1108 4464; x_wconf 80' lang='lat' dir='ltr'><strong><em>PRIMUM.</em></strong></span> <span class='ocrx_word' id='word_1_496' title='bbox 1157 4438 1226 4448; x_wconf 95' lang='lat'><strong>—</strong></span> <span class='ocrx_word' id='word_1_497' title='bbox 1259 4408 1440 4480; x_wconf 82' lang='lat' dir='ltr'><strong><em>(Vers.</em></strong></span> <span class='ocrx_word' id='word_1_498' title='bbox 1472 4410 1549 4480; x_wconf 76' lang='lat'><strong><em>1.)</em></strong></span> <span class='ocrx_word' id='word_1_499' title='bbox 1583 4411 1928 4483; x_wconf 82' lang='lat' dir='ltr'><strong><em>Apocalypsis</em></strong></span> <span class='ocrx_word' id='word_1_500' title='bbox 1955 4413 2080 4468; x_wconf 84' lang='lat' dir='ltr'><strong><em>Jesu</em></strong></span> 
     </span>
    </p>
   </div>
   <div class='ocr_carea' id='block_1_44' title="bbox 489 4494 2078 4572">
    <p class='ocr_par' dir='ltr' id='par_1_44' title="bbox 489 4494 2078 4572">
     <span class='ocr_line' id='line_1_44' title="bbox 489 4494 2078 4572; baseline 0.003 -21"><span class='ocrx_word' id='word_1_501' title='bbox 489 4494 705 4562; x_wconf 83' lang='lat' dir='ltr'><strong><em>Christi,</em></strong></span> <span class='ocrx_word' id='word_1_502' title='bbox 729 4511 888 4565; x_wconf 87' lang='lat' dir='ltr'><strong><em>quam</em></strong></span> <span class='ocrx_word' id='word_1_503' title='bbox 920 4495 1061 4550; x_wconf 84' lang='lat' dir='ltr'><strong><em>dedit</em></strong></span> <span class='ocrx_word' id='word_1_504' title='bbox 1084 4496 1168 4551; x_wconf 84' lang='lat' dir='ltr'><strong><em>illi</em></strong></span> <span class='ocrx_word' id='word_1_505' title='bbox 1197 4497 1362 4554; x_wconf 89' lang='lat' dir='ltr'><strong><em>Deus.</em></strong></span> <span class='ocrx_word' id='word_1_506' title='bbox 1402 4500 1779 4572; x_wconf 84' lang='lat' dir='ltr'><strong><em>Apocalypsis,</em></strong></span> <span class='ocrx_word' id='word_1_507' title='bbox 1813 4501 2078 4556; x_wconf 65' lang='lat' dir='ltr'><strong><em>revelatio</em></strong></span> 
     </span>
    </p>
   </div>
   <div class='ocr_carea' id='block_1_45' title="bbox 485 4584 2074 4658">
    <p class='ocr_par' dir='ltr' id='par_1_45' title="bbox 485 4584 2074 4658">
     <span class='ocr_line' id='line_1_45' title="bbox 485 4584 2074 4658; baseline 0.005 -20"><span class='ocrx_word' id='word_1_508' title='bbox 485 4585 572 4640; x_wconf 83' lang='lat' dir='ltr'><strong><em>vel</em></strong></span> <span class='ocrx_word' id='word_1_509' title='bbox 596 4584 967 4640; x_wconf 82' lang='lat' dir='ltr'><strong><em>manifestatio</em></strong></span> <span class='ocrx_word' id='word_1_510' title='bbox 989 4585 1395 4658; x_wconf 89' lang='lat' dir='ltr'><strong><em>interpretatur.</em></strong></span> <span class='ocrx_word' id='word_1_511' title='bbox 1423 4587 1580 4655; x_wconf 90' lang='lat' dir='ltr'><strong><em>Quod</em></strong></span> <span class='ocrx_word' id='word_1_512' title='bbox 1608 4589 1962 4646; x_wconf 87' lang='lat' dir='ltr'><strong><em>revelationis</em></strong></span> <span class='ocrx_word' id='word_1_513' title='bbox 1981 4591 2074 4646; x_wconf 82' lang='lat' dir='ltr'><strong><em>do-</em></strong></span> 
     </span>
    </p>
   </div>
   <div class='ocr_carea' id='block_1_46' title="bbox 485 4671 2060 4749">
    <p class='ocr_par' dir='ltr' id='par_1_46' title="bbox 485 4671 2060 4749">
     <span class='ocr_line' id='line_1_46' title="bbox 485 4671 2060 4749; baseline 0.005 -23"><span class='ocrx_word' id='word_1_514' title='bbox 485 4687 617 4727; x_wconf 89' lang='lat' dir='ltr'><strong><em>num</em></strong></span> <span class='ocrx_word' id='word_1_515' title='bbox 645 4679 699 4728; x_wconf 88' lang='lat' dir='ltr'><strong><em>et</em></strong></span> <span class='ocrx_word' id='word_1_516' title='bbox 729 4672 886 4728; x_wconf 84' lang='lat' dir='ltr'><strong><em>Pater</em></strong></span> <span class='ocrx_word' id='word_1_517' title='bbox 900 4671 1042 4728; x_wconf 82' lang='lat' dir='ltr'><strong><em>Filio</em></strong></span> <span class='ocrx_word' id='word_1_518' title='bbox 1059 4671 1234 4742; x_wconf 91' lang='lat' dir='ltr'><strong><em>dedit,</em></strong></span> <span class='ocrx_word' id='word_1_519' title='bbox 1253 4676 1554 4732; x_wconf 90' lang='lat' dir='ltr'><strong><em>secundum</em></strong></span> <span class='ocrx_word' id='word_1_520' title='bbox 1585 4677 1732 4749; x_wconf 88' lang='lat' dir='ltr'><strong><em>quod</em></strong></span> <span class='ocrx_word' id='word_1_521' title='bbox 1753 4677 1920 4734; x_wconf 91' lang='lat' dir='ltr'><strong><em>homo</em></strong></span> <span class='ocrx_word' id='word_1_522' title='bbox 1945 4687 2060 4734; x_wconf 89' lang='lat' dir='ltr'><strong><em>erat</em></strong></span> 
     </span>
    </p>
   </div>
   <div class='ocr_carea' id='block_1_47' title="bbox 485 4760 2073 4835">
    <p class='ocr_par' dir='ltr' id='par_1_47' title="bbox 485 4760 2073 4835">
     <span class='ocr_line' id='line_1_47' title="bbox 485 4760 2073 4835; baseline 0.006 -21"><span class='ocrx_word' id='word_1_523' title='bbox 485 4767 540 4816; x_wconf 90' lang='lat' dir='ltr'><strong><em>et</em></strong></span> <span class='ocrx_word' id='word_1_524' title='bbox 569 4760 682 4832; x_wconf 88' lang='lat' dir='ltr'><strong><em>ipse</em></strong></span> <span class='ocrx_word' id='word_1_525' title='bbox 709 4761 855 4818; x_wconf 82' lang='lat' dir='ltr'><strong><em>filius</em></strong></span> <span class='ocrx_word' id='word_1_526' title='bbox 897 4761 1246 4835; x_wconf 87' lang='lat' dir='ltr'><strong><em>sibimetipsi,</em></strong></span> <span class='ocrx_word' id='word_1_527' title='bbox 1279 4765 1544 4822; x_wconf 89' lang='lat' dir='ltr'><strong><em>divinitas</em></strong></span> <span class='ocrx_word' id='word_1_528' title='bbox 1600 4766 1820 4823; x_wconf 88' lang='lat' dir='ltr'><strong><em>scilicet</em></strong></span> <span class='ocrx_word' id='word_1_529' title='bbox 1851 4767 2073 4825; x_wconf 90' lang='lat' dir='ltr'><strong><em>homini</em></strong></span> 
     </span>
    </p>
   </div>
   <div class='ocr_carea' id='block_1_48' title="bbox 486 4853 2077 4930">
    <p class='ocr_par' dir='ltr' id='par_1_48' title="bbox 486 4853 2077 4930">
     <span class='ocr_line' id='line_1_48' title="bbox 486 4853 2077 4930; baseline 0.006 -25"><span class='ocrx_word' id='word_1_530' title='bbox 486 4868 646 4924; x_wconf 89' lang='lat' dir='ltr'><strong><em>quem</em></strong></span> <span class='ocrx_word' id='word_1_531' title='bbox 677 4853 990 4924; x_wconf 85' lang='lat' dir='ltr'><strong><em>assumpsit.</em></strong></span> <span class='ocrx_word' id='word_1_532' title='bbox 1016 4855 1209 4910; x_wconf 83' lang='lat' dir='ltr'><strong><em>Palam</em></strong></span> <span class='ocrx_word' id='word_1_533' title='bbox 1237 4855 1410 4925; x_wconf 78' lang='lat' dir='ltr'><strong><em>facere</em></strong></span> <span class='ocrx_word' id='word_1_534' title='bbox 1437 4857 1600 4912; x_wconf 84' lang='lat' dir='ltr'><strong><em>servis</em></strong></span> <span class='ocrx_word' id='word_1_535' title='bbox 1629 4858 1739 4912; x_wconf 86' lang='lat' dir='ltr'><strong><em>suis</em></strong></span> <span class='ocrx_word' id='word_1_536' title='bbox 1765 4875 1881 4927; x_wconf 69' lang='lat' dir='ltr'><strong><em>quae</em></strong></span> <span class='ocrx_word' id='word_1_537' title='bbox 1903 4876 2077 4930; x_wconf 85' lang='lat' dir='ltr'><strong><em>opor—</em></strong></span> 
     </span>
    </p>
   </div>
   <div class='ocr_carea' id='block_1_49' title="bbox 381 4941 2070 5016">
    <p class='ocr_par' dir='ltr' id='par_1_49' title="bbox 381 4941 2070 5016">
     <span class='ocr_line' id='line_1_49' title="bbox 381 4941 2070 5016; baseline 0.009 -24"><span class='ocrx_word' id='word_1_538' title='bbox 381 4983 390 4992; x_wconf 85' lang='lat'><strong><em>.</em></strong></span> <span class='ocrx_word' id='word_1_539' title='bbox 489 4946 555 4993; x_wconf 89' lang='lat' dir='ltr'><strong><em>tet</em></strong></span> <span class='ocrx_word' id='word_1_540' title='bbox 579 4941 697 5010; x_wconf 79' lang='lat' dir='ltr'><strong><em>ﬁeri</em></strong></span> <span class='ocrx_word' id='word_1_541' title='bbox 724 4943 843 4997; x_wconf 87' lang='lat' dir='ltr'><strong><em>cito.</em></strong></span> <span class='ocrx_word' id='word_1_542' title='bbox 878 4942 1013 4999; x_wconf 87' lang='lat' dir='ltr'><strong><em>Cum</em></strong></span> <span class='ocrx_word' id='word_1_543' title='bbox 1039 4944 1130 5000; x_wconf 89' lang='lat' dir='ltr'><strong><em>hic</em></strong></span> <span class='ocrx_word' id='word_1_544' title='bbox 1151 4944 1289 5001; x_wconf 89' lang='lat' dir='ltr'><strong><em>liber</em></strong></span> <span class='ocrx_word' id='word_1_545' title='bbox 1316 4963 1428 5002; x_wconf 92' lang='lat' dir='ltr'><strong><em>non</em></strong></span> <span class='ocrx_word' id='word_1_546' title='bbox 1459 4947 1637 5003; x_wconf 90' lang='lat' dir='ltr'><strong><em>solum</em></strong></span> <span class='ocrx_word' id='word_1_547' title='bbox 1669 4947 1876 5016; x_wconf 90' lang='lat' dir='ltr'><strong><em>futura,</em></strong></span> <span class='ocrx_word' id='word_1_548' title='bbox 1897 4949 1991 5005; x_wconf 91' lang='lat' dir='ltr'><strong><em>sed</em></strong></span> <span class='ocrx_word' id='word_1_549' title='bbox 2017 4959 2070 5007; x_wconf 88' lang='lat' dir='ltr'><strong><em>et</em></strong></span> 
     </span>
    </p>
   </div>
   <div class='ocr_carea' id='block_1_50' title="bbox 488 5027 2074 5103">
    <p class='ocr_par' dir='ltr' id='par_1_50' title="bbox 488 5027 2074 5103">
     <span class='ocr_line' id='line_1_50' title="bbox 488 5027 2074 5103; baseline 0.009 -23"><span class='ocrx_word' id='word_1_550' title='bbox 488 5027 774 5096; x_wconf 64' lang='lat' dir='ltr'><strong><em>praesentia</em></strong></span> <span class='ocrx_word' id='word_1_551' title='bbox 824 5037 879 5084; x_wconf 92' lang='lat' dir='ltr'><strong><em>et</em></strong></span> <span class='ocrx_word' id='word_1_552' title='bbox 910 5033 1182 5101; x_wconf 58' lang='lat' dir='ltr'><strong><em>praeterita</em></strong></span> <span class='ocrx_word' id='word_1_553' title='bbox 1227 5042 1429 5103; x_wconf 90' lang='lat' dir='ltr'><strong><em>narret,</em></strong></span> <span class='ocrx_word' id='word_1_554' title='bbox 1464 5051 1563 5091; x_wconf 89' lang='lat' dir='ltr'><strong><em>cur</em></strong></span> <span class='ocrx_word' id='word_1_555' title='bbox 1609 5035 1700 5091; x_wconf 90' lang='lat' dir='ltr'><strong><em>hic</em></strong></span> <span class='ocrx_word' id='word_1_556' title='bbox 1742 5038 1858 5092; x_wconf 89' lang='lat' dir='ltr'><strong><em>sola</em></strong></span> <span class='ocrx_word' id='word_1_557' title='bbox 1887 5038 2074 5094; x_wconf 86' lang='lat' dir='ltr'><strong><em>futura</em></strong></span> 
     </span>
    </p>
   </div>
   <div class='ocr_carea' id='block_1_51' title="bbox 490 5115 2076 5183">
    <p class='ocr_par' dir='ltr' id='par_1_51' title="bbox 490 5115 2076 5183">
     <span class='ocr_line' id='line_1_51' title="bbox 490 5115 2076 5183; baseline 0.009 -14"><span class='ocrx_word' id='word_1_558' title='bbox 490 5115 785 5170; x_wconf 91' lang='lat' dir='ltr'><strong><em>Dominum</em></strong></span> <span class='ocrx_word' id='word_1_559' title='bbox 818 5125 1066 5173; x_wconf 89' lang='lat' dir='ltr'><strong><em>nostrum</em></strong></span> <span class='ocrx_word' id='word_1_560' title='bbox 1095 5121 1276 5176; x_wconf 72' lang='lat' dir='ltr'><strong><em>Iesum</em></strong></span> <span class='ocrx_word' id='word_1_561' title='bbox 1303 5121 1580 5180; x_wconf 89' lang='lat' dir='ltr'><strong><em>Christum</em></strong></span> <span class='ocrx_word' id='word_1_562' title='bbox 1610 5124 1782 5180; x_wconf 87' lang='lat' dir='ltr'><strong><em>servis</em></strong></span> <span class='ocrx_word' id='word_1_563' title='bbox 1809 5125 1924 5182; x_wconf 89' lang='lat' dir='ltr'><strong><em>suis</em></strong></span> <span class='ocrx_word' id='word_1_564' title='bbox 1951 5144 2076 5183; x_wconf 84' lang='lat' dir='ltr'><strong><em>ma—</em></strong></span> 
     </span>
    </p>
   </div>
   <div class='ocr_carea' id='block_1_52' title="bbox 490 5203 2798 5304">
    <p class='ocr_par' dir='ltr' id='par_1_52' title="bbox 490 5203 2798 5304">
     <span class='ocr_line' id='line_1_52' title="bbox 490 5203 2798 5304; baseline 0.007 -47"><span class='ocrx_word' id='word_1_565' title='bbox 490 5203 1104 5273; x_wconf 78' lang='lat' dir='ltr'><strong><em>nifestaredixit?Quia</em></strong></span> <span class='ocrx_word' id='word_1_566' title='bbox 1125 5209 1382 5267; x_wconf 88' lang='lat' dir='ltr'><strong><em>videlicet</em></strong></span> <span class='ocrx_word' id='word_1_567' title='bbox 1400 5213 1690 5282; x_wconf 86' lang='lat' dir='ltr'><strong><em>praesentia</em></strong></span> <span class='ocrx_word' id='word_1_568' title='bbox 1718 5215 1861 5283; x_wconf 80' lang='lat' dir='ltr'><strong><em>visu,</em></strong></span> <span class='ocrx_word' id='word_1_569' title='bbox 1885 5225 2073 5287; x_wconf 70' lang='lat' dir='ltr'><strong><em>praete-</em></strong></span> <span class='ocrx_word' id='word_1_570' title='bbox 2105 5243 2152 5304; x_wconf 79' lang='grc' dir='ltr'>Β</span> <span class='ocrx_word' id='word_1_571' title='bbox 2183 5215 2313 5271; x_wconf 89' lang='lat' dir='ltr'><strong><em>bum</em></strong></span> <span class='ocrx_word' id='word_1_572' title='bbox 2347 5218 2526 5289; x_wconf 84' lang='lat' dir='ltr'><strong><em>(Joan.</em></strong></span> <span class='ocrx_word' id='word_1_573' title='bbox 2563 5236 2601 5287; x_wconf 90' lang='grc' dir='ltr'>ι,</span> <span class='ocrx_word' id='word_1_574' title='bbox 2659 5221 2734 5291; x_wconf 85' lang='lat' dir='ltr'><strong><em>l).</em></strong></span> <span class='ocrx_word' id='word_1_575' title='bbox 2779 5244 2798 5268; x_wconf 74' lang='grc' dir='ltr'><strong><em>ι</em></strong></span> 
     </span>
    </p>
   </div>
   <div class='ocr_carea' id='block_1_53' title="bbox 490 5291 2074 5370">
    <p class='ocr_par' dir='ltr' id='par_1_53' title="bbox 490 5291 2074 5370">
     <span class='ocr_line' id='line_1_53' title="bbox 490 5291 2074 5370; baseline 0.009 -22"><span class='ocrx_word' id='word_1_576' title='bbox 490 5291 596 5349; x_wconf 86' lang='lat' dir='ltr'><strong><em>rita</em></strong></span> <span class='ocrx_word' id='word_1_577' title='bbox 631 5293 824 5350; x_wconf 89' lang='lat' dir='ltr'><strong><em>auditu</em></strong></span> <span class='ocrx_word' id='word_1_578' title='bbox 872 5294 1032 5352; x_wconf 87' lang='lat' dir='ltr'><strong><em>facile</em></strong></span> <span class='ocrx_word' id='word_1_579' title='bbox 1061 5309 1466 5370; x_wconf 88' lang='lat' dir='ltr'><strong><em>cognoscuntur</em></strong></span> <span class='ocrx_word' id='word_1_580' title='bbox 1486 5320 1497 5357; x_wconf 92' lang='lat'>:</span> <span class='ocrx_word' id='word_1_581' title='bbox 1519 5301 1704 5358; x_wconf 89' lang='lat' dir='ltr'><strong><em>futura</em></strong></span> <span class='ocrx_word' id='word_1_582' title='bbox 1723 5312 1926 5370; x_wconf 89' lang='lat' dir='ltr'><strong><em>autem,</em></strong></span> <span class='ocrx_word' id='word_1_583' title='bbox 1949 5323 2074 5362; x_wconf 89' lang='lat' dir='ltr'><strong><em>.non</em></strong></span> 
     </span>
    </p>
   </div>
   <div class='ocr_carea' id='block_1_54' title="bbox 491 5381 2078 5466">
    <p class='ocr_par' dir='ltr' id='par_1_54' title="bbox 491 5381 2078 5466">
     <span class='ocr_line' id='line_1_54' title="bbox 491 5381 2078 5466; baseline 0.01 -30"><span class='ocrx_word' id='word_1_584' title='bbox 491 5381 598 5438; x_wconf 88' lang='lat' dir='ltr'><strong><em>nisi</em></strong></span> <span class='ocrx_word' id='word_1_585' title='bbox 621 5390 715 5438; x_wconf 89' lang='lat' dir='ltr'><strong><em>aut</em></strong></span> <span class='ocrx_word' id='word_1_586' title='bbox 736 5399 831 5455; x_wconf 88' lang='lat' dir='ltr'><strong><em>per</em></strong></span> <span class='ocrx_word' id='word_1_587' title='bbox 849 5385 1155 5441; x_wconf 59' lang='lat' dir='ltr'><strong><em>dovtrinam</em></strong></span> <span class='ocrx_word' id='word_1_588' title='bbox 1183 5387 1496 5446; x_wconf 84' lang='lat' dir='ltr'><strong><em>divinarum</em></strong></span> <span class='ocrx_word' id='word_1_589' title='bbox 1525 5392 1952 5466; x_wconf 88' lang='lat' dir='ltr'><strong><em>Scripturarum,</em></strong></span> <span class='ocrx_word' id='word_1_590' title='bbox 1981 5403 2078 5452; x_wconf 89' lang='lat' dir='ltr'><strong><em>aut</em></strong></span> 
     </span>
    </p>
   </div>
   <div class='ocr_carea' id='block_1_55' title="bbox 565 5521 2080 5608">
    <p class='ocr_par' dir='ltr' id='par_1_55' title="bbox 565 5521 2080 5608">
     <span class='ocr_line' id='line_1_55' title="bbox 565 5521 2080 5608; baseline 0.012 -32"><span class='ocrx_word' id='word_1_591' title='bbox 565 5521 646 5608; x_wconf 77' lang='grc'><strong><em>(1)</em></strong></span> <span class='ocrx_word' id='word_1_592' title='bbox 682 5525 902 5608; x_wconf 58' lang='lat' dir='ltr'><strong><em>Beatum</em></strong></span> <span class='ocrx_word' id='word_1_593' title='bbox 931 5529 1185 5608; x_wconf 43' lang='lat' dir='ltr'><strong><em>Joannem</em></strong></span> <span class='ocrx_word' id='word_1_594' title='bbox 1213 5547 1395 5608; x_wconf 74' lang='lat' dir='ltr'><strong><em>usque</em></strong></span> <span class='ocrx_word' id='word_1_595' title='bbox 1437 5533 1503 5590; x_wconf 87' lang='lat' dir='ltr'><strong><em>ad</em></strong></span> <span class='ocrx_word' id='word_1_596' title='bbox 1551 5537 1816 5606; x_wconf 85' lang='lat' dir='ltr'><strong><em>sequentia</em></strong></span> <span class='ocrx_word' id='word_1_597' title='bbox 1843 5538 2080 5608; x_wconf 81' lang='lat' dir='ltr'><strong><em>manife—</em></strong></span> 
     </span>
    </p>
   </div>
   <div class='ocr_carea' id='block_1_56' title="bbox 495 5595 2079 5676">
    <p class='ocr_par' dir='ltr' id='par_1_56' title="bbox 495 5595 2079 5676">
     <span class='ocr_line' id='line_1_56' title="bbox 495 5595 2079 5676; baseline 0.015 -34"><span class='ocrx_word' id='word_1_598' title='bbox 495 5595 674 5676; x_wconf 82' lang='lat' dir='ltr'><strong><em>stant,_</em></strong></span> <span class='ocrx_word' id='word_1_599' title='bbox 717 5596 872 5676; x_wconf 76' lang='lat' dir='ltr'><strong><em>Rom.</em></strong></span> <span class='ocrx_word' id='word_1_600' title='bbox 902 5599 1052 5676; x_wconf 82' lang='lat' dir='ltr'><strong><em>edit._</em></strong></span> <span class='ocrx_word' id='word_1_601' title='bbox 1066 5595 1433 5676; x_wconf 74' lang='lat' dir='ltr'><strong><em>jugulaverat,</em></strong></span> <span class='ocrx_word' id='word_1_602' title='bbox 1455 5621 1579 5661; x_wconf 91' lang='lat' dir='ltr'><strong><em>cum</em></strong></span> <span class='ocrx_word' id='word_1_603' title='bbox 1610 5595 1798 5676; x_wconf 67' lang='lat' dir='ltr'><strong><em>tamen</em></strong></span> <span class='ocrx_word' id='word_1_604' title='bbox 1839 5609 1944 5665; x_wconf 90' lang='lat' dir='ltr'><strong><em>hoc</em></strong></span> <span class='ocrx_word' id='word_1_605' title='bbox 1976 5595 2079 5665; x_wconf 69' lang='lat' dir='ltr'><strong><em>ira-</em></strong></span> 
     </span>
    </p>
   </div>
   <div class='ocr_carea' id='block_1_57' title="bbox 496 5669 2082 5752">
    <p class='ocr_par' dir='ltr' id='par_1_57' title="bbox 496 5669 2082 5752">
     <span class='ocr_line' id='line_1_57' title="bbox 496 5669 2082 5752; baseline 0.016 -39"><span class='ocrx_word' id='word_1_606' title='bbox 496 5671 776 5738; x_wconf 87' lang='lat' dir='ltr'><strong><em>gmentum</em></strong></span> <span class='ocrx_word' id='word_1_607' title='bbox 805 5675 860 5722; x_wconf 92' lang='lat' dir='ltr'><strong><em>et</em></strong></span> <span class='ocrx_word' id='word_1_608' title='bbox 900 5669 955 5724; x_wconf 92' lang='lat' dir='ltr'><strong><em>in</em></strong></span> <span class='ocrx_word' id='word_1_609' title='bbox 990 5669 1304 5728; x_wconf 46' lang='lat' dir='ltr'><strong><em>edithill.</em></strong></span> <span class='ocrx_word' id='word_1_610' title='bbox 1364 5669 1428 5730; x_wconf 76' lang='lat' dir='ltr'><strong><em>et</em></strong></span> <span class='ocrx_word' id='word_1_611' title='bbox 1463 5677 1720 5734; x_wconf 89' lang='lat' dir='ltr'><strong><em>omnibus</em></strong></span> <span class='ocrx_word' id='word_1_612' title='bbox 1755 5669 1900 5737; x_wconf 51' lang='lat' dir='ltr'><strong><em>‘mss.</em></strong></span> <span class='ocrx_word' id='word_1_613' title='bbox 1935 5697 2082 5752; x_wconf 87' lang='lat' dir='ltr'><strong><em>repe-</em></strong></span> 
     </span>
    </p>
   </div>
   <div class='ocr_carea' id='block_1_58' title="bbox 2185 4048 3800 4121">
    <p class='ocr_par' dir='ltr' id='par_1_58' title="bbox 2185 4048 3800 4121">
     <span class='ocr_line' id='line_1_58' title="bbox 2185 4048 3800 4121; baseline 0.012 -19"><span class='ocrx_word' id='word_1_614' title='bbox 2185 4048 2306 4104; x_wconf 92' lang='lat' dir='ltr'><strong><em>loco</em></strong></span> <span class='ocrx_word' id='word_1_615' title='bbox 2336 4049 2460 4104; x_wconf 89' lang='lat' dir='ltr'><strong><em>talis</em></strong></span> <span class='ocrx_word' id='word_1_616' title='bbox 2483 4050 2616 4105; x_wconf 90' lang='lat' dir='ltr'><strong><em>mihi</em></strong></span> <span class='ocrx_word' id='word_1_617' title='bbox 2649 4068 2839 4108; x_wconf 90' lang='lat' dir='ltr'><strong><em>sensus</em></strong></span> <span class='ocrx_word' id='word_1_618' title='bbox 2868 4069 2982 4109; x_wconf 88' lang='lat' dir='ltr'><strong><em>esse</em></strong></span> <span class='ocrx_word' id='word_1_619' title='bbox 3008 4053 3264 4112; x_wconf 86' lang='lat' dir='ltr'><strong><em>videtur:</em></strong></span> <span class='ocrx_word' id='word_1_620' title='bbox 3317 4059 3588 4116; x_wconf 88' lang='lat' dir='ltr'><strong><em>Dominus</em></strong></span> <span class='ocrx_word' id='word_1_621' title='bbox 3628 4064 3800 4121; x_wconf 76' lang='lat' dir='ltr'><strong><em>Iesus</em></strong></span> 
     </span>
    </p>
   </div>
   <div class='ocr_carea' id='block_1_59' title="bbox 2185 4140 3797 4220">
    <p class='ocr_par' dir='ltr' id='par_1_59' title="bbox 2185 4140 3797 4220">
     <span class='ocr_line' id='line_1_59' title="bbox 2185 4140 3797 4220; baseline 0.01 -27"><span class='ocrx_word' id='word_1_622' title='bbox 2185 4140 2436 4211; x_wconf 89' lang='lat' dir='ltr'><strong><em>angelum</em></strong></span> <span class='ocrx_word' id='word_1_623' title='bbox 2467 4157 2627 4195; x_wconf 90' lang='lat' dir='ltr'><strong><em>suum</em></strong></span> <span class='ocrx_word' id='word_1_624' title='bbox 2660 4142 2833 4207; x_wconf 84' lang='lat' dir='ltr'><strong><em>misit,</em></strong></span> <span class='ocrx_word' id='word_1_625' title='bbox 2867 4152 2921 4199; x_wconf 94' lang='lat' dir='ltr'><strong><em>et</em></strong></span> <span class='ocrx_word' id='word_1_626' title='bbox 2942 4160 3036 4215; x_wconf 87' lang='lat' dir='ltr'><strong><em>per</em></strong></span> <span class='ocrx_word' id='word_1_627' title='bbox 3062 4145 3314 4201; x_wconf 90' lang='lat' dir='ltr'><strong><em>eumdem</em></strong></span> <span class='ocrx_word' id='word_1_628' title='bbox 3342 4149 3593 4220; x_wconf 86' lang='lat' dir='ltr'><strong><em>angelum</em></strong></span> <span class='ocrx_word' id='word_1_629' title='bbox 3621 4170 3797 4211; x_wconf 84' lang='lat' dir='ltr'><strong><em>servo</em></strong></span> 
     </span>
    </p>
   </div>
   <div class='ocr_carea' id='block_1_60' title="bbox 2187 4229 3636 4307">
    <p class='ocr_par' dir='ltr' id='par_1_60' title="bbox 2187 4229 3636 4307">
     <span class='ocr_line' id='line_1_60' title="bbox 2187 4229 3636 4307; baseline 0.008 -23"><span class='ocrx_word' id='word_1_630' title='bbox 2187 4245 2286 4284; x_wconf 93' lang='lat' dir='ltr'><strong><em>suo</em></strong></span> <span class='ocrx_word' id='word_1_631' title='bbox 2312 4229 2507 4284; x_wconf 87' lang='lat' dir='ltr'><strong><em>Joanni</em></strong></span> <span class='ocrx_word' id='word_1_632' title='bbox 2535 4231 2928 4301; x_wconf 85' lang='lat' dir='ltr'><strong><em>manifestavit,</em></strong></span> <span class='ocrx_word' id='word_1_633' title='bbox 2961 4251 3081 4307; x_wconf 70' lang='lat' dir='ltr'><strong><em>quae</em></strong></span> <span class='ocrx_word' id='word_1_634' title='bbox 3113 4244 3326 4307; x_wconf 89' lang='lat' dir='ltr'><strong><em>oportet</em></strong></span> <span class='ocrx_word' id='word_1_635' title='bbox 3355 4236 3470 4293; x_wconf 82' lang='lat' dir='ltr'><strong><em>fieri</em></strong></span> <span class='ocrx_word' id='word_1_636' title='bbox 3503 4239 3636 4296; x_wconf 91' lang='lat' dir='ltr'><strong><em>cito.</em></strong></span> 
     </span>
    </p>
   </div>
   <div class='ocr_carea' id='block_1_61' title="bbox 2260 4326 3793 4402">
    <p class='ocr_par' dir='ltr' id='par_1_61' title="bbox 2260 4326 3793 4402">
     <span class='ocr_line' id='line_1_61' title="bbox 2260 4326 3793 4402; baseline 0.008 -20"><span class='ocrx_word' id='word_1_637' title='bbox 2260 4326 2440 4396; x_wconf 88' lang='lat' dir='ltr'><strong><em>(Vers.</em></strong></span> <span class='ocrx_word' id='word_1_638' title='bbox 2482 4327 2561 4398; x_wconf 81' lang='lat'><strong><em>2.)</em></strong></span> <span class='ocrx_word' id='word_1_639' title='bbox 2610 4327 2712 4395; x_wconf 83' lang='lat' dir='ltr'><strong><em>Qui</em></strong></span> <span class='ocrx_word' id='word_1_640' title='bbox 2743 4329 3091 4386; x_wconf 84' lang='lat' dir='ltr'><strong><em>testimonium</em></strong></span> <span class='ocrx_word' id='word_1_641' title='bbox 3132 4333 3399 4402; x_wconf 82' lang='lat' dir='ltr'><strong><em>perhibuit</em></strong></span> <span class='ocrx_word' id='word_1_642' title='bbox 3450 4335 3611 4391; x_wconf 86' lang='lat' dir='ltr'><strong><em>Verbo</em></strong></span> <span class='ocrx_word' id='word_1_643' title='bbox 3661 4338 3793 4396; x_wconf 87' lang='lat' dir='ltr'><strong><em>Dei.</em></strong></span> 
     </span>
    </p>
   </div>
   <div class='ocr_carea' id='block_1_62' title="bbox 2188 4415 3796 4494">
    <p class='ocr_par' dir='ltr' id='par_1_62' title="bbox 2188 4415 3796 4494">
     <span class='ocr_line' id='line_1_62' title="bbox 2188 4415 3796 4494; baseline 0.01 -25"><span class='ocrx_word' id='word_1_644' title='bbox 2188 4415 2289 4470; x_wconf 86' lang='lat' dir='ltr'><strong><em>Hic</em></strong></span> <span class='ocrx_word' id='word_1_645' title='bbox 2317 4415 2468 4470; x_wconf 89' lang='lat' dir='ltr'><strong><em>locus</em></strong></span> <span class='ocrx_word' id='word_1_646' title='bbox 2509 4425 2693 4488; x_wconf 89' lang='lat' dir='ltr'><strong><em>aperte</em></strong></span> <span class='ocrx_word' id='word_1_647' title='bbox 2713 4417 3056 4476; x_wconf 88' lang='lat' dir='ltr'><strong><em>demonstrat</em></strong></span> <span class='ocrx_word' id='word_1_648' title='bbox 3078 4437 3189 4476; x_wconf 91' lang='lat' dir='ltr'><strong><em>non</em></strong></span> <span class='ocrx_word' id='word_1_649' title='bbox 3220 4419 3288 4476; x_wconf 88' lang='lat' dir='ltr'><strong><em>ab</em></strong></span> <span class='ocrx_word' id='word_1_650' title='bbox 3307 4423 3418 4478; x_wconf 90' lang='lat' dir='ltr'><strong><em>alio</em></strong></span> <span class='ocrx_word' id='word_1_651' title='bbox 3437 4422 3665 4494; x_wconf 83' lang='lat' dir='ltr'><strong><em>Joanne,</em></strong></span> <span class='ocrx_word' id='word_1_652' title='bbox 3689 4430 3796 4485; x_wconf 89' lang='lat' dir='ltr'><strong><em>sed</em></strong></span> 
     </span>
    </p>
   </div>
   <div class='ocr_carea' id='block_1_63' title="bbox 2185 4503 3796 4580">
    <p class='ocr_par' dir='ltr' id='par_1_63' title="bbox 2185 4503 3796 4580">
     <span class='ocr_line' id='line_1_63' title="bbox 2185 4503 3796 4580; baseline 0.009 -22"><span class='ocrx_word' id='word_1_653' title='bbox 2185 4503 2253 4559; x_wconf 83' lang='lat' dir='ltr'><strong><em>ab</em></strong></span> <span class='ocrx_word' id='word_1_654' title='bbox 2288 4503 2384 4559; x_wconf 91' lang='lat' dir='ltr'><strong><em>illo</em></strong></span> <span class='ocrx_word' id='word_1_655' title='bbox 2413 4503 2507 4577; x_wconf 88' lang='lat' dir='ltr'><strong><em>qui</em></strong></span> <span class='ocrx_word' id='word_1_656' title='bbox 2547 4505 2916 4580; x_wconf 84' lang='lat' dir='ltr'><strong><em>Evangelinm</em></strong></span> <span class='ocrx_word' id='word_1_657' title='bbox 2946 4507 3189 4580; x_wconf 87' lang='lat' dir='ltr'><strong><em>scripsit,</em></strong></span> <span class='ocrx_word' id='word_1_658' title='bbox 3230 4509 3380 4568; x_wconf 89' lang='lat' dir='ltr'><strong><em>hunc</em></strong></span> <span class='ocrx_word' id='word_1_659' title='bbox 3433 4511 3634 4568; x_wconf 89' lang='lat' dir='ltr'><strong><em>librum</em></strong></span> <span class='ocrx_word' id='word_1_660' title='bbox 3667 4532 3796 4571; x_wconf 85' lang='lat' dir='ltr'><strong><em>esse</em></strong></span> 
     </span>
    </p>
   </div>
   <div class='ocr_carea' id='block_1_64' title="bbox 2184 4593 3793 4672">
    <p class='ocr_par' dir='ltr' id='par_1_64' title="bbox 2184 4593 3793 4672">
     <span class='ocr_line' id='line_1_64' title="bbox 2184 4593 3793 4672; baseline 0.006 -23"><span class='ocrx_word' id='word_1_661' title='bbox 2184 4593 2570 4664; x_wconf 89' lang='lat' dir='ltr'><strong><em>compositum.</em></strong></span> <span class='ocrx_word' id='word_1_662' title='bbox 2601 4595 2704 4662; x_wconf 91' lang='lat' dir='ltr'><strong><em>Qui</em></strong></span> <span class='ocrx_word' id='word_1_663' title='bbox 2735 4602 2788 4651; x_wconf 88' lang='lat' dir='ltr'><strong><em>et</em></strong></span> <span class='ocrx_word' id='word_1_664' title='bbox 2821 4595 2878 4651; x_wconf 92' lang='lat' dir='ltr'><strong><em>in</em></strong></span> <span class='ocrx_word' id='word_1_665' title='bbox 2921 4614 3077 4654; x_wconf 68' lang='lat' dir='ltr'><strong><em>coena</em></strong></span> <span class='ocrx_word' id='word_1_666' title='bbox 3132 4614 3296 4672; x_wconf 90' lang='lat' dir='ltr'><strong><em>supra</em></strong></span> <span class='ocrx_word' id='word_1_667' title='bbox 3326 4610 3518 4672; x_wconf 85' lang='lat' dir='ltr'><strong><em>pectus</em></strong></span> <span class='ocrx_word' id='word_1_668' title='bbox 3556 4603 3793 4660; x_wconf 90' lang='lat' dir='ltr'><strong><em>Domini</em></strong></span> 
     </span>
    </p>
   </div>
   <div class='ocr_carea' id='block_1_65' title="bbox 2189 4681 3795 4758">
    <p class='ocr_par' dir='ltr' id='par_1_65' title="bbox 2189 4681 3795 4758">
     <span class='ocr_line' id='line_1_65' title="bbox 2189 4681 3795 4758; baseline 0.009 -24"><span class='ocrx_word' id='word_1_669' title='bbox 2189 4681 2366 4752; x_wconf 81' lang='lat' dir='ltr'><strong><em>(Joan.</em></strong></span> <span class='ocrx_word' id='word_1_670' title='bbox 2415 4699 2540 4752; x_wconf 84' lang='lat' dir='ltr'><strong><em>xm,</em></strong></span> <span class='ocrx_word' id='word_1_671' title='bbox 2592 4683 2704 4755; x_wconf 77' lang='grc'><strong><em>25),</em></strong></span> <span class='ocrx_word' id='word_1_672' title='bbox 2751 4683 2808 4739; x_wconf 92' lang='lat' dir='ltr'><strong><em>in</em></strong></span> <span class='ocrx_word' id='word_1_673' title='bbox 2868 4702 2976 4758; x_wconf 83' lang='lat' dir='ltr'><strong><em>quo</em></strong></span> <span class='ocrx_word' id='word_1_674' title='bbox 3005 4694 3162 4742; x_wconf 88' lang='lat' dir='ltr'><strong><em>erant</em></strong></span> <span class='ocrx_word' id='word_1_675' title='bbox 3193 4705 3382 4744; x_wconf 85' lang='lat' dir='ltr'><strong><em>omnes</em></strong></span> <span class='ocrx_word' id='word_1_676' title='bbox 3411 4689 3655 4747; x_wconf 89' lang='lat' dir='ltr'><strong><em>thesauri</em></strong></span> <span class='ocrx_word' id='word_1_677' title='bbox 3688 4709 3795 4749; x_wconf 77' lang='lat' dir='ltr'><strong><em>sa—</em></strong></span> 
     </span>
    </p>
   </div>
   <div class='ocr_carea' id='block_1_66' title="bbox 2185 4771 3793 4852">
    <p class='ocr_par' dir='ltr' id='par_1_66' title="bbox 2185 4771 3793 4852">
     <span class='ocr_line' id='line_1_66' title="bbox 2185 4771 3793 4852; baseline 0.009 -27"><span class='ocrx_word' id='word_1_678' title='bbox 2185 4771 2404 4844; x_wconf 68' lang='lat' dir='ltr'><strong><em>pientiae</em></strong></span> <span class='ocrx_word' id='word_1_679' title='bbox 2431 4780 2484 4828; x_wconf 90' lang='lat' dir='ltr'><strong><em>et</em></strong></span> <span class='ocrx_word' id='word_1_680' title='bbox 2507 4774 2749 4831; x_wconf 77' lang='lat' dir='ltr'><strong><em>scientia:</em></strong></span> <span class='ocrx_word' id='word_1_681' title='bbox 2773 4776 3086 4832; x_wconf 87' lang='lat' dir='ltr'><strong><em>absconditi</em></strong></span> <span class='ocrx_word' id='word_1_682' title='bbox 3125 4779 3355 4848; x_wconf 85' lang='lat' dir='ltr'><strong><em>(Coloss.</em></strong></span> <span class='ocrx_word' id='word_1_683' title='bbox 3393 4798 3432 4836; x_wconf 92' lang='grc' dir='ltr'><strong><em>ιι</em></strong></span> <span class='ocrx_word' id='word_1_684' title='bbox 3496 4782 3578 4852; x_wconf 86' lang='lat'><strong><em>3),</em></strong></span> <span class='ocrx_word' id='word_1_685' title='bbox 3629 4799 3793 4840; x_wconf 83' lang='lat' dir='ltr'><strong><em>reu-</em></strong></span> 
     </span>
    </p>
   </div>
   <div class='ocr_carea' id='block_1_67' title="bbox 2185 4859 3794 4940">
    <p class='ocr_par' dir='ltr' id='par_1_67' title="bbox 2185 4859 3794 4940">
     <span class='ocr_line' id='line_1_67' title="bbox 2185 4859 3794 4940; baseline 0.009 -26"><span class='ocrx_word' id='word_1_686' title='bbox 2185 4859 2327 4928; x_wconf 85' lang='lat' dir='ltr'><strong><em>buit,</em></strong></span> <span class='ocrx_word' id='word_1_687' title='bbox 2376 4861 2444 4916; x_wconf 88' lang='lat' dir='ltr'><strong><em>de</em></strong></span> <span class='ocrx_word' id='word_1_688' title='bbox 2479 4878 2588 4934; x_wconf 91' lang='lat' dir='ltr'><strong><em>quo</em></strong></span> <span class='ocrx_word' id='word_1_689' title='bbox 2619 4863 2947 4919; x_wconf 91' lang='lat' dir='ltr'><strong><em>immensum</em></strong></span> <span class='ocrx_word' id='word_1_690' title='bbox 2981 4865 3192 4920; x_wconf 87' lang='lat' dir='ltr'><strong><em>fontem</em></strong></span> <span class='ocrx_word' id='word_1_691' title='bbox 3237 4866 3516 4940; x_wconf 68' lang='lat' dir='ltr'><strong><em>sapientiae</em></strong></span> <span class='ocrx_word' id='word_1_692' title='bbox 3561 4869 3794 4930; x_wconf 90' lang='lat' dir='ltr'><strong><em>haurire</em></strong></span> 
     </span>
    </p>
   </div>
   <div class='ocr_carea' id='block_1_68' title="bbox 2186 4949 3789 5031">
    <p class='ocr_par' dir='ltr' id='par_1_68' title="bbox 2186 4949 3789 5031">
     <span class='ocr_line' id='line_1_68' title="bbox 2186 4949 3789 5031; baseline 0.008 -27"><span class='ocrx_word' id='word_1_693' title='bbox 2186 4949 2405 5006; x_wconf 89' lang='lat' dir='ltr'><strong><em>meruit.</em></strong></span> <span class='ocrx_word' id='word_1_694' title='bbox 2462 4951 2747 5008; x_wconf 86' lang='lat' dir='ltr'><strong><em>Perhibuit</em></strong></span> <span class='ocrx_word' id='word_1_695' title='bbox 2800 4970 2928 5025; x_wconf 90' lang='lat' dir='ltr'><strong><em>ergo</em></strong></span> <span class='ocrx_word' id='word_1_696' title='bbox 2977 4956 3358 5013; x_wconf 89' lang='lat' dir='ltr'><strong><em>testimonium</em></strong></span> <span class='ocrx_word' id='word_1_697' title='bbox 3413 4960 3590 5016; x_wconf 88' lang='lat' dir='ltr'><strong><em>Verbo</em></strong></span> <span class='ocrx_word' id='word_1_698' title='bbox 3658 4962 3789 5031; x_wconf 87' lang='lat' dir='ltr'><strong><em>Dei,</em></strong></span> 
     </span>
    </p>
   </div>
   <div class='ocr_carea' id='block_1_69' title="bbox 2185 5037 3791 5116">
    <p class='ocr_par' dir='ltr' id='par_1_69' title="bbox 2185 5037 3791 5116">
     <span class='ocr_line' id='line_1_69' title="bbox 2185 5037 3791 5116; baseline 0.009 -24"><span class='ocrx_word' id='word_1_699' title='bbox 2185 5037 2402 5109; x_wconf 89' lang='lat' dir='ltr'><strong><em>quando</em></strong></span> <span class='ocrx_word' id='word_1_700' title='bbox 2459 5039 2649 5096; x_wconf 85' lang='lat' dir='ltr'><strong><em>dixit:</em></strong></span> <span class='ocrx_word' id='word_1_701' title='bbox 2722 5065 2740 5087; x_wconf 76' lang='grc' dir='ltr'><strong><em>ι</em></strong></span> <span class='ocrx_word' id='word_1_702' title='bbox 2804 5042 2866 5097; x_wconf 91' lang='lat' dir='ltr'><strong><em>In</em></strong></span> <span class='ocrx_word' id='word_1_703' title='bbox 2921 5043 3196 5116; x_wconf 88' lang='lat' dir='ltr'><strong><em>principio</em></strong></span> <span class='ocrx_word' id='word_1_704' title='bbox 3241 5055 3356 5102; x_wconf 91' lang='lat' dir='ltr'><strong><em>erat</em></strong></span> <span class='ocrx_word' id='word_1_705' title='bbox 3403 5047 3672 5116; x_wconf 84' lang='lat' dir='ltr'><strong><em>Verbum,</em></strong></span> <span class='ocrx_word' id='word_1_706' title='bbox 3733 5059 3791 5106; x_wconf 87' lang='lat' dir='ltr'><strong><em>et</em></strong></span> 
     </span>
    </p>
   </div>
   <div class='ocr_carea' id='block_1_70' title="bbox 2185 5127 3791 5202">
    <p class='ocr_par' dir='ltr' id='par_1_70' title="bbox 2185 5127 3791 5202">
     <span class='ocr_line' id='line_1_70' title="bbox 2185 5127 3791 5202; baseline 0.007 -18"><span class='ocrx_word' id='word_1_707' title='bbox 2185 5127 2426 5184; x_wconf 84' lang='lat' dir='ltr'><strong><em>Verbum</em></strong></span> <span class='ocrx_word' id='word_1_708' title='bbox 2510 5137 2627 5185; x_wconf 88' lang='lat' dir='ltr'><strong><em>erat</em></strong></span> <span class='ocrx_word' id='word_1_709' title='bbox 2677 5131 2823 5202; x_wconf 89' lang='lat' dir='ltr'><strong><em>apud</em></strong></span> <span class='ocrx_word' id='word_1_710' title='bbox 2904 5133 3100 5201; x_wconf 91' lang='lat' dir='ltr'><strong><em>Deum,</em></strong></span> <span class='ocrx_word' id='word_1_711' title='bbox 3160 5142 3213 5190; x_wconf 89' lang='lat' dir='ltr'><strong><em>et</em></strong></span> <span class='ocrx_word' id='word_1_712' title='bbox 3267 5136 3414 5191; x_wconf 89' lang='lat' dir='ltr'><strong><em>Deus</em></strong></span> <span class='ocrx_word' id='word_1_713' title='bbox 3477 5145 3593 5193; x_wconf 89' lang='lat' dir='ltr'><strong><em>erat</em></strong></span> <span class='ocrx_word' id='word_1_714' title='bbox 3651 5139 3791 5195; x_wconf 88' lang='lat' dir='ltr'><strong><em>Ver-</em></strong></span> 
     </span>
    </p>
   </div>
   <div class='ocr_carea' id='block_1_71' title="bbox 2855 5220 3789 5299">
    <p class='ocr_par' dir='ltr' id='par_1_71' title="bbox 2855 5220 3789 5299">
     <span class='ocr_line' id='line_1_71' title="bbox 2855 5220 3789 5299; baseline 0.01 -25"><span class='ocrx_word' id='word_1_715' title='bbox 2855 5220 2958 5276; x_wconf 90' lang='lat' dir='ltr'><strong><em>Sed</em></strong></span> <span class='ocrx_word' id='word_1_716' title='bbox 3011 5229 3062 5276; x_wconf 90' lang='lat' dir='ltr'><strong><em>et</em></strong></span> <span class='ocrx_word' id='word_1_717' title='bbox 3103 5221 3158 5277; x_wconf 91' lang='lat' dir='ltr'><strong><em>in</em></strong></span> <span class='ocrx_word' id='word_1_718' title='bbox 3207 5223 3313 5280; x_wconf 92' lang='lat' dir='ltr'><strong><em>hoc</em></strong></span> <span class='ocrx_word' id='word_1_719' title='bbox 3338 5225 3482 5296; x_wconf 91' lang='lat' dir='ltr'><strong><em>quod</em></strong></span> <span class='ocrx_word' id='word_1_720' title='bbox 3513 5227 3789 5299; x_wconf 88' lang='lat' dir='ltr'><strong><em>sequitur,</em></strong></span> 
     </span>
    </p>
   </div>
   <div class='ocr_carea' id='block_1_72' title="bbox 2181 5305 3792 5386">
    <p class='ocr_par' dir='ltr' id='par_1_72' title="bbox 2181 5305 3792 5386">
     <span class='ocr_line' id='line_1_72' title="bbox 2181 5305 3792 5386; baseline 0.007 -26"><span class='ocrx_word' id='word_1_721' title='bbox 2181 5305 2412 5378; x_wconf 63' lang='lat' dir='ltr'><strong><em>quaestio</em></strong></span> <span class='ocrx_word' id='word_1_722' title='bbox 2463 5308 2677 5364; x_wconf 90' lang='lat' dir='ltr'><strong><em>oritur:</em></strong></span> <span class='ocrx_word' id='word_1_723' title='bbox 2741 5309 2815 5364; x_wconf 87' lang='lat' dir='ltr'><strong><em>Et</em></strong></span> <span class='ocrx_word' id='word_1_724' title='bbox 2870 5309 3214 5366; x_wconf 85' lang='lat' dir='ltr'><strong><em>testimonium</em></strong></span> <span class='ocrx_word' id='word_1_725' title='bbox 3243 5313 3368 5368; x_wconf 84' lang='lat' dir='ltr'><strong><em>Jesu</em></strong></span> <span class='ocrx_word' id='word_1_726' title='bbox 3417 5313 3617 5370; x_wconf 81' lang='lat' dir='ltr'><strong><em>Christi</em></strong></span> <span class='ocrx_word' id='word_1_727' title='bbox 3644 5332 3792 5386; x_wconf 63' lang='lat' dir='ltr'><strong><em>quas.</em></strong></span> 
     </span>
    </p>
   </div>
   <div class='ocr_carea' id='block_1_73' title="bbox 2184 5397 3793 5478">
    <p class='ocr_par' dir='ltr' id='par_1_73' title="bbox 2184 5397 3793 5478">
     <span class='ocr_line' id='line_1_73' title="bbox 2184 5397 3793 5478; baseline 0.01 -28"><span class='ocrx_word' id='word_1_728' title='bbox 2184 5412 2382 5467; x_wconf 83' lang='lat' dir='ltr'><strong><em>cunque</em></strong></span> <span class='ocrx_word' id='word_1_729' title='bbox 2409 5397 2559 5454; x_wconf 79' lang='lat' dir='ltr'><strong><em>vidit.</em></strong></span> <span class='ocrx_word' id='word_1_730' title='bbox 2590 5399 2876 5467; x_wconf 91' lang='lat' dir='ltr'><strong><em>Quomodo</em></strong></span> <span class='ocrx_word' id='word_1_731' title='bbox 2921 5417 3048 5472; x_wconf 86' lang='lat' dir='ltr'><strong><em>ergo</em></strong></span> <span class='ocrx_word' id='word_1_732' title='bbox 3076 5401 3455 5460; x_wconf 89' lang='lat' dir='ltr'><strong><em>testimonium</em></strong></span> <span class='ocrx_word' id='word_1_733' title='bbox 3504 5405 3793 5478; x_wconf 89' lang='lat' dir='ltr'><strong><em>perhibuit</em></strong></span> 
     </span>
    </p>
   </div>
   <div class='ocr_carea' id='block_1_74' title="bbox 2188 5541 3792 5620">
    <p class='ocr_par' dir='ltr' id='par_1_74' title="bbox 2188 5541 3792 5620">
     <span class='ocr_line' id='line_1_74' title="bbox 2188 5541 3792 5620; baseline 0.009 -24"><span class='ocrx_word' id='word_1_734' title='bbox 2188 5541 2363 5620; x_wconf 76' lang='lat' dir='ltr'><strong><em>riatur</em></strong></span> <span class='ocrx_word' id='word_1_735' title='bbox 2395 5560 2405 5597; x_wconf 92' lang='lat'>:</span> <span class='ocrx_word' id='word_1_736' title='bbox 2449 5542 2540 5599; x_wconf 91' lang='lat' dir='ltr'><strong><em>cui</em></strong></span> <span class='ocrx_word' id='word_1_737' title='bbox 2575 5545 2740 5620; x_wconf 82' lang='lat' dir='ltr'><strong><em>etiam</em></strong></span> <span class='ocrx_word' id='word_1_738' title='bbox 2786 5543 2845 5620; x_wconf 92' lang='lat' dir='ltr'><strong><em>i_n</em></strong></span> <span class='ocrx_word' id='word_1_739' title='bbox 2873 5542 3184 5620; x_wconf 81' lang='lat' dir='ltr'><strong><em>cod_.__Gem.</em></strong></span> <span class='ocrx_word' id='word_1_740' title='bbox 3233 5549 3647 5620; x_wconf 67' lang='lat' dir='ltr'><strong><em>praemittuntur</em></strong></span> <span class='ocrx_word' id='word_1_741' title='bbox 3674 5551 3792 5610; x_wconf 91' lang='lat' dir='ltr'><strong><em>duo</em></strong></span> 
     </span>
    </p>
   </div>
   <div class='ocr_carea' id='block_1_75' title="bbox 2189 5614 3784 5698">
    <p class='ocr_par' dir='ltr' id='par_1_75' title="bbox 2189 5614 3784 5698">
     <span class='ocr_line' id='line_1_75' title="bbox 2189 5614 3784 5698; baseline 0.01 -32"><span class='ocrx_word' id='word_1_742' title='bbox 2189 5614 2353 5698; x_wconf 79' lang='lat' dir='ltr'><strong><em>primi</em></strong></span> <span class='ocrx_word' id='word_1_743' title='bbox 2413 5630 2603 5696; x_wconf 73' lang='lat' dir='ltr'><strong><em>versus</em></strong></span> <span class='ocrx_word' id='word_1_744' title='bbox 2657 5615 2900 5686; x_wconf 88' lang='lat' dir='ltr'><strong><em>ejusdem</em></strong></span> <span class='ocrx_word' id='word_1_745' title='bbox 2972 5615 3099 5672; x_wconf 90' lang='lat' dir='ltr'><strong><em>libri</em></strong></span> <span class='ocrx_word' id='word_1_746' title='bbox 3147 5614 3532 5695; x_wconf 78' lang='lat' dir='ltr'><strong><em>Apocalypsis,</em></strong></span> <span class='ocrx_word' id='word_1_747' title='bbox 3563 5624 3619 5680; x_wconf 90' lang='lat' dir='ltr'><strong><em>in</em></strong></span> <span class='ocrx_word' id='word_1_748' title='bbox 3651 5625 3784 5698; x_wconf 84' lang='lat' dir='ltr'><strong><em>Reg.</em></strong></span> 
     </span>
    </p>
   </div>
   <div class='ocr_carea' id='block_1_76' title="bbox 2189 5693 2850 5766">
    <p class='ocr_par' dir='ltr' id='par_1_76' title="bbox 2189 5693 2850 5766">
     <span class='ocr_line' id='line_1_76' title="bbox 2189 5693 2850 5766; baseline 0.006 -27"><span class='ocrx_word' id='word_1_749' title='bbox 2189 5693 2370 5740; x_wconf 89' lang='lat' dir='ltr'><strong><em>autem</em></strong></span> <span class='ocrx_word' id='word_1_750' title='bbox 2403 5693 2613 5766; x_wconf 75' lang='lat' dir='ltr'><strong><em>primus</em></strong></span> <span class='ocrx_word' id='word_1_751' title='bbox 2643 5703 2850 5743; x_wconf 83' lang='lat' dir='ltr'><strong><em>versus.</em></strong></span> 
     </span>
    </p>
   </div>
  </div>
