3970 6368
97 449 205 505 845

981 442 1436 500 BERENGAUDI
1477 440 1851 498 EXPOSITIO
1890 441 1961 498 IN
2000 438 2506 497 APOCALYPSIN.

3288 436 3392 493 846

98 575 227 630 Iesu
265 572 494 640 Christi,
540 586 879 644 quaecunque
926 569 1087 638 vidit,
1141 586 1264 625 cum
1308 569 1423 642 ipse
1458 568 1605 625 dicat
1646 568 1702 623 in
1734 572 1779 629 A
1813 574 1941 623 sunt
1971 573 2175 638 septem
2206 565 2479 634 Ecclesiae,
2515 564 2583 620 ad
2612 581 2745 637 quas
2774 563 2891 620 haec
2918 564 3120 635 scripta
3148 562 3393 634 dirigun-

100 663 290 720 eodem
323 662 652 733 Evangelio:
703 685 721 707 ι
756 661 929 717 Multa
954 659 1176 733 quidem
1196 668 1251 715 et
1270 659 1377 714 alia
1396 658 1551 731 signa
1569 658 1701 714 fecit

99 753 260 808 Iesus
289 752 347 806 in
391 756 689 822 conspectu
719 748 1118 820 discipulorum
1150 764 1397 815 suorum,
1438 764 1557 820 quae
1589 762 1699 801 non

102 847 234 896 sunt
262 840 463 910 scripta
493 837 549 892 in
587 836 729 892 libro
759 836 867 893 hoc
895 837 1076 907 (Joan.
1107 854 1205 904 xx,
1235 836 1371 906 30)?
1399 861 1416 882 ι
1461 835 1565 891 Sed
1599 843 1699 890 tes-

104 929 402 986 timonium
434 932 717 1002 perhibuit
746 933 872 988 Iesu
896 932 1135 999 Christo,
1171 946 1509 1004 quaecunque
1538 929 1701 997 vidit,

104 1018 456 1089 praedicando
487 1020 745 1077 videlicet
776 1021 1029 1093 gentibus
1057 1021 1245 1075 omnia
1271 1036 1393 1092 quae
1424 1036 1453 1074 a
1483 1018 1703 1075 Christo

104 1107 400 1178 didicerat,
452 1119 506 1167 et
552 1111 816 1167 miracula
866 1128 986 1183 quae
1034 1110 1248 1166 viderat
1296 1108 1588 1177 narrando,
1643 1124 1706 1163 ea

107 1199 496 1255 tantummodo
513 1199 760 1257 scribens
779 1216 898 1273 quae
920 1199 1151 1271 posteris
1168 1199 1406 1270 amplius
1423 1198 1708 1270 profutura

106 1301 226 1341 esse
259 1286 605 1358 praeviderat.

186 1386 370 1455 (Vers.
401 1387 482 1458 3.)
535 1388 689 1443 Beati
735 1388 827 1458 qui
860 1389 1050 1457 legunt,
1097 1393 1145 1441 et
1171 1386 1262 1457 qui
1290 1386 1517 1441 audiunt
1550 1384 1707 1439 verba

103 1476 399 1546 prophetia
430 1476 612 1545 hujus,
634 1483 681 1531 et
707 1482 920 1531 servant
947 1493 1147 1546 ea,qu(e
1178 1476 1231 1529 in
1252 1493 1311 1530 ea
1340 1474 1536 1545 scripta
1566 1478 1705 1528 sunt.

109 1564 246 1620 Tres
274 1569 479 1638 species
508 1566 869 1623 beatitudinis
890 1565 1091 1638 posuit,
1114 1565 1207 1620 sed
1237 1565 1358 1620 dure
1388 1564 1527 1619 nihil
1559 1572 1705 1632 sunt,

111 1654 159 1709 si
194 1655 354 1710 tertia
383 1655 656 1723 defuerit;
694 1673 819 1711 nam
852 1656 994 1711 nihil
1026 1655 1244 1728 proficit
1292 1654 1371 1710 eis
1400 1652 1493 1726 qui
1526 1653 1712 1724 legunt

10 1738 13 1753 ’
111 1751 211 1799 aut
238 1744 474 1800 audiunt
503 1746 758 1801 mandata
777 1746 896 1813 Dei,
920 1744 967 1801 si
997 1762 1105 1800 non
1137 1751 1357 1799 servant
1386 1759 1467 1811 ea,
1491 1758 1609 1813 quae
1640 1742 1712 1796 le-

113 1842 253 1905 gunt
283 1834 371 1889 vel
402 1834 637 1891 audiunt
690 1835 850 1891 Multi
881 1850 1115 1907 namque
1144 1840 1293 1901 sunt,
1326 1831 1419 1905 qui
1459 1829 1714 1886 mandata

1808 664 1918 723 tur,
1952 656 2093 711 sicut
2122 663 2251 711 sunt
2279 662 2482 727 septem
2512 652 2857 721 candelabra,
2888 661 3091 723 septem
3120 652 3393 720 stella2,se-

1810 754 1957 818 ptem
1988 744 2284 815 lampades,
2334 752 2539 815 septem
2569 759 2774 799 cornua
2802 743 2949 813 agni,
2990 750 3194 814 septem
3226 740 3393 809 oculi,

1810 841 2012 905 septem
2044 833 2247 903 sigilla,
2272 840 2476 904 septem
2502 831 2680 903 angeli
2710 830 2859 886 tubis
2886 837 3158 897 canentes,
3190 838 3395 904 septem

1813 921 2076 987 tonitrua,
2133 928 2337 992 septem
2396 920 2587 976 itidem
2640 918 2816 992 angeli
2866 919 3076 990 phialas
3114 918 3396 975 habentes.

1813 1010 1947 1066 Nam
1980 1016 2035 1064 et
2061 1009 2224 1065 draco
2251 1009 2345 1082 qui
2375 1008 2676 1077 diabolum,
2702 1016 2754 1064 et
2783 1007 2956 1065 bestia
2979 1025 3098 1080 quae
3122 1007 3399 1064 Antichri-

1814 1107 1957 1155 stum
1987 1098 2254 1170 designat,
2279 1105 2507 1170 uterque
2536 1105 2742 1170 septem
2767 1097 2946 1169 capita
2974 1096 3228 1153 habuisse
3250 1096 3403 1152 visus

1815 1196 1896 1245 est
1926 1207 1944 1243 :
1991 1188 2247 1244 similiter
2275 1197 2327 1244 et
2358 1188 2551 1256 bestia,
2592 1204 2754 1260 super
2795 1204 2957 1260 quam
2990 1188 3188 1242 mulier
3220 1203 3405 1243 mere-

1818 1278 1928 1335 trix
1957 1284 2100 1341 500
2133 1278 2335 1334 sedisse
2364 1278 2482 1334 visa
2505 1285 2585 1333 est
2609 1297 2621 1347 ;
2656 1288 2709 1333 et
2737 1277 2783 1333 si
2810 1278 3101 1350 diligenter
3129 1276 3402 1345 advertas,

1818 1384 1965 1431 totus
2018 1375 2108 1432 hic
2156 1375 2295 1431 liber
2324 1375 2382 1431 in
2435 1382 2639 1447 septem
2687 1373 2928 1430 visiones
2972 1372 3268 1429 distinctus
3301 1380 3401 1427 est.

1817 1464 2000 1519 Prima
2021 1474 2119 1532 est,
2144 1481 2264 1538 quas
2294 1471 2499 1535 septem
2528 1464 2783 1535 epistolas
2804 1462 2871 1518 ad
2898 1469 3105 1533 septem
3135 1461 3407 1517 Ecclesias

1818 1554 2117 1610 destinatas
2146 1552 2410 1620 continet,
2451 1560 2505 1607 et
2531 1559 2725 1607 czetera
2756 1567 2874 1623 quae
2905 1550 2983 1605 ibi
3013 1550 3402 1607 continentur:

1819 1642 2057 1700 secunda
2099 1649 2198 1709 est,
2251 1642 2307 1697 in
2351 1657 2458 1714 qua
2503 1639 2686 1697 sedem
2731 1640 2791 1695 in
2839 1639 3013 1711 ﬁgura
3060 1637 3319 1695 Ecclesia:
3348 1637 3408 1693 iu

1820 1733 1961 1788 ccelo
2025 1732 2258 1804 positam
2323 1729 2485 1798 vidit,
2553 1738 2607 1786 et
2660 1745 2825 1802 supra
2884 1727 3067 1784 sedem
3126 1726 3409 1783 Christum

1822 1823 2099 1880 sedentem
2132 1841 2144 1878 :
2198 1822 2256 1877 in
2304 1821 2467 1877 tertia
2512 1822 2702 1894 Agnus
2733 1821 2939 1878 librum
2985 1827 3039 1875 et
3077 1819 3256 1892 sigilla
3293 1817 3411 1890 ejus

114 1922 217 1977 Dei
263 1923 499 1979 audiunt
542 1931 637 1978 aut
686 1923 896 1995 legunt,
947 1922 1039 1979 sed
1077 1922 1219 1978 nihil
1251 1939 1342 1977 eos
1369 1920 1544 1993 juvat,
1591 1920 1719 1994 quia
1745 1937 1790 1997 Β
1825 1912 2075 1985 aperuit:
2112 1912 2167 1967 in
2199 1920 2390 1985 quarta
2417 1918 2623 1983 septem
2656 1909 2836 1982 angeli
2865 1916 2998 1965 sunt
3019 1908 3126 1965 visi
3154 1908 3305 1964 tubis
3325 1924 3409 1965 ca-

112 2027 248 2067 cum
280 2028 511 2083 corpore
555 2021 847 2085 prazsentes
876 2013 1005 2080 sint,
1060 2021 1238 2068 mente
1266 2018 1395 2067 sunt
1425 2011 1710 2079 absentes;

114 2107 213 2155 aut
240 2102 387 2155 enim
431 2101 489 2157 in
520 2103 869 2175 acquirendis
918 2103 1081 2158 rebus
1118 2118 1272 2158 mens
1308 2116 1493 2156 eorum
1529 2099 1715 2155 dedita

116 2196 221 2257 est,
245 2197 342 2244 aut
358 2190 591 2247 libidine
613 2193 943 2264 exagitatur,
974 2200 1068 2247 aut
1088 2192 1401 2264 proximum
1425 2187 1499 2260 dij
1511 2188 1711 2257 ndicat,

117 2286 218 2333 aut
246 2286 438 2334 contra
468 2282 752 2352 praelatum
785 2281 1053 2354 superbit,
1104 2290 1199 2335 aut
1242 2279 1401 2351 ﬁngit
1429 2296 1485 2334 se
1515 2286 1716 2351 poten—

120 2373 231 2421 tem
261 2366 532 2436 futurum,
558 2375 653 2425 aut
674 2370 885 2426 caeteris
915 2368 1234 2425 vanissimis
1264 2367 1424 2423 rebus
1453 2365 1715 2435 distendi-

122 2465 235 2513 tur.
269 2456 451 2512 Potest
494 2457 698 2513 talibus
743 2458 1057 2521 convenire,
1112 2456 1256 2529 quod
1296 2457 1373 2512 ait
1403 2454 1667 2528 propheta
1702 2471 1713 2510 :

136 2567 155 2589 ι
191 2546 341 2599 Aure
371 2545 627 2611 audietis,
655 2553 708 2601 et
738 2561 848 2601 non
882 2546 1233 2618 intelligetis;
1272 2552 1325 2599 et
1354 2544 1604 2600 videntes
1633 2542 1718 2597 vi-

123 2634 349 2703 debitis,
400 2644 593 2691 etnon
630 2636 969 2709 perspiciatis
1004 2637 1137 2708 (Isa.
1172 2653 1249 2703 vr,
1282 2636 1363 2705 9).
1393 2661 1410 2683 -
1455 2633 1720 2691 Nonnulli

125 2740 260 2780 vero
282 2735 431 2792 sunt,
455 2727 549 2797 qui
581 2725 799 2780 divinas
829 2725 1139 2795 Scripturas
1168 2726 1357 2795 legunt
1386 2732 1439 2779 et
1465 2723 1720 2791 audiunt,

130 2812 187 2867 id
223 2822 328 2882 est,
368 2827 606 2869 mentem
637 2814 705 2869 ad
743 2830 929 2870 earum
970 2813 1390 2885 intelligentiam
1421 2828 1723 2868 accommo-

130 2902 303 2969 dant;
358 2902 451 2957 sed
481 2902 607 2957 ideo
654 2902 873 2957 divinas
912 2902 1222 2974 Scripturas
1267 2902 1509 2970 discunt,
1539 2910 1601 2957 ut
1630 2918 1726 2957 sa-

133 2992 350 3064 pientes
379 2998 432 3047 et
480 2992 679 3063 egregii
727 2992 871 3063 apud
920 2991 1171 3047 homines
1219 2991 1540 3061 habeantur,
1586 2992 1725 3047 etin

133 3082 329 3137 saeculi
360 3082 776 3154 prosperitatem
810 3082 1058 3149 ﬂoreant,
1099 3098 1207 3137 non
1240 3090 1301 3136 ut
1329 3082 1500 3137 vitam
1530 3098 1728 3154 repro-

133 3169 262 3226 ham
295 3172 594 3243 corrigant.
620 3170 724 3226 Sed
748 3170 891 3227 beati
920 3187 1029 3227 non
1059 3178 1209 3239 sunt,
1238 3170 1366 3243 quia
1390 3170 1726 3242 Scripturam

133 3260 386 3317 divinam
430 3278 539 3317 non
571 3278 670 3334 pro
698 3277 883 3317 amore
912 3261 1031 3326 Dei,
1075 3261 1167 3317 sed
1198 3277 1296 3333 pro
1326 3277 1509 3317 amore
1542 3260 1724 3317 saeculi
1764 3296 1808 3356 Ο

138 3349 481 3407 didicerunt.
526 3352 603 3406 De
637 3351 836 3406 talibus
865 3349 1001 3407 dicit
1032 3349 1293 3423 propheta
1326 3368 1337 3405 :
1405 3375 1422 3397 ι
1448 3350 1729 3421 Sapientes

136 3447 201 3495 ut
255 3439 464 3496 faciant
520 3439 683 3508 mala,
751 3440 887 3496 bene
948 3448 1128 3495 autem
1188 3440 1365 3495 facere
1418 3441 1731 3497 nescierunt

141 3531 358 3601 (Jerem.
384 3548 458 3599 tv,
488 3530 603 3600 22).
629 3555 647 3577 ι
688 3530 761 3584 Et
788 3529 1057 3585 Dominus
1086 3529 1145 3584 in
1173 3529 1473 3601 Evangelia
1494 3530 1552 3585 in
1581 3546 1730 3601 para-

139 3620 268 3676 bola
294 3619 617 3675 seminantis
644 3619 889 3691 loquitur
913 3662 928 3687 ,
956 3618 1143 3675 dicens
1167 3638 1178 3674 :
1228 3644 1245 3666 ι
1274 3619 1431 3686 Quod
1460 3629 1639 3676 autem
1674 3620 1730 3675 in

140 3710 320 3782 spinis
348 3708 571 3774 cecidit,
628 3708 667 3764 ii
697 3717 826 3765 sunt
855 3708 951 3781 qui
977 3708 1292 3777 audierunt,
1331 3715 1384 3763 et
1410 3725 1438 3763 a
1468 3708 1733 3765 sollicitu-

144 3799 373 3855 dinibus
401 3806 456 3853 et
484 3796 863 3869 voluptatibus
902 3797 1029 3853 vitae
1060 3805 1250 3853 euntes
1280 3798 1639 3864 suffocantur,
1681 3805 1736 3854 et

151 3906 264 3945 non
291 3889 539 3944 referunt
568 3889 806 3945 fructum
841 3890 991 3959 (Luc.
1023 3905 1143 3956 VIII,
1180 3888 1291 3960 14).
1316 3913 1332 3935 ι
1368 3889 1456 3944 Illi
1479 3905 1606 3960 ergo
1630 3888 1732 3945 soli

146 3979 294 4035 beati
315 3987 463 4047 sunt,
488 3978 583 4050 qui
616 3977 739 4033 ideo
770 3976 1024 4033 mandata
1048 3977 1144 4033 Dei
1167 3977 1390 4033 student
1414 3977 1641 4045 discere,
1674 3985 1736 4033 ut

144 4070 394 4137 audiant,
427 4069 483 4125 id
512 4076 614 4137 est,
644 4068 701 4123 in
732 4076 914 4125 mente
942 4067 1278 4125 recondant:
1321 4068 1444 4123 ideo
1474 4069 1531 4124 in
1555 4075 1736 4124 mente

144 4158 476 4225 recondunt,
516 4164 578 4213 ut
603 4173 765 4229 opere
796 4158 1062 4229 impleant
1089 4175 1101 4213 :
1137 4157 1260 4212 ideo
1289 4174 1451 4229 opere
1481 4158 1735 4230 implent,

146 4256 208 4303 ut
269 4256 527 4303 aeternam
584 4247 981 4303 beatitudinem
1034 4255 1393 4320 assequantur
1438 4266 1449 4305 :
1518 4250 1737 4318 Tempus

146 4340 286 4393 enim
310 4354 478 4407 prope
506 4343 597 4390 est.
648 4336 885 4407 Tempus
932 4337 1193 4393 videlicet
1231 4337 1429 4408 judicii
1464 4357 1476 4395 :
1526 4355 1652 4395 nam
1691 4339 1737 4394 si

148 4435 368 4497 tempus
413 4424 481 4479 ab
527 4423 769 4478 adventu
797 4424 1022 4479 Domini
1050 4441 1221 4497 usque
1250 4426 1317 4481 ad
1348 4427 1512 4481 ﬁnem
1543 4428 1736 4483 mundi

150 4522 277 4571 ante
303 4513 491 4569 oculos
520 4527 710 4583 ponas,
744 4512 966 4583 longum
1000 4512 1281 4580 invenies;
1312 4514 1404 4568 sed
1438 4513 1493 4568 in
1523 4531 1736 4587 compa-

153 4605 362 4661 ratione
390 4602 635 4675 priorum
666 4611 994 4674 temporum,
1018 4602 1182 4658 breve
1212 4610 1310 4658 est.

226 4704 407 4773 (Vers.
450 4700 531 4773 4.)
569 4701 797 4756 Joannes
844 4706 1030 4771 septem
1083 4700 1331 4757 Ecclesiis
1376 4717 1493 4771 quae
1536 4710 1657 4757 sunt
1690 4704 1746 4758 in

155 4793 308 4848 Asia.
342 4792 532 4847 Gratia
574 4790 717 4844 vobis
755 4798 803 4844 et
823 4808 937 4861 pax
965 4791 1031 4845 ab
1060 4808 1137 4858 eo,
1167 4790 1260 4860 qui
1283 4797 1377 4856 est,
1405 4791 1497 4861 qui
1532 4797 1664 4859 erat,
1694 4800 1742 4847 et

156 4882 246 4953 qui
272 4888 524 4935 venturus
552 4886 644 4935 est.
675 4880 776 4935 Per
803 4886 1008 4951 septem
1038 4880 1327 4947 Ecclesias,
1360 4896 1469 4935 una
1499 4880 1742 4935 Ecclesia

158 4969 426 5027 catholica
455 4969 803 5041 designatur:
836 4976 1057 5041 propter
1083 4975 1285 5041 septem
1314 4968 1574 5025 videlicet
1597 4968 1742 5025 dona

158 5061 394 5133 Spiritus
417 5060 615 5128 s'aucti,
643 5059 845 5132 quibus
873 5059 1145 5115 illustrata
1172 5060 1226 5114 in
1255 5060 1461 5115 mundo
1487 5060 1735 5132 refulget.

161 5151 286 5206 Asia
335 5151 478 5205 elata
515 5150 942 5222 interpretatur;
1001 5150 1131 5221 quia
1172 5148 1317 5204 inter
1364 5150 1534 5206 elatos
1576 5149 1740 5224 hujus

161 5239 342 5295 saeculi
375 5238 626 5295 Christus
666 5237 1081 5295 multitudinem
1112 5236 1358 5292 ﬁdelium
1391 5237 1627 5307 invenit,
1670 5256 1738 5295 ex

162 5329 357 5402 quibus
388 5329 689 5385 Ecclesiam
716 5346 867 5385 suam
891 5327 1199 5385 fabricavit.
1228 5329 1299 5383 Et
1322 5328 1591 5400 perpende
1613 5328 1741 5401 quia

164 5425 305 5475 totus
333 5416 425 5475 hic
457 5418 596 5474 liber
622 5419 681 5475 in
709 5419 1015 5492 septenario
1044 5434 1275 5474 numero
1301 5415 1574 5486 consistit,
1597 5417 1741 5474 sicut

164 5580 173 5593 ‘
236 5574 313 5659 (2)
349 5574 507 5659 Rom.
540 5572 673 5659 edit.
706 5572 846 5659 hinc
864 5580 1226 5646 expunxerat,
1264 5570 1739 5659 Gratiapobis...”

167 5645 252 5720 qui
277 5645 526 5720 uenturus
551 5652 658 5701 est:
704 5646 850 5717 quod
889 5645 994 5720 nos
1015 5661 1084 5720 est
1130 5662 1257 5701 mss.
1295 5662 1357 5700 ac
1394 5645 1744 5720 G_i|l_.__resti-;

169 5715 387 5775 fuimus.
438 5719 575 5790 Cum
608 5715 788 5790 autem
827 5734 953 5790 non,
980 5717 1355 5790 infrequenter
1397 5715 1743 5790 simili_a_sib_i

172 5790 469 5866 permiserit
496 5788 555 5845 in
583 5788 814 5846 testibus
841 5786 1159 5861 Scriptura);
1206 5788 1394 5845 eadem
1426 5803 1458 5843 a
1486 5786 1646 5843 nobis
1674 5786 1740 5843 ad

1825 2011 2059 2058 nentes:
2099 2001 2157 2056 in
2204 2001 2398 2073 quinta
2442 2007 2646 2072 septem
2695 1999 2898 2055 iterum
2942 1997 3119 2070 angeli
3150 1997 3257 2053 visi
3284 2005 3415 2053 sunt

1825 2090 2039 2165 phialas
2067 2090 2331 2146 habentes
2366 2107 2376 2143 :
2410 2089 2468 2145 in
2498 2096 2655 2145 sexta
2685 2088 3012 2144 resurrectio
3042 2085 3409 2144 describitur:

1828 2179 1884 2234 in
1914 2179 2146 2250 septima
2176 2178 2349 2251 gloria
2375 2186 2691 2234 sanctorum
2722 2177 2781 2232 in
2809 2177 2983 2250 ﬁgura
3002 2176 3244 2234 civitatis
3263 2177 3414 2233 Jeru-

1825 2267 1992 2324 salem
2024 2266 2091 2323 de
2121 2268 2260 2324 coelo
2288 2266 2669 2323 descendentis
2692 2265 3120 2322 demonstratur.

1900 2376 2082 2447 (Vers.
2106 2375 2186 2447 5.)
2218 2374 2300 2447 (2)
2334 2374 2525 2431 Gratia
2548 2375 2693 2430 vobis
2713 2381 2760 2429 et
2781 2392 2896 2445 pax
2918 2373 2984 2429 ab
3013 2390 3092 2443 eo,
3113 2375 3204 2445 qui
3225 2378 3420 2440 erat,et

1828 2464 1920 2536 qui
1963 2470 2054 2532 est,
2104 2470 2151 2519 et
2178 2464 2270 2534 qui
2308 2471 2560 2519 venturus
2606 2470 2698 2532 est,
2745 2470 2854 2517 eta
2883 2469 3071 2533 septem
3121 2462 3417 2533 spiritibus,

1828 2554 1920 2624 qui
1949 2553 2002 2606 in
2031 2560 2301 2624 conspectu
2344 2553 2519 2607 throni
2546 2551 2657 2621 ejus
2686 2558 2828 2616 sunt,
2868 2556 2916 2605 et
2954 2569 2989 2605 a
3029 2552 3151 2605 Jesu
3185 2550 3415 2616 Christo,

1830 2640 1921 2712 qui
1950 2648 2022 2695 est
2053 2641 2191 2696 testis
2222 2641 2409 2712 ﬁdelis.
2443 2640 2545 2695 Hic
2568 2647 2682 2695 tota
2711 2639 2951 2694 Trinitas
2979 2637 3412 2703 demonstratur;
3489 2651 3496 2657 ’

1831 2745 1927 2801 per
1981 2745 2104 2783 eum
2165 2745 2400 2800 namque
2462 2727 2557 2800 qui
2609 2734 2742 2795 erat,
2802 2736 2855 2783 et
2905 2726 3001 2799 qui
3051 2733 3153 2795 est,
3212 2735 3266 2781 et
3320 2724 3416 2798 qui

1832 2828 2098 2875 venturus
2128 2826 2229 2886 est,
2279 2818 2441 2873 Pater
2469 2818 2804 2890 designatur.
2856 2818 2987 2872 Erat
3017 2832 3253 2889 namque
3296 2823 3421 2871 ante

1833 2907 2286 2964 constitutionem
2309 2907 2501 2963 mundi
2523 2907 2640 2963 sine
2662 2907 2777 2962 ullo
2798 2906 2989 2973 initio;
3015 2913 3095 2962 est
3117 2907 3280 2963 modo
3300 2914 3423 2978 post

1835 2998 2284 3055 constitutionem
2334 2998 2550 3066 mundi,
2595 3014 2786 3069 regens
2830 2997 3018 3052 omnia
3059 3013 3178 3069 quae
3217 2995 3424 3053 creavit

1838 3094 1891 3143 et
1920 3087 2227 3159 gubernans
2252 3106 2265 3155 ;
2311 3095 2576 3143 venturus
2602 3096 2685 3143 est
2715 3095 2837 3159 post
2865 3085 3031 3141 ﬁnem
3075 3084 3267 3142 mundi
3297 3102 3424 3141 cum

1837 3176 1980 3233 Filio
2018 3185 2071 3232 et
2100 3177 2309 3256 Spiritu
2339 3186 2547 3246 sancto,
2596 3184 2658 3233 ut
2703 3185 2890 3249 regnet
2919 3193 3045 3233 cum
3075 3176 3278 3232 sanctis
3311 3174 3427 3231 suis

1838 3267 1895 3321 in
1944 3267 2141 3322 saecula
2181 3266 2528 3323 saeculorum.
2580 3265 2682 3321 Per
2718 3274 2925 3336 septem
2969 3274 3153 3321 autem
3200 3261 3427 3335 spiritus

1838 3362 2058 3411 sanctus
2079 3356 2337 3427 Spiritus,
2361 3372 2423 3411 eo
2448 3352 2594 3427 quod
2615 3354 2687 3409 sit
2703 3352 3060 3425 septiformis,
3075 3352 3423 3423 intelligitur.

1838 3446 1910 3500 Et
1937 3444 2001 3499 ab
2030 3445 2153 3499 Jesu
2186 3445 2416 3511 Christo,
2451 3443 2542 3513 qui
2574 3450 2648 3497 est
2687 3443 2824 3497 testis
2866 3441 3058 3513 ﬁdelis.
3094 3441 3193 3496 Ille
3220 3440 3425 3496 veraci-

1839 3543 1922 3591 ter
1960 3534 2112 3590 testis
2142 3532 2321 3589 fidelis
2357 3532 2469 3588 dici
2497 3538 2693 3603 potest,
2725 3525 2826 3603 qui
2842 3530 3016 3586 nescit
3039 3528 3296 3586 mentiri:
3330 3530 3427 3601 qui

1839 3624 1984 3697 quod
2015 3624 2202 3679 electis
2224 3622 2340 3678 suis
2368 3620 2795 3678 misericorditer
2827 3619 3138 3692 repromisit
3183 3619 3301 3675 sine
3330 3618 3426 3675 du-

1839 3712 1933 3769 bio
1957 3712 2237 3785 implebit:
2264 3711 2359 3785 qui
2386 3727 2487 3767 nec
2507 3728 2652 3779 eum,
2677 3710 2771 3783 qui
2796 3709 3022 3767 calicem
3043 3708 3429 3793 aquze‘frigidae

1841 3803 2022 3876 egenti
2088 3802 2322 3870 dederit,
2392 3818 2423 3857 a
2484 3802 2731 3858 mercede
2795 3817 3030 3856 vacuum
3095 3798 3431 3871 derelinquit

1843 3893 2055 3966 (Matth.
2089 3909 2148 3960 x,
2180 3891 2271 3963 42)
2307 3909 2318 3946 :
2371 3890 2530 3963 cujus
2559 3890 2724 3946 verba
2752 3890 2826 3946 ita
2856 3890 2968 3944 ﬁxa
2996 3896 3339 3961 permanent,
3370 3894 3432 3942 ut

1843 3982 2059 4038 facilius
2079 3981 2151 4038 sit
2175 3982 2373 4037 caelum
2400 3989 2453 4037 et
2472 3988 2671 4035 terram
2696 3978 2754 4034 in
2774 3979 3012 4035 nihilum
3040 3976 3233 4048 redigi,
3266 3992 3431 4049 quam

1843 4070 2054 4144 aliquid
2079 4070 2359 4126 immutari
2388 4086 2457 4125 ex
2483 4069 2743 4125 omnibus
2770 4084 2891 4141 quae
2929 4086 2984 4124 se
3014 4066 3288 4123 facturum
3318 4082 3433 4122 esse

1845 4161 2123 4235 praedixit.
2165 4160 2550 4231 Primogenitus
2591 4165 2943 4226 mortuorum,
2987 4163 3035 4212 et
3064 4158 3310 4229 princeps
3340 4172 3435 4209 re-

1843 4268 1965 4323 gum
1996 4258 2167 4306 terrm.
2225 4248 2511 4317 Quomodo
2559 4248 2810 4306 Christus
2852 4245 3247 4319 primogenitus
3278 4259 3434 4299 mor-

1850 4352 2068 4399 tuorum
2097 4341 2320 4410 dicitur,
2364 4358 2490 4398 cum
2535 4340 2648 4413 ipse
2674 4340 2730 4395 in
2769 4338 2878 4394 ﬁne
2908 4346 3213 4409 temporum
3246 4335 3318 4390 sit
3342 4351 3434 4389 na.

1846 4439 1956 4499 tus,
1986 4430 2392 4503 adventumque
2421 4430 2539 4502 ejus
2559 4427 2980 4485 innumerabilis
3012 4423 3309 4481 multitudo
3339 4421 3435 4478 ho-

1847 4521 2060 4585 minum
2108 4520 2490 4592 praecesserit?
2539 4518 2643 4574 Sed
2691 4514 3086 4590 primogenitus
3128 4528 3226 4583 pro
3256 4510 3434 4583 primo

1847 4610 2071 4682 ponitur
2102 4610 2205 4682 (3),
2257 4609 2402 4666 sicut
2447 4608 2654 4680 primos
2696 4607 2753 4660 in
2785 4603 2986 4677 populo
3019 4618 3111 4657 eos
3153 4616 3432 4665 vocamus,

1853 4699 1946 4772 qui
1975 4716 2085 4755 non
2112 4707 2288 4767 etate,
2322 4697 2410 4753 sed
2444 4697 2650 4751 honore
2698 4703 2751 4750 et
2791 4692 3056 4765 dignitate
3095 4697 3317 4745 cmteros
3342 4704 3433 4743 an-

1846 4790 2131 4845 tecellunt.
2184 4789 2384 4845 Mortui
2416 4796 2596 4843 autem
2630 4784 2731 4857 ipsi
2763 4790 2909 4849 sunt,
2951 4781 3017 4836 de
3048 4780 3247 4853 quibus
3278 4782 3437 4850 Apo-

1849 4879 2023 4933 stolus
2052 4877 2317 4950 loquitur,
2351 4876 2539 4932 dicens
2564 4893 2575 4930 :
2622 4898 2639 4919 ι
2662 4871 2863 4929 Mortui
2890 4869 3037 4925 enim
3068 4869 3217 4936 estis,
3244 4875 3296 4924 et
3324 4868 3438 4925 vita

1848 4975 2031 5022 vestra
2062 4966 2383 5023 abscondita
2413 4972 2493 5019 est
2520 4980 2646 5019 cum
2679 4960 2898 5019 Christo
2940 4959 2995 5014 in
3043 4960 3156 5014 Deo
3201 4958 3434 5029 (Coloss.

1853 5076 1934 5126 nt,
1968 5057 2048 5129 3).
2090 5082 2107 5104 ι
2167 5053 2571 5127 Primogenitus
2611 5070 2737 5126 ergo
2790 5060 3134 5108 mortuorum
3185 5049 3437 5107 Christus

1847 5157 1951 5216 est,
1974 5146 2103 5222 quia
2124 5146 2239 5219 ipse
2259 5152 2338 5201 est
2362 5144 2592 5216 primus,
2612 5152 2665 5200 et
2685 5150 2847 5216 caput
2866 5142 3115 5198 cautium
3138 5141 3438 5196 electorum

1848 5258 2075 5297 suorum
2112 5259 2124 5296 :
2172 5240 2423 5309 Princeps
2454 5254 2631 5308 regum
2663 5243 2834 5291 terra.
2887 5237 3001 5292 Rex
3028 5251 3060 5291 a
3090 5233 3326 5306 regendo
3357 5234 3435 5291 di-

1847 5330 2018 5397 citur;
2071 5345 2166 5401 per
2213 5346 2362 5400 reges
2407 5343 2534 5399 ergo
2572 5326 2803 5398 apostoli
2833 5333 2887 5381 et
2917 5323 3097 5381 caeteri
3146 5323 3320 5379 sancti
3348 5323 3439 5379 de-

1848 5419 2155 5493 signantur,
2190 5417 2285 5491 qui
2321 5423 2376 5473 et
2418 5415 2738 5489 semetipsos
2768 5424 2821 5471 et
2860 5412 2999 5469 alios
3044 5428 3228 5485 regere
3257 5429 3439 5469 nove-

1849 5569 2014 5627 ﬁdem
2044 5587 2172 5627 mss.
2208 5578 2262 5627 et
2290 5569 2423 5626 edit.
2457 5569 2587 5625 Gill.
2619 5568 2996 5625 restituentur.
3090 5638 3093 5639 γ
3206 5637 3212 5639 Α
3406 5630 3416 5639 ,

1923 5644 2004 5715 (3)
2046 5644 2126 5699 Ita
2144 5660 2316 5715 mss.;
2349 5650 2404 5697 at
2430 5641 2563 5697 edit.
2596 5658 2625 5697 e
2650 5641 2926 5715 contrario
2955 5659 2966 5697 :
3000 5638 3099 5698 Sed
3122 5637 3413 5711 primogeni

1853 5713 1940 5769 tus
1958 5713 2179 5787 proprie
2204 5720 2533 5771 mortuorum
2556 5713 2798 5784 ponitur.
