3970 6384
579 413 684 468 847

1595 414 1692 469 AD
1730 412 1964 469 OPEBA
1999 411 2056 468 S.
2093 409 2426 470 AMBROSII
2467 410 2850 468 APPENDIX.
3776 410 3870 467 811-8

577 543 710 593 runt
741 553 754 593 :
801 551 897 608 per
925 543 1123 593 terram
1154 544 1338 593 autem
1386 535 1631 593 Ecclesia
1677 536 2010 610 designatur.
2063 537 2167 605 Qui
2198 539 2248 598 A
2271 535 2374 592 bus
2401 535 2506 592 fuit
2533 535 2813 608 apostolus
2841 533 3063 590 Paulus.
3105 534 3178 589 Et
3201 533 3453 604 plunge-nt
3487 549 3539 587 se
3565 548 3733 606 super
3759 551 3868 589 eum

575 623 769 679 dilexit
794 641 909 687 nos.
939 631 988 680 et
1015 625 1147 681 lavit
1174 642 1271 680 nos
1301 643 1337 681 a
1363 625 1582 697 peccatis
1610 626 1806 681 nostris
1834 627 1892 680 in
1917 627 2172 698 sanguine

579 729 694 768 suo.
743 711 888 786 Ergo
931 713 1062 788 quia
1097 714 1314 782 dilexit,
1363 714 1544 794 lavit:
1589 723 1642 770 et
1670 713 1803 787 quid
1835 715 1938 772 ista
1965 715 2170 772 lavatio

580 798 740 856 nobis
765 800 1027 868 contulit,
1061 802 1346 874 sequentia
1377 801 1749 858 manifestam.

652 889 834 960 (Vers.
864 889 946 962 6.)
997 892 1068 946 Et
1095 889 1220 961 fecit
1247 909 1341 946 nos
1379 909 1596 962 regnum
1647 898 1694 946 et
1735 891 2030 947 sacerdotes
2061 893 2170 947 Deo

577 986 624 1034 et
651 979 828 1035 Patri.
862 981 1106 1050 Regnum
1133 981 1232 1036 Dei
1263 981 1508 1044 Ecclesia.
1531 981 1631 1038 Dei
1657 982 1861 1038 dicitur
1894 1000 1904 1037 :
1939 998 2167 1052 regnum

578 1084 706 1140 ergo
734 1067 834 1124 Dei
865 1085 933 1123 ex
964 1068 1284 1125 hominibus
1314 1068 1567 1126 Christus
1595 1073 1740 1126 Deus
1768 1070 1920 1136 fecit,
1951 1069 2170 1143 quando

577 1171 670 1211 eos
708 1155 840 1211 tales
888 1155 1195 1225 constituit,
1246 1156 1304 1212 in
1351 1158 1553 1231 quibus
1599 1158 1713 1230 ipse
1761 1175 1886 1214 cum
1928 1159 2086 1212 Patre
2118 1165 2172 1213 et

577 1243 786 1316 Spiritu
835 1255 1026 1304 sancto
1077 1247 1390 1304 inhabitare
1446 1256 1502 1304 et
1555 1264 1780 1321 regnare
1827 1247 2166 1319 dignaretur.

574 1333 711 1390 Nam
740 1335 835 1409 qui
864 1335 1223 1410 designantur
1251 1354 1346 1410 per
1375 1353 1624 1410 regnum,
1657 1337 1760 1409 ipsi
1789 1345 1843 1393 et
1875 1353 1970 1409 per
1999 1352 2170 1392 sacer-

575 1423 766 1482 dotes:
799 1425 1106 1484 sacerdotes
1133 1444 1262 1500 ergo
1292 1429 1392 1485 Dei
1413 1428 1574 1484 electi
1607 1427 1899 1494 dicuntur;
1934 1443 1998 1484 eo
2022 1425 2170 1499 quod

577 1517 824 1573 membra
860 1517 974 1572 sint
1019 1517 1221 1572 summi
1273 1513 1600 1586 Sacerdotis,
1653 1518 1721 1574 de
1751 1534 1858 1590 quo
1887 1517 2172 1571 Psalmista

578 1607 845 1680 loquitur,
877 1606 1068 1663 dicens
1109 1625 1121 1662 :
1183 1631 1202 1654 ε
1230 1607 1312 1662 Tu
1343 1624 1400 1662 es
1427 1606 1681 1663 sacerdos
1709 1607 1766 1661 in
1797 1614 2062 1661 aeternum
2093 1621 2170 1661 se-

578 1694 820 1752 cundum
851 1693 1103 1750 ordinem
1132 1693 1535 1751 Melchisedech
1569 1695 1869 1766 (Psal.cnx,
1890 1691 1969 1764 4).
1995 1719 2012 1741 ι
2046 1692 2172 1748 Pos-

577 1791 707 1840 sunt
725 1789 779 1838 et
800 1781 963 1838 aliter
982 1781 1144 1838 electi
1169 1782 1269 1838 Dei
1288 1782 1596 1840 sacerdotes
1618 1783 1714 1837 Dei
1737 1781 1873 1838 dicit
1895 1799 1908 1848 ;
1941 1798 2006 1838 eo
2027 1781 2172 1853 quod

2277 639 2451 678 omnes
2499 623 2669 679 tribus
2709 630 2881 678 terrae.
2928 623 3030 676 Per
3073 637 3263 677 omnes
3302 619 3479 676 tribus
3509 629 3668 677 terrae
3698 623 3870 678 omnis

2280 714 2582 769 multitudo
2631 713 2874 785 gentium
2916 719 3095 784 potest
3141 709 3396 780 intelligi,
3440 727 3560 783 quae
3607 710 3678 766 ad
3708 711 3870 768 Chri-

2279 809 2424 857 stum
2469 818 2735 858 conversa
2763 809 2888 856 est:
2939 817 3060 874 quae
3106 799 3351 873 quotidie
3389 799 3447 854 in
3493 800 3746 857 Ecclesia
3780 801 3872 856 Dei

2283 891 2464 962 posita
2493 890 2710 970 plangit
2737 897 2958 962 peccata
2985 906 3102 958 sua,
3147 896 3208 944 ut
3236 888 3452 944 veniam
3481 905 3512 944 a
3539 891 3654 945 Deo
3681 905 3872 945 conse-

2289 977 2383 1051 qui
2417 985 2707 1033 mereatur.
2761 979 2943 1033 Etiam
2979 986 3139 1050 atque
3169 995 3343 1046 ainen,
3381 978 3732 1034 conﬁrmatio
3761 996 3875 1033 ser-

2281 1065 2462 1121 monis
2495 1073 2598 1121 est.

2355 1156 2539 1228 (Vers.
2571 1155 2654 1226 8.)
2703 1157 2824 1227 Ego
2867 1173 2984 1211 sum
3027 1156 3074 1211 A
3113 1163 3163 1210 et
3214 1157 3279 1224 ρ.
3323 1155 3470 1224 Quid
3516 1157 3589 1214 sit
3639 1157 3803 1230 alpha
3829 1167 3878 1213 et

2280 1261 2487 1316 omega,
2532 1245 2816 1317 sequentia
2855 1245 3254 1302 manifestam:
3308 1245 3364 1302 id
3412 1253 3512 1315 est,
3554 1247 3878 1319 principium

2279 1340 2326 1387 et
2353 1334 2476 1406 ﬁnis
2529 1335 2684 1390 Sicut
2713 1335 2830 1407 ipse
2859 1335 3007 1391 dixit
3035 1335 3237 1391 ludatis
3269 1351 3280 1389 :
3333 1361 3349 1382 ι
3375 1337 3488 1410 Ego
3521 1337 3874 1409 principium,

2280 1423 2373 1495 qui
2405 1433 2457 1480 et
2489 1425 2686 1496 loquor
2715 1424 2874 1479 vobis
2908 1425 3089 1496 (Joan.
3123 1441 3244 1494 VIII,
3276 1424 3392 1496 25).
3423 1450 3442 1473 ι
3503 1426 3688 1482 Potest
3718 1428 3876 1482 etiam

2279 1513 2530 1570 Salvator
2577 1522 2768 1570 noster
2801 1515 3135 1586 principium
3170 1515 3293 1572 ideo
3321 1515 3455 1585 dici,
3503 1534 3567 1573 eo
3593 1517 3743 1591 quod
3774 1517 3880 1590 ipse

2280 1603 2352 1659 sit
2393 1603 2749 1676 principium,
2798 1603 2856 1661 id
2901 1613 2983 1661 est
3023 1613 3234 1662 creator
3281 1607 3494 1679 generis
3535 1607 3791 1676 humani,
3831 1616 3880 1664 et

2279 1701 2468 1750 auctor
2497 1693 2690 1750 salutis
2727 1711 2738 1748 :
2792 1693 2923 1750 ﬁnis
2952 1703 3158 1764 autem,
3202 1695 3329 1768 quia
3361 1695 3476 1768 ipse
3509 1705 3591 1752 est
3639 1697 3773 1752 ﬁnis
3801 1696 3880 1752 le-

2281 1782 2382 1854 gis,
2415 1782 2543 1838 ﬁnis
2573 1783 2789 1852 mortis,
2813 1783 3104 1857 omnisque
3133 1784 3620 1856 praevaricationis.
3657 1787 3766 1854 Qui
3793 1792 3880 1851 est,

577 1868 898 1942 semetipsos
947 1867 1199 1942 quotidie
1229 1885 1327 1942 per
1377 1869 1861 1941 compunctionem
1907 1867 2090 1924 cordis
2117 1876 2170 1922 et
2202 1889 2246 1950 Β
2279 1877 2326 1925 et
2351 1873 2443 1942 qui
2469 1879 2604 1940 erat,
2633 1879 2680 1928 et
2709 1873 2805 1944 qui
2835 1881 3090 1929 venturus
3119 1879 3194 1928 est
3219 1874 3565 1945 omnipotens.
3592 1875 3693 1931 Est
3725 1875 3882 1931 modo

577 1958 874 2028 orationes,
903 1965 1206 2032 caeteraque
1232 1957 1380 2014 bona
1409 1973 1573 2033 opera
1597 1957 1828 2014 offerant
1856 1958 1988 2025 Deo,
2029 1957 2187 2023 sicut

577 2048 716 2106 dicit
743 2047 1035 2104 Psalmista
1067 2065 1079 2104 :
1127 2069 1145 2094 α
1185 2045 1528 2104 Sacriﬁcium
1553 2049 1666 2104 Deo
1691 2046 1918 2119 spiritus
1956 2045 2176 2101 contri-

577 2137 800 2196 bulatus
841 2138 1012 2210 (Psal.
1055 2154 1108 2206 ι,
1144 2136 1256 2208 19).
1313 2160 1332 2186 ι
1375 2137 1476 2194 Est
1519 2144 1574 2193 et
1599 2135 1932 2194 sacriﬁcium
1973 2132 2170 2202 laudis,

579 2227 726 2302 quod
757 2225 1002 2301 quotidie
1031 2225 1226 2284 oﬂ‘erre
1253 2228 1368 2284 Deo
1389 2236 1576 2284 sancta
1601 2225 1845 2283 Ecclesia
1864 2221 2168 2290 consuevit,

578 2316 646 2374 de
675 2334 782 2392 quo
815 2317 959 2374 idem
1013 2317 1286 2390 Propheta
1332 2315 1581 2389 loquitur
1605 2313 1794 2370 dicens
1832 2331 1844 2370 :
1895 2336 1913 2359 ε
1944 2310 2174 2367 Immola

579 2409 692 2464 Deo
721 2405 1054 2463 sacriﬁcium
1077 2405 1259 2462 laudis
1281 2404 1456 2476 (Psat.
1477 2419 1632 2468 χιιι,
1654 2401 1764 2472 14).
1796 2427 1814 2450 ι
1842 2402 1914 2456 Ει
1935 2399 2167 2456 iterum:

592 2521 612 2544 α
635 2495 977 2554 Sacriﬁcium
1009 2493 1189 2550 laudis
1227 2490 1618 2548 honoriﬁcahit
1665 2507 1751 2546 me
1791 2489 1952 2557 (Ibid.
1984 2489 2099 2560 23).
2139 2512 2158 2536 ι

649 2584 833 2657 (Vers.
870 2583 950 2655 7.)
988 2585 1120 2638 Ecce
1159 2580 1299 2634 venit
1325 2595 1442 2634 cum
1468 2578 1719 2647 nubibus,
1766 2585 1814 2632 et
1841 2577 2031 2633 videbit
2057 2595 2174 2633 eum

573 2673 745 2730 omnis
773 2673 980 2738 oculus,
1010 2670 1057 2724 ei
1081 2668 1175 2739 qui
1201 2685 1317 2723 eum
1343 2673 1698 2740 pupugerunt.
1725 2667 1921 2723 Veniet
1943 2666 2011 2722 ad
2026 2665 2173 2738 judi-

575 2763 725 2820 cium
753 2778 880 2819 cum
929 2756 1188 2824 nubibus,
1221 2756 1365 2813 sicut
1392 2755 1528 2813 dicit
1570 2755 1684 2828 ipse
1715 2756 1773 2812 in
1819 2756 2122 2828 Evangelio
2155 2773 2168 2812 :

593 2873 612 2898 ι
644 2852 717 2907 Et
746 2858 882 2906 tunc
927 2846 1195 2904 videbunt
1239 2846 1444 2902 Filium
1498 2845 1742 2902 hominis
1772 2845 2081 2902 venientem
2113 2845 2172 2902 in

578 2943 821 3000 nubibus
849 2957 974 2998 cum
1013 2945 1281 3011 potestate
1326 2953 1521 3010 magna
1549 2945 1604 2994 et
1641 2937 1920 3010 majestate
1956 2939 2168 3010 (Matth.

580 3048 738 3101 xxrv,
770 3031 886 3102 30).
919 3055 937 3078 ι
980 3027 1085 3084 Sed
1123 3027 1398 3100 quomodo
1431 3043 1557 3082 eum
1590 3027 1770 3082 omnis
1799 3028 1994 3084 oculus
2023 3027 2172 3082 vide-

583 3120 687 3187 bit,
715 3135 840 3176 cum
869 3117 1150 3188 Scriptura
1179 3115 1327 3172 dicat
1361 3133 1373 3170 :
1423 3140 1442 3163 ι
1473 3115 1720 3170 'l‘ollatur
1747 3113 1970 3186 impius,
1995 3131 2064 3170 ne
2092 3115 2173 3170 vi-

581 3205 708 3263 deat
733 3205 960 3279 gloriam
1004 3203 1102 3260 Dei
1153 3204 1287 3276 (Isa.
1319 3219 1477 3272 xxvr,
1513 3202 1623 3273 10).
1658 3228 1676 3252 ι
1722 3203 2003 3260 Videbunt
2046 3219 2171 3258 eum

581 3294 739 3367 impii
769 3293 837 3350 ad
865 3291 1146 3350 sinistram
1178 3291 1237 3347 in
1260 3290 1476 3369 judicio
1503 3291 1788 3348 constituti
1819 3290 1956 3348 inea
1973 3291 2169 3362 forma,

580 3406 690 3464 qua
717 3391 776 3446 in
804 3389 1012 3446 mundo
1041 3388 1371 3445 constitutus
1401 3387 1470 3444 ab
1504 3385 1823 3444 hominibus
1847 3385 2028 3443 videri
2065 3404 2173 3461 p0-

583 3480 726 3547 tuit;
773 3477 868 3535 sed
896 3495 1008 3535 non
1040 3477 1098 3533 in
1129 3495 1213 3548 ea,
1243 3493 1349 3550 qua
1380 3479 1523 3534 Deus
1557 3483 1639 3534 est
1667 3496 1678 3534 :
1719 3475 1856 3549 justi
1893 3485 2075 3532 autem
2115 3477 2172 3532 in

581 3585 644 3626 ea
672 3567 921 3626 claritate
951 3585 1075 3624 eum
1105 3567 1394 3636 videbunt,
1431 3583 1538 3639 qua
1579 3566 1742 3622 modo
1772 3565 1830 3621 in
1859 3565 2173 3622 coelestibus

581 3655 748 3731 positi
777 3672 904 3713 eum
934 3657 1149 3726 vident,
1183 3663 1236 3712 et
1265 3655 1442 3712 visuri
1473 3663 1601 3711 sunt
1629 3663 1751 3728 post
1779 3653 1945 3711 finem
1975 3652 2171 3710 mundi

583 3749 642 3804 in
670 3753 1015 3820 perpetuum.
1049 3747 1152 3803 Sed
1181 3755 1236 3804 et
1263 3746 1368 3818 ipsi
1399 3745 1494 3818 qui
1523 3761 1650 3801 eum
1680 3751 2051 3818 pupugerunt,
2081 3759 2170 3799 ve-

585 3835 712 3902 lint,
748 3834 950 3902 nolint,
1001 3834 1188 3890 videre
1233 3833 1633 3906 compellentur
1665 3852 1676 3890 :
1727 3833 1884 3907 impii
1916 3833 2173 3890 videlicet

583 3925 781 3994 Judaei,
821 3925 913 3998 qui
943 3941 1067 3982 eum
1097 3923 1531 3991 cruciﬁxerunt;
1573 3932 1635 3980 ut
1662 3923 1837 3981 sciant
1861 3940 2022 3996 quem
2052 3923 2173 3978 irri-

584 4023 794 4083 serunt,
826 4013 968 4070 sicut
997 4013 1260 4085 scriptum
1291 4020 1372 4070 est
1404 4012 1459 4068 in
1490 4012 1788 4084 Evangelio
1815 4032 1863 4070 :-
1887 4012 2170 4069 Videbunt

586 4106 645 4161 in
674 4121 836 4178 quem
864 4104 1262 4162 transﬁxerunt
1293 4107 1610 4178 (Joan.x1x,
1643 4106 1758 4178 37).
1793 4131 1810 4155 ιι

659 4207 732 4262 Ει
755 4207 1005 4278 plangent
1033 4223 1084 4260 se
1113 4222 1269 4276 super
1297 4223 1412 4260 eum
1455 4223 1629 4261 omnes
1659 4207 1828 4260 tribus
1857 4212 2030 4262 terrae.
2077 4207 2180 4262 Per

587 4313 780 4354 omnes
806 4297 986 4353 tribus
1013 4305 1171 4354 terrae
1201 4295 1306 4352 soli
1337 4296 1552 4368 reprobi
1583 4297 1988 4370 intelliguntur.
2020 4298 2177 4352 Plan-

590 4394 718 4461 gent
749 4395 931 4444 autem
985 4403 1062 4456 se,
1112 4403 1212 4444 cur
1251 4394 1520 4460 praecepta
1569 4386 1668 4443 Dei
1711 4395 2176 4460 contempserunt,

589 4494 688 4534 cur
716 4483 938 4549 propter
967 4475 1135 4532 breve
1155 4475 1414 4548 gaudium
1443 4483 1758 4547 perpetuam
1788 4477 2070 4532 tristitiam
2097 4493 2180 4532 ac-

2284 1959 2342 2014 in
2373 1961 2578 2017 mundo
2613 1961 2917 2018 Ecclesiam
2951 1979 3106 2019 suam
3136 1979 3349 2035 regens,
3371 1971 3486 2020 erat
3513 1971 3638 2020 ante
3667 1965 3884 2021 consti-

2281 2051 2552 2108 tutionem
2592 2051 2786 2108 mundi
2811 2053 3148 2109 aeternaliter
3179 2070 3305 2111 cum
3335 2053 3493 2110 Patre
3524 2069 3879 2126 permanens;

2282 2146 2549 2195 venturus
2596 2147 2678 2195 est
2718 2139 2786 2196 ad
2829 2139 3132 2212 judicium,
3183 2147 3238 2199 et
3262 2140 3477 2214 judicet
3523 2143 3800 2200 mundum
3829 2142 3882 2197 in

2283 2226 2558 2299 aequitate.

2355 2324 2536 2396 (Vers.
2587 2325 2670 2396 9.)
2727 2325 2842 2394 Ego
2889 2327 3122 2382 Joannes
3165 2326 3342 2398 frater
3390 2335 3573 2398 vester,
3620 2335 3670 2386 et
3715 2330 3886 2384 sdcius

2278 2413 2339 2468 in
2367 2413 2729 2482 tribulatione,
2763 2419 2811 2467 et
2839 2430 3018 2484 regno,
3063 2422 3112 2470 et
3137 2417 3394 2486 patientia
3421 2419 3478 2472 in
3513 2420 3658 2474 Iesu.
3691 2418 3884 2474 Disci-

2282 2503 2440 2574 pulos
2467 2509 2625 2557 vocat
2667 2501 2880 2571 fratres,
2931 2502 3061 2576 quia
3099 2520 3210 2560 uno
3243 2504 3450 2562 Christi
3491 2507 3768 2579 sanguine
3799 2523 3886 2562 re-

2281 2591 2524 2662 dempti,
2586 2599 2640 2646 et
2696 2607 2806 2646 una
2864 2600 3036 2648 matre
3096 2593 3342 2648 Ecclesia
3399 2595 3642 2665 generati
3703 2605 3882 2651 erant.

2281 2679 2505 2736 Socium
2533 2695 2590 2736 se
2620 2696 2812 2738 eorum
2843 2679 2904 2734 in
2933 2681 3313 2752 persecutione
3341 2681 3506 2737 etiam
3548 2682 3715 2748 dicit,
3765 2684 3887 2758 quia

2282 2785 2471 2825 omnes
2501 2769 2778 2826 Ecclesias
2819 2769 3122 2826 Domitiani
3169 2771 3476 2842 persecutio
3513 2771 3881 2828 turbaverat:

2282 2857 2492 2914 socium
2524 2857 2582 2912 in
2625 2873 2817 2930 regno,
2870 2857 3000 2931 quia
3043 2867 3098 2914 et
3143 2874 3199 2914 se
3247 2859 3555 2914 membrum
3598 2861 3884 2929 Ecclesiae,

2283 2947 2424 3003 sicut
2449 2954 2502 3002 et
2533 2945 2642 3019 ipsi
2681 2954 2855 3015 erant,
2882 2963 3020 3018 quos
3048 2948 3160 3003 Deo
3188 2947 3536 3020 acquisierat,
3569 2947 3882 3005 fatebatur:

2283 3037 2492 3092 socium
2523 3053 2579 3092 se
2619 3053 2808 3092 eorum
2855 3037 3017 3092 etiam
3073 3037 3131 3092 in
3178 3037 3442 3110 patientia
3489 3044 3721 3094 testatus
3767 3047 3882 3104 est;

2282 3127 2411 3200 quia
2436 3135 2489 3183 et
2517 3127 2624 3199 ipsi
2671 3126 3060 3200 aequanimiter
3083 3127 3312 3184 adversa
3358 3127 3689 3197 tolerabant,
3745 3130 3886 3186 sicut

2281 3222 2336 3270 et
2363 3213 2479 3287 ipse
2519 3215 2614 3288 qui
2653 3232 2754 3287 pro
2805 3231 2990 3271 amore
3033 3215 3241 3274 Christi
3293 3215 3352 3271 in
3396 3216 3656 3273 Pathmos
3705 3215 3884 3272 insula

2282 3305 2551 3377 relegatus
2580 3305 2886 3361 tenebatur.

2357 3401 2539 3474 (Vers.
2575 3402 2689 3475 10.)
2739 3404 2844 3459 Fui
2870 3409 3043 3460 autem
3071 3404 3128 3458 in
3155 3404 3352 3476 spiritu
3391 3404 3448 3460 in
3474 3403 3757 3460 Dominica
3785 3405 3880 3460 die.

2283 3491 2347 3547 In
2375 3491 2573 3564 spiritu
2601 3509 2658 3548 se
2691 3492 2862 3549 fuisse
2889 3493 3048 3562 dicit,
3095 3493 3227 3566 quia
3265 3502 3417 3550 tanta
3449 3495 3738 3566 mysteria,
3769 3511 3882 3568 qua:

2283 3591 2610 3654 sequuntur,
2663 3599 2777 3639 non
2827 3583 3162 3652 carnalibus,
3214 3583 3308 3640 sed
3354 3583 3700 3656 spiritalibus
3749 3601 3884 3641 ocu-

2284 3671 2353 3727 lis
2401 3671 2576 3728 videri
2633 3681 2932 3744 poterant:
2993 3696 3012 3720 ι
3051 3673 3325 3730 Animalis
3363 3673 3510 3730 enim
3559 3673 3733 3730 homo
3779 3689 3881 3730 non

2285 3760 2515 3834 percipit
2541 3777 2606 3817 ea
2633 3777 2758 3834 quae
2791 3769 2920 3818 sunt
2951 3762 3178 3834 spiritus
3207 3763 3306 3819 Dei
3355 3763 3414 3834 (Ι
3441 3765 3566 3818 Cor.
3597 3780 3663 3830 ιι,
3701 3763 3816 3834 14).
3853 3787 3868 3810 ι

2283 3847 2573 3904 Dominica
2611 3857 2795 3905 autem
2843 3849 2962 3906 dies
3006 3857 3223 3922 tempus
3272 3850 3559 3922 Evangelii
3590 3849 3877 3923 designat;

2284 3935 2352 3992 de
2381 3953 2490 4010 quo
2520 3945 2766 4010 tempore
2795 3939 3091 4010 Apostolus
3121 3939 3367 4012 loquitur
3400 3940 3589 3997 dicens
3624 3958 3636 3997 :
3699 3966 3719 3989 ι
3750 3942 3880 3998 Ecce

2285 4039 2436 4082 nunc
2484 4033 2705 4100 tempus
2749 4027 3100 4100 acceptabile,
3159 4045 3284 4085 ecce
3330 4045 3480 4086 nunc
3529 4030 3651 4087 dies
3696 4031 3879 4087 salutis

2289 4117 2382 4188 (II
2416 4117 2540 4173 Cor.
2571 4134 2648 4186 vr,
2682 4115 2761 4188 2).
2795 4141 2813 4164 ι
2855 4118 2917 4172 In
2949 4133 3056 4189 quo
3087 4124 3328 4189 tempore
3359 4117 3641 4189 prophetae
3673 4128 3881 4192 myste-

2289 4204 2370 4261 ria
2419 4204 2612 4262 divina
2669 4205 2923 4278 gentibus
2973 4223 3088 4262 esse
3145 4205 3432 4278 pandenda
3482 4208 3878 4280 praedixerunt.

2289 4295 2362 4350 Et
2408 4293 2592 4349 audivi
2631 4301 2752 4365 post
2807 4313 2886 4349 me
2936 4312 3106 4350 vocem
3162 4303 3414 4366 tanquam
3463 4297 3600 4352 tuba:
3649 4298 3878 4354 dicentis.

2291 4381 2454 4450 Quasi
2485 4390 2606 4454 post
2635 4399 2735 4438 nos
2781 4393 2882 4453 est,
2928 4384 3074 4458 quod
3116 4385 3452 4457 ignoramus.
3493 4384 3725 4442 Aliter:
3769 4387 3880 4442 Vox

2291 4470 2514 4526 Domini
2553 4479 2675 4544 post
2705 4488 2804 4528 nos
2845 4480 2926 4528 est
2968 4472 3072 4546 (4),
3125 4473 3254 4546 quia
3283 4489 3385 4530 nos
3421 4474 3574 4546 quasi
3611 4476 3766 4532 servi
3794 4475 3882 4529 fu-

593 4567 920 4640 quisierunt.
957 4567 1134 4623 Aliter
1161 4583 1172 4622 :
1214 4568 1347 4622 Ecce
1373 4567 1510 4622 venit
1537 4584 1654 4622 cum
1682 4567 1924 4636 nubibus,
1957 4561 2184 4639 prissunt
2210 4607 2257 4664 D
2295 4559 2454 4632 gitivi
2483 4577 2673 4616 sumus
2697 4579 2708 4616 :
2733 4561 3002 4618 Dominus
3029 4569 3212 4618 autem
3243 4571 3366 4635 post
3393 4570 3604 4636 tergum
3637 4573 3881 4620 nostrum

591 4672 686 4730 per
716 4657 890 4713 nubes
920 4655 1153 4729 apostoli
1181 4655 1472 4728 caeterique
1515 4655 1897 4728 prmdicatores
1922 4657 2180 4729 intelligi.

592 4744 761 4803 Venit
787 4753 968 4802 autem
999 4761 1126 4801 cum
1158 4744 1418 4812 nubibus,
1451 4745 1672 4818 quando
1707 4761 1906 4800 nomen
1935 4742 2054 4817 cjus
2089 4761 2186 4817 per

592 4843 812 4891 sanctos
854 4834 1240 4906 praedicatores
1299 4834 1574 4890 universis
1620 4833 1872 4906 gentibus
1917 4833 2182 4892 innotuit.

594 4925 670 4979 Et
696 4924 885 4980 videbit
912 4941 1030 4978 eum
1062 4924 1232 4979 omnis
1267 4926 1482 4993 oculus;
1535 4924 1663 4997 quia
1699 4942 1890 4981 omnes
1919 4924 2013 4997 qui
2044 4942 2187 4982 ocu-

595 5013 678 5069 los
708 5013 1038 5081 habuerunt,
1085 5031 1210 5070 eum
1256 5014 1536 5082 viderunt,
1577 5030 1669 5070 eos
1713 5015 1970 5071 videlicet
2000 5015 2188 5072 oculos

596 5102 663 5158 de
688 5101 888 5174 quibus
913 5101 1050 5158 dicit
1083 5101 1198 5172 ipse
1227 5101 1518 5174 apostolis:
1559 5127 1576 5150 ε
1605 5101 1759 5157 Beati
1787 5101 1954 5170 oculi,
1985 5101 2078 5175 qui
2108 5101 2188 5158 vi-

597 5188 750 5258 dent,
781 5205 902 5261 quae
935 5204 1032 5244 vos
1061 5187 1264 5243 videtis
1295 5189 1446 5259 (Luc.
1481 5205 1538 5256 x,
1569 5189 1684 5260 23).
1717 5215 1735 5236 ι
1781 5189 2066 5246 Habebunt
2094 5205 2188 5246 au-

535 5279 546 5291 '
597 5287 708 5334 tem
731 5277 891 5350 impii
911 5275 1082 5332 Judaei
1109 5276 1316 5345 oculos,
1333 5277 1426 5332 sed
1451 5279 1740 5335 eosoculos
1757 5296 1868 5336 non
1890 5279 2186 5348 habebant,

601 5367 803 5439 quibus
828 5368 972 5422 Deus
1003 5371 1140 5428 501
1175 5365 1414 5422 videtur.
1445 5369 1519 5422 Et
1545 5368 1637 5439 qui
1664 5385 1780 5423 eum
1803 5375 2142 5441 pupugerunt
2171 5385 2188 5424 :

603 5463 658 5518 id
689 5471 770 5520 est
797 5463 891 5538 qui
935 5481 1060 5520 eum
1093 5463 1360 5536 persecuti
1405 5471 1552 5531 sunt,
1599 5473 1652 5521 et
1683 5464 1924 5520 membra
1954 5463 2091 5538 ejus,
2123 5465 2190 5522 ad

603 5549 765 5608 ﬁdem
795 5551 948 5610 illius
978 5553 1221 5610 maxima
1249 5569 1319 5608 ex
1344 5561 1494 5626 parte
1521 5554 1771 5610 conversi
1801 5561 1950 5622 sunt,
1975 5569 2045 5610 ex
2074 5554 2192 5624 qui-

2295 4651 2516 4720 clamat,
2562 4660 2622 4708 ut
2651 4668 2754 4707 nos
2795 4661 3035 4709 revocet.
3079 4654 3208 4708 Post
3251 4670 3308 4710 se
3351 4671 3477 4726 ergo
3515 4654 3757 4710 Joannes
3787 4670 3882 4708 vo-

2295 4759 2412 4800 cem
2445 4743 2691 4812 audivit;
2747 4745 2877 4817 quia
2917 4747 3180 4818 mysteria
3217 4763 3336 4818 quae
3378 4753 3512 4804 tunc
3556 4747 3607 4802 ei
3655 4748 3880 4803 revelata

2295 4842 2445 4902 sunt,
2469 4833 2718 4890 nondum
2745 4835 2981 4906 perfecte
3005 4843 3354 4907 cognoverat.
3391 4835 3521 4902 Quae
3548 4851 3664 4892 vox
3693 4835 3880 4893 similis

2294 4925 2440 4980 tubze
2469 4924 2675 4982 dicitur
2701 4925 2872 4983 fuisse
2903 4945 2915 4994 ;
2955 4926 3021 4983 de
3051 4927 3154 4984 hac
3182 4927 3314 4983 tuba
3350 4925 3614 5000 propheta
3645 4927 3882 5002 loquitur

2295 5013 2485 5070 dicens
2519 5031 2530 5069 :
2597 5039 2615 5062 ι
2647 5013 2856 5083 Clama,
2903 5031 2970 5070 ne
3000 5031 3195 5085 cesses,
3227 5015 3382 5088 quasi
3409 5015 3540 5071 tuba
3576 5017 3766 5072 exalta
3789 5032 3881 5070 vo-

2297 5119 2414 5158 cem
2452 5110 2625 5172 tuam,
2660 5112 2714 5160 et
2755 5105 3026 5160 annuntia
3053 5106 3257 5178 populo
3286 5121 3406 5160 meo
3437 5106 3640 5161 scelera
3681 5120 3878 5168 eorum,

2295 5200 2349 5248 et
2396 5191 2586 5248 domui
2634 5192 2800 5248 Iacob
2856 5201 3075 5266 peccata
3121 5211 3310 5250 eorum
3361 5196 3496 5266 (Isa.
3543 5210 3704 5262 Lvm,
3752 5193 3824 5263 1).
3855 5217 3870 5239 ι

2305 5283 2462 5339 Tuba
2489 5283 2559 5340 ad
2590 5285 2942 5358 pugnandum
2977 5286 3182 5342 milites
3210 5301 3508 5358 provocare
3539 5286 3701 5354 solet,
3733 5285 3882 5342 simi-

2300 5373 2430 5428 liter
2495 5381 2548 5430 et
2613 5392 2714 5433 nos
2779 5393 2959 5432 sermo
3034 5377 3133 5432 Dei
3196 5371 3266 5432 ad
3320 5375 3680 5450 pugnandum
3755 5392 3882 5434 con—

2303 5471 2388 5520 tra
2459 5465 2741 5523 diabolum
2815 5476 2978 5541 atque
3061 5467 3395 5525 vincendum
3479 5469 3713 5526 incitare
3785 5479 3880 5523 non

2305 5554 2530 5612 desinit.
2571 5576 2580 5582 θ

678 5754 758 5826 (Ii)
801 5758 963 5814 Deest
991 5758 1048 5813 in
1090 5758 1212 5816 cod.
1247 5759 1377 5832 Reg.
1423 5767 1477 5816 et
1505 5757 1753 5817 Gem.....
1810 5763 2015 5828 Aliter;
2077 5762 2189 5820 Vox
2228 5762 2532 5821 Domini....
2563 5770 2622 5821 ut
2646 5782 2742 5822 nos
2764 5769 2982 5825 revocet.
