3970 6366
158 399 278 460 849

163 626 367 692 septem
413 619 684 688 Ecclesiis,
728 620 991 691 Ephesum
1040 627 1087 675 et
1121 622 1422 692 Smyrnam,
1469 622 1783 693 Pergamum

164 713 217 762 et
275 706 619 778 Thyatiram,
680 707 869 763 Sardis
916 714 964 763 et
1012 709 1441 780 Philadelphiam
1497 717 1545 765 et
1591 711 1782 767 Laodi-

166 812 342 851 seam.
410 797 514 851 Per
589 795 689 851 has
745 804 950 868 septem
1023 798 1300 854 Ecclesias
1366 814 1474 853 una
1538 800 1783 856 Ecclesia

166 884 470 951 catholica,
505 886 648 942 sicut
678 886 1061 958 interpretatio
1093 888 1383 943 nominum
1416 887 1593 956 docet,
1627 889 1783 945 desi—

169 982 397 1045 gnatur.
449 974 701 1046 Ephesus
740 992 976 1047 namque
1005 978 1285 1044 voluntas,
1326 978 1442 1033 sive
1485 978 1779 1034 consilium

170 1063 599 1135 interpretatur;
631 1063 887 1136 Smyrna,
919 1065 1193 1120 canticum
1226 1082 1435 1132 eorum;
1466 1068 1778 1137 Pergamus,

167 1151 386 1209 divisio
442 1169 756 1221 cornuum;
817 1153 1107 1225 Thyatira,
1171 1154 1517 1223 illuminata;
1575 1156 1778 1224 Sardis,

171 1242 514 1314 principium
572 1241 1049 1315 pulchritudinis;
1101 1242 1485 1315 Philadelphia
1540 1245 1777 1314 salvans,

170 1334 558 1391 hereditatem
592 1335 710 1402 Dei;
740 1335 1027 1403 Laodicea,
1049 1334 1230 1391 tribus
1248 1335 1501 1392 amabilis
1519 1337 1776 1393 Domino.

168 1425 429 1497 Ephesus
475 1424 664 1496 igitur,
703 1440 823 1497 quas
858 1424 1037 1496 prima
1083 1425 1326 1497 ponitur,
1378 1424 1601 1481 initium
1652 1442 1777 1481 con-

170 1515 456 1572 versionis
493 1514 928 1588 uniuscujusque
963 1516 1338 1584 demonstrat;
1388 1517 1781 1589 interpretatur

168 1621 415 1679 namque
457 1607 716 1663 voluntas
761 1607 878 1662 sive
920 1606 1238 1663 consilium.
1270 1606 1424 1674 Quod
1474 1607 1622 1663 enim
1653 1624 1778 1665 me-

170 1695 286 1752 lius
314 1698 635 1764 consilium,
680 1714 843 1771 quam
896 1699 1153 1754 voluntas
1180 1698 1343 1767 bona,
1393 1715 1517 1770 quae
1560 1698 1778 1754 homini

166 1786 368 1842 suadet
404 1786 791 1842 abrenuntiare
844 1786 1088 1852 diabolo,
1146 1794 1200 1842 et
1252 1787 1407 1859 sequi
1467 1786 1772 1857 Christum,

1056 404 1510 463 BERENGAUDI
1547 405 1920 464 EXPOSITIO
1958 407 2032 463 IN
2067 406 2568 465 APOCALYPSIN.

246 529 434 601 (Vers.
472 528 585 601 11.)
640 530 792 597 Quod
839 529 1000 599 vides,
1050 530 1214 585 scribe
1254 530 1312 585 in
1343 530 1498 602 libro,
1550 538 1597 586 et
1635 532 1779 588 mitte
1804 540 1856 600 Α

3383 407 3491 468 850

1956 532 2137 603 (Vers.
2173 532 2286 603 12.)
2330 534 2406 588 Et
2446 549 2721 588 conversus
2768 549 2886 589 sum
2922 541 2981 590 ut
3038 535 3268 591 viderem
3316 552 3489 592 vocem

1892 638 2010 692 qua:
2040 621 2350 692 loquebatur
2392 639 2608 677 mecum.
2649 621 2760 678 Cur
2798 622 2994 678 tandiu
3023 638 3247 680 aversus
3290 625 3490 683 stetit?

1894 716 2006 773 Cur
2049 734 2160 773 non
2204 717 2273 773 ad
2322 718 2563 790 primum
2620 719 2791 775 ictum
2845 721 3114 777 sermonis
3165 736 3322 777 aures
3371 723 3488 795 ejus

1892 806 2275 879 percutientis,
2320 807 2388 863 ad
2434 824 2559 863 eum
2603 825 2902 865 conversus
2953 817 3055 877 est,
3106 809 3199 883 qui
3257 828 3288 866 a
3336 819 3488 883 tergo

1892 896 2267 969 loquebatur?
2310 897 2414 953 Sed
2458 897 2618 954 nobis
2655 900 2970 971 exemplum
3019 898 3207 967 dedit;
3259 916 3386 956 nam
3418 902 3486 959 ad

1890 985 2188 1041 Dominum
2231 976 2330 1058 qui
2365 1002 2549 1042 secum
2608 987 2958 1059 loquebatur,
3001 1004 3112 1044 non
3159 989 3310 1060 prius
3358 1007 3485 1046 con-

1890 1088 2083 1129 versus
2131 1080 2233 1141 est,
2284 1090 2446 1146 quam
2502 1075 2727 1130 nomina
2780 1076 3174 1146 Ecclesiarum,
3228 1077 3297 1133 ad
3351 1094 3486 1151 quas

1892 1162 2135 1218 scribere
2164 1162 2602 1235 praecipiebatur,
2642 1164 2875 1222 audiret.
2914 1166 2985 1222 Et
3013 1166 3261 1239 superius
3290 1167 3485 1224 brevi-

1892 1259 1977 1307 ter
2013 1251 2260 1309 diximus
2308 1270 2402 1326 per
2446 1255 2927 1327 interpretationes
2956 1258 3242 1313 nominum
3276 1265 3481 1330 septem

1889 1340 2261 1398 Ecclesiarum
2310 1342 2455 1398 viam
2505 1342 2890 1412 demonstrari,
2935 1362 3053 1419 quae
3092 1345 3246 1402 ducit
3284 1347 3353 1402 ad
3402 1346 3479 1401 vi-

1889 1438 2019 1485 tam.
2052 1430 2313 1503 Quisquis
2352 1431 2519 1503 igitur
2568 1449 2661 1504 per
2712 1433 2854 1489 hanc
2895 1434 3041 1488 viam
3092 1434 3169 1489 ire
3217 1434 3285 1490 ad
3306 1437 3478 1491 Deum

1888 1518 2181 1585 desiderat,
2213 1528 2307 1575 aut
2350 1521 2598 1592 legendo,
2631 1530 2725 1578 aut
2755 1522 2821 1577 ab
2855 1522 2979 1578 aliis
3006 1523 3302 1593 audiendo,
3335 1541 3479 1598 qua-

1889 1609 2018 1670 liter
2045 1624 2141 1680 per
2182 1608 2325 1665 hanc
2352 1611 2496 1665 viam
2542 1609 2693 1683 gradi
2724 1615 2869 1673 502
2903 1611 3116 1681 debeat,
3148 1613 3478 1685 investigare

1887 1702 2084 1771 debet;
2119 1705 2247 1777 quia
2278 1706 2481 1763 stultus
2519 1707 2697 1763 viator
2739 1715 2838 1776 est,
2887 1708 2981 1781 qui
3015 1708 3082 1764 ad
3114 1709 3295 1765 locum
3327 1718 3475 1780 opta-

1885 1799 2001 1848 tum
2036 1794 2116 1849 ire
2160 1794 2452 1865 desiderat,
2501 1803 2555 1851 et
2609 1796 2755 1851 viam
2806 1796 3015 1863 nescit;
3071 1796 3118 1852 si
3174 1812 3285 1852 non
3324 1798 3476 1869 prius

172 1875 492 1948 relinquere
521 1875 678 1945 vitia,
709 1884 763 1933 et
803 1876 1211 1949 apprehendere
1239 1876 1472 1932 virtutes
1493 1877 1520 1933 ‘P
1548 1878 1619 1932 Et
1649 1877 1778 1950 quia
1807 1897 1854 1957 Β
1889 1881 2099 1937 discere
2154 1883 2449 1952 studuerit,
2509 1901 2628 1957 quae
2697 1885 2770 1940 sit
2823 1884 3113 1957 longitudo
3166 1885 3289 1953 viae,
3355 1902 3477 1958 qum

169 1965 272 2036 qui
299 1964 366 2019 ad
396 1965 571 2019 Deum
596 1966 846 2021 converti
874 1966 1090 2032 volunt,
1113 1980 1331 2021 necesse
1352 1974 1433 2021 est
1461 1974 1523 2021 ut
1549 1965 1773 2021 Domini

170 2051 616 2109 misericordiam
647 2053 966 2125 implorent,
997 2060 1059 2108 ut
1089 2053 1350 2124 perﬁcere
1382 2053 1594 2124 possint
1625 2054 1773 2126 quod

164 2140 503 2210 desiderant;
536 2143 772 2216 Smyrna
797 2143 930 2199 huic
959 2142 1309 2215 supponitur,
1346 2158 1466 2215 quas
1493 2142 1771 2199 canticum

164 2246 360 2287 eorum
420 2232 833 2305 interpretatur.
885 2233 984 2288 Ille
1034 2232 1183 2288 enim
1233 2231 1373 2288 bene
1415 2238 1619 2301 cantat,
1677 2233 1771 2304 qui

168 2321 611 2378 misericordiam
674 2321 981 2378 conditoris
1035 2321 1120 2377 sui
1190 2321 1354 2377 corde
1413 2320 1654 2377 contrito
1718 2328 1773 2376 et

167 2410 466 2469 humiliato
498 2411 704 2484 spiritu
752 2412 1108 2483 deprecatur:
1154 2410 1223 2467 de
1257 2427 1366 2484 quo
1405 2420 1572 2468 cantu
1612 2412 1772 2483 Apo-

164 2501 343 2556 stolus
404 2501 651 2573 loquitur
698 2499 929 2556 dicens:
994 2524 1012 2547 ι
1043 2499 1337 2557 Cantantes
1384 2508 1438 2555 et
1477 2501 1771 2573 psallentes

166 2592 227 2647 in
258 2589 519 2646 cordibus
563 2588 762 2645 vestris
805 2589 1046 2645 Domino
1093 2589 1313 2660 (Ephes.
1365 2605 1422 2656 v,
1474 2589 1587 2660 19).
1621 2613 1639 2637 ›
1698 2590 1771 2645 Et

165 2678 301 2750 quia
329 2679 425 2752 qui
462 2695 493 2734 a
536 2680 652 2740 Deo
683 2677 938 2733 exaudiri
982 2678 1123 2745 vult,
1157 2692 1378 2732 necesse
1407 2683 1488 2731 est
1539 2682 1602 2731 ut
1630 2675 1770 2733 vitia

160 2770 533 2842 derelinquat,
564 2777 618 2825 et
648 2769 716 2824 ad
753 2768 899 2824 bona
929 2783 1092 2840 opera
1133 2768 1360 2840 agenda,
1411 2767 1468 2822 in
1499 2776 1767 2840 quantum

160 2860 345 2916 virtus
393 2859 659 2931 suppetit,
702 2858 1056 2928 semetipsum
1106 2865 1430 2923 convertat;
1471 2857 1767 2929 Pergamus

159 2950 225 3005 in
256 2948 454 3005 ordine
501 2947 770 3019 sequitur,
803 2962 923 3019 quas
953 2944 1155 3001 divisio
1184 2961 1452 3001 cornuum
1484 2946 1765 3016 interpre-

160 3048 331 3097 tatur.
379 3040 500 3093 Duo
534 3053 742 3093 cornua
786 3036 844 3091 in
890 3035 998 3097 hoc
1052 3035 1173 3092 loco
1220 3036 1424 3090 malum
1470 3044 1526 3091 et
1555 3034 1762 3091 bonum

159 3127 498 3200 signiﬁcant.
523 3126 742 3184 Cornua
769 3124 1099 3191 dividimus,
1133 3124 1375 3198 quando,
1398 3124 1543 3180 inter
1556 3124 1761 3180 bonum

159 3225 221 3273 et
249 3217 456 3272 malum
502 3215 893 3282 discernentes,
927 3215 1131 3270 malum
1162 3230 1194 3269 a
1230 3213 1391 3270 nobis
1421 3214 1759 3286 repellimus,
1795 3251 1837 3311 C

165 3313 224 3362 et
249 3306 459 3361 bonum
494 3304 899 3376 amplectimur.
932 3304 1003 3358 Et
1041 3302 1170 3376 quia
1197 3302 1444 3375 quandiu
1473 3303 1533 3358 in
1563 3318 1764 3374 pecca-

164 3395 240 3452 tis
280 3394 547 3466 jacemus,
595 3392 652 3448 in
691 3392 936 3448 tenebris
962 3409 1183 3459 sumus;
1224 3408 1351 3449 cum
1389 3399 1572 3447 autem
1621 3391 1765 3447 mala

163 3501 197 3540 a
226 3482 387 3540 nobis
416 3482 716 3554 rejicimus,
739 3490 794 3538 et
830 3482 977 3538 bona
1010 3481 1225 3553 operari
1256 3480 1575 3553 incipimus,
1606 3482 1761 3554 quasi

164 3590 195 3630 a
245 3571 487 3629 tenebris
530 3570 598 3626 ad
647 3572 824 3626 lucem
872 3569 1289 3641 progredimur;
1342 3585 1452 3624 non
1489 3569 1762 3626 inconve-

164 3663 384 3720 nienter
439 3668 562 3733 post
614 3660 939 3731 Pergamum
999 3658 1265 3730 Thyatira
1318 3658 1588 3731 sequitur,
1641 3675 1761 3732 qua:

166 3752 479 3810 illuminata
533 3751 946 3823 interpretatur.
1003 3749 1077 3804 Et
1132 3748 1262 3821 quia
1316 3765 1387 3805 ex
1446 3749 1761 3821 operatione

166 3841 551 3899 mandatorum
600 3839 697 3896 Dei
745 3836 1101 3912 pulchritudo
1140 3838 1339 3895 animae
1379 3839 1659 3908 accrescit,
1708 3849 1762 3896 et

165 3938 374 4004 quanto
429 3928 556 4003 quis
603 3928 661 3984 in
700 3928 1016 4001 Operatione
1061 3927 1444 3984 mandatorum
1487 3928 1586 3983 Dei
1636 3928 1760 4000 plus

166 4020 382 4087 crescit,
402 4027 559 4076 tanto
584 4018 909 4091 ampliorem
932 4017 1403 4090 pulchritudinem
1432 4017 1630 4074 anima:
1649 4035 1759 4074 sua:

166 4109 416 4176 confert;
471 4124 583 4164 non
641 4108 942 4180 incongrue
1001 4114 1124 4179 post
1179 4106 1522 4179 Thyatiram,
1576 4107 1761 4163 Sardis

167 4199 438 4271 sequitur,
471 4214 592 4270 quae
630 4198 963 4269 principium
1017 4197 1451 4269 pulchritudinis
1498 4197 1760 4270 interpre-

167 4294 337 4344 tatur.
373 4286 714 4357 Principium
757 4286 1194 4357 pulchritudinis
1222 4287 1346 4343 ideo
1374 4287 1600 4356 dicitur,
1633 4289 1761 4361 quia

167 4381 484 4431 sanctorum
531 4373 890 4444 pulchritudo
940 4374 996 4429 in
1048 4376 1148 4431 hac
1199 4375 1316 4431 vita
1365 4375 1677 4444 inchoatur,
1707 4385 1761 4433 et

170 4464 231 4520 in
259 4470 458 4518 :eterna
490 4460 832 4517 beatitudine
852 4461 1153 4533 perﬁcitur.
1184 4463 1444 4535 Sequitur
1473 4464 1762 4520 Philadel-

171 4552 319 4626 phia,
356 4568 476 4625 quze
522 4552 742 4608 salvans
782 4550 1157 4607 haereditatem
1198 4552 1296 4608 Dei
1339 4553 1563 4609 dicitur.
1615 4553 1761 4620 Quid

170 4611 254 4701 est
299 4611 481 4699 autem
539 4640 829 4697 haereditas
888 4640 1011 4706 Dei,
1066 4639 1171 4696 nisi
1232 4642 1413 4697 omnis
1461 4611 1761 4698 multitudo
1793 4611 1843 4671 D

170 4734 493 4797 electorum,
548 4730 695 4787 sicut
750 4728 888 4785 dicit
941 4727 1212 4785 Dominus
1268 4729 1334 4784 ad
1394 4730 1757 4803 prophetam:

186 4847 205 4870 ι
237 4821 531 4879 Hereditas
560 4828 743 4876 autem
775 4835 896 4875 mea
923 4818 1086 4875 Israel
1139 4820 1271 4890 (Isa.
1306 4836 1426 4889 x1x,
1456 4820 1550 4891 25)
1574 4821 1602 4876 ?
1631 4845 1648 4869 υ
1692 4821 1764 4877 Et

172 4927 231 4966 1n
262 4925 368 4980 quo
398 4909 546 4964 salus
573 4908 872 4964 electorum
904 4906 1179 4977 consistit,
1218 4908 1327 4963 nisi
1358 4908 1417 4964 in
1447 4910 1764 4981 operatione

176 4997 556 5054 mandatorum
604 4995 753 5052 Dei?
791 4996 924 5051 Nam
970 4995 1066 5051 ille
1110 4997 1204 5069 qui
1237 4998 1390 5053 venit
1426 5014 1667 5070 quaerere
1712 5006 1766 5054 et

173 5091 383 5148 salvare
420 5088 566 5162 quod
613 5088 847 5161 perierat
878 5089 1029 5160 (Luc.
1077 5106 1197 5158 xxx,
1236 5091 1350 5162 10),
1394 5091 1505 5148 illis
1533 5092 1765 5148 salutem

175 5179 480 5236 animarum
528 5178 780 5251 largitur,
827 5178 923 5251 qui
982 5178 1238 5235 mandata
1277 5178 1395 5252 ejus
1437 5181 1638 5253 singuli
1688 5197 1766 5236 se-

176 5267 414 5326 cundum
441 5268 715 5340 propriam
742 5267 1002 5324 virtutem
1031 5269 1375 5326 custodiunt.
1407 5270 1673 5327 Laodicea
1687 5286 1765 5326 se-

177 5356 348 5430 ptima
368 5357 612 5428 ponitur,
631 5358 761 5431 quia
778 5358 959 5414 tribus
973 5358 1227 5415 amabilis
1246 5360 1484 5416 Domino
1504 5360 1766 5432 interpre-

174 5452 337 5504 tatur.
359 5447 559 5504 Tribus
579 5455 757 5503 autem
781 5448 1035 5504 amabilis
1055 5448 1293 5505 Domino
1313 5457 1394 5505 est
1419 5448 1601 5504 omnis
1630 5449 1768 5504 mul-

176 5535 351 5594 titudo
380 5537 702 5604 electorum,
745 5553 865 5611 quae
913 5545 996 5593 est
1023 5538 1295 5606 Ecclesia,
1330 5554 1451 5611 quae
1490 5553 1586 5609 per
1618 5537 1770 5594 abre-

176 5622 576 5681 nuntiationem
597 5624 886 5696 vitiorum,
908 5634 962 5683 et
982 5643 1077 5700 per
1106 5628 1379 5685 virtutum
1396 5626 1769 5700 operationem

177 5713 244 5772 ad
272 5713 375 5770 hoc
394 5713 665 5787 pervenit,
696 5722 758 5772 ut
777 5715 955 5773 tribus
983 5716 1236 5776 amabilis
1252 5718 1492 5776 Domino
1519 5724 1769 5777 vocetur.

1884 1971 2168 2042 asperitas,
2202 1973 2295 2045 qui
2341 1973 2640 2043 anfractus,
2673 1990 2794 2046 quae
2824 1974 3093 2047 pericula:
3127 1981 3188 2030 ut
3214 1991 3340 2031 cum
3372 1975 3477 2030 iter

1882 2060 2141 2117 scandere
2216 2062 2463 2133 cmperit,
2546 2063 2790 2135 pericula
2864 2064 3195 2136 praecognita
3256 2064 3476 2121 facilius

1881 2156 2140 2205 transeat.
2172 2150 2375 2206 Multos
2404 2150 2549 2207 enim
2582 2151 2825 2207 vidimus
2866 2153 3129 2208 saeculum
3166 2152 3473 2226 reliquisse,

1881 2244 1943 2292 ut
1990 2254 2085 2309 per
2125 2239 2607 2311 contemplationis
2660 2239 2806 2295 viam
2856 2239 3030 2296 vitam
3083 2248 3340 2297 aeternam
3384 2259 3473 2300 ac-

1881 2325 2201 2397 quirerent;
2251 2327 2343 2383 sed
2400 2329 2531 2401 quia
2582 2328 2896 2386 nescierunt
2950 2329 3295 2402 asperitatem
3344 2331 3470 2402 vim,

1879 2414 2064 2470 subito
2111 2416 2393 2473 cecidisse.
2443 2417 2548 2473 Sed
2604 2427 2781 2489 potest
2832 2418 2953 2474 ﬁeri
3010 2427 3072 2475 ut
3117 2429 3307 2477 contra
3355 2419 3473 2477 haec

1880 2504 2258 2560 testimonium
2294 2507 2453 2563 vobis
2490 2508 2557 2563 de
2600 2507 2791 2563 divina
2834 2508 3114 2580 Scriptura
3151 2509 3350 2581 aliquis
3378 2509 3470 2565 oh-

1872 2590 2051 2663 jiciat,
2105 2609 2227 2665 quae
2272 2594 2446 2651 dicit:
2509 2619 2526 2640 ε
2557 2596 2633 2651 Ne
2684 2596 2865 2652 tardes
2898 2597 3146 2653 converti
3185 2598 3253 2651 ad
3293 2599 3468 2654 Deum

1882 2680 2074 2746 (Eccli.
2107 2699 2164 2749 v,
2216 2681 2297 2751 8).
2330 2706 2348 2729 ι
2388 2683 2475 2738 Ad
2515 2683 2635 2739 haec
2676 2700 2773 2756 ego
2819 2685 3143 2756 respondeo,
3179 2685 3307 2758 quia
3350 2683 3467 2756 jam

1876 2768 1944 2824 ad
1973 2770 2147 2824 Deum
2178 2778 2488 2838 convertor,
2520 2787 2647 2826 cum
2677 2773 2823 2827 viam
2871 2789 2991 2845 quae
3029 2773 3097 2829 ad
3127 2790 3251 2829 eum
3290 2774 3465 2844 ducit,

1877 2857 2206 2929 investigare
2244 2874 2357 2913 non
2403 2859 2616 2916 desino.
2666 2862 2737 2916 Et
2765 2860 2899 2933 quid
2946 2869 3046 2929 est,
3093 2863 3242 2935 quod
3282 2862 3461 2919 dicit:

1873 2949 1948 3003 Et
1974 2964 2251 3004 conversus
2279 2966 2393 3004 sum
2425 2956 2484 3004 ut
2508 2951 2737 3007 viderem
2774 2969 2981 3020 vocem;
3027 2970 3154 3009 cum
3200 2970 3311 3010 vox
3352 2970 3465 3010 non

1874 3040 2073 3109 oculis,
2128 3040 2222 3096 sed
2271 3040 2498 3097 auribus
2540 3043 2925 3115 percipiatur?
2968 3044 3072 3101 Sed
3127 3045 3362 3105 Joannes
3405 3045 3463 3101 in

1873 3127 2075 3201 spiritu
2096 3129 2327 3201 positus,
2351 3130 2692 3202 spiritalibus
2713 3131 2888 3188 oculis
2914 3148 2977 3188 ea
2993 3150 3112 3206 quae
3134 3141 3461 3207 sequuntur,

1872 3220 2058 3277 videre
2086 3221 2407 3293 promeruit.
2438 3220 2624 3295 Neque
2653 3238 2790 3294 opus
2823 3231 2938 3279 erat
2960 3223 3037 3279 ibi
3066 3240 3226 3280 voces
3255 3223 3464 3280 verbo—

1872 3326 1993 3364 rum
2023 3316 2379 3382 perstrepere,
2408 3309 2506 3365 ubi
2545 3312 2693 3367 intus
2723 3319 2837 3367 erat
2880 3314 3044 3379 Deus,
3074 3312 3173 3387 gui
3210 3312 3458 3369 docebat.

1870 3403 2076 3460 Aliter:
2111 3403 2207 3459 ille
2253 3410 2626 3474 competenter
2663 3404 2829 3460 verba
2861 3405 2961 3460 Dei
3002 3404 3160 3460 audit
3188 3403 3282 3476 qui
3314 3403 3461 3477 quod

1870 3492 2130 3560 audierit,
2177 3492 2354 3548 oculis
2399 3493 2603 3548 mentis
2645 3492 2847 3549 intueri
2894 3509 3003 3548 non
3035 3492 3258 3561 desinit,
3309 3500 3371 3548 ut
3397 3507 3460 3548 ea

1869 3596 2032 3653 opere
2062 3581 2305 3651 impleat.

1943 3681 2124 3754 (Vers.
2166 3682 2278 3755 13.)
2310 3684 2383 3740 Ει
2410 3698 2708 3750 conversus,
2752 3681 2864 3736 vidi
2908 3687 3095 3753 septem
3139 3679 3460 3736 candelabra

1868 3789 2056 3839 aurea,
2086 3779 2136 3829 et
2175 3774 2231 3829 in
2268 3774 2436 3829 medio
2478 3779 2669 3846 septem
2697 3773 3136 3829 candelabrorum
3172 3786 3461 3828 aureorum

1868 3863 2091 3920 similem
2148 3864 2291 3920 Filio
2344 3863 2589 3919 hominis.
2641 3864 2858 3937 Septem
2910 3860 3240 3919 candelabra
3296 3876 3462 3917 aurea

1869 3960 2075 4024 septem
2129 3953 2403 4009 Ecclesias
2456 3952 2763 4025 designant,
2818 3950 2962 4008 sicut
3017 3949 3134 4023 ipse
3178 3949 3457 4022 exposuit,

1871 4051 1925 4098 et
1953 4049 2161 4115 septem
2204 4043 2463 4099 Ecclesiae
2503 4058 2667 4098 unam
2698 4042 3001 4099 Ecclesiam
3032 4041 3359 4099 catholicam
3397 4042 3457 4098 ﬁ-

1870 4141 2086 4207 gurant.
2127 4133 2258 4201 Quae
2300 4134 2627 4191 candelabra
2668 4148 2832 4189 aurea
2859 4133 3142 4201 dicuntur,
3191 4134 3308 4190 sive
3339 4150 3458 4206 pro-

1870 4232 1991 4298 pter
2021 4226 2427 4296 persecutiones
2455 4241 2589 4298 quas
2618 4224 2793 4281 sancti
2824 4223 2882 4281 in
2927 4226 3126 4282 saeculo
3155 4225 3459 4297 perferunt,

1868 4312 1984 4369 sive
2006 4321 2225 4385 propter
2245 4313 2569 4386 sapientiam
2586 4329 2691 4386 qua
2713 4312 3119 4369 illuminantur.
3139 4314 3201 4369 In
3226 4328 3459 4386 quorum

1870 4402 2052 4458 medio
2080 4402 2331 4460 Christus
2378 4412 2520 4459 stare
2555 4405 2715 4459 ‘visus
2761 4412 2865 4471 est,
2913 4404 3057 4460 sicut
3084 4403 3199 4476 ipse
3236 4402 3372 4459 dicit
3401 4401 3458 4457 in

1868 4491 2168 4563 Evangelio
2194 4510 2204 4548 :
2252 4517 2271 4539 ι
2300 4495 2441 4550 Ecce
2469 4510 2567 4566 ego
2598 4492 2883 4549 vobiscum
2913 4509 3031 4547 sum
3065 4491 3323 4547 omnibus
3347 4490 3459 4547 die-

1868 4579 1970 4637 bus
2021 4598 2193 4654 usque
2256 4583 2325 4639 ad
2387 4582 2916 4640 consummationem
2981 4581 3166 4639 seaculi
3244 4579 3457 4650 (Matth.

1868 4686 2070 4739 xxvm,
2103 4670 2218 4743 20).
2242 4696 2260 4719 ι

1944 4765 2127 4837 (Vers.
2188 4766 2273 4835 14,
2338 4766 2450 4837 15.)
2499 4765 2799 4837 Sequitur:
2859 4764 3106 4822 Vestitum
3145 4763 3356 4835 pedere,
3415 4768 3464 4820 et

1866 4854 2205 4923 praecinctum
2244 4857 2316 4912 ad
2362 4856 2630 4911 mamillas
2680 4873 2817 4911 zona
2868 4871 3078 4920 aurea;
3133 4861 3462 4925 caput-vero

1872 4953 1984 5023 ejus
2013 4957 2059 5005 et
2104 4950 2289 5021 capilli
2316 4956 2469 5006 erant
2515 4949 2728 5004 candidi
2759 4956 3011 5019 tanquam
3058 4950 3184 5004 lana
3227 4950 3374 5016 alba,
3417 4956 3467 5007 et

1876 5049 2127 5112 tanquam
2155 5040 2253 5093 nia:
2277 5057 2293 5093 :
2324 5045 2371 5094 et
2397 5039 2537 5095 oculi
2578 5038 2691 5108 ejus
2735 5045 2990 5109 tanquam
3037 5041 3252 5109 ﬂamma
3281 5039 3416 5111 ignis
3448 5057 3464 5109 ;

1874 5139 1922 5188 et
1961 5131 2116 5203 pedes
2172 5129 2286 5200 ejus
2342 5129 2537 5183 similes
2592 5129 2917 5198 aurichalco,
2973 5128 3106 5183 sicut
3159 5129 3217 5183 in
3262 5129 3466 5185 camino

1875 5219 2111 5286 ardenti;
2152 5224 2199 5274 et
2239 5236 2344 5273 vos:
2388 5218 2500 5288 ejus
2543 5218 2677 5273 sicut
2713 5235 2817 5273 vox
2854 5234 3118 5289 aquarum
3152 5219 3467 5274 multarum.

1876 5313 1952 5368 Et
1996 5310 2211 5365 habebat
2240 5310 2296 5363 in
2332 5311 2549 5365 dextera
2594 5327 2692 5364 sua
2731 5315 2917 5381 septem
2957 5311 3166 5377 stellas;
3203 5315 3251 5364 et
3278 5309 3339 5363 de
3378 5325 3470 5365 ore

1877 5400 1991 5470 ejus
2018 5399 2230 5471 gladius
2276 5416 2342 5453 ea:
2380 5405 2606 5469 utraque
2646 5405 2801 5470 parte
2840 5405 3027 5454 acutus
3067 5398 3243 5453 exibat
3262 5416 3283 5464 ;
3311 5403 3360 5453 et
3385 5397 3468 5468 fa-

1878 5491 1976 5546 cies
2014 5490 2145 5560 ejus,
2191 5491 2325 5545 sicut
2367 5491 2447 5546 sol
2497 5491 2628 5545 lucet
2671 5490 2729 5545 in
2768 5490 2960 5544 virtute
3000 5505 3118 5544 sua.
3164 5488 3221 5544 Si
3262 5494 3470 5561 septem

1878 5579 2205 5637 candelabra
2234 5588 2285 5636 et
2319 5587 2523 5652 septem
2571 5579 2756 5635 stellas
2799 5595 2896 5651 pro
2925 5577 3140 5633 duobus
3183 5593 3472 5635 ornamen-

1881 5670 1953 5726 tis
2003 5670 2250 5742 accipere
2297 5669 2559 5737 volueris,
2599 5668 2787 5725 decem
2834 5675 3155 5725 ornamenta
3200 5666 3473 5738 invenies,

1880 5778 1951 5819 ex
1979 5760 2183 5837 quibus
2222 5759 2447 5818 Domini
2496 5775 2697 5832 corpus
2742 5756 3062 5816 decoratum
3092 5757 3263 5816 fuisse
3291 5756 3473 5814 visum
