3970 6372
532 383 634 440 851

1559 387 1656 442 AD
1694 385 1929 444 OPERA
1965 386 2020 442 S.
2060 384 2392 446 AMBROSII
2431 385 2809 445 APPENDIX.

3773 378 3879 435 852

534 515 635 563 est.
680 506 784 564 Sed
814 509 948 582 quid
987 511 1098 567 duo
1127 519 1474 581 ornamenta,
1525 511 1583 569 id
1630 521 1734 581 est,
1764 521 1970 584 septem
1999 514 2206 573 can-‘A
2238 519 2318 568 tes
2392 511 2555 584 pedes
2639 511 3068 584 evangelizantis
3154 530 3361 587 pacem,
3448 513 3872 572 annuntiantis

533 594 776 666 delabra,
831 608 885 656 et
933 609 1137 672 septem
1193 602 1364 657 stellas
1415 601 1807 674 signiﬁcarent,
1866 602 1981 676 ipse
2029 617 2125 673 per
2230 599 2461 668 bonum,
2493 599 2840 672 praedicantis
2867 603 3122 672 salutem,
3154 603 3427 662 dicentis:
3456 604 3618 674 Sion,
3660 619 3872 676 regna.

536 687 890 758 semetipsum
939 690 1231 761 exposuit:
1280 691 1414 765 quid
1463 700 1645 748 autem
1701 699 1826 749 octo
1863 709 1984 764 quae
2042 708 2122 747 re-

535 782 700 844 stant,
731 777 1060 848 signiﬁcent,
1084 781 1536 852 perscrutandum
1556 783 1716 840 nobis
1737 791 1839 838 est.
1867 783 2121 840 Sanctam

535 882 772 940 namque
822 869 1102 926 civitatem
1158 873 1275 938 Dei,
1335 889 1455 946 qure
1511 889 1579 928 ex
1629 873 1886 930 omnibus
1938 873 2126 931 electis

535 965 770 1024 constat,
803 974 922 1030 quae
951 959 1020 1014 ab
1055 959 1217 1017 initio
1250 978 1421 1035 usque
1450 962 1516 1017 ad
1546 961 1710 1019 ﬁnem
1740 964 1940 1030 tendit,
1971 963 2016 1020 si
2046 963 2126 1018 di-

536 1044 769 1116 ligenter
797 1048 1109 1120 perspicias,
1143 1049 1201 1106 in
1246 1058 1449 1122 septem
1491 1060 1670 1124 partes
1708 1051 1942 1109 divisam
1977 1053 2126 1108 inve-

537 1133 678 1191 nies.
727 1134 909 1191 Prima
948 1136 1116 1208 igitur
1171 1155 1294 1212 pars
1335 1140 1454 1213 ejus
1508 1149 1638 1197 sunt
1694 1142 1874 1210 electi,
1921 1142 2014 1214 qui
2059 1141 2128 1197 ab

536 1225 700 1281 initio
729 1242 900 1298 usque
929 1227 993 1283 ad
1035 1227 1308 1287 diluvium
1356 1232 1580 1287 fuerunt
1609 1251 1620 1288 :
1653 1232 1914 1301 secunda,
1947 1233 2130 1304 patri-

537 1313 715 1370 archae
738 1323 792 1370 et
837 1317 1017 1372 caeteri
1045 1316 1184 1389 justi
1216 1335 1387 1392 usque
1434 1320 1500 1376 ad
1533 1321 1706 1393 legem
1736 1321 1918 1378 datam
1946 1341 1957 1377 :
2004 1329 2126 1377 ter-

536 1403 634 1472 tia,
685 1403 744 1460 hi
795 1406 891 1478 qui
941 1408 1044 1464 sub
1105 1409 1221 1482 lege
1273 1411 1532 1468 fuerunt:
1563 1420 1775 1485 quarta,
1821 1413 2126 1484 prophetae:

540 1494 754 1568 quinta,
817 1498 1050 1568 apostoli
1111 1509 1165 1554 et
1219 1501 1315 1573 qui
1342 1517 1411 1556 ex
1467 1501 1671 1556 Iudaeis
1725 1501 2125 1558 crediderunt:

542 1590 697 1639 sexta
740 1601 871 1642 vero
923 1603 1044 1658 pars
1099 1595 1184 1642 est
1243 1589 1489 1660 gentium
1539 1590 1838 1645 multitudo
1895 1607 2015 1663 qua)
2063 1590 2130 1647 ad

543 1670 710 1727 ﬁdem
756 1673 943 1730 venit:
995 1675 1244 1747 septima,
1305 1676 1464 1732 electi
1521 1677 1616 1750 qui
1669 1678 1726 1733 in
1780 1678 1890 1734 ﬁne
1938 1681 2130 1755 mundi

540 1764 804 1820 nascituri
851 1773 999 1834 sunt,
1043 1775 1096 1822 et
1149 1775 1339 1824 contra
1379 1769 1780 1827 Antichristum
1812 1773 2127 1845 pugnaturi.

2231 687 2316 745 bit
2341 689 2485 744 Deus
2504 695 2632 744 tuus
2663 690 2798 761 (Isa.
2837 692 3043 763 1.11,.7).
3072 717 3090 740 ι
3133 691 3240 759 Qui
3279 693 3489 750 similes
3514 692 3867 750 aurichalco

2235 777 2534 846 dicuntur;
2579 795 2652 834 aas
2697 795 2934 853 namque
2977 780 3036 836 in
3080 781 3298 838 fornace
3326 783 3674 856 quibusdam
3735 799 3869 838 rne-

2235 865 2605 923 di'caminibus
2635 865 2884 924 admistis
2927 869 3122 926 tandiu
3167 871 3459 941 conﬂatur,
3491 889 3681 946 usque
3721 871 3864 928 dum

2236 957 2476 1012 colorem
2515 957 2634 1012 auri
2664 957 2918 1030 accipiat,
2968 967 3022 1015 et
3066 959 3272 1017 dicitur
3299 962 3722 1020 aurichalcum.
3763 963 3870 1018 Per

2236 1061 2310 1101 zes
2338 1043 2528 1117 igitur,
2556 1045 2701 1118 quod
2724 1063 2985 1103 sonorum
3015 1056 3114 1118 est,
3147 1057 3200 1105 et
3227 1051 3374 1124 quod
3401 1052 3457 1108 in
3487 1052 3868 1124 nigredinem

2236 1135 2348 1190 cito
2380 1134 2634 1203 vertitur,
2667 1135 2841 1192 Iudaei
2869 1137 3246 1212 designantur,
3278 1141 3371 1215 qui
3403 1142 3574 1215 legem
3612 1141 3869 1216 quidem

2237 1227 2538 1284 secundum
2591 1228 2834 1285 litteram
2877 1247 3070 1288 sonare
3115 1232 3482 1300 videbantur;
3533 1234 3638 1290 sed
3689 1233 3872 1288 vela-

2239 1317 2387 1372 mine
2434 1317 2737 1390 nigredinis
2788 1328 2968 1376 mente
3022 1320 3249 1390 obtecti,
3281 1321 3584 1394 spiritalem
3621 1323 3874 1378 intelli-

2240 1405 2501 1478 gentiam,
2533 1424 2653 1480 quae
2685 1407 2742 1464 in
2765 1424 2828 1464 ea
2843 1409 3065 1476 latebat,
3097 1411 3404 1484 intelligere
3441 1413 3871 1486 nequiverunt.

2241 1497 2339 1551 Ais
2372 1496 2540 1569 igitur
2584 1496 2642 1552 in
2689 1499 3067 1556 aurichalcum
3113 1507 3194 1556 est
3230 1501 3873 1576 conversumrquando

2240 1602 2310 1642 ex
2339 1587 2540 1643 Iudaeis
2569 1587 2802 1660 apostoli
2832 1597 2964 1645 sunt
3003 1591 3180 1646 electi.
3214 1591 3317 1646 Per
3346 1591 3625 1648 fornacem
3662 1601 3872 1648 autem

2241 1676 2358 1733 sive
2389 1678 2648 1747 mundus,
2686 1677 2743 1734 in
2790 1695 2900 1752 quo
2927 1679 3274 1751 aliquantum
3306 1679 3556 1739 Christus
3595 1699 3874 1739 conver-

2241 1773 2392 1821 satus
2415 1775 2516 1836 est,
2549 1767 2668 1824 sive
2699 1767 3088 1825 tribulationes
3117 1785 3250 1842 quas
3293 1771 3577 1840 sustinuit,
3613 1780 3875 1845 possunt

541 1852 646 1908 Per
681 1852 779 1908 has
819 1853 990 1925 igitur
1039 1863 1241 1927 septem
1284 1865 1484 1928 partes,
1535 1859 1681 1932 quod
1729 1861 1996 1917 Dominus
2043 1862 2132 1918 de-
2165 1875 2212 1936 Β
2241 1855 2536 1928 designari.
2588 1857 2652 1913 In
2704 1856 2806 1913 hac
2859 1859 3023 1914 etiam
3072 1859 3292 1916 fornace
3338 1860 3570 1932 apostoli
3617 1861 3673 1917 ei
3732 1878 3872 1918 con-

542 1943 707 2012 derit,
739 1942 972 2000 dicendo
997 1946 1282 2002 redeamus
1311 1964 1324 2003 :
1360 1947 1426 2004 de
1447 1957 1658 2019 octava,
1693 1951 1749 2006 in
1775 1952 2129 2024 sequentibus

542 2033 808 2090 dicemus.
842 2035 1066 2092 Poderis
1095 2035 1284 2109 igitur,
1315 2057 1434 2112 quze
1464 2049 1544 2097 est
1573 2041 1762 2097 talaris
1792 2042 1998 2110 tunica,
2025 2043 2131 2115 ju-

543 2133 655 2181 stos
679 2123 772 2197 qui
793 2132 918 2180 ante
943 2125 1219 2183 diluvium
1245 2127 1490 2196 fuerunt,
1521 2129 1789 2202 designat.
1815 2130 1944 2198 Quae
1972 2131 2130 2205 cujus

541 2214 742 2273 coloris
774 2214 962 2282 fuerit,
1004 2231 1116 2270 non
1154 2216 1362 2273 dicitur
1391 2234 1404 2284 ;
1457 2233 1521 2272 eo
1549 2218 1696 2291 quod
1724 2219 1935 2275 nullam
1965 2221 2129 2276 aliam

545 2304 738 2376 legem,
771 2304 880 2360 nisi
911 2306 1242 2374 naturalem,
1285 2306 1600 2362 habuerint.
1641 2309 1918 2364 Naturalis
1946 2317 2128 2366 autem

542 2393 634 2448 lex
685 2399 765 2448 est
793 2399 1090 2448 creatorem
1117 2409 1277 2448 suum
1325 2392 1574 2466 diligere,
1607 2403 1662 2452 et
1688 2393 1834 2467 quod
1873 2395 1978 2452 sibi
2009 2397 2134 2469 quis

542 2497 654 2536 non
686 2481 811 2536 vult
853 2479 993 2548 ﬁeri,
1041 2481 1199 2536 alteri
1243 2497 1354 2536 non
1386 2483 1583 2540 facere.
1629 2485 1783 2540 Hanc
1814 2485 1983 2557 legem
2011 2487 2133 2540 nul-

543 2573 650 2638 lus,
683 2571 776 2644 qui
821 2572 1032 2628 ratione
1059 2572 1318 2628 suffultus
1360 2583 1460 2644 est,
1495 2575 1744 2647 ignorare
1773 2574 2131 2646 permittitur.

545 2662 647 2718 Per
690 2677 885 2716 zonam
933 2669 1114 2718 autem
1146 2661 1470 2732 patriarchae
1516 2670 1570 2720 et
1625 2663 1809 2720 caeteri
1847 2661 2006 2735 justi,
2040 2663 2137 2737 qui

545 2763 673 2811 ante
708 2755 880 2826 legem
931 2753 1180 2824 fuerunt,
1230 2754 1604 2829 designantur.
1651 2756 1782 2826 Quae
1811 2773 1976 2814 aurea
2002 2755 2136 2813 dici-

549 2857 664 2916 tur,
709 2848 838 2921 quia
885 2849 1077 2905 multis
1125 2849 1600 2921 tribulationibus,
1642 2853 1786 2910 sicut
1837 2869 2032 2908 aurum
2079 2852 2138 2908 in

533 2937 788 3004 -fornace,
836 2937 1051 3008 probati
1094 2955 1210 2992 esse
1259 2948 1599 2996 noscuntur:
1651 2941 1793 2997 sicut
1837 2941 2136 3011 Abraham,

547 3025 644 3098 qui
691 3025 758 3080 de
809 3024 934 3095 igne
981 3025 1362 3083 Chaldaeorum
1412 3037 1600 3084 erutus
1628 3038 1754 3085 est:
1803 3030 1946 3086 sicut
1974 3030 2138 3099 Loth,

547 3129 708 3187 quem
749 3113 1046 3170 Sodomitas
1081 3115 1438 3173 afﬂixerunt:
1489 3118 1632 3174 sicut
1660 3119 1830 3185 Isaac,
1863 3120 1957 3192 qui
1986 3120 2139 3176 czeci-

2237 1943 2420 2016 juncti
2449 1952 2598 2014 sunt,
2629 1945 2776 2004 sicut
2826 1945 2940 2019 ipse
2968 1947 3142 2004 dicit:
3188 1971 3207 1995 ι
3237 1949 3349 2005 Vos
3377 1949 3506 2006 estis
3532 1950 3721 2018 enim,
3769 1949 3871 2022 qui

2244 2036 2620 2107 permansistis
2655 2053 2869 2094 mecum
2900 2038 2960 2094 in
2989 2039 3388 2095 tentationibus
3409 2038 3542 2096 meis
3567 2041 3651 2111 (6)
3695 2039 3865 2112 (Luc.

2243 2141 2386 2192 xxii,
2431 2125 2546 2195 28).
2588 2150 2607 2173 ι
2685 2129 2748 2183 In
2802 2126 2906 2184 hac
2949 2144 3077 2201 ergo
3124 2129 3345 2186 fornace
3391 2147 3487 2202 per
3529 2131 3868 2188 doctrinam

2242 2215 2534 2288 Evangelii
2600 2217 2952 2290 splendorem
3017 2220 3137 2276 auri
3191 2223 3437 2293 accipere
3499 2230 3865 2279 meruerunt.

2241 2311 2318 2366 Et
2344 2327 2448 2364 vox.
2474 2307 2606 2378 ejus,
2631 2309 2768 2364 sicut
2791 2327 2895 2365 vos;
2913 2329 3178 2382 aquarum
3207 2317 3517 2372 multarum.
3536 2316 3639 2372 Per
3653 2331 3866 2372 vocem

2243 2414 2507 2471 aquarum
2553 2397 2855 2453 multarum
2924 2401 3224 2457 multitudo
3279 2403 3546 2474 gentium,
3599 2421 3737 2478 quas
3797 2403 3868 2459 ad

2244 2487 2408 2543 ﬁdem
2441 2485 2648 2544 Christi
2679 2487 2950 2555 cucurrit,
2979 2487 3316 2561 designatur.

2318 2579 2390 2632 Et
2418 2577 2633 2632 habebat
2668 2577 2726 2630 in
2767 2577 2957 2632 dextra
2981 2594 3080 2633 sua
3112 2581 3290 2634 stellas
3317 2585 3524 2650 septem.
3558 2580 3717 2646 Quid
3755 2581 3870 2636 hoc

2248 2669 2539 2742 signiﬁcet,
2578 2669 2694 2742 ipse
2739 2669 2796 2724 in
2845 2670 3198 2742 sequentibus
3239 2672 3486 2746 exponit.
3531 2675 3607 2729 Et
3645 2674 3720 2728 de
3773 2692 3869 2729 ore

2248 2759 2360 2830 ejus
2388 2759 2600 2830 gladius
2649 2777 2716 2814 ea:
2762 2766 2988 2830 utraque
3023 2767 3180 2832 parte
3215 2767 3360 2824 503
3412 2768 3599 2816 acutus
3645 2765 3867 2820 exibat.

2250 2859 2606 2933 Pergladium
2643 2860 2813 2916 electi
2843 2859 2938 2933 qui
2957 2860 3014 2915 in
3043 2859 3152 2916 ﬁne
3181 2855 3374 2916 mundi
3403 2859 3667 2916 nascituri
3698 2869 3866 2930 sunt,

2251 2959 2412 3022 atque
2442 2955 2633 3005 contra
2682 2948 3092 3005 Antichristum
3123 2949 3438 3021 pugnaturi,
3465 2947 3862 3021 designantur.

2250 3038 2320 3093 Et
2349 3037 2478 3110 quia
2515 3037 2758 3093 maxima
2786 3038 3088 3094 multitudo
3114 3037 3356 3110 gentium
3387 3039 3654 3094 culturam
3691 3038 3860 3095 Chri-

2251 3129 2321 3184 sti
2361 3128 2767 3201 derelinquens,
2810 3129 3216 3186 Antichristum
3258 3127 3538 3184 hominem
3570 3127 3861 3201 impiissi-

546 3209 715 3260 tatem
749 3202 1005 3299 pertulit:
1037 3203 1388 3299 sicut-Iacob,
1425 3206 1518 3299 qui
1551 3208 1926 3299 persecutione
1953 3209 2140 3299 fratris
2172 3239 2215 3299 Ο
2252 3233 2401 3272 mum
2442 3233 2540 3289 pro
2593 3219 2705 3272 Deo
2758 3217 3084 3285 adorabunt,
3117 3233 3228 3272 non
3278 3217 3576 3288 incongrue
3621 3217 3709 3272 illi
3759 3217 3857 3290 qui

548 3297 711 3364 atque
739 3292 911 3348 soceri
957 3300 1040 3348 est
1081 3289 1354 3349 aﬂlictus:
1397 3293 1540 3350 sicut
1567 3295 1787 3366 Ioseph,
1833 3295 1927 3368 qui
1973 3295 2141 3368 capti-

549 3381 774 3439 vitatem
805 3389 860 3438 et
880 3398 1151 3439 carcerem
1177 3383 1471 3440 sustinuit:
1518 3383 1664 3441 sicut
1682 3384 1805 3453 Iob,
1836 3385 1929 3458 qui
1961 3386 2140 3442 amis-

550 3469 759 3527 sionem
788 3487 970 3528 rerum
1001 3471 1286 3545 diramque
1315 3473 1619 3545 passionem
1653 3475 1898 3546 pertulit.
1933 3473 2140 3530 Eodem

549 3559 714 3615 modo
767 3568 821 3616 et
865 3561 932 3617 de
977 3561 1209 3629 czeteris,
1239 3577 1376 3634 quos
1421 3562 1703 3636 Scriptura
1745 3579 1856 3619 non
1904 3579 2142 3619 comme-

552 3659 728 3707 morat
756 3651 861 3722 (5),
912 3651 1172 3708 debemus
1218 3653 1543 3726 intelligere.
1577 3655 1706 3722 Quas
1753 3671 1890 3710 zona
1928 3656 2139 3710 mamil-

550 3743 630 3798 las
658 3741 1055 3798 constrinxisse
1085 3743 1320 3815 legitur;
1347 3759 1442 3815 per
1468 3744 1741 3800 mamillas
1769 3759 2004 3817 namque
2031 3744 2141 3801 duo

549 3838 818 3904 praecepta
862 3831 1146 3888 charitatis
1196 3831 1570 3905 designantur,
1619 3849 1715 3906 per
1761 3850 1880 3908 quae
1927 3841 2142 3891 sanctos

549 3929 728 3993 patres
757 3923 870 3978 Deo
890 3921 1160 3994 placuisse
1189 3931 1402 3979 certum
1433 3929 1533 3979 est.

625 4027 799 4098 Caput
837 4045 959 4083 vero
987 4027 1099 4097 ejus
1140 4034 1189 4084 et
1230 4028 1416 4100 capilli
1451 4035 1604 4084 erant
1639 4028 1853 4084 candidi
1891 4035 2142 4098 tanquam

552 4111 679 4170 lana
707 4115 832 4171 alba
877 4123 927 4172 et
951 4123 1204 4188 tanquam
1249 4117 1367 4174 nisi.
1425 4117 1528 4173 Per
1551 4125 1716 4191 caput
1759 4119 1871 4186 lex,
1920 4133 2015 4189 per
2055 4132 2141 4173 ca-

549 4203 712 4277 pillos
756 4221 887 4262 vero
917 4205 1013 4278 qui
1048 4223 1117 4262 ex
1162 4206 1341 4280 capite
1384 4216 1706 4274 nascuntur,
1756 4207 2142 4264 multitudines

550 4308 740 4350 eorum
769 4291 1126 4366 designantur
1164 4295 1259 4368 qui
1301 4311 1398 4366 per
1425 4295 1598 4367 legem
1629 4295 1766 4351 salvi
1809 4295 1941 4350 facti
1987 4303 2137 4351 sunt.

549 4381 656 4450 Qui
697 4382 884 4455 capilli
941 4391 1201 4456 tanquam
1248 4384 1372 4440 lana
1425 4383 1568 4452 alba,
1626 4392 1679 4440 et
1726 4391 1985 4457 tanquam
2037 4384 2140 4442 nix

547 4473 766 4532 candidi
799 4491 912 4531 esse
940 4475 1231 4542 dicuntur;
1274 4475 1402 4549 quia
1427 4475 1686 4532 videlicet
1729 4475 1823 4532 ille
1849 4477 2086 4548 populus
2111 4493 2142 4532 a

547 4562 789 4620 tenebris
823 4563 1086 4619 vitiorum
1137 4581 1232 4638 per
1261 4565 1432 4638 legem
1480 4572 1560 4620 est
1606 4563 1954 4621 emundatus.
1990 4566 2142 4622 Oculi

545 4659 722 4708 autem
766 4653 879 4723 ejus
923 4655 1063 4710 velut
1107 4655 1320 4724 ﬂamma
1361 4655 1516 4725 ignis.
1570 4654 1729 4711 Oculi
1771 4661 1972 4711 cuncta
2017 4671 2136 4727 quae

547 4743 694 4801 circa
723 4761 779 4800 se
806 4753 956 4813 sunt,
983 4745 1145 4817 longe
1181 4747 1394 4818 lateque
1424 4744 1796 4817 perspiciunt:
1832 4761 1928 4816 per
1951 4745 2140 4801 oculos

547 4831 718 4904 igitur
758 4832 1036 4906 prophetae
1083 4833 1460 4906 designantur,
1509 4835 1606 4906 qui
1641 4849 1704 4890 ea
1743 4850 1864 4907 quae
1905 4843 2140 4891 ventura

547 4928 722 4988 erant,
754 4921 914 4994 longe
950 4929 1077 4979 ante
1123 4921 1422 4995 praevidere
1473 4930 1811 4980 meruerunt.
1861 4922 1967 4990 Qui
1995 4922 2140 4979 sicut

545 5007 767 5066 ﬂamma
796 5010 939 5083 ignis
963 5027 1078 5067 esse
1101 5011 1385 5081 dicuntur,
1417 5011 1548 5086 quia
1575 5011 1782 5085 Spiritu
1803 5019 1991 5068 sancto
2013 5011 2138 5068 illu-

545 5099 741 5158 minati
771 5101 1034 5172 mysteria
1059 5101 1302 5158 cmlestia
1329 5101 1686 5175 contemplati
1714 5110 1862 5158 sunt.

615 5200 689 5256 Et
726 5198 883 5271 pedes
909 5198 1022 5269 ejus
1061 5198 1258 5254 similes
1298 5200 1622 5270 aurichalco,
1653 5202 1788 5256 sicut
1831 5201 1890 5256 in
1934 5199 2138 5256 camino

543 5289 773 5346 ardenti.
819 5289 922 5346 Per
953 5287 1115 5362 pedes
1165 5289 1396 5362 apostoli
1445 5289 1822 5363 designantur,
1871 5299 1925 5348 et
1952 5290 2137 5347 casteri

544 5379 641 5453 qui
682 5397 753 5437 ex
801 5379 1005 5436 Iudaeis
1047 5379 1422 5437 crediderunt.
1467 5383 1545 5437 De
1591 5380 1713 5438 istis
1750 5381 1981 5454 pedibus
2015 5397 2135 5453 pro-

545 5467 709 5539 pheta
735 5468 982 5542 loquitur
1011 5466 1238 5525 dicens:
1283 5490 1302 5515 ι
1336 5467 1508 5537 Quam
1541 5469 1760 5542 pulchri
1790 5485 1954 5542 super
1981 5485 2134 5526 mon-

619 5609 700 5679 (5)
731 5609 882 5667 Edit.
914 5611 1048 5668 Gill.
1097 5627 1161 5667 ac
1207 5611 1388 5678 Rom,
1429 5627 1560 5682 quos
1592 5609 1876 5684 Scriptura
1905 5627 2135 5668 comme-

545 5685 757 5750 morat;
780 5696 910 5738 mss.
945 5697 1096 5750 vero,
1127 5699 1233 5737 non
1261 5689 1649 5739 commemorat.

622 5749 703 5822 (6)
771 5751 839 5806 In
892 5753 989 5808 hac
1060 5753 1217 5812 etiam
1276 5753 1582 5826 fornace...
1648 5753 1708 5812 in
1763 5753 2134 5812 tentationibus

2249 3303 2316 3360 ad
2366 3319 2578 3360 errores
2631 3321 2820 3360 eorum
2873 3305 3240 3361 concidendos
3302 3305 3636 3377 progressuri
3693 3313 3853 3372 sunt,

2250 3411 2346 3466 per
2391 3395 2633 3468 gladium
2683 3395 3061 3467 designantur.
3112 3395 3216 3462 Qui
3266 3395 3377 3451 duo
3423 3394 3680 3452 acumina
3743 3394 3854 3450 ha-

2247 3483 2375 3539 bere
2404 3483 2556 3540 visus
2591 3491 2704 3551 est;
2756 3485 2888 3556 quia
2920 3483 3023 3556 ipsi
3060 3483 3330 3552 doctores,
3381 3483 3615 3540 duorum
3645 3484 3853 3540 Testa-

2250 3578 2558 3626 mentorum
2590 3570 2859 3626 doctrinis
2878 3569 3101 3636 eruditi,
3131 3569 3292 3626 facile
3322 3568 3504 3625 hostes
3524 3570 3848 3628 devincent.

2247 3659 2381 3714 Nam
2422 3657 2568 3730 quod
2607 3657 2674 3714 de
2719 3673 2813 3713 ore
2862 3656 3086 3713 Domini
3134 3658 3250 3728 ipse
3289 3657 3504 3729 gladius
3551 3659 3849 3730 procedere

2252 3746 2402 3802 visus
2431 3755 2536 3816 est,
2567 3745 2706 3802 illud
2735 3745 3030 3819 signiﬁcat,
3063 3745 3210 3818 quod
3240 3745 3354 3818 ipse
3376 3745 3521 3802 dixit
3548 3747 3607 3802 in
3645 3748 3850 3803 Evan-

2251 3835 2438 3908 gelio:
2503 3857 2522 3882 ε
2553 3836 2675 3891 Non
2729 3835 2876 3890 enim
2912 3851 3011 3890 vos
3057 3835 3186 3890 estis
3239 3835 3335 3908 qui
3376 3835 3694 3907 loquimini,
3753 3836 3844 3893 sed

2250 3925 2486 3997 Spiritus
2513 3925 2689 3981 Patris
2732 3925 2900 3980 vestri
2931 3923 3025 3998 qui
3057 3923 3303 3998 loquitur
3333 3925 3390 3980 iu
3433 3925 3590 3981 vobis
3617 3927 3841 3997 (Matth.

2251 4037 2308 4089 ι,
2347 4020 2464 4087 20).
2497 4045 2514 4068 ι
2559 4021 2622 4076 In
2658 4019 2728 4075 iis
2755 4035 2882 4091 ergo
2911 4026 3117 4092 septem
3150 4020 3487 4076 ornamentis
3523 4020 3841 4078 omnis‘ele-

2250 4121 2463 4168 ctorum
2516 4111 2783 4180 Ecclesia,
2842 4127 2961 4184 quae
3017 4128 3049 4166 a
3088 4111 3249 4168 nobis
3305 4112 3364 4168 in
3417 4121 3624 4184 septem
3661 4122 3840 4187 partes

2250 4201 2540 4270 dividitur,
2591 4202 3093 4274 comprehenditur.
3152 4203 3281 4261 Sine
3335 4204 3404 4261 iis
3458 4221 3584 4276 ergo
3630 4217 3836 4280 septem

2250 4293 2496 4367 partibus
2530 4310 2640 4350 non
2673 4295 2809 4352 mihi
2840 4296 3064 4352 videtur
3091 4295 3240 4354 hunc
3270 4297 3472 4354 librum
3504 4313 3835 4372 quemquam

2250 4383 2499 4440 ordinate
2544 4400 2698 4455 posse
2745 4384 3090 4458 intelligere:
3141 4386 3210 4442 de
3255 4395 3447 4444 octava
3487 4395 3668 4444 autem
3719 4405 3836 4463 quae

2250 4483 2436 4544 restat,
2471 4475 2678 4548 aliquid
2707 4475 3001 4532 dicendum
3036 4484 3138 4534 est.

2319 4565 2393 4618 Et
2444 4563 2606 4633 facies
2651 4563 2787 4633 ejus,
2831 4565 2965 4620 sicut
3007 4567 3088 4620 sol
3145 4566 3296 4634 lucet,
3355 4565 3413 4620 in
3461 4566 3655 4623 virtute
3715 4587 3830 4625 sua.

2247 4651 2349 4706 Per
2413 4651 2608 4708 faciem
2667 4653 2933 4722 Ecclesia,
2991 4654 3137 4710 sicut
3204 4661 3326 4726 post
3379 4655 3831 4714 resurrectionem

2247 4743 2434 4799 futura
2481 4751 2582 4812 est,
2631 4743 2982 4817 designatur;
3035 4751 3087 4800 et
3135 4744 3260 4801 ideo
3306 4761 3402 4817 per
3439 4745 3654 4813 faciem,
3708 4749 3834 4821 quia

2247 4840 2381 4889 tunc
2408 4835 2604 4903 Deum,
2637 4834 2780 4891 sicut
2806 4833 2944 4890 dicit
2973 4835 3288 4906 Apostolus,
3323 4834 3458 4907 justi
3487 4835 3625 4892 facie
3664 4837 3734 4893 ad
3764 4838 3831 4894 fa-

2247 4921 2385 4978 ciem
2426 4923 2696 4980 videbunt
2727 4924 2784 4994 (Ι
2827 4924 2950 4979 Cor.
3004 4939 3126 4990 xm,
3162 4923 3273 4994 l2).
3307 4925 3437 4993 Qua;
3469 4923 3611 4982 sicut
3643 4927 3722 4982 sol
3757 4929 3829 4983 lu-

2247 5027 2368 5070 cere
2413 5012 2533 5069 visa
2572 5020 2674 5080 est,
2719 5012 2847 5085 quia
2903 5011 3046 5068 sicut
3078 5011 3215 5070 dicit
3260 5012 3568 5070 Dominus:
3634 5039 3652 5062 ι
3683 5015 3829 5072 Tunc

2240 5102 2380 5176 justi
2410 5103 2699 5174 fulgebunt
2731 5101 2878 5160 sicut
2907 5103 2988 5160 sol
3017 5103 3076 5160 in
3105 5120 3270 5177 regno
3297 5104 3473 5161 Patris
3500 5105 3584 5160 sui
3619 5106 3824 5176 (Matth.

2246 5210 2372 5262 xm,
2398 5191 2514 5264 43).
2545 5217 2564 5240 ι
2608 5192 2976 5250 Inveniuntur
3013 5193 3068 5248 in
3116 5193 3412 5265 Scripturis
3457 5193 3704 5267 quasdam
3748 5195 3828 5251 his

2244 5291 2450 5358 septem
2507 5284 2754 5358 partibus
2798 5285 3203 5354 convenientia,
3257 5293 3319 5342 ut
3367 5295 3450 5343 est
3503 5285 3642 5343 illud
3687 5287 3826 5360 quod

2245 5374 2304 5430 in
2331 5376 2494 5432 Iosue
2525 5375 2746 5449 legitur,
2775 5377 2872 5434 ubi
2903 5377 3160 5450 praecepit
3189 5376 3458 5433 Dominus
3499 5385 3560 5434 ut
3586 5377 3826 5436 circum-

2244 5465 2350 5523 iret
2395 5483 2520 5524 arca
2563 5466 2663 5524 Dei
2709 5467 2995 5525 civitatem
3051 5465 3270 5522 Iericho
3314 5483 3411 5539 per
3456 5475 3660 5541 septem
3714 5467 3824 5526 dies

2239 5611 2388 5682 meis,
2439 5611 2664 5694 aberant
2703 5610 2772 5668 ab
2817 5611 2996 5682 edit.;
3047 5629 3168 5687 quae
3212 5628 3368 5670 nose
3415 5631 3544 5672 mss.
3573 5614 3822 5673 omnibus

2242 5699 2606 5758 reposuimus.
