3970 6362
153 418 274 477 853

1056 419 1518 476 BERENGAUDI
1554 418 1929 476 EXPOSITIO
1969 419 2039 475 IN
2079 418 2583 476 APOCALYPSIN.

1969 298 1985 325 ι

3364 411 3471 479 854

156 544 336 599 semel
368 543 426 598 in
456 543 565 612 die,
601 544 977 601 sacerdotibus
1019 561 1137 600 eam
1170 545 1538 618 portantibus,
1587 546 1764 602 tubis-
1796 548 1847 607 Α
1876 562 2097 602 cernere
2113 545 2391 615 deberent,
2412 547 2527 619 ipsa
2543 547 2633 602 lex
2650 546 2983 605 manifestat.
3007 549 3291 621 Prophetas
3311 565 3466 622 vero,

155 648 274 704 que
325 634 671 703 canentibus,
716 651 778 690 ac
817 634 1035 707 populis
1074 634 1429 707 sequentibus
1477 636 1657 707 (Josue
1684 653 1762 704 v1,

155 723 361 795 6—20).
430 725 652 780 Iericho
717 741 952 798 namque
1016 740 1180 781 omne
1244 741 1442 796 corpus
1495 725 1766 797 reprobo-

155 828 314 880 rum,
367 813 513 885 quod
558 822 639 869 est
685 814 882 870 civitas
927 813 1155 882 diaboli,
1183 814 1460 887 designat:
1495 832 1590 887 per
1621 815 1766 872 ﬁlios

156 918 301 957 vero
364 904 551 970 Israel,
618 905 779 960 electi
833 903 1217 977 designantur:
1287 921 1383 976 per
1434 905 1760 973 sacerdotes,

156 995 589 1066 praedicatores:
641 1011 736 1065 per
780 994 956 1063 tubas,
1017 994 1269 1051 doctrina
1322 994 1757 1066 praedicationis:

154 1100 262 1154 per
308 1085 570 1156 populum
612 1100 741 1139 vero
768 1084 860 1157 qui
904 1100 997 1139 eos
1044 1083 1391 1155 sequebatur,
1413 1100 1602 1139 omnes
1624 1083 1764 1154 justi

153 1171 551 1245 designantur,
596 1172 692 1246 qui
753 1189 943 1229 eorum
1000 1173 1309 1229 doctrinam
1374 1173 1760 1245 sequebantur,

153 1272 213 1319 et
264 1273 421 1321 actus
465 1264 859 1320 imitabantur:
910 1281 1007 1337 per
1061 1280 1241 1320 arcam
1273 1271 1451 1318 autem
1485 1280 1645 1336 quam
1674 1263 1765 1319 fe-

152 1353 379 1421 rebant,
412 1353 664 1410 Christus
698 1353 1049 1426 intelligitur,
1094 1354 1188 1426 qui
1238 1369 1269 1407 a
1299 1353 1503 1409 sanctis
1532 1352 1590 1407 in
1633 1368 1765 1408 cor—

152 1442 331 1498 dibus
374 1458 565 1497 eorum
615 1442 872 1499 habitans
920 1450 1188 1514 portatur.
1249 1445 1325 1498 De
1382 1440 1764 1514 praedicatori-

152 1531 268 1587 bus
322 1539 504 1587 autem
563 1532 660 1603 qui
715 1540 838 1604 post
893 1532 1102 1590 Christi
1167 1531 1466 1588 adventum
1518 1531 1762 1600 fuerunt,

152 1622 311 1678 nulli
360 1622 595 1678 dubium
638 1623 786 1696 quod
834 1622 1117 1680 Christum
1173 1638 1285 1678 non
1340 1623 1516 1677 solum
1576 1622 1764 1694 lingua

151 1710 534 1781 praedicando,
581 1728 774 1767 verum
831 1711 996 1767 etiam
1052 1710 1216 1767 corde
1263 1709 1541 1783 diligendo
1584 1718 1761 1783 porta-

153 1809 385 1857 verunt.
417 1802 505 1856 Illi
532 1809 713 1857 autem
741 1800 835 1873 qui
865 1800 1167 1856 adventum
1198 1799 1319 1871 ejus
1348 1807 1761 1872 praecesserunt,

1876 634 1944 690 ad
1964 651 2100 707 quos
2127 642 2353 707 quartus
2373 635 2639 692 circuitus
2656 636 2910 708 pertinet,
2934 637 2993 691 in
3014 645 3226 693 tantum
3251 648 3469 710 peccata

1877 723 2189 794 principum
2211 724 2611 799 hominumque
2638 726 2935 798 impiorum
2962 736 3287 798 spreverunt
3305 737 3468 801 atque

1877 814 2369 885 reprehenderunt,
2400 825 2461 872 ut
2490 833 2591 888 pro
2620 816 2725 873 hoc
2746 816 2969 888 quidam
2997 833 3185 886 eorum
3218 819 3464 890 lapidati,

1876 903 2099 975 quidam
2124 903 2277 970 secti,
2295 905 2517 978 quidam
2540 922 2671 961 vero
2694 906 2751 961 in
2775 906 3051 963 occisione
3072 908 3240 978 gladii
3263 911 3465 966 mortui

1876 992 2007 1047 sint.
2026 993 2279 1064 Apostoli
2310 1010 2460 1062 vero,
2483 1002 2538 1049 et
2560 995 2619 1050 hi
2640 996 2735 1068 qui
2765 1011 2834 1052 ex
2857 996 3063 1052 Iudaeis
3093 997 3464 1069 crediderunt,

1874 1082 1942 1136 ad
1966 1097 2102 1153 quos
2131 1083 2357 1155 quintus
2393 1084 2658 1141 circuitus
2685 1085 2943 1157 pertinet,
2965 1094 3169 1160 quanto
3198 1089 3382 1145 studio
3410 1105 3467 1147 se

1875 1169 1943 1225 ab
1982 1169 2292 1228 inﬁdelium
2339 1173 2653 1230 Iudaeorum
2716 1175 2948 1232 consilio
2994 1186 3156 1249 atque
3209 1178 3467 1250 operibus

1876 1261 2300 1331 segregaverint,
2324 1262 2499 1321 Lucas
2527 1264 2585 1320 in
2606 1265 2836 1321 Actibus
2856 1268 3226 1339 apostolorum
3257 1276 3462 1325 narrat.

1879 1347 2078 1404 Gentes
2135 1366 2265 1405 vero
2317 1350 2387 1407 ad
2442 1367 2575 1424 quas
2630 1361 2820 1410 sextus
2875 1355 3139 1412 circuitus
3203 1355 3463 1428 pertinet,

1874 1447 2081 1510 quanto
2123 1440 2316 1498 ardore
2358 1459 2412 1498 se
2454 1460 2485 1498 a
2532 1444 2792 1502 societate
2828 1445 3125 1517 impiorum
3183 1446 3465 1519 disjunxe-

1874 1532 2009 1599 rint,
2057 1540 2328 1604 martyres
2357 1536 2609 1607 requisiti
2649 1537 2854 1594 dicant.
2887 1538 3162 1609 Septimus
3188 1555 3320 1594 vero
3360 1539 3463 1596 cir-

1875 1620 2059 1678 cuitus
2103 1622 2171 1678 ad
2213 1638 2324 1691 eos,
2379 1625 2472 1696 qui
2522 1626 2863 1698 temporibus
2910 1627 3243 1701 Antichristi
3290 1628 3465 1684 futuri

1875 1717 2022 1778 sunt,
2054 1711 2321 1782 pertinet:
2356 1712 2449 1768 sed
2477 1722 2532 1768 et
2560 1714 2643 1769 illi
2673 1715 2949 1788 quomodo
2978 1715 3333 1784 Antichristi,
3364 1716 3463 1772 mi-

1874 1800 2286 1874 nistrorumque
2328 1801 2447 1873 ejus
2505 1802 2753 1860 devitent
2802 1804 3109 1877 perﬁdiam,
3168 1803 3261 1860 hic
3325 1804 3465 1860 liber

151 1891 446 1962 quomodo
494 1891 653 1947 illum
708 1891 1114 1963 portaverunt?
1160 1891 1526 1946 Portaverunt
1572 1890 1764 1963 utique
1794 1895 1839 1955 B
1874 1888 2208 1945 manifestat.
2259 1890 2503 1962 Septimo
2559 1908 2685 1964 ergo
2737 1893 2826 1949 die
2875 1893 3346 1951 circumeuntibus
3384 1910 3462 1950 sa-

149 1990 210 2036 et
259 1980 385 2047 illi;
444 1996 571 2037 nam
618 1980 790 2054 aliqui
833 1997 1024 2037 eorum
1071 1996 1193 2035 eum
1251 1980 1433 2036 verbis
1489 1979 1755 2051 praedixe-

152 2077 314 2137 runt,
368 2069 542 2143 aliqui
605 2070 764 2127 factis
832 2070 1320 2143 prmsignaverunt.
1390 2070 1754 2137 Quaerendum

150 2174 297 2214 vero
344 2158 507 2214 nobis
564 2167 647 2215 est
692 2159 826 2232 quid
855 2160 1120 2216 circuitus
1150 2159 1270 2227 iste,
1303 2159 1397 2231 qui
1426 2174 1523 2229 per
1549 2167 1756 2231 septem

150 2245 279 2302 dies
326 2247 505 2303 factus
553 2255 654 2315 est,
695 2248 961 2320 designet.
1012 2248 1142 2304 Loci
1184 2264 1419 2320 namque
1447 2264 1609 2321 quem
1653 2249 1754 2304 cir-

149 2335 396 2404 cuimus,
430 2335 731 2408 ingressum
781 2337 1130 2404 devitamus;
1163 2353 1288 2392 nam
1328 2352 1454 2393 cum
1486 2352 1581 2409 per
1608 2338 1754 2392 viam

150 2427 458 2499 pergimus,
516 2427 562 2483 si
614 2428 828 2483 foveam
873 2435 968 2483 aut
1019 2428 1213 2483 limum
1256 2427 1614 2500 profundum,
1662 2437 1758 2485 aut

150 2515 385 2588 aliquod
414 2516 718 2588 periculum
760 2516 1096 2584 invenimus,
1128 2515 1523 2572 circumeundo
1562 2517 1608 2573 si
1634 2533 1752 2589 pos-

150 2621 370 2672 sumus,
429 2605 738 2677 ingressum
789 2603 908 2676 ejus
963 2603 1293 2673 devitamus,
1338 2614 1400 2661 ut
1447 2604 1753 2676 periculum

150 2693 476 2749 evadamus.
553 2692 774 2749 Iericho
848 2709 1083 2765 namque
1157 2693 1476 2760 circuimus,
1538 2692 1584 2748 si
1651 2694 1755 2748 iter

150 2782 288 2837 vitae
339 2782 622 2854 praesentis
667 2780 967 2838 secundum
1018 2782 1358 2837 voluntatem
1398 2783 1496 2837 Dei
1527 2782 1753 2854 perﬁci-

151 2888 316 2934 mus;
378 2886 503 2924 nam
550 2870 803 2941 quamvis
841 2886 966 2926 cum
1009 2870 1256 2941 reprobis
1284 2869 1614 2937 habitamus,
1655 2870 1755 2926 Ie-

150 2960 315 3016 richo
359 2959 683 3027 circuimus,
725 2960 770 3015 si
812 2958 880 3014 ab
924 2976 1109 3014 eorum
1158 2957 1520 3031 pravitatibus
1576 2960 1754 3015 absti-

149 3069 373 3109 nemus.
424 3053 502 3107 De
553 3052 656 3109 hac
712 3051 1039 3109 circuitione
1086 3051 1226 3107 mihi
1283 3051 1504 3107 videtur
1546 3049 1754 3106 dixisse

149 3141 481 3198 Psalmista:
530 3142 819 3199 «Circuivi
866 3149 920 3197 et
962 3141 1246 3196 immolavi
1295 3142 1354 3196 in
1402 3140 1754 3196 tabernaculo

1867 1983 2184 2040 cerdotibus
2222 2001 2345 2040 cum
2377 2001 2502 2041 arca
2547 1986 2788 2056 Iericho,
2821 1994 2981 2060 atque
3010 1986 3460 2053 vociferantibus,

1866 2072 2011 2127 muri
2073 2072 2290 2129 Iericho
2338 2072 2676 2143 ceciderunt,
2727 2075 3015 2147 omnisque
3060 2076 3293 2147 populus
3335 2092 3462 2132 cum

1868 2175 1991 2231 rege
2048 2176 2147 2214 suo
2196 2160 2519 2217 interfectus
2573 2170 2689 2229 est;
2749 2162 2879 2234 quia
2931 2162 3359 2234 praedicantibus
3404 2164 3463 2219 in

1865 2246 1975 2302 ﬁne
2041 2248 2235 2304 mundi
2310 2249 2763 2320 praedicatoribus
2836 2251 3109 2319 veritatis,
3186 2251 3464 2325 ﬁnemque

1868 2337 2062 2393 mundi
2090 2339 2571 2407 annuntiantibus,
2593 2339 2778 2395 subito
2801 2339 2927 2395 ﬁnis
2954 2339 3152 2396 mundi
3182 2341 3460 2411 adveniet,

1865 2425 2154 2498 omnisque
2219 2426 2415 2482 civitas
2465 2427 2673 2482 diaboli
2728 2427 3059 2497 destruetur,
3120 2438 3283 2502 atque
3334 2446 3460 2485 cum

1864 2512 1985 2586 ipso
2042 2515 2220 2586 capite
2258 2531 2357 2570 suo
2403 2514 2657 2570 diabolus
2702 2524 2965 2588 perpetua
3009 2524 3185 2573 morte
3223 2518 3462 2573 damna-

1863 2602 2032 2658 bitur.

1934 2691 2189 2763 Legimus
2226 2692 2391 2748 etiam
2449 2692 2504 2747 in
2553 2692 2695 2748 libro
2735 2692 2987 2749 Iudicum
3020 2694 3247 2749 Samson
3278 2695 3457 2752 fortis-

1862 2780 2063 2835 simum
2111 2778 2367 2836 habuisse
2422 2786 2628 2850 septem
2682 2780 2860 2836 crines
2924 2781 3123 2852 (Judic.
3172 2799 3290 2851 xvr,
3342 2784 3456 2855 i3).

1864 2868 2093 2924 Samson
2160 2868 2441 2925 Christum
2496 2868 2804 2939 signiﬁcat:
2876 2886 2972 2941 per
3037 2871 3265 2942 capillos
3328 2890 3459 2929 vero

1862 2974 2053 3015 omnes
2086 2958 2244 3014 electi
2274 2957 2649 3031 designantur.
2680 2961 2751 3015 Et
2782 2960 2925 3016 sicut
2954 2961 3138 3033 capilli
3177 2962 3459 3019 adhaerent

1862 3047 2050 3120 capiti,
2114 3048 2191 3104 ita
2244 3056 2299 3103 et
2338 3063 2528 3103 omnes
2560 3046 2698 3119 justi
2745 3048 3025 3105 adhaerent
3081 3049 3322 3119 Christo,
3362 3052 3456 3124 qui

1862 3147 2026 3211 caput
2074 3148 2155 3194 est
2193 3138 2440 3194 omnium
2490 3142 2786 3197 electorum
2814 3156 3042 3195 suorum
3071 3159 3082 3197 :
3115 3148 3169 3197 et
3193 3141 3337 3198 sicut
3371 3157 3458 3198 ca-

150 3233 276 3305 ejus
306 3232 543 3289 hostiam
568 3232 920 3305 jubilationis
954 3234 1125 3304 (Psal.
1169 3251 1325 3300 xxvr,
1356 3232 1437 3303 6).
1468 3257 1488 3280 ι
1530 3231 1753 3290 Circui-
1787 3251 1830 3310 ρ
1861 3228 1983 3300 pilli
2030 3229 2259 3284 Samson
2310 3230 2365 3285 in
2412 3239 2614 3303 septem
2662 3238 2840 3301 partes
2887 3229 3055 3285 divisi
3104 3237 3253 3296 sunt,
3285 3230 3362 3286 ita
3402 3237 3458 3287 et

148 3321 237 3376 vit
265 3337 524 3393 namque,
557 3329 611 3376 et
641 3328 827 3392 postea
856 3320 1198 3388 immolavit;
1232 3320 1360 3393 quia
1388 3320 1531 3375 facta
1556 3335 1754 3391 repro—

148 3410 354 3466 borum
399 3411 554 3483 prius
610 3410 838 3482 sprevit,
897 3420 958 3465 ut
1014 3409 1196 3465 hostia
1236 3408 1589 3480 jubilationis
1636 3406 1756 3478 ejus

148 3499 511 3571 acceptabilis
555 3500 670 3554 Deo
712 3498 884 3554 ﬁeret.
935 3497 1094 3553 Multi
1141 3497 1287 3552 enim
1321 3505 1471 3565 sunt,
1499 3497 1596 3568 qui
1622 3496 1752 3552 assi-

149 3589 263 3645 due
310 3587 535 3643 laudant
584 3589 795 3643 Deum:
848 3587 941 3642 sed
992 3586 1119 3658 quia
1165 3586 1303 3641 vitia
1330 3602 1360 3640 a
1388 3601 1445 3641 se
1491 3585 1753 3658 repellere

150 3679 377 3745 nolunt,
433 3693 624 3733 eorum
669 3675 1004 3732 laudationis
1031 3674 1212 3730 hostia
1249 3690 1362 3730 non
1390 3681 1473 3729 est
1511 3683 1752 3746 accepta-

151 3766 288 3822 bilis
341 3768 477 3822 Deo.
536 3766 721 3821 Prima
780 3765 950 3837 igitur
997 3763 1255 3821 circuitio
1295 3763 1365 3819 ad
1417 3780 1509 3819 eos
1550 3763 1750 3835 justos,

152 3854 252 3927 qui
295 3864 420 3910 ante
468 3854 748 3910 diluvium
785 3854 1029 3921 fuerunt,
1070 3853 1328 3925 pertinet,
1378 3853 1473 3924 qui
1504 3851 1605 3907 ﬁlii
1652 3851 1752 3909 Dei

153 3943 294 3999 dicti
340 3951 487 4000 sunt.
523 3943 814 4002 Civitatem
847 3942 1017 4015 igitur
1061 3941 1280 3998 Iericho
1305 3941 1498 3997 tandiu
1523 3941 1750 3998 circuie-

154 4040 310 4101 runt,
364 4032 611 4106 quandiu
654 4049 687 4088 a
732 4033 989 4089 societate
1041 4031 1396 4105 reproborum
1454 4046 1511 4087 se
1566 4045 1751 4102 seque-

152 4129 493 4179 straverunt.
529 4123 825 4194 Postquam
869 4122 1038 4194 igitur
1091 4137 1213 4177 arca
1259 4122 1378 4188 Dei,
1410 4128 1463 4175 et
1517 4120 1754 4192 populus

153 4209 380 4265 Iericho
409 4210 690 4265 civitatem
739 4211 1096 4277 circuierunt,
1126 4209 1193 4265 ad
1224 4217 1403 4267 castra
1429 4208 1712 4264 redierunt
1737 4226 1750 4275 ;

153 4298 291 4369 quia
333 4298 709 4370 unusquisque
749 4297 932 4368 justus
978 4298 1323 4353 circuitionis
1369 4314 1478 4353 suae
1509 4306 1753 4369 tempore

156 4386 400 4458 expleto,
430 4395 553 4457 post
582 4394 813 4441 mortem
839 4386 906 4441 ad
938 4387 1251 4443 societatem
1281 4388 1600 4457 electorum,
1632 4404 1753 4460 quae

152 4484 289 4531 sunt
352 4484 528 4532 castra
599 4482 934 4544 sanctorum,
1007 4475 1231 4532 dicitur.
1307 4476 1568 4533 Secunda
1641 4476 1754 4532 diei

157 4567 428 4625 circuitus
489 4568 556 4623 ad
625 4584 737 4635 eos,
795 4567 889 4640 qui
946 4577 1067 4639 post
1130 4567 1406 4623 diluvium
1461 4584 1630 4640 usque
1684 4567 1752 4622 ad

154 4659 385 4730 Moysen
431 4657 676 4725 fuerunt,
726 4656 998 4728 pertinet:
1052 4656 1147 4730 qui
1204 4664 1258 4713 et
1309 4655 1414 4728 ipsi
1470 4655 1751 4712 civitatem

157 4747 378 4804 Iericho
435 4748 811 4815 circuierunt;
852 4749 981 4821 quia
1010 4748 1076 4804 ab
1136 4747 1521 4820 iniquitatibus
1570 4764 1751 4820 repro-

157 4836 356 4893 borum
404 4854 459 4892 se
506 4845 913 4909 separaverunt.
955 4837 1091 4892 Nam
1137 4845 1190 4893 et
1236 4834 1532 4904 Abraham,
1565 4853 1751 4909 quam-

157 4927 244 4982 vis
296 4927 440 4982 inter
480 4926 829 4982 Amorrbmos
867 4926 1157 4994 habitaret,
1206 4942 1317 4982 non
1370 4927 1546 4981 solum
1594 4924 1750 4992 vitia,

158 5016 252 5070 sed
288 5016 451 5071 etiam
482 5032 773 5087 corporum
821 5016 1135 5072 societatem
1165 5015 1222 5070 in
1267 5022 1479 5070 tantum
1510 5014 1749 5081 horruit,

160 5112 222 5159 ut
268 5103 385 5159 filio
416 5122 517 5160 suo
545 5121 615 5160 ex
643 5103 863 5159 ﬁliabus
908 5120 1095 5160 eorum
1137 5104 1309 5159 nollet
1335 5104 1579 5175 accipere
1616 5120 1751 5158 uxo-

159 5209 297 5249 rem.
330 5195 400 5249 Et
447 5193 514 5249 de
560 5192 723 5261 Loth,
772 5193 867 5266 qui
913 5192 1057 5266 apud
1104 5193 1411 5248 Sodomitas
1449 5190 1749 5259 habitabat,

162 5282 406 5354 loquitur
451 5283 646 5339 beatus
688 5284 902 5351 Petrus,
951 5281 1047 5354 qui
1091 5281 1283 5337 auditu
1331 5288 1385 5336 et
1424 5281 1548 5336 visu
1569 5279 1753 5352 justus

159 5380 275 5426 erat
315 5374 403 5442 (ΙΙ
450 5373 593 5427 Petr.
649 5390 710 5440 ιι,
761 5373 839 5441 7),
875 5370 1129 5427 habitans
1179 5369 1325 5443 apud
1374 5386 1485 5437 eos,
1540 5369 1634 5442 qui
1685 5368 1751 5424 de

158 5460 248 5516 die
297 5461 352 5516 in
395 5462 540 5517 diem
589 5461 829 5517 animam
852 5460 1058 5532 justam
1093 5459 1299 5532 iniquis
1329 5459 1585 5531 operibus
1613 5475 1749 5516 cru—

164 5551 400 5608 ciabant.
451 5551 655 5606 Eodem
690 5550 856 5608 modo
889 5558 942 5607 et
991 5550 1195 5608 caeteri.
1236 5549 1454 5606 Tertius
1480 5566 1610 5605 vero
1648 5549 1750 5606 cir-

160 5637 343 5695 cuitus
377 5637 444 5693 ad
482 5654 572 5693 eos
619 5638 711 5711 qui
765 5639 868 5695 sub
906 5639 1023 5712 lege
1052 5638 1297 5707 fuerunt,
1338 5638 1614 5711 pertinet:
1655 5636 1748 5709 qui

164 5740 372 5807 quanta
424 5730 800 5789 sollicitudine
840 5749 872 5789 a
908 5733 1166 5793 societate
1213 5733 1532 5809 iniquorum
1580 5748 1636 5788 se
1674 5748 1751 5790 se-

1861 3318 2041 3373 omnis
2095 3318 2393 3374 electorum
2452 3336 2715 3374 numerus
2767 3319 2825 3373 in
2878 3326 3084 3390 septem
3134 3326 3313 3390 partes
3354 3335 3454 3389 pro

1862 3413 2172 3479 temporum
2204 3406 2562 3479 qualitatibus
2590 3406 2766 3462 dividi
2798 3413 2998 3477 potest,
3026 3405 3169 3462 sicut
3199 3405 3454 3478 superius

1861 3495 2379 3552 demonstravimus.

1933 3585 2038 3641 Sed
2062 3592 2117 3640 et
2150 3585 2253 3641 hoc
2282 3584 2428 3659 quod
2462 3585 2520 3640 in
2550 3583 2840 3640 Salomone
2866 3582 3133 3654 scriptum
3168 3591 3275 3639 est:
3318 3607 3336 3630 ι
3361 3584 3451 3640 Sa-

1861 3673 2069 3747 pientia
2117 3674 2412 3731 aediﬁcavit
2457 3673 2562 3729 sibi
2610 3672 2857 3741 domum,
2917 3671 3125 3729 excidit
3170 3672 3455 3730 columnas

1862 3772 2066 3835 septem
2111 3764 2298 3834 (Prov.
2335 3779 2415 3832 ix,
2454 3763 2541 3835 i);
2586 3788 2606 3812 ι
2662 3768 2840 3835 potest
2888 3759 3020 3818 huic
3063 3768 3253 3818 nostro
3296 3762 3454 3818 intel-

1860 3851 2030 3907 lectui
2078 3851 2394 3907 convenire.
2440 3850 2715 3924 Sapientia
2750 3867 2986 3925 namque
3025 3850 3321 3907 aediﬁcavit
3347 3850 3454 3907 sibi

1862 3938 2109 4007 domum,
2142 3939 2362 4011 quando
2390 3939 2659 3995 Dominus
2692 3945 2879 3995 noster
2917 3939 3073 3994 Iesus
3104 3938 3359 3997 Christus
3386 3939 3455 3996 ab

1862 4027 2024 4082 initio
2055 4027 2248 4082 mundi
2295 4044 2467 4100 usque
2512 4028 2581 4083 ad
2624 4029 2787 4084 ﬁnem
2820 4027 2937 4100 ejus
2965 4043 3035 4082 ex
3065 4027 3456 4085 numerositate

1861 4117 2160 4174 electorum
2192 4117 2494 4173 Ecclesiam
2543 4116 2648 4173 sibi
2691 4117 3004 4174 construxit
3041 4123 3096 4172 et
3128 4124 3409 4174 construct
3438 4137 3451 4174 :

1861 4208 2069 4265 excidit
2091 4209 2374 4265 columnas
2402 4217 2630 4281 septem,
2663 4208 2882 4281 quando
2912 4207 2983 4263 iis
3009 4216 3213 4281 septem
3250 4216 3456 4282 tempo-

1862 4298 2014 4355 ribus
2043 4298 2444 4371 praedicatores,
2464 4299 2570 4373 'qui
2597 4299 2831 4371 singulis
2873 4298 3214 4372 temporibus
3257 4315 3454 4355 conve-

1861 4386 2067 4456 nirent,
2097 4389 2154 4443 in
2184 4389 2428 4445 Ecclesia
2452 4405 2550 4445 sua
2578 4388 2790 4457 statuit,
2831 4388 2925 4461 qui
2954 4395 3009 4443 et
3039 4388 3267 4443 monitis
3315 4389 3456 4444 salu-

1861 4476 2092 4545 taribus,
2138 4483 2285 4540 504
2328 4486 2384 4534 et
2438 4478 2709 4534 bonorum
2750 4492 2975 4548 operum
3023 4476 3293 4548 exemplis
3335 4492 3453 4532 eam

1861 4575 2246 4623 sustentarent.

1933 4659 2227 4714 Possumus
2257 4666 2310 4714 et
2340 4657 2447 4713 hoc
2471 4654 2618 4729 quod
2651 4654 2795 4710 idem
2826 4654 3084 4710 Salomon
3116 4653 3172 4731 in
3194 4653 3304 4709 alio
3334 4653 3455 4709 loco

1860 4748 2037 4820 ponit,
2067 4748 2255 4804 dicens
2281 4765 2292 4803 :
2342 4772 2359 4795 ι
2388 4748 2469 4802 Da
2499 4752 2708 4817 partem
2751 4752 2978 4815 septem,
3002 4759 3215 4799 necnon
3246 4751 3300 4799 et
3327 4750 3455 4799 octo

1865 4837 2062 4907 (Eccle.
2096 4853 2177 4904 χι,
2222 4837 2303 4907 2),
2331 4859 2349 4882 ι
2391 4834 2523 4889 huic
2574 4839 2775 4889 nostrae
2814 4830 3149 4903 expositioni
3180 4838 3451 4904 coeptare.

1862 4923 2106 4979 Primum
2160 4924 2328 4996 igitur
2391 4921 2744 4995 quaerendum
2802 4922 2962 4985 nobis
3016 4930 3119 4991 est,
3184 4922 3317 4996 quid
3383 4925 3457 4982 sit

1861 5013 2007 5071 unde
2038 5022 2216 5087 partes
2260 5013 2433 5069 facere
2464 5011 2834 5084 praecipimur.
2883 5013 2982 5068 Est
3022 5029 3258 5087 namque
3284 5012 3454 5086 quod-

1860 5103 1984 5159 dam
2010 5103 2236 5170 bonum,
2272 5110 2325 5158 et
2353 5101 2533 5172 ipsum
2572 5109 2653 5157 est
2682 5118 2961 5157 summum
3007 5102 3237 5170 bonum,
3278 5102 3454 5159 chari-

1860 5200 1942 5248 tas
1968 5192 2249 5259 videlicet,
2284 5209 2404 5265 quae
2454 5191 2562 5248 nisi
2600 5193 2861 5264 patiatur,
2911 5193 3212 5265 perfectum
3245 5194 3454 5250 bonum

1862 5298 1972 5336 non
2028 5281 2169 5348 erit;
2232 5282 2467 5353 partitur
2518 5281 2667 5337 enim
2725 5280 2783 5336 in
2834 5281 3185 5338 dilectionem
3231 5282 3351 5350 Dei,
3401 5291 3457 5340 et

1861 5371 2213 5428 dilectionem
2270 5369 2554 5443 proximi:
2610 5386 2730 5443 quae
2790 5387 2917 5426 cum
2970 5387 3081 5426 una
3142 5371 3233 5438 sit,
3291 5369 3458 5428 habet

1860 5468 2043 5517 tamen
2071 5461 2182 5517 duo
2208 5460 2453 5527 brachia,
2502 5476 2620 5532 qua
2659 5459 3088 5533 circumquaque
3129 5459 3454 5529 extendens,

1860 5561 1913 5608 et
1960 5553 2132 5607 Deum
2181 5549 2525 5616 hominibus,
2575 5557 2629 5605 et
2675 5548 2930 5604 homines
2983 5550 3096 5605 Deo
3143 5547 3453 5621 conjungit.

1861 5640 2000 5698 Sunt
2032 5648 2086 5695 et
2113 5638 2235 5694 duae
2263 5638 2414 5705 vitae,
2448 5653 2555 5692 una
2579 5652 2699 5709 quae
2738 5636 2940 5705 activa,
2984 5636 3154 5694 altera
3182 5652 3303 5710 qua:
3327 5652 3455 5693 con-

1862 5726 2184 5802 templativa
2233 5732 2601 5800 nuncupatur.
2645 5724 2880 5785 Dilectio
2920 5724 3162 5801 proximi
3210 5723 3279 5782 ad
3324 5724 3456 5783 acti-
