3970 6376
521 429 628 492 855

1540 429 1634 485 AD
1671 429 1905 486 OPERA
1941 427 1996 484 S.
2039 426 2372 485 AMBROSII
2409 426 2788 484 APPENDIX.

3752 429 3872 487 856

523 568 670 621 vam,
703 549 929 610 dilectio
957 559 1140 608 autem
1171 551 1267 608 Dei
1300 553 1519 626 proprie
1539 552 1606 609 ad
1627 553 2110 626 contemplativam
2149 556 2198 616 A
2227 567 2364 624 quos
2419 551 2562 621 vult,
2622 551 2682 608 in
2739 551 2930 609 eodem
2977 552 3349 609 damnationis
3395 553 3644 626 periculo
3696 555 3869 628 justo

520 643 780 716 pertinet.
855 643 1150 698 Possumus
1222 642 1391 715 igitur
1461 659 1558 715 per
1631 651 1835 716 septem
1893 659 2111 698 omnem

521 737 819 792 electorum
867 733 1301 802 multitudinem,
1350 750 1447 806 per
1492 742 1616 791 octo
1653 751 1783 790 vero
1811 735 2112 790 Dominum

521 837 772 885 nostrum
833 829 1017 884 Jesum
1075 827 1354 886 Christum
1423 825 1764 898 intelligere;
1833 842 1897 880 eo
1966 824 2112 897 quod

521 928 716 976 octava
739 919 828 975 die
877 919 1254 975 resurrexerit.
1295 918 1478 974 Sancti
1523 917 1707 990 itaque
1752 915 1852 972 Dei
1905 925 2111 988 partem

521 1007 724 1064 amoris
775 1010 861 1064 sui
917 1016 1120 1081 septem
1178 1008 1332 1073 dant,
1372 1023 1494 1063 cum
1555 1007 1610 1062 in
1649 1004 1928 1062 exercitiis
1981 1003 2110 1059 vita:

519 1098 714 1155 activae
761 1105 1134 1170 occupantur;
1167 1096 1424 1153 videlicet
1469 1112 1594 1152 cum
1625 1111 1811 1152 curam
1859 1093 2114 1168 proximo

518 1204 633 1244 non
661 1189 838 1243 solum
865 1187 1160 1254 carnalem,
1185 1186 1278 1242 sed
1308 1194 1362 1241 et
1391 1185 1729 1258 spiritualem
1759 1184 2111 1257 impendunt.

519 1279 665 1333 Dant
714 1276 878 1332 etiam
926 1283 1130 1348 partem
1187 1283 1332 1344 octo,
1380 1291 1505 1333 cum
1553 1291 1645 1331 eos
1700 1291 1855 1330 amor
1898 1273 1998 1330 Dei
2043 1273 2112 1328 ad

519 1365 1039 1438 contemplationem
1069 1365 1187 1437 ejus
1214 1366 1414 1420 iterum
1452 1371 1691 1421 revocat.
1725 1363 1935 1419 Aliter:
1970 1363 2113 1417 Par-

519 1461 626 1510 tem
658 1462 864 1528 septem
889 1455 1104 1523 damus,
1149 1471 1274 1511 cum
1301 1453 1505 1510 sanctis
1533 1453 1632 1509 Dei
1662 1451 1902 1508 debitam
1933 1465 2115 1506 vene-

518 1545 787 1601 rationem
817 1543 1176 1600 exhibemus:
1211 1553 1418 1615 partem
1449 1551 1572 1598 octo
1602 1541 1814 1609 damus,
1837 1557 1964 1598 cum
1998 1542 2112 1597 Deo

518 1634 750 1692 creatori
778 1641 964 1689 nostro
997 1632 1244 1689 debitum
1273 1633 1483 1689 cultum
1519 1631 1908 1704 impendimus.

591 1784 772 1856 (Vers.
798 1785 911 1856 17.)
943 1785 1238 1858 Sequitur:
1281 1786 1355 1841 Et
1391 1801 1508 1840 cum
1547 1784 1790 1840 vidissem
1839 1801 1977 1850 eum,
2025 1800 2118 1839 ce-

2216 641 2431 714 judicio
2461 658 2744 700 remanere
2767 643 2926 700 sinit.

2295 733 2477 804 (Vers.
2525 734 2639 804 19.)
2683 758 2702 781 ι
2730 733 2906 790 Scribe
2948 751 3070 805 ergo
3097 751 3214 805 qua
3239 733 3438 804 vidisti,
3471 743 3522 791 et
3544 754 3670 808 quia
3705 746 3868 807 sunt,

2222 828 2268 876 et
2295 839 2416 893 qua
2444 829 2652 893 oportet
2669 823 2788 894 ﬁeri
2805 830 2927 895 post
2955 824 3078 878 haec.
3111 823 3213 879 Hic
3242 822 3586 883 demonstrat
3633 843 3763 883 non
3809 844 3868 882 se

2223 909 2290 966 de
2336 911 2706 982 praesentibus
2748 920 2802 967 et
2844 911 3049 969 futuris
3070 913 3499 982 .tantummodo,
3551 915 3651 971 sed
3685 923 3753 972 et
3795 916 3869 974 de

2223 999 2516 1070 praeteritis
2547 1001 2893 1074 prophetiam
2932 1003 3197 1058 texuisse.
3227 1003 3405 1059 Scribe
3442 1022 3564 1076 ergo
3603 1022 3744 1076 quas
3791 1007 3868 1060 vi-

2223 1089 2370 1158 disti,
2419 1089 2477 1146 id
2518 1098 2620 1160 est,
2659 1109 2780 1165 qua;
2827 1091 2895 1148 de
2939 1093 3232 1166 praeteritis
3261 1095 3364 1150 tibi
3395 1105 3616 1152 ostensa
3669 1103 3863 1153 sunt:

2223 1195 2340 1250 qua:
2389 1187 2530 1249 sunt,
2580 1187 2626 1236 et
2669 1199 2786 1252 quae
2841 1189 3043 1254 oportet
3087 1185 3208 1257 ﬁeri
3251 1190 3374 1256 post
3430 1187 3556 1255 hac,
3617 1185 3680 1241 id
3749 1195 3865 1255 est,

2226 1270 2515 1340 praesentia
2542 1279 2595 1326 et
2625 1270 2832 1329 futura.

2297 1361 2479 1432 (Vers.
2517 1360 2634 1434 20.)
2680 1362 2991 1434 Mysterium
3035 1370 3223 1436 septem
3259 1367 3542 1422 stellarum
3581 1383 3734 1438 quas
3767 1367 3864 1422 vi-

2223 1449 2350 1505 disti
2396 1451 2452 1506 in
2489 1451 2706 1508 dextera
2753 1469 2884 1520 mea,
2929 1461 2978 1510 (ί
3021 1460 3213 1526 septem
3266 1457 3585 1513 candelabra
3643 1475 3860 1513 aurea.

2225 1537 2562 1596 Subauditur
2581 1541 2716 1612 quid
2745 1542 3080 1614 signiﬁcent.
3115 1543 3260 1612 Quid
3280 1554 3462 1601 autem
3490 1547 3862 1617 significent,

2224 1629 2510 1686 subdendo
2566 1631 2912 1688 manifestat:
2965 1634 3187 1704 Septem,
3235 1633 3439 1708 inquit,
3470 1637 3636 1692 stella
3663 1638 3866 1708 angeli

2224 1727 2347 1776 sunt
2374 1729 2561 1794 septem
2590 1724 2970 1792 Ecclesiarum,
3000 1729 3048 1778 et
3097 1730 3287 1796 septem
3315 1727 3640 1782 candelabra
3671 1745 3864 1783 aurea

2225 1818 2412 1883 septem
2441 1813 2690 1869 Ecclesia:
2716 1820 2862 1870 sunt.
2897 1813 3112 1886 Septem
3146 1813 3316 1885 igitur
3343 1817 3565 1888 angelos
3593 1824 3862 1873 rectores

516 1873 623 1974 aid."
739 1875 896 1980 Ρεξίθδ
929 1875 1044 1980 ei?“
1080 1881 1346 1980 fuitquam.
1385 1881 1645 1980 Μξνίαίξδ·
1689 1875 2112 1980 Εοθθοξῇδημηθθ
2140 1916 2187 1977 Β
2229 1873 2434 1973 septem
2465 1902 2838 1960 Ecclesiarum
2861 1873 3466 1977 debemusintelligere,
3491 1922 3555 1962 eo
3575 1908 3738 1980 quod
3759 1924 3860 1964 an-

517 1963 614 2038 qui
647 1963 753 2020 sibi
782 1971 924 2020 stare
951 1964 1262 2033 videbatur,
1290 1963 1414 2020 viso
1443 1963 1702 2033 Domino,
1733 1963 1934 2020 cecidit
1981 1972 2115 2018 tan-

518 2069 682 2126 quam
751 2061 1036 2120 mortuus;
1104 2053 1233 2126 quia
1307 2053 1686 2126 unusquisque
1744 2053 1832 2109 vir
1895 2060 2117 2108 sanctus

521 2150 788 2216 quantum
838 2159 894 2199 se
950 2142 1019 2199 ad
1073 2142 1551 2215 contemplandam
1609 2141 1960 2197 divinitatem
2017 2140 2114 2196 Dei

519 2231 686 2289 altius
740 2230 996 2300 erexerit,
1050 2239 1204 2288 tanto
1257 2229 1403 2303 apud
1459 2247 1516 2286 se
1563 2229 1836 2284 introrsus
1883 2228 2116 2283 inferius

518 2319 700 2388 cadit;
743 2319 870 2392 quia
909 2319 970 2376 iu
1016 2317 1424 2392 comparatione
1471 2316 1571 2372 Dei
1616 2315 1735 2387 ejus
1792 2314 2114 2386 magnitudo

518 2425 680 2483 quam
713 2427 882 2483 parva
909 2409 1002 2479 sit,
1036 2408 1198 2466 facile
1243 2405 1523 2479 perspicit.
1555 2404 1709 2462 Unde
1755 2411 1808 2461 et
1853 2412 2112 2478 tanquam

516 2508 769 2557 mortuus
809 2498 1031 2566 cecidit,
1061 2497 1195 2570 quia
1229 2495 1287 2552 in
1320 2495 1725 2567 comparatione
1753 2495 1850 2552 Dei
1885 2510 1942 2550 se
1969 2493 2112 2551 nihil

518 2608 634 2649 esse
680 2590 978 2664 perspexit.
1037 2587 1122 2644 Ad
1177 2587 1341 2660 pedes
1389 2587 1610 2655 cecidit,
1663 2587 1794 2660 quia
1849 2585 2114 2643 incarna-

521 2680 690 2738 tionis
731 2679 850 2753 ejus
911 2675 1258 2750 mysterium,
1299 2675 1448 2749 quod
1489 2691 1585 2748 per
1617 2675 1781 2748 pedes
1826 2675 2110 2748 ﬁguratur,

521 2786 578 2828 se
631 2770 788 2826 nullo
845 2766 1010 2824 modo
1066 2765 1530 2840 comprehendere
1591 2782 1746 2838 posse
1811 2765 2110 2838 perspexit.

520 2861 596 2916 Et
637 2857 818 2930 posuit
862 2871 1078 2911 manum
1123 2872 1270 2910 suam
1311 2871 1468 2927 super
1511 2871 1592 2910 me
1623 2855 1838 2910 dicens:
1886 2854 2013 2912 Noli
2039 2855 2116 2910 ti-

519 2965 677 3004 mere.
753 2947 906 3004 Sicut
958 2960 1152 3000 manus
1216 2943 1276 3000 in
1349 2961 1577 3016 corpore
1652 2943 1889 3016 plurima
1949 2943 2115 3000 habet

519 3036 720 3104 ofﬁcia,
750 3037 826 3091 ita
855 3043 908 3091 et
935 3049 1130 3089 manus
1157 3033 1254 3090 Dei
1283 3033 1341 3089 in
1373 3033 1580 3088 divinis
1609 3032 1910 3104 Scripturis
1929 3032 2115 3104 pluri-

521 3141 638 3182 mas
689 3122 1149 3196 signiﬁcationes;
1173 3122 1274 3179 Job
1303 3138 1541 3196 namque
1563 3121 1836 3193 ﬂagellum
1868 3123 1964 3177 Dei
1988 3138 2116 3176 ma-

523 3230 658 3270 num
688 3212 787 3270 Dei
808 3221 988 3280 vocat,
1017 3228 1142 3268 cum
1173 3210 1342 3269 dicit:
1386 3236 1404 3259 ι
1433 3212 1654 3268 Manum
1682 3220 1826 3266 tuam
1850 3210 2007 3280 longe
2028 3209 2114 3266 fac

519 3320 552 3360 a
597 3319 708 3372 me,
747 3310 800 3358 et
843 3299 1080 3357 formido
1125 3307 1220 3356 tua
1256 3317 1368 3357 non
1413 3315 1500 3355 me
1555 3305 1754 3355 terreat
1811 3299 1930 3371 (Job
1985 3315 2108 3366 xm,

521 3392 636 3464 21).
671 3417 689 3440 ι
731 3392 802 3448 Et
857 3390 1056 3447 iterum
1102 3389 1295 3446 amicis
1340 3387 1513 3445 dicit:
1557 3413 1574 3436 ι
1603 3387 1938 3445 Miseremini
1979 3387 2110 3456 mei,

521 3482 860 3540 miseremini
892 3481 1021 3550 mei,
1051 3481 1243 3538 saltem
1274 3497 1372 3536 vos
1399 3479 1562 3536 amici
1595 3479 1700 3535 mei
1725 3497 1738 3546 ;
1765 3479 1892 3552 quia
1919 3495 2112 3535 manus

519 3573 744 3631 Domini
793 3571 974 3644 tetigit
1019 3587 1104 3627 me
1154 3571 1273 3643 (Job
1311 3585 1431 3638 χιχ,
1489 3568 1604 3640 21).
1637 3593 1654 3616 ι
1688 3569 1823 3624 Nam
1870 3575 1924 3625 et
1955 3569 2115 3624 lere-

522 3663 690 3718 miam
739 3677 904 3718 manu
945 3659 1226 3732 sapientiai
1267 3658 1536 3715 Dominus
1582 3657 1784 3729 tetigit,
1821 3657 1965 3714 sicut
1998 3657 2112 3730 ipse

521 3749 696 3807 dicit:
741 3770 759 3794 ι
789 3749 860 3804 Et
904 3747 1054 3802 misit
1084 3746 1351 3803 Dominus
1386 3761 1607 3804 manum
1633 3761 1809 3812 suam,
1841 3752 1895 3800 et
1934 3744 2116 3817 tetigit

524 3853 587 3894 os
615 3852 821 3906 meum,
859 3844 914 3893 et
960 3836 1106 3892 dixit
1138 3836 1314 3893 mihi:
1352 3837 1493 3893 Ecce
1539 3835 1667 3892 dedi
1697 3837 1864 3890 verba
1893 3850 2012 3891 mea
2055 3833 2115 3889 in

523 3941 618 3984 ore
665 3933 762 3983 tuo
808 3926 1021 3998 (Jerem.
1054 3942 1095 3995 ι,
1125 3926 1206 3999 9).
1239 3949 1256 3974 ι
1301 3925 1570 3986 Similiter
1610 3934 1666 3983 et
1709 3924 1900 3982 Daniel
1947 3939 2117 3980 manu

523 4015 947 4073 confortationis
966 4015 1064 4072 Dei
1097 4023 1275 4072 tactus
1303 4022 1402 4084 est,
1437 4015 1654 4088 quando
1687 4021 1907 4086 propter
1936 4011 2118 4068 visio-

524 4119 649 4160 nem
679 4105 978 4176 angelicam
1004 4105 1062 4160 in
1082 4113 1225 4161 terra
1257 4113 1558 4177 prostratus
1575 4103 1783 4176 jacens,
1801 4119 2022 4158 manum
2046 4100 2115 4157 ad

523 4208 580 4249 se
603 4193 823 4250 missam
857 4194 1021 4263 vidit,
1043 4210 1162 4266 quae
1194 4209 1320 4250 eum
1349 4193 1705 4261 confortavit,
1731 4191 1823 4248 cui
1851 4200 1906 4248 et
1934 4189 2110 4246 dixit:

537 4307 558 4332 ι
586 4284 852 4356 Loquere,
883 4283 1138 4351 Domine,
1167 4283 1430 4356 quoniam
1475 4281 1797 4339 confortasti
1828 4296 1914 4336 me
1945 4281 2112 4352 (Dan.

522 4389 583 4442 x,
614 4372 725 4444 l9).
763 4397 782 4421 ι
827 4373 938 4430 Hac
963 4389 1090 4446 ergo
1119 4371 1538 4429 confortationis
1574 4387 1739 4426 manu
1769 4369 1911 4426 idem
1943 4370 2118 4425 Joan-

521 4477 619 4518 nes
646 4469 824 4518 tactus
853 4469 952 4530 est,
983 4478 1104 4534 quas
1132 4477 1258 4517 eum
1288 4476 1356 4516 ne
1385 4477 1441 4516 se
1473 4461 1618 4516 ultra
1646 4458 1870 4515 modum
1900 4457 2114 4530 dejice-

523 4559 606 4608 ret
631 4551 996 4610 confortando
1025 4549 1220 4608 erexit.

2225 1993 2376 2064 gelus
2403 1993 2632 2049 nuntius
2672 1993 3102 2066 interpretatur:
3135 2001 3190 2050 et
3222 1993 3316 2067 qui
3347 1995 3574 2052 verbum
3605 1998 3717 2053 Dei
3758 2014 3858 2070 po-

2224 2081 2372 2154 pulis
2398 2083 2752 2152 annuntiant,
2783 2099 2895 2140 non
2929 2085 3386 2141 inconvenienter
3416 2086 3617 2158 angeli,
3648 2087 3714 2144 id
3769 2096 3858 2145 est

2224 2171 2432 2240 nuntii,
2465 2180 2756 2229 vocantur.
2789 2175 2862 2230 Et
2891 2173 3036 2230 sicut
3065 2190 3161 2246 per
3191 2181 3396 2247 septem
3429 2175 3715 2234 Ecclesias
3737 2193 3860 2234 una

2220 2257 2469 2315 Ecclesia
2523 2261 2818 2330 catholica,
2868 2262 2946 2319 ita
2988 2269 3043 2317 et
3085 2279 3182 2334 per
3220 2272 3427 2335 septem
3479 2274 3733 2324 rectores
3769 2283 3854 2323 se.

2222 2357 2369 2423 ptem
2399 2350 2794 2422 Ecclesiarum,
2823 2370 3015 2414 omnes
3043 2365 3281 2415 rectores
3309 2359 3572 2418 Ecclesiae
3598 2362 3855 2420 catholi-

2221 2454 2298 2496 cae
2326 2437 2702 2511 designantur.

2293 2537 2519 2596 CAPUT
2545 2539 2616 2594 II.
2636 2570 2707 2582 —
2725 2539 2907 2612 (Vers.
2945 2541 3023 2614 1.)
3051 2543 3124 2598 Et
3142 2545 3328 2615 angelo
3356 2547 3607 2602 Ecclesia:
3632 2549 3858 2620 Ephesi

2221 2625 2424 2682 scribe:
2472 2628 2595 2684 Haec
2621 2627 2750 2683 dicit
2774 2629 2868 2700 qui
2899 2636 3029 2686 tenet
3058 2638 3247 2703 septem
3289 2634 3468 2688 stellas
3520 2634 3579 2688 in
3609 2636 3854 2692 dextera

2221 2734 2340 2786 sua,
2402 2717 2494 2788 qui
2553 2717 2792 2774 ambulat
2837 2718 2897 2773 in
2944 2720 3108 2775 medio
3140 2728 3330 2792 septem
3382 2723 3853 2780 candelabrorum

2222 2822 2530 2862 aureorum.
2562 2806 2665 2862 Per
2685 2807 2968 2863 dexteram
2989 2807 3086 2864 Dei
3113 2815 3351 2880 potestas
3369 2809 3467 2865 Dei
3490 2809 3548 2864 in
3573 2809 3686 2868 hoc
3719 2812 3856 2870 loco

2222 2901 2404 2967 potest
2442 2893 2760 2967 designari;
2802 2911 2898 2967 per
2942 2896 3147 2966 stellas,
3201 2897 3376 2954 sancti
3423 2897 3846 2970 praedicatores.

2223 2983 2410 3040 Sancti
2476 2983 2650 3058 igitur
2709 2983 3092 3056 praedicatores
3147 3002 3316 3042 manu
3372 2987 3473 3043 Dei
3534 2993 3846 3059 tenentur;

2225 3071 2357 3144 quia
2395 3073 2462 3130 ab
2492 3073 2614 3146 ipso
2654 3073 3031 3146 gubernantur
3077 3082 3130 3130 et
3159 3083 3442 3148 reguntur,
3483 3083 3538 3132 et
3565 3077 3672 3149 ipsi
3706 3087 3846 3134 sunt

2223 3163 2491 3234 copulati,
2539 3163 2683 3222 sicut
2726 3165 2841 3238 ipse
2887 3165 2946 3222 in
2977 3167 3281 3238 Evangelia
3313 3169 3563 3240 loquitur
3599 3169 3841 3227 dicens:

2141 3269 2192 3332 ρ
2237 3275 2255 3298 ι
2293 3250 2446 3308 Sicut
2500 3253 2708 3326 palmes
2766 3269 2878 3309 non
2944 3262 3123 3326 potest
3184 3255 3328 3312 ferre
3392 3257 3662 3327 fructum,
3727 3260 3842 3315 nisi

2219 3342 2481 3398 manserit
2510 3343 2567 3398 in
2599 3343 2748 3413 vite;
2780 3343 2860 3401 sic
2896 3353 2950 3400 et
2986 3361 3105 3414 vos,
3139 3346 3247 3402 nisi
3275 3346 3332 3402 in
3363 3363 3449 3404 me
3493 3348 3839 3406 manseritis-

2222 3431 2404 3503 (Joan.
2453 3449 2552 3500 xv,
2607 3433 2686 3504 4).
2725 3459 2744 3482 ι
2785 3435 2848 3490 In
2893 3434 3076 3490 medio
3133 3450 3267 3491 vero
3322 3444 3528 3508 septem
3575 3438 3838 3498 candelat

2222 3522 2451 3578 brorum
2497 3539 2796 3579 aureorum
2831 3524 3083 3582 Christus
3112 3525 3379 3595 ambulat,
3407 3527 3549 3584 sicut
3581 3528 3700 3601 ipse
3731 3529 3845 3586 dici

2223 3610 2491 3684 propheta
2523 3629 2535 3666 :
2587 3635 2604 3659 ι
2643 3611 2971 3669 Inhabitabo
3001 3614 3144 3669 inter
3171 3613 3319 3682 illos,
3351 3623 3403 3671 et
3434 3616 3832 3674 inambulabo:

2224 3708 2278 3756 et
2317 3715 2412 3756 ero
2455 3700 2681 3756 illorum
2728 3703 2896 3770 Deus,
2941 3708 2996 3759 et
3038 3701 3144 3776 ipsi
3194 3711 3356 3760 erunt
3396 3703 3534 3760 mihi
3590 3707 3833 3780 populus

2227 3789 2414 3861 (Levit.
2445 3806 2607 3858 xxvr,
2639 3789 2750 3862 12).
2785 3815 2804 3840 ι

2299 3887 2479 3958 (Vers.
2545 3886 2628 3959 2.)
2689 3887 2807 3944 Scio
2863 3905 3028 3960 opera
3085 3894 3196 3945 tua.
3263 3890 3345 3946 Ea
3398 3891 3658 3948 videlicet
3708 3911 3830 3968 qua:

2224 3975 2536 4048 operabaris
2567 3977 2741 4048 prius,
2789 3984 3083 4051 antequam
3114 3979 3486 4052 refrigescerct
3530 3980 3588 4036 in
3619 3989 3674 4038 te
3704 3983 3828 4039 cha-

2224 4064 2377 4120 ritas.
2411 4067 2482 4122 Et
2513 4066 2747 4122 laborem
2777 4073 2824 4122 et
2851 4068 3163 4138 patientiam
3185 4075 3350 4138 tuam,
3380 4071 3437 4126 id
3465 4079 3548 4128 est
3575 4088 3827 4144 persecu-

2223 4153 2422 4224 tiones,
2481 4171 2615 4228 quas
2662 4172 2762 4227 pro
2814 4156 3040 4214 nomine
3099 4175 3218 4216 meo
3269 4160 3540 4232 patienter
3599 4163 3823 4220 toleras.

2224 4245 2298 4298 Et
2357 4259 2464 4298 non
2514 4250 2660 4316 potes
2714 4246 2972 4302 sustinere
3021 4250 3191 4304 malos
3251 4249 3464 4321 (Matth.
3522 4268 3650 4320 xm,
3708 4254 3822 4326 29).

2226 4330 2364 4388 Cum
2405 4331 2686 4404 Scriptura
2739 4332 2933 4389 divina
2988 4334 3150 4392 nobis
3183 4336 3463 4409 praecipiat
3507 4346 3568 4394 ut
3614 4341 3825 4397 tolere-

2226 4435 2349 4476 mus
2395 4420 2597 4488 malos;
2657 4437 2757 4477 cur
2797 4421 2889 4480 hic
2920 4423 3195 4493 laudatur,
3246 4425 3393 4497 quod
3425 4443 3538 4482 non
3579 4429 3822 4500 potuerit

2225 4509 2495 4564 sustinere
2523 4509 2736 4567 malos?
2763 4511 2868 4568 Sed
2897 4512 2964 4568 de
3008 4512 3280 4570 hmreticis
3323 4514 3462 4571 mihi
3491 4515 3704 4574 dictum
3739 4519 3820 4574 vi-

2143 4631 2192 4690 D
2225 4599 2388 4656 detur
2418 4619 2432 4668 ;
2465 4617 2590 4658 nam
2626 4602 3006 4674 proximorum
3039 4604 3183 4659 mala
3211 4605 3508 4678 aliquando
3531 4607 3819 4679 reprehen-

595 4701 776 4772 (Vers.
803 4700 916 4773 18.)
947 4701 1061 4772 Ego
1090 4717 1207 4755 sum
1230 4699 1443 4771 primus
1468 4704 1517 4754 et
1541 4697 1874 4752 novissimus.
1903 4695 1960 4752 Si
1991 4694 2114 4767 pri-
2145 4688 2179 4690 _
2221 4688 2400 4746 dendo
2430 4689 2700 4762 corrigere
2735 4690 3019 4758 debemus,
3053 4698 3298 4766 tempore
3336 4693 3590 4752 videlicet
3627 4713 3819 4770 oppor-

522 4805 664 4856 mus,
696 4806 795 4846 cur
822 4789 969 4846 dixit
995 4789 1162 4846 Arius
1190 4787 1398 4846 Filium
1428 4786 1528 4845 Dei
1557 4787 1781 4843 initium
1811 4783 2069 4840 habuisse
2090 4783 2119 4840 ‘l

519 4878 578 4936 Si
608 4879 758 4936 enim
800 4879 1023 4936 initium
1053 4877 1270 4947 habuit,
1303 4893 1414 4933 non
1457 4876 1572 4948 ipse
1613 4875 1844 4948 primus,
1878 4873 1974 4930 sed
2000 4872 2116 4944 ipse

519 4981 552 5022 a
579 4982 690 5039 quo
723 4967 948 5024 initium
989 4966 1245 5039 sumpsit,
1285 4965 1413 5021 fuit.
1462 4963 1680 5020 Primus
1713 4979 1840 5036 ergo
1897 4969 1952 5018 et
2006 4979 2119 5018 no-

520 5053 782 5112 vissimus
825 5055 941 5128 ipse
969 5063 1069 5124 est,
1115 5055 1244 5129 quia
1283 5054 1448 5110 sicuti
1493 5053 1658 5110 ﬁnem
1709 5069 1820 5108 non
1865 5050 2112 5119 habebit,

517 5141 600 5199 sic
627 5157 729 5200 nec
756 5143 981 5200 initium
1008 5143 1222 5200 habuit.
1271 5146 1345 5201 Et
1371 5143 1457 5214 fui
1486 5149 1746 5211 mortuus,
1777 5149 1824 5198 et
1859 5159 1964 5198 ecce
1993 5158 2113 5198 sum

519 5230 694 5286 vivens
736 5231 793 5287 in
829 5233 1021 5288 siccata
1066 5233 1398 5289 saeculorum.
1447 5232 1562 5289 Hoc
1593 5231 1947 5288 manifestum
2007 5237 2108 5286 est.

515 5322 592 5378 Et
621 5323 780 5380 habeo
807 5325 978 5380 claves
1003 5324 1190 5380 mortis
1223 5330 1270 5379 et
1297 5323 1515 5394 inferni.
1549 5323 1654 5392 Qui
1680 5324 1892 5380 clavem
1943 5321 2114 5378 alicu-

511 5407 604 5481 jus
631 5410 828 5468 domus
864 5412 1050 5479 habet,
1087 5428 1249 5486 quem
1293 5413 1434 5481 vult,
1468 5411 1830 5480 intromittit;
1859 5418 1915 5466 et
1943 5426 2112 5484 quem

517 5497 656 5566 vult,
687 5499 756 5555 ab
801 5499 1050 5573 ingressu
1092 5499 1289 5556 domus
1336 5499 1574 5572 repellit.
1607 5500 1707 5556 Per
1739 5499 1948 5556 clavem
1982 5517 2111 5573 ergo

516 5593 752 5656 potestas
791 5588 921 5645 Filii
953 5590 1052 5646 Dei
1083 5588 1431 5661 intelligitur.
1481 5586 1677 5644 Claves
1708 5588 1877 5662 igitur
1913 5589 2113 5646 mortis

515 5680 570 5729 et
608 5675 810 5730 inferni
840 5675 954 5749 ipse
984 5676 1258 5750 possidet;
1303 5677 1432 5748 quia
1460 5692 1597 5748 quos
1630 5679 1771 5746 vult,
1801 5694 1834 5734 a
1867 5677 2114 5734 damna-

515 5760 669 5820 tione
723 5765 917 5821 mortis
952 5771 1230 5839 perpetua;
1284 5764 1714 5824 misericorditer
1768 5767 2001 5836 liberat;
2054 5775 2112 5825 et

2229 4774 2400 4835 tuno':
2476 4778 2776 4852 aliquando
2829 4779 3118 4851 patienter
3188 4781 3471 4850 tolerare;
3547 4792 3610 4839 ut
3686 4802 3820 4858 quos

2227 4869 2496 4925 correctio
2523 4886 2635 4925 non
2665 4868 2945 4938 emendat,
2992 4869 3256 4942 patientia
3283 4870 3350 4928 ad
3379 4874 3816 4932 emendationem

2227 4965 2506 5030 provocet.
2539 4957 2677 5015 Sunt
2705 4974 2940 5031 namque
2971 4959 3246 5029 nonnulli,
3292 4961 3384 5034 qui
3424 4963 3816 5034 reprehendere

2227 5046 2509 5119 proximos
2537 5047 2814 5113 nesciunt,
2857 5046 2963 5102 nisi
2995 5045 3076 5102 ira
3105 5047 3450 5106 inﬂammati.
3485 5052 3690 5108 Horum
3724 5054 3816 5110 ali-

2226 5135 2350 5208 quis
2380 5136 2427 5193 si
2475 5153 2587 5192 non
2639 5137 2818 5194 solum
2876 5153 2975 5209 pro
3025 5154 3239 5209 magna,
3271 5155 3462 5196 verum
3510 5143 3674 5198 etiam
3722 5160 3815 5216 pro

2225 5242 2394 5298 parva
2421 5225 2605 5298 aliqua
2642 5241 2699 5282 re
2728 5233 2921 5283 contra
2948 5225 3264 5299 proximum
3293 5239 3603 5287 commotus
3629 5231 3812 5301 fuerit,

2225 5317 2418 5374 tandiu
2459 5317 2597 5374 iram
2635 5317 2694 5374 in
2722 5317 2884 5374 corde
2915 5325 3107 5390 gestat,
3137 5335 3308 5392 usque
3355 5319 3486 5378 dum
3518 5322 3578 5378 in
3606 5323 3813 5381 actibus

2224 5407 2464 5489 proximi
2507 5407 2723 5482 aliquid
2771 5408 2978 5478 videat,
3010 5409 3156 5482 quod
3187 5410 3582 5482 reprehendere
3607 5415 3808 5485 possit:

2224 5506 2278 5555 et
2327 5506 2460 5556 tunc
2499 5500 2656 5556 latus
2694 5500 2953 5570 eﬂicitur,
2995 5516 3121 5557 cum
3162 5501 3602 5573 reprehensionis
3639 5489 3810 5562 vindi-

2221 5596 2364 5646 ctam
2395 5588 2655 5663 proximo
2680 5589 2951 5646 intulerit.
2973 5590 3134 5658 Quod
3153 5590 3200 5647 si
3220 5591 3386 5648 alicui
3403 5593 3606 5650 viderit
3629 5594 3810 5667 displi-

2220 5679 2418 5748 cuisse,
2449 5678 2587 5737 dicit
2625 5695 2682 5736 se
2727 5679 2845 5736 zelo
2875 5679 2974 5736 Dei
3005 5679 3110 5738 hoc
3140 5680 3350 5737 fecisse.
3384 5681 3470 5738 Ad
3502 5691 3555 5738 te
3583 5699 3711 5756 ergo
3741 5685 3808 5740 lo-

2220 5783 2380 5842 quor,
2443 5767 2540 5842 qui
2593 5767 2721 5826 talis
2771 5785 2849 5826 es.
2913 5767 3024 5830 Cur
3072 5768 3271 5844 quaeris
3311 5769 3501 5830 fallere
3544 5786 3673 5830 eum
3719 5775 3807 5848 qui
