3970 6400
227 456 339 511 857

1122 450 1580 510 BERENGAUDI
1620 448 1995 507 EXPOSITIO
2035 451 2105 507 IN
2141 449 2647 507 APOCALYPSIN.

3426 446 3532 505 858

230 578 454 635 occulta
480 577 727 634 cordium
758 575 1067 634 considerat
1087 576 1115 633 ?
1139 575 1197 632 Si
1221 576 1370 632 zelus
1400 576 1498 632 Dei
1525 576 1583 631 in
1621 584 1675 631 te
1712 583 1818 643 est,
1850 577 1901 637 Α
1933 574 2178 630 Ecclesia
2202 574 2383 629 locum
2426 589 2588 629 suum
2622 572 2832 644 perdet,
2863 589 2986 629 cum
3021 573 3303 645 Scriptura
3330 572 3478 628 dicat
3512 588 3526 627 :

229 684 338 723 cur
373 668 520 723 oculi
546 667 628 722 tui
663 682 758 738 per
781 667 997 722 diversa
1025 671 1170 729 505
1199 673 1467 736 vagantur
1508 680 1659 719 more
1696 664 1828 720 dia-

232 763 439 834 bolico,
472 765 787 821 desiderans
816 765 1019 820 malum
1050 764 1231 838 potius
1278 764 1465 819 videre
1508 779 1670 835 quam
1720 762 1829 817 bo-

232 871 394 923 num,
425 855 744 911 desiderans
781 856 836 910 in
885 857 1138 927 proximo
1182 854 1368 911 videre
1411 856 1637 922 malum,
1681 853 1827 927 quod

232 946 624 1016 reprehendas,
681 962 792 1001 non
840 946 1067 1014 bonum,
1113 946 1260 1002 unde
1308 944 1641 1001 adiﬁceris?
1688 945 1827 1000 Sunt

229 1035 404 1089 etiam
461 1034 644 1101 multi,
700 1034 792 1106 qui
838 1050 929 1091 eos
957 1051 987 1089 a
1018 1034 1219 1107 quibus
1264 1036 1503 1107 aliquam
1567 1033 1825 1105 injuriam

232 1124 601 1193 pertulerunt,
634 1124 797 1179 etiam
832 1141 930 1197 pro
962 1125 1209 1179 minimis
1232 1124 1449 1180 delictis
1480 1124 1829 1197 impatienter

232 1214 624 1271 insectantur:
686 1231 779 1269 eos
830 1231 961 1270 vero
1018 1232 1154 1287 quos
1211 1215 1473 1288 diligunt,
1508 1233 1617 1271 non
1647 1218 1825 1273 solum

230 1320 349 1359 non
405 1303 831 1376 reprehendunt,
882 1305 1136 1376 quamvis
1179 1305 1416 1377 graviter
1459 1306 1822 1378 deliquerint;

231 1394 332 1449 sed
358 1393 521 1448 etiam
554 1401 665 1449 tota
696 1394 899 1449 virtute
928 1394 1249 1451 defendunt.
1300 1396 1344 1451 Ο
1395 1395 1592 1449 infelix
1637 1395 1826 1451 amici-

230 1482 337 1549 tia,
367 1499 485 1554 qua
522 1483 677 1538 illum
710 1499 870 1556 quem
900 1484 1081 1554 diligit
1116 1484 1343 1540 tacendo
1382 1492 1436 1539 et
1483 1484 1827 1540 defendendo

231 1571 461 1627 diabolo
486 1572 654 1627 tradit
686 1588 696 1625 :
731 1572 891 1627 illum
933 1589 1063 1627 vero
1083 1574 1173 1629 cui
1205 1574 1377 1628 iratus
1404 1580 1504 1641 est,
1538 1572 1827 1643 reprehen-

230 1660 420 1716 dendo
450 1677 481 1716 a
510 1660 731 1716 diabolo
760 1661 1058 1717 abstrahit!
1095 1662 1374 1717 Correctio
1404 1678 1531 1733 ergo
1563 1662 1659 1716 illa
1678 1660 1828 1732 justa

230 1761 338 1819 est,
370 1769 489 1825 qua
547 1768 616 1807 ex
658 1752 755 1807 Dei
782 1752 899 1807 zelo
927 1760 981 1806 et
1010 1769 1193 1807 amore
1228 1752 1467 1807 fraterno
1498 1751 1779 1807 descendit
1810 1768 1822 1806 :

231 1856 360 1911 qua
388 1857 501 1895 non
531 1850 752 1913 pr0pter
773 1841 910 1895 iram
934 1840 1342 1909 vindicandam,
1361 1841 1454 1897 sed
1472 1850 1693 1914 propter
1713 1840 1826 1896 ani-

1949 686 1967 709 ι
1998 664 2116 718 Non
2153 663 2456 718 morientur
2493 670 2672 734 patres
2721 680 2818 735 pro
2856 663 3008 730 ﬁliis,
3064 678 3239 735 neque
3290 661 3392 717 filii
3429 677 3529 734 pro

1936 752 2181 823 patribus
2206 753 2321 807 suis
2353 769 2364 805 :
2396 752 2490 807 sed
2519 753 2895 825 unusquisque
2928 752 2982 806 in
3029 760 3251 822 peccato
3279 767 3379 806 suo
3412 766 3523 805 mo-

1936 840 2108 895 rietur
2153 842 2367 912 (Jerem.
2420 859 2580 909 xxxx,
2634 842 2722 909 29,
2772 841 2915 909 30)?
2955 867 2972 889 ι
3039 840 3142 896 Sed
3192 856 3288 912 per
3348 841 3526 895 locum

1936 930 2157 985 videtur
2194 930 2333 985 mihi
2372 947 2596 999 merces,
2629 948 2753 1004 quoe
2804 930 2888 986 illi
2941 947 3038 1002 pro
3086 929 3346 1001 pastorali
3394 946 3530 984 cura

1935 1019 2253 1089 debebatur,
2283 1020 2577 1092 designari,
2608 1029 2669 1076 ut
2711 1021 2782 1076 sit
2811 1036 3000 1076 sensus
3034 1036 3045 1073 :
3085 1019 3200 1074 Nisi
3246 1018 3532 1090 poeniten-

1937 1110 2067 1163 tiam
2122 1110 2294 1180 egeris
2342 1126 2439 1181 pro
2486 1127 2550 1165 eo
2581 1110 2724 1183 quod
2755 1108 3076 1165 charitatem
3109 1116 3261 1163 tuam
3297 1107 3529 1179 primam

1936 1198 2226 1271 reliquisti,
2258 1206 2312 1253 et
2341 1198 2408 1253 ad
2437 1199 2611 1270 prima
2638 1213 2799 1269 opera
2830 1214 2939 1253 non
2971 1197 3231 1260 redieris;
3290 1204 3351 1251 ut
3381 1195 3529 1268 quod

1936 1287 2355 1359 ore.pradicas,
2387 1304 2547 1359 opere
2583 1288 2807 1359 impleas
2842 1305 2853 1342 :
2891 1285 3218 1353 mercedem,
3267 1302 3388 1357 qua
3424 1284 3530 1341 tibi

1935 1393 2034 1448 pro
2062 1379 2320 1449 pastorali
2348 1395 2479 1434 cura
2512 1378 2830 1446 debebatur,
2863 1377 3202 1433 subtraham.

2009 1485 2188 1556 (Vers.
2218 1485 2297 1553 6.)
2342 1509 2360 1533 ε
2395 1485 2497 1541 Sed
2530 1486 2633 1542 hoc
2670 1486 2837 1541 habes
2870 1485 3153 1557 (videlicet
3196 1491 3254 1539 ut
3282 1482 3530 1540 candela-

1936 1572 2094 1628 brum
2116 1590 2223 1629 non
2247 1576 2553 1644 moveatur)
2581 1574 2710 1647 quia
2737 1574 2903 1630 odisti
2934 1574 3076 1629 facta
3100 1573 3528 1640 Nicolaitarum,

1936 1678 2055 1734 qua
2086 1670 2139 1717 et
2167 1679 2265 1733 ego
2294 1664 2385 1719 odi
2418 1664 2519 1734 (7).
2556 1688 2573 1709 ι
2630 1664 2699 1717 Et
2730 1672 2810 1718 est
2851 1678 3042 1717 sensus
3087 1681 3098 1718 :
3149 1664 3253 1717 Pro
3284 1679 3347 1717 eo
3382 1661 3531 1733 quod

1937 1751 2100 1806 odisti
2136 1752 2278 1807 facta
2308 1752 2730 1818 Nicolaitarum,
2775 1768 2893 1823 qua
2934 1760 2987 1806 et
3016 1767 3114 1822 ego
3152 1750 3265 1817 odi,
3320 1766 3527 1806 merces

1937 1860 2056 1916 qua
2090 1842 2189 1898 tibi
2240 1858 2339 1914 pro
2387 1842 2645 1914 pastorali
2690 1858 2821 1896 cura
2866 1840 3185 1907 debebatur,
3216 1839 3399 1896 adhuc
3428 1837 3538 1894 tibi

232 1947 385 1985 mam
416 1930 656 2002 proximi
686 1930 1001 1986 salvandam
1027 1931 1320 2003 profertur.
1338 1931 1541 1987 Verum
1559 1930 1687 2003 quia
1712 1930 1830 1986 hac
1865 1938 1908 1997 Β
1943 1939 2146 1987 manet.
2178 1932 2460 1988 Nicolaita
2484 1948 2616 1987 vero
2637 1939 2792 1986 erant
2822 1930 3085 1998 haretici,
3116 1946 3251 2002 quos
3282 1928 3536 2002 superius

231 2019 429 2089 paucis
474 2018 740 2085 diximus,
790 2019 859 2074 ad
909 2035 971 2074 ea
1007 2037 1127 2093 qua
1181 2020 1469 2091 coepimus,
1522 2021 1827 2075 redeamus.

231 2109 413 2178 Igitur
440 2108 544 2164 hoc
572 2109 718 2180 quod
752 2109 969 2180 prasuli
1002 2110 1261 2164 Ecclesia
1300 2109 1501 2182 Ephesi
1534 2126 1565 2165 a
1594 2110 1831 2165 Domino

228 2198 443 2255 dicitur
473 2215 485 2252 :
523 2201 660 2267 Quia
688 2217 793 2254 non
820 2207 963 2271 potes
996 2203 1251 2254 sustinere
1279 2203 1468 2269 malos,
1496 2200 1563 2255 de
1594 2201 1826 2256 hareti-

230 2288 318 2343 cis
347 2287 609 2343 debemus
638 2288 945 2361 intelligere
969 2307 981 2355 ;
1018 2288 1198 2344 omnis
1226 2289 1372 2343 enim
1411 2288 1503 2361 qui
1537 2298 1721 2361 pastor
1750 2299 1831 2345 est

232 2376 522 2443 Ecclesia,
555 2376 871 2432 societatem
901 2377 1310 2443 haereticorum,
1341 2386 1605 2451 quantum
1634 2387 1833 2450 potest,

232 2464 414 2520 vitare
468 2464 673 2531 debet;
761 2482 829 2521 ne
884 2481 981 2537 per
1036 2466 1381 2523 occasionem
1438 2467 1837 2524 familiaritatis

233 2569 429 2609 eorum
486 2552 652 2609 corda
725 2553 1064 2627 simplicium
1142 2572 1355 2611 veneno
1431 2573 1541 2612 sua
1612 2556 1837 2612 malitia

234 2652 616 2715 corrumpant.
649 2644 803 2701 Sicut
847 2645 995 2700 enim
1032 2646 1193 2719 lupus
1241 2647 1460 2719 quietus
1512 2647 1657 2703 inter
1707 2663 1837 2703 oves

238 2732 363 2788 sine
421 2733 749 2789 laceratione
790 2735 1104 2790 earumdem
1137 2736 1325 2791 ovium
1357 2735 1562 2790 versari
1592 2752 1705 2791 non
1745 2752 1835 2807 po-

240 2827 371 2888 test,
403 2821 483 2877 sic
510 2838 610 2877 nec
637 2821 930 2879 haereticus
991 2822 1135 2878 inter
1181 2824 1477 2895 simplices.
1529 2824 1788 2897 Sequitur
1822 2840 1834 2879 :

240 2910 318 2963 Et
345 2908 553 2962 tentasti
580 2924 681 2974 eos,
714 2910 807 2979 qui
836 2925 890 2964 se
926 2910 1107 2965 dicunt
1151 2914 1415 2982 apostolos
1468 2929 1592 2979 esse,
1632 2918 1679 2966 et
1732 2927 1838 2965 non

240 3002 405 3061 sunt;
464 3002 514 3051 et
564 2996 807 3052 invenisti
847 3016 930 3053 eos
968 3000 1251 3055 mendaces.
1286 3000 1519 3067 Quidam
1551 3018 1719 3073 prava
1744 3000 1837 3055 do-

242 3093 432 3142 centes
472 3086 811 3157 temporibus
857 3090 1254 3159 apostolorum,
1304 3089 1577 3161 apostolos
1625 3105 1681 3144 se
1724 3106 1839 3144 esse

243 3174 537 3242 dicebant;
572 3182 632 3230 ut
672 3191 767 3247 per
795 3177 1159 3233 reverentiam
1192 3178 1434 3234 nominis
1478 3178 1696 3234 facilius
1722 3194 1837 3250 pra-

247 3279 374 3318 vam
404 3262 713 3319 doctrinam
756 3264 814 3319 in
842 3264 1105 3320 cordibus
1131 3265 1473 3320 audientium
1508 3266 1836 3337 plantarent.

248 3352 361 3407 llos
410 3361 465 3408 et
520 3354 801 3425 apostolus
829 3355 1031 3410 Paulus
1056 3354 1279 3410 damnat
1321 3356 1409 3425 (II
1439 3356 1565 3412 Cor.
1599 3372 1658 3423 χ,
1693 3355 1781 3426 l2)
1823 3372 1834 3411 :

246 3450 304 3497 et
337 3442 606 3498 Dominus
648 3443 706 3497 in
755 3444 1055 3515 Evangelio
1084 3444 1356 3500 cavendos
1406 3445 1671 3513 insinuat,
1712 3460 1835 3500 cum

246 3529 387 3586 dicit
420 3547 431 3584 :
478 3554 496 3577 ι
536 3531 822 3587 Attendite
868 3549 899 3587 a
939 3532 1093 3588 falsis
1141 3532 1445 3604 prophetis,
1481 3533 1575 3604 qui
1608 3533 1841 3588 veniunt

247 3621 317 3678 ad
354 3638 451 3677 vos
490 3623 549 3678 in
604 3623 949 3679 vestimentis
1004 3622 1215 3691 ovium,
1270 3623 1600 3679 intrinsecus
1658 3631 1836 3679 autem

247 3718 381 3767 sunt
425 3712 542 3784 lupi
582 3728 803 3785 rapaces
836 3713 1048 3783 (Matth.
1091 3729 1190 3780 vn,
1228 3714 1341 3784 15).
1377 3738 1395 3760 ι
1447 3714 1554 3767 Hos
1583 3729 1710 3785 ergo
1741 3713 1841 3769 iste

249 3801 418 3857 falsos
472 3818 771 3875 eorumque
823 3801 1131 3860 doctrinam
1187 3802 1381 3859 falsam
1433 3818 1547 3859 esse
1594 3820 1841 3876 compro-

249 3890 424 3947 bavit.

327 3989 509 4061 (Vers.
543 3989 594 4058 3,
637 3989 717 4059 4.)
755 3993 829 4047 Et
870 3991 1187 4063 patientiam
1236 3992 1412 4057 habes,
1446 3998 1493 4045 et
1540 3992 1844 4048 sustinuisti

244 4085 467 4152 prapter
496 4096 682 4135 nomen
709 4096 899 4149 meum,
933 4086 979 4134 et
1012 4098 1116 4135 non
1138 4080 1369 4150 defecisti
1393 4100 1412 4147 ;
1440 4082 1496 4138 id
1524 4089 1624 4149 est,
1660 4082 1717 4136 in
1738 4080 1844 4138 hoc

251 4168 503 4241 apparuit
533 4170 797 4241 patientia
824 4178 941 4241 tua,
979 4172 1108 4245 quia
1138 4172 1195 4227 in
1224 4172 1526 4239 laboribus,
1561 4188 1697 4245 quos
1741 4188 1843 4244 pro

252 4259 480 4314 nomine
536 4276 656 4315 meo
711 4261 1046 4328 sustinuisti,
1079 4276 1190 4317 non
1220 4262 1491 4318 defecisti.
1551 4263 1651 4317 Sed
1686 4264 1845 4317 habeo

253 4348 534 4402 adversum
560 4354 622 4414 te,
638 4348 777 4417 quod
797 4349 1103 4403 charitatem
1127 4356 1270 4404 tuam
1295 4352 1529 4422 primam
1560 4351 1838 4422 reliquisti.

255 4434 417 4491 Multi
448 4443 578 4490 sunt
606 4436 699 4507 qui
722 4437 779 4491 in
802 4436 964 4492 initio
983 4439 1359 4495 conversionis
1390 4456 1500 4495 sua
1532 4440 1589 4495 in
1619 4440 1846 4496 servitio

256 4524 356 4582 Dei
411 4525 683 4582 ferventes
735 4528 1031 4595 exsistunt,
1083 4527 1178 4583 sed
1255 4546 1510 4601 processu
1579 4531 1847 4601 temporis

1940 2019 2084 2074 dixit
2114 2036 2221 2075 non
2254 2037 2409 2091 posse
2440 2037 2566 2075 eum
2597 2021 2889 2075 sustinere.

2014 2126 2195 2197 (Vers.
2231 2128 2307 2197 7.)
2345 2127 2445 2193 Qui
2493 2128 2641 2181 habet
2678 2144 2834 2181 aures
2883 2127 3158 2191 audiendi,
3188 2126 3378 2181 audiat
3407 2126 3539 2195 quid

1944 2214 2177 2285 Spiritus
2206 2215 2347 2269 dicat
2374 2215 2642 2270 Ecclesiis.
2672 2215 2810 2282 Quia
2837 2216 3050 2271 cunctis
3078 2231 3238 2270 aures
3268 2214 3539 2271 habenti—

1941 2302 2045 2358 bus
2071 2302 2208 2359 dicit
2244 2322 2255 2357 :
2292 2304 2395 2371 Qui
2424 2304 2573 2358 habet
2600 2321 2756 2358 aures
2785 2304 3058 2369 audiendi,
3093 2304 3320 2369 audiat;
3378 2321 3538 2361 aures

1943 2395 2132 2465 procul
2165 2393 2334 2449 dubio
2361 2392 2542 2450 cordis
2569 2393 2821 2464 requirit.
2860 2394 3089 2451 Vincenti
3124 2395 3258 2449 dabo
3306 2394 3453 2449 edere
3478 2395 3541 2448 de

1947 2483 2085 2553 ligno
2113 2484 2252 2551 vita,
2284 2484 2423 2555 quod
2459 2490 2531 2539 est
2563 2484 2615 2537 in
2641 2484 2898 2555 paradiso
2930 2484 3027 2538 Dei
3054 2485 3173 2539 mei.
3222 2486 3342 2539 Duo
3392 2483 3541 2555 ligna

1944 2571 2169 2627 fuerunt
2217 2572 2273 2626 in
2316 2572 2498 2627 medio
2529 2572 2786 2643 paradisi,
2819 2588 2847 2626 e
2877 2572 3077 2643 quibus
3115 2587 3284 2626 unum
3326 2571 3536 2642 lignum

1945 2661 2093 2728 vita,
2127 2661 2359 2717 alterum
2422 2677 2555 2716 vero
2616 2662 2825 2731 lignum
2876 2660 3118 2715 scientia
3153 2659 3278 2713 boni
3313 2667 3367 2714 et
3407 2659 3539 2714 mali

1946 2750 2260 2805 vocabatur.
2294 2750 2538 2816 Quorum
2573 2751 2750 2804 virtus
2805 2749 2932 2804 talis
2978 2756 3111 2815 erat,
3146 2757 3206 2803 ut
3238 2748 3283 2803 si
3315 2748 3438 2820 quis
3469 2764 3538 2803 ex

1947 2837 2097 2909 ligno
2127 2837 2253 2892 vita
2283 2837 2629 2903 comedisset,
2654 2855 2763 2893 non
2805 2824 3109 2892 moreretur
3139 2836 3195 2891 in
3229 2846 3493 2891 aternum
3520 2853 3531 2891 :

1946 2927 1990 2982 si
2017 2927 2140 2999 quis
2171 2943 2300 2981 vero
2331 2944 2399 2981 ex
2432 2927 2583 2999 ligno
2613 2926 2855 2983 scientia
2886 2925 3015 2981 boni
3047 2933 3100 2981 et
3133 2926 3259 2981 mali
3290 2924 3537 2982 comede-

1947 3024 2048 3084 ret,
2073 3016 2325 3090 quamvis
2346 3026 2484 3072 esset
2515 3017 2861 3084 immortalis,
2893 3016 3139 3071 mortalis
3167 3016 3352 3072 statim
3385 3015 3539 3070 fieret

1950 3105 2104 3174 (Gen.
2134 3121 2195 3172 ιι,
2222 3104 2337 3174 27).
2380 3104 2667 3160 Paradisus
2699 3105 2866 3178 igitur
2896 3104 3197 3161 Ecclesiam
3238 3102 3531 3176 signiﬁcat:

1949 3194 2158 3265 lignum
2192 3211 2320 3249 vero
2350 3194 2479 3249 vitae
2511 3194 2567 3249 in
2610 3195 2792 3250 medio
2820 3193 3057 3266 paradisi
3088 3192 3343 3251 Christus
3372 3201 3451 3247 est
3480 3194 3536 3248 in

1870 3296 1913 3356 ο
1953 3283 2135 3338 medio
2178 3285 2437 3341 Ecclesia
2489 3302 2619 3340 sua.
2654 3284 2885 3355 Lignum
2918 3295 3098 3340 autem
3126 3284 3368 3340 scientia
3408 3284 3539 3340 boni

1951 3382 2003 3427 et
2035 3374 2185 3441 mali,
2216 3374 2364 3446 quod
2424 3382 2476 3430 et
2529 3375 2703 3446 ipsum
2756 3375 2813 3429 in
2864 3376 3046 3431 medio
3103 3373 3339 3445 paradisi
3372 3373 3541 3429 fuisse

1949 3461 2175 3528 dicitur,
2206 3462 2486 3518 diabolum
2516 3463 2813 3535 signiﬁcat,
2854 3464 2951 3536 qui
3002 3463 3144 3518 inter
3184 3462 3372 3517 fideles
3414 3461 3541 3516 dis-

1949 3567 2166 3607 currere
2196 3567 2304 3605 non
2326 3560 2537 3618 cessat;
2572 3560 2632 3606 ut
2662 3567 3014 3624 quoscunque
3044 3559 3239 3622 potest,
3276 3550 3536 3621 decipiat.

1949 3641 2183 3711 Lignum
2216 3641 2383 3711 igitur
2414 3642 2538 3696 vita
2566 3642 2633 3696 ad
2658 3643 2879 3709 electos,
2904 3641 3113 3714 lignum
3145 3658 3274 3697 vero
3298 3642 3541 3698 scientia

1949 3728 2079 3785 boni
2097 3738 2150 3785 et
2167 3730 2295 3785 mali
2328 3730 2396 3785 ad
2426 3730 2683 3803 reprobos
2713 3732 2966 3803 pertinet.
3002 3733 3235 3787 Fructus
3255 3748 3381 3803 ergo
3406 3730 3540 3803 ligni

1951 3824 2078 3879 vita
2110 3823 2266 3879 electi
2297 3822 2612 3892 comedunt,
2645 3832 2706 3879 ut
2754 3824 2810 3879 in
2866 3831 3134 3879 aternum
3193 3823 3387 3878 vivant
3419 3823 3499 3895 (8)
3527 3841 3541 3892 ;

1950 3914 2079 3986 quia
2107 3923 2378 3985 praecepta
2406 3913 2688 3985 Evangelii
2719 3913 3061 3979 custodiunt,
3093 3920 3155 3968 ut
3185 3913 3241 3967 in
3274 3920 3541 3969 aeternum

1950 4004 2144 4058 vivant
2188 4020 2315 4058 cum
2369 4003 2645 4058 Domino:
2698 4002 2910 4057 fructus
2962 4018 3093 4058 vero
3128 4002 3263 4074 ligni
3299 4002 3545 4059 scientia

1952 4092 2084 4146 boni
2134 4098 2187 4147 et
2245 4091 2375 4146 mali
2437 4089 2653 4163 reprobi
2709 4090 3023 4158 comedunt,
3073 4099 3127 4146 et
3187 4091 3543 4160 moriuntur;

1953 4180 2081 4254 quia
2113 4180 2552 4252 suggestionibus
2584 4179 2813 4248 diaboli,
2870 4180 3234 4252 omnibusque
3294 4180 3448 4236 vitiis
3492 4188 3549 4236 et

1954 4270 2329 4342 voluptatibus
2361 4279 2695 4341 pascuntur;
2756 4269 2902 4324 unde
2934 4277 3193 4325 aternam
3224 4268 3545 4324 damnatio-

1955 4374 2079 4414 nem
2106 4359 2211 4414 sibi
2238 4360 2551 4433 acquirunt.
2586 4360 2658 4414 Et
2686 4359 2830 4415 sicut
2860 4358 3079 4415 mulieri
3111 4358 3550 4415 delectabiliores

1954 4449 2178 4504 fuerunt
2212 4449 2421 4505 fructus
2452 4449 2587 4521 ligni
2616 4449 2861 4506 scientia
2893 4448 3024 4504 boni
3070 4455 3126 4503 et
3173 4448 3325 4515 mali,
3386 4463 3548 4521 quam

1955 4537 2163 4593 fructus
2194 4538 2329 4609 ligni
2360 4537 2519 4604 vita;
2582 4537 2659 4592 ita
2701 4546 2753 4592 et
2786 4536 3033 4608 reprobis
3063 4535 3439 4592 delectabilior
3467 4542 3550 4589 est

255 4622 548 4686 tepescunt
595 4632 606 4670 :
661 4616 809 4689 quod
860 4616 991 4672 huic
1044 4618 1262 4688 prasuli
1321 4618 1580 4675 Ecclesia
1638 4618 1844 4691 Ephesi

1956 4627 2128 4699 gloria
2158 4627 2320 4700 hujus
2349 4627 2555 4696 saculi,
2596 4643 2759 4700 quam
2811 4625 2988 4681 oculis
3035 4624 3280 4696 corporis
3333 4624 3546 4692 vident,

258 4706 551 4779 contigisse
579 4708 933 4763 manifestum
964 4715 1065 4763 est.

332 4807 513 4878 (Vers.
541 4806 623 4878 5.)
651 4808 905 4863 Memento
933 4824 1054 4878 ergo
1084 4807 1221 4861 unde
1262 4807 1538 4863 excideris.
1573 4807 1725 4865 Unde
1756 4825 1847 4864 ex-

258 4896 404 4954 cisus
432 4912 488 4952 es
508 4896 537 4952 ‘I
574 4898 651 4953 De
680 4896 946 4954 charitate
982 4915 993 4952 :
1028 4897 1074 4953 si
1103 4896 1170 4953 de
1199 4896 1469 4954 charitate
1497 4898 1715 4953 excisus
1767 4915 1842 4966 es,

261 4985 327 5042 de
364 4987 476 5041 Deo
504 4985 721 5043 excisus
746 5003 838 5054 es;
887 4986 1015 5060 quia
1043 4989 1187 5043 Deus
1215 4987 1454 5044 charitas
1486 4996 1569 5043 est
1603 4989 1661 5059 (Ι
1687 4988 1846 5044 Joan.

263 5092 337 5141 1v,
372 5074 483 5146 16).
518 5076 591 5131 Et
631 5093 723 5145 age
765 5076 1144 5147 paenitentiam.
1182 5075 1454 5134 Videlicet
1483 5093 1548 5131 eo
1579 5075 1725 5149 quod
1753 5091 1850 5147 per

262 5170 534 5233 torporem
564 5172 617 5219 et
646 5164 921 5236 ignaviam
950 5172 1101 5220 tuam
1144 5181 1175 5220 a
1230 5165 1496 5223 charitate
1541 5165 1855 5238 disjunctus

264 5272 319 5311 es
368 5257 441 5311 Et
473 5256 652 5327 prima
682 5262 773 5311 tua
797 5273 958 5328 opera
984 5255 1074 5326 [ac
1119 5273 1131 5311 :
1176 5257 1261 5311 sin
1306 5264 1481 5312 autem
1525 5256 1730 5313 veniam
1762 5258 1854 5313 tibi

260 5344 379 5409 cito,
409 5351 455 5399 et
508 5346 717 5400 movebo
772 5346 1148 5401 candelabrum
1189 5352 1334 5401 tuum
1364 5347 1424 5401 de
1455 5349 1566 5403 loco
1596 5366 1713 5416 suo,
1746 5347 1853 5403 nisi

260 5434 615 5506 paenitentiam
669 5437 849 5507 egeris.
902 5436 958 5491 Si
1010 5452 1105 5508 per
1147 5436 1541 5493 candelabrum
1606 5436 1855 5495 Ecclesia

268 5520 467 5594 Ephesi
493 5520 825 5595 designatur,
856 5539 955 5580 cur
1012 5529 1234 5595 propter
1278 5532 1560 5596 peccatum
1619 5526 1857 5598 pastoris

340 5738 535 5817 (7)_Ita
565 5754 700 5817 mss.
724 5756 754 5817 r;_
790 5747 847 5795 at
890 5740 1005 5798 edit
1032 5784 1047 5810 ,
1077 5758 1169 5813 ego
1196 5743 1303 5817 odi.
1337 5744 1447 5801 Pro
1475 5761 1531 5801 eo
1561 5746 1703 5817 quod
1738 5746 1856 5803 ilio-

270 5826 390 5867 rum
417 5808 561 5881 facta
594 5810 771 5879 odisti,
804 5828 920 5883 qua:
956 5820 1003 5868 et
1027 5808 1122 5887 e96
1144 5815 1309 5873 odivi.

1957 4733 2118 4789 quam
2179 4717 2350 4788 gloria
2393 4717 2630 4774 caelestis
2690 4716 2897 4786 patria,
2931 4731 3050 4787 qua
3096 4712 3318 4768 nonnisi
3371 4712 3550 4768 oculis

1959 4805 2337 4877 Spiritualibus
2410 4807 2649 4861 videtur.
2705 4804 2809 4860 Sed
2881 4803 3059 4859 oritur
3120 4802 3372 4874 quastio,
3446 4817 3546 4857 cur

1959 4895 2173 4967 lignum
2203 4896 2445 4952 scientia
2496 4894 2627 4950 boni
2672 4902 2724 4949 et
2775 4893 2905 4949 mali
2943 4892 3179 4960 dicatur,
3212 4894 3347 4948 cum
3370 4891 3552 4964 primo

1959 4987 2173 5043 homini
2204 4987 2488 5044 scientiam
2521 4985 2652 5042 mali
2684 4984 3104 5053 ministraverit,
3129 5001 3240 5040 non
3262 4983 3550 5042 scientiam

1959 5076 2111 5133 boni.
2167 5078 2297 5144 Qua
2354 5074 2492 5132 mihi
2560 5074 2637 5131 ita
2690 5075 2953 5132 solvenda
3008 5074 3273 5142 videtur,
3338 5073 3550 5145 primus

1963 5181 2197 5238 namque
2222 5165 2463 5237 angelus,
2488 5164 2707 5237 quando
2737 5172 2951 5221 creatus
2977 5172 3077 5233 est,
3101 5164 3389 5221 scientiam
3420 5163 3551 5219 boui

1962 5254 2177 5323 habuit,
2206 5271 2318 5310 non
2347 5253 2633 5310 scientiam
2665 5254 2792 5309 mali
2825 5271 2837 5309 :
2890 5254 3179 5312 scientiam
3237 5270 3368 5309 vero
3419 5253 3552 5309 mali

1962 5360 2058 5417 per
2109 5344 2459 5415 semetipsum
2515 5342 2753 5411 invenit,
2792 5342 2861 5398 ob
2896 5359 3059 5416 quam
3089 5358 3307 5399 causam
3338 5341 3406 5397 de
3456 5340 3555 5397 illa

1963 5432 2171 5490 ccelesti
2202 5432 2374 5503 gloria
2401 5432 2644 5504 dejectus
2686 5441 2785 5488 est.
2835 5433 2913 5488 De
2959 5433 3108 5505 ligno
3156 5448 3282 5505 ergo
3312 5431 3555 5488 scientia

1964 5521 2097 5578 boni
2144 5530 2195 5578 et
2233 5522 2364 5578 mali
2416 5522 2627 5595 primus
2668 5521 2834 5577 homo
2863 5522 3121 5591 comedit,
3153 5521 3374 5595 quando
3403 5520 3557 5577 illius

1970 5817 1981 5827 θ
2040 5747 2121 5827 (48)
2153 5744 2304 5827 Edit.
2332 5751 2571 5811 tantum,
2600 5741 2773 5810 vivent
2799 5758 2916 5801 cum
2939 5744 3207 5812 Domino;
3236 5753 3429 5803 catera
3464 5742 3557 5805 ad-

1962 5824 2107 5893 jecta
2134 5824 2266 5876 sunt
2294 5832 2364 5873 ex
2395 5831 2526 5873 mss.
