3970 6370
473 411 578 470 859

1493 414 1588 469 ΑΙ)
1627 411 1862 469 OPERA
1897 411 1954 468 S.
1993 409 2326 469 AMBROSII
2365 411 2743 469 APPENDIX.

3694 383 3827 464 860

476 537 848 610 suggestiones
873 544 1093 594 secutus
1120 544 1222 603 est,
1243 537 1338 612 qui
1369 536 1652 593 scientiam
1683 537 1815 592 boni
1845 545 1899 593 et
1931 537 2064 593 mali
2096 539 2147 599 Α
2181 539 2326 592 Deus
2351 538 2499 594 dixit
2526 537 2593 592 ad
2620 537 2767 593 Noe:
2808 559 2826 583 ι
2857 537 2958 592 Per
2991 539 3368 608 memetipsum
3396 537 3614 609 juravi,
3650 534 3820 610 quia

477 627 748 692 habebat;
788 642 962 698 neque
989 625 1137 681 enim
1171 625 1377 697 lignum
1401 625 1686 682 scientiam
1719 624 1848 678 mali
1873 625 2067 681 docere

475 705 678 788 potuit,
713 715 805 770 sed
853 714 1108 770 diabolus
1161 713 1256 786 qui
1315 722 1642 786 praeceptum
1699 713 1796 769 Dei
1854 713 2067 768 homini

474 803 780 874 transgredi
807 803 996 858 suasit.
1032 803 1178 858 Dicit
1207 819 1334 874 ergo
1369 819 1380 857 :
1451 803 1681 859 Vincenti
1728 803 1863 856 dabo
1916 803 2063 857 edere

475 892 537 947 de
568 893 706 963 ligno
759 892 897 958 vita,
947 893 1089 962 quod
1133 897 1208 945 est
1252 891 1310 944 in
1349 891 1610 961 paradiso
1656 890 1754 946 Dei
1803 889 1922 946 mei.
1970 891 2068 945 Ille

475 980 674 1048 vincit,
706 979 800 1052 qui
847 979 902 1036 in
953 977 1112 1034 bonis
1159 978 1416 1048 operibus
1444 994 1617 1050 usque
1645 978 1712 1034 ad
1739 979 1904 1034 ﬁnem
1940 978 2068 1034 vitae

476 1086 587 1126 sua;
618 1076 946 1140 perseverat.
980 1067 1239 1124 Vincenti
1295 1083 1422 1138 ergo
1476 1067 1733 1123 Christus
1785 1068 1944 1123 edere
2000 1069 2068 1124 de

476 1157 627 1230 ligno
657 1157 784 1212 vitae
814 1155 1004 1222 dabit;
1033 1155 1161 1228 quia
1178 1165 1444 1228 praecepta
1478 1173 1577 1211 sua
1606 1173 1776 1228 usque
1805 1157 1870 1212 ad
1901 1157 2067 1212 ﬁnem

473 1246 604 1300 vitae
630 1244 978 1302 servantibus
1007 1245 1444 1300 immortalitatis
1465 1263 1576 1301 suae
1611 1245 1840 1317 gloriam
1874 1245 1932 1300 in
1951 1263 2066 1323 cai-

475 1335 599 1390 lesti
629 1333 971 1390 beatitudine
1001 1349 1184 1390 secum
1215 1332 1404 1400 dabit;
1438 1341 1498 1390 ut
1541 1350 1667 1391 cum
1699 1349 1762 1389 eo
1791 1334 2066 1390 aiternali-

477 1429 556 1479 ter
585 1422 798 1489 vivant,
833 1420 992 1493 cujus
1025 1430 1294 1494 praecepta
1323 1422 1382 1477 in
1425 1425 1627 1480 saeculo
1657 1423 1820 1495 positi
1851 1437 2068 1478 servare

474 1511 824 1567 studuerunt.
850 1511 1006 1579 Quod
1035 1519 1218 1567 autem
1250 1521 1458 1583 patrem
1488 1515 1660 1568 Deum
1692 1529 1854 1567 suum
1883 1519 2064 1580 vocat,

473 1599 543 1656 ad
575 1599 970 1656 humanitatem
1003 1601 1262 1673 pertinet.

549 1689 730 1761 (Vers.
757 1690 810 1758 8,
849 1693 930 1763 9.)
960 1691 1033 1746 Et
1075 1692 1260 1761 angelo
1312 1693 1554 1760 Smyrna:
1581 1689 1827 1746 Ecclesia:
1853 1691 2018 1746 scribe
2049 1708 2060 1746 :

472 1780 594 1834 Haec
623 1780 749 1834 dicit
770 1781 980 1852 primus
1017 1787 1066 1835 et
1092 1781 1426 1848 novissimus,
1470 1781 1562 1851 qui
1605 1779 1712 1850 fuit
1758 1787 1997 1836 mortuus
2021 1788 2068 1836 et

2177 642 2287 680 non
2319 625 2571 697 adjiciam
2596 628 2742 682 ultra
2765 642 2931 697 aquas
2959 625 3158 681 diluvii
3195 642 3357 697 super
3379 635 3588 682 terram
3616 627 3810 696 (Gen.

2177 733 2258 782 1x,
2294 717 2404 785 11).
2436 740 2453 761 ι
2501 715 2736 772 Videtur
2781 732 2908 788 ergo
2941 715 3100 770 mihi
3129 732 3226 787 per
3255 715 3594 788 romphaeam
3639 715 3813 772 divi-

2178 821 2306 861 nam
2345 805 2682 877 Scripturam
2715 805 2912 861 debere
2943 805 3199 878 intelligi,
3232 823 3351 878 qua:
3382 815 3611 878 prepter
3642 823 3814 862 rese-

2177 893 2349 950 canda
2383 894 2519 949 vitia
2544 903 2704 950 acuta
2733 911 2846 950 esse
2895 895 3120 962 dicitur,
3161 904 3214 950 et
3244 903 3464 967 propter
3495 895 3611 952 duo
3645 896 3819 951 Tes—

2177 989 2421 1038 tamenta
2455 990 2684 1055 utraque
2715 991 2863 1054 parte
2894 991 3054 1038 acuta
3094 983 3523 1039 demonstratur.
3553 985 3708 1039 Nam
3741 992 3810 1040 et

2179 1069 2353 1126 Vetus
2381 1079 2434 1125 et
2451 1070 2665 1126 Novum
2697 1071 3104 1126 Testamentum
3138 1071 3244 1128 hoc
3273 1071 3433 1128 nobis
3463 1073 3814 1128 indesinen-

2179 1165 2262 1214 ter
2292 1157 2609 1226 admonent,
2641 1166 2702 1214 ut
2722 1159 2859 1215 vitia
2887 1159 3264 1232 relinquamus
3292 1168 3346 1215 et
3375 1160 3432 1216 in
3461 1161 3626 1217 bonis
3655 1179 3810 1234 ope-

2177 1246 2330 1304 ribus
2383 1249 2747 1321 nosmetipsos
2794 1265 3178 1316 exerceamus;
3228 1259 3497 1322 quatenus
3544 1253 3808 1308 salutem

2176 1337 2485 1394 animarum
2507 1346 2815 1394 nostrarum
2843 1338 3092 1394 invenire
3123 1339 3416 1410 possimus.

2249 1427 2430 1497 (Vers.
2468 1427 2580 1497 13.)
2617 1428 2732 1484 Scio
2762 1428 2850 1482 ubi
2876 1428 3105 1495 habitas,
3133 1428 3224 1482 ubi
3250 1429 3391 1483 sedes
3418 1435 3492 1483 est
3532 1432 3796 1486 Satanw:

2135 1537 2142 1546 '
2175 1515 2234 1572 id
2261 1524 2361 1584 est,
2393 1515 2537 1572 inter
2561 1517 2690 1572 illos
2720 1517 2955 1584 habitas,
2989 1519 3084 1590 qui
3118 1534 3378 1575 sessorem
3414 1518 3619 1576 habent
3648 1520 3810 1576 dia—

2175 1603 2386 1660 bolum.
2418 1607 2492 1660 Et
2521 1612 2654 1659 tenes
2690 1623 2876 1660 nomen
2902 1624 3093 1675 meum,
3125 1614 3172 1662 et
3217 1624 3324 1660 non
3372 1608 3571 1676 negasti
3619 1609 3809 1679 ﬁdem

2171 1710 2343 1748 meam
2371 1709 2382 1747 :
2418 1693 2474 1748 id
2504 1701 2604 1762 est,
2647 1695 2902 1766 quamvis
2946 1695 3013 1751 ab
3061 1695 3159 1764 eis,
3193 1696 3340 1752 inter
3367 1712 3504 1768 quos
3533 1695 3801 1765 habitas,

2176 1798 2274 1853 pro
2334 1783 2560 1839 nomine
2617 1800 2738 1838 meo
2785 1785 3002 1840 assidue
3059 1785 3464 1858 persecutiones
3494 1787 3795 1857 perferas;

471 1869 600 1924 vivit
631 1887 644 1925 :
681 1871 797 1926 Scio
823 1871 1214 1925 tribulationem
1238 1876 1403 1937 tuam,
1435 1877 1482 1924 et
1505 1877 1867 1941 paupertatem
1901 1878 2062 1926 tuam.
2096 1892 2142 1952 Β
2175 1879 2357 1926 tamen
2384 1887 2586 1926 nomen
2615 1888 2796 1929 meum
2829 1881 3002 1942 tenes,
3034 1881 3088 1930 et
3115 1874 3277 1930 ﬁdem
3319 1891 3496 1930 meam
3522 1891 3637 1930 non
3691 1893 3799 1931 ne-

471 1959 653 2015 Potest
685 1961 802 2016 ﬁeri
833 1969 894 2016 ut
925 1961 1334 2032 Smyrnzeorum
1367 1959 1612 2015 Ecclesia
1641 1961 1887 2016 eamdem
1932 1977 2066 2033 per—

471 2048 810 2104 secutionem
839 2065 871 2104 a
900 2048 1305 2105 contribulibus
1333 2048 1446 2102 suis
1477 2047 1535 2102 in
1567 2048 1761 2119 rag-ina
1789 2047 2063 2104 bonorum

471 2153 699 2194 suorum
730 2138 1036 2208 pertulerit,
1063 2153 1224 2210 quam
1259 2145 1312 2192 et
1353 2136 1451 2192 illa
1479 2152 1599 2208 quae
1625 2135 1768 2208 apud
1801 2137 2066 2192 Hieroso—

473 2224 674 2296 lymam
731 2232 866 2280 erat.
919 2225 1154 2298 Ideoque
1200 2223 1484 2280 tribulatio
1531 2232 1584 2279 et
1631 2233 1918 2296 paupertas
1947 2225 2066 2297 ejus

469 2321 614 2380 506
643 2332 676 2372 a
710 2316 966 2384 Domino,
1001 2333 1163 2388 quam
1195 2333 1292 2388 pro
1323 2315 1440 2386 ipso
1470 2313 1754 2384 sustinuit,
1789 2314 2060 2372 laudatur.

361 2459 366 2463 .
469 2415 654 2470 Potest
681 2421 736 2469 et
763 2430 859 2486 per
887 2414 992 2470 hoc
1041 2413 1356 2469 voluntaria
1381 2420 1675 2485 paupertas
1706 2413 1964 2486 intelligi,
1995 2413 2064 2469 de

469 2519 576 2576 qua
610 2502 878 2558 Dominus
916 2503 1053 2558 dicit
1083 2504 1141 2557 in
1166 2501 1467 2573 Evangelio
1501 2519 1512 2556 :
1567 2525 1584 2547 ε
1617 2501 2063 2574 Beatipauperes

468 2592 686 2664 spiritu,
737 2591 995 2664 quoniam
1047 2590 1294 2662 ipsorum
1345 2600 1424 2646 est
1489 2606 1723 2662 regnum
1795 2591 2060 2646 caelorum

470 2683 684 2754 (Matth.
719 2699 776 2749 v,
807 2682 886 2754 3).
929 2707 948 2730 ι

541 2773 639 2829 Sed
666 2772 808 2828 dives
827 2789 878 2826 es
915 2789 926 2826 :
959 2786 1164 2844 pauper
1194 2768 1451 2824 videlicet
1482 2769 1667 2845 rebus,
1703 2767 1858 2824 dives
1885 2767 2060 2822 virtu-

469 2861 636 2918 tibus.
670 2863 742 2917 Et
769 2860 1154 2932 blasphemaris
1197 2859 1264 2914 ab
1312 2858 1400 2926 iis,
1431 2858 1524 2928 qui
1563 2847 1622 2912 'se
1648 2857 1828 2912 dicunt
1851 2857 2062 2912 Judteos

467 2968 589 3018 esse,
629 2959 675 3006 et
703 2967 809 3006 non
838 2956 994 3016 sunt;
1027 2949 1114 3003 sed
1141 2953 1264 3002 sunt
1298 2963 1559 3017 synagoga
1615 2947 1844 3002 Satante.
1886 2945 2060 3002 Judzei

466 3040 792 3097 conﬁtentes
841 3038 1274 3110 interpretantur
1325 3053 1337 3092 :
1397 3035 1570 3092 Judaei
1627 3035 1722 3108 qui
1779 3035 2059 3094 Christum

471 3129 913 3202 blasphemantes
940 3118 1160 3198 hegant,
1193 3143 1304 3181 non
1331 3126 1526 3194 Judaei,
1562 3125 1618 3182 id
1645 3134 1748 3193 est,
1799 3125 2062 3182 conﬁten-

2175 1961 2330 2034 gasti.
2363 1964 2436 2018 Et
2487 1963 2544 2016 in
2599 1963 2780 2018 diebus
2832 1964 2944 2020 illis
3003 1965 3230 2036 Antipas
3294 1965 3436 2020 testis
3488 1982 3652 2034 meus,
3687 1967 3798 2036 qui

2175 2051 2374 2105 occisus
2402 2057 2476 2106 est
2499 2053 2643 2124 apud
2671 2071 2778 2120 eos,
2808 2053 2898 2108 ubi
2913 2054 3141 2110 Satanas
3170 2053 3391 2109 habitat.
3419 2055 3493 2108 Et
3517 2053 3572 2108 in
3593 2054 3796 2108 diebus

2173 2138 2306 2207 illis,
2340 2138 2395 2194 id
2425 2147 2528 2208 est,
2560 2139 2616 2195 in
2647 2140 2840 2196 diebus
2885 2143 3090 2214 quibus
3137 2141 3441 2213 persecutio
3489 2141 3630 2212 apud
3677 2159 3795 2197 vos

2173 2228 2412 2300 amplius
2463 2228 2732 2296 fervebat,
2763 2229 2995 2300 Antipas
3025 2229 3180 2285 testis
3209 2246 3386 2298 meus,
3421 2229 3791 2299 subauditur,

2173 2318 2408 2385 exstitit,
2439 2317 2533 2390 qui
2565 2317 2778 2372 occisus
2821 2327 2903 2374 est
2948 2318 3093 2389 apud
3151 2335 3266 2384 vos,
3297 2318 3390 2374 ubi
3419 2319 3650 2374 Satanas
3679 2319 3794 2374 ha-

2169 2407 2330 2463 bitat.
2361 2405 2522 2478 Apud
2555 2423 2651 2462 vos
2679 2406 2892 2462 occisus
2920 2414 3022 2472 est,
3064 2415 3118 2462 et
3144 2422 3253 2461 non
3286 2424 3318 2462 a
3343 2406 3503 2462 vobis
3535 2424 3547 2462 :
3581 2409 3676 2464 sed
3711 2410 3793 2464 ab

2172 2495 2286 2550 illis
2314 2495 2459 2552 inter
2485 2511 2624 2568 quos
2651 2511 2750 2550 vos
2779 2494 3060 2563 habitatis,
3093 2494 3152 2550 in
3181 2494 3383 2568 quibus
3412 2495 3627 2552 habitat
3659 2497 3793 2553 dia-

2169 2583 2348 2638 holus.

2243 2671 2427 2743 (Vers.
2459 2669 2544 2738 14,
2579 2670 2694 2740 15.)
2719 2671 2818 2727 Sed
2849 2671 3008 2726 habeo
3035 2672 3315 2726 adversum
3347 2678 3391 2727 te
3417 2689 3606 2744 pauca,
3641 2675 3795 2743 quia

2168 2761 2328 2838 habes
2372 2762 2484 2817 illic
2533 2767 2753 2816 tenentes
2807 2761 3100 2817 doctrinam
3150 2762 3400 2828 Balaam,
3431 2761 3524 2830 qui
3554 2761 3794 2818 docebat

2169 2855 2340 2910 Balac
2365 2853 2566 2907 mittere
2589 2853 2897 2907 scandalum
2921 2868 3097 2906 coram
3129 2851 3258 2922 filiis
3287 2852 3458 2907 Israel
3479 2868 3490 2905 :
3509 2851 3586 2906 ita
3615 2853 3789 2908 habes

2169 2951 2217 2998 et
2269 2949 2324 2996 tu
2380 2949 2598 2997 tenentes
2643 2941 2937 2996 doctrinam
2963 2941 3374 2997 Nicolaitarum.
3404 2941 3663 3012 Legimus
3713 2943 3784 2998 in

2171 3033 2314 3088 libro
2336 3033 2561 3088 Numeri
2590 3029 2737 3102 quod
2769 3031 2929 3086 Balac
2957 3045 3056 3084 rex
3084 3027 3450 3085 Moabitarum
3479 3029 3548 3084 ad
3576 3046 3781 3101 sugge-

2171 3121 2402 3177 stionem
2438 3121 2656 3175 Balaam
2680 3119 2921 3191 posuerit
2949 3118 3221 3190 speciosas
3258 3117 3518 3174 mulieres
3547 3119 3605 3172 in
3637 3137 3781 3176 con-

471 3228 569 3286 tes,
601 3217 695 3274 sed
725 3233 998 3290 synagoga
1035 3215 1248 3270 S'itanae
1297 3231 1408 3270 non
1460 3215 1916 3272 inconvenienter
1964 3233 2059 3271 vo-
2089 3245 2134 3307 ρ
2173 3217 2360 3280 spectu
2416 3209 2657 3264 ﬁliorum
2709 3208 2870 3264 Israel
2920 3207 3028 3263 diis
3055 3207 3174 3262 suis
3199 3206 3585 3274 sacriﬁcantes,
3637 3224 3780 3280 qua-

464 3315 680 3364 cantur.

537 3398 718 3469 (Vers.
761 3397 849 3466 10,
883 3396 996 3468 11.)
1029 3395 1178 3452 Nihil
1205 3397 1394 3450 horum
1425 3396 1626 3464 timeas,
1655 3413 1774 3466 qua:
1794 3413 2061 3468 passurus

462 3507 534 3546 es.
571 3488 952 3545 Praedicuntur
977 3485 1024 3542 ei
1057 3485 1305 3556 adversa,
1330 3493 1391 3542 ut
1421 3485 1703 3542 venientia
1731 3485 1952 3542 facilius
1980 3494 2058 3542 to-

464 3579 636 3634 lerare
666 3584 866 3649 posset.
899 3577 1032 3631 Ecce
1055 3575 1318 3630 missurus
1345 3581 1419 3630 est
1447 3575 1693 3630 diabolus
1725 3591 1792 3628 ea;
1829 3574 1973 3630 vobis
2001 3575 2060 3630 in

460 3684 740 3734 carcerem,
771 3673 828 3721 ut
853 3665 1115 3720 tentemini
1145 3666 1249 3736 (9),
1281 3665 1340 3721 id
1371 3672 1472 3732 est,
1503 3663 1772 3738 quosdam
1801 3680 1871 3720 ex
1899 3664 2060 3720 vobis

459 3755 732 3822 diabolus,
763 3754 819 3811 id
848 3763 929 3812 est
958 3755 1198 3810 ministri
1230 3754 1457 3822 diaboli,
1490 3754 1549 3809 in
1579 3770 1850 3810 carcerem
1910 3753 2060 3810 mis-

468 3844 584 3902 suri
615 3853 778 3911 sunt;
825 3851 888 3900 ut
915 3843 1203 3900 tentemini
1239 3851 1424 3900 utrum
1459 3843 1516 3898 in
1547 3843 1745 3900 timore
1775 3861 2058 3916 poenarum

461 3949 493 3988 a
522 3933 630 3989 ﬁde
661 3933 932 4004 recedere,
959 3951 1029 3989 an
1067 3949 1166 4006 pro
1195 3948 1380 3988 amore
1409 3930 1616 3988 Christi
1659 3932 1800 3988 mori
1855 3932 2058 3990 delibe-

461 4020 614 4076 retis.
648 4023 714 4076 Et
749 4021 998 4076 habebitis
1030 4020 1422 4076 tribulationem
1453 4020 1632 4074 diebus
1677 4021 1867 4076 decem.
1897 4022 2058 4076 Tem-

462 4124 565 4181 pus
610 4124 719 4180 quo
769 4109 888 4165 haec
933 4109 1238 4180 persecutio
1285 4109 1564 4164 crudelius
1596 4109 1857 4166 saevitura
1895 4117 2054 4179 esset,

465 4196 882 4254 demonstravit.
923 4199 1054 4252 Esto
1081 4196 1254 4267 ﬁdelis
1283 4211 1445 4264 usque
1473 4197 1543 4250 ad
1574 4203 1816 4264 mortem,
1847 4203 1896 4252 et
1925 4197 2058 4253 dabo

463 4285 558 4341 tibi
578 4301 826 4340 coronam
851 4285 992 4340 vita.
1017 4283 1231 4341 Corona
1251 4284 1380 4340 vitae
1408 4284 1638 4358 gloriam
1669 4285 2056 4358 sempiternam

462 4373 824 4430 demonstrat.

535 4471 639 4539 Qui
667 4471 816 4526 habet
845 4486 1021 4538 aures,
1067 4469 1259 4525 audiat
1291 4469 1421 4539 quid
1452 4469 1684 4540 Spiritus
1713 4471 1852 4525 dicat
1878 4473 2052 4528 Eccle-

459 4560 574 4616 siis.
611 4559 713 4628 Qui
743 4559 942 4627 vicerit,
975 4576 1082 4614 non
1116 4559 1332 4614 lwdetur
1359 4577 1393 4614 a
1423 4565 1587 4614 morte
1633 4560 1876 4616 secunda.
1911 4559 2056 4628 Quid

459 4651 531 4706 sit
556 4667 704 4706 mors
735 4649 994 4718 secunda,
1027 4649 1084 4704 in
1121 4648 1476 4720 sequentibus
1501 4648 1770 4705 dicemus.

537 4751 716 4823 (Vers.
770 4749 882 4819 12.)
924 4749 998 4804 Et
1041 4749 1224 4819 angelo
1269 4748 1518 4820 Pergami
1547 4747 1795 4803 Ecclesia;-
1843 4749 2049 4804 scribe:

463 4843 585 4898 Haec
613 4840 741 4896 dicit
773 4839 866 4910 qui
895 4839 1046 4894 habet
1062 4839 1384 4909 romphteam
1410 4845 1635 4908 utraque
1651 4845 1806 4910 parte
1823 4845 2052 4894 acutam.

461 4929 564 4985 Per
615 4927 946 4999 romphaeam
989 4925 1284 4998 judiciaria
1338 4927 1560 4982 Domini
1615 4935 1850 4998 potestas
1881 4935 2056 4998 potest

464 5016 701 5088 intelligi
739 5033 750 5070 :
785 5032 907 5088 quae
938 5023 1175 5087 utraque
1203 5024 1357 5086 parte
1388 5023 1542 5072 acuta
1574 5015 1800 5084 dicitur,
1834 5025 2056 5087 propter

463 5106 573 5163 duo
613 5105 846 5178 judicia,
877 5121 1048 5160 unum
1080 5105 1228 5177 quod
1259 5105 1466 5160 factum
1505 5113 1587 5164 est
1615 5121 1709 5176 per
1735 5122 1950 5176 aquam,
1981 5106 2055 5161 al-

467 5205 645 5254 terum
675 5195 822 5269 quod
851 5195 945 5250 ﬁet
974 5211 1068 5266 per
1097 5195 1300 5265 ignem.
1343 5195 1447 5250 Sed
1478 5197 1828 5252 excludimur
1855 5197 1922 5252 ab
1953 5197 2058 5252 hoc

465 5286 769 5352 intellectu,
801 5301 866 5340 eo
912 5284 1058 5358 quod
1107 5284 1247 5339 illud
1289 5283 1562 5356 judicium
1599 5283 1714 5356 jam
1752 5295 2052 5358 peractum,

459 5383 625 5446 atque
673 5392 769 5448 per
818 5374 1250 5430 misericordiam
1301 5373 1399 5431 Dei
1447 5373 1715 5430 abolitum
1754 5375 1845 5431 sit.
1903 5375 2058 5432 Tunc

462 5479 697 5538 namque
737 5463 937 5536 judicii
986 5463 1138 5520 illius
1167 5479 1397 5520 acumen
1426 5463 1664 5520 deletum
1702 5472 1802 5532 est,
1836 5463 2055 5538 quando

2087 4598 2136 4657 D

2173 3315 2295 3354 rum
2327 3297 2684 3370 pulchritudo
2711 3313 2821 3352 non
2863 3297 3040 3352 solum
3085 3295 3153 3350 ad
3185 3295 3603 3368 perpetrandum
3637 3297 3773 3352 libi-

2169 3387 2354 3442 dinem
2386 3403 2478 3442 eos
2533 3385 2823 3453 accendit;
2879 3385 2974 3441 sed
3025 3385 3189 3440 etiam
3239 3393 3302 3440 ut
3355 3385 3423 3440 de
3480 3384 3778 3442 sacriﬁciis

2169 3492 2358 3532 eorum
2388 3475 2754 3542 comederent,
2786 3473 3046 3546 perduxit
3079 3474 3265 3543 (Num.
3299 3489 3438 3540 xxv,
3473 3473 3522 3540 1,
3556 3474 3638 3544 2).
3677 3473 3776 3530 Ni-

2168 3564 2382 3622 colaitae
2416 3580 2545 3620 vero
2575 3571 2731 3618 erant
2760 3563 3008 3619 haeretici
3039 3562 3260 3634 nuptias
3283 3561 3638 3629 detestantes,
3669 3563 3770 3618 do-

2169 3661 2461 3726 centesque
2492 3652 2696 3720 ﬁdeles,
2744 3659 2806 3708 ut
2854 3651 3277 3724 quibuscunque
3315 3653 3542 3719 vellent,
3573 3645 3772 3710 misce-

2169 3751 2360 3798 rentur
2415 3757 2566 3797 more
2611 3739 2930 3798 bestiarum.
2971 3739 3124 3796 Sicut
3172 3756 3300 3812 ergo
3333 3757 3428 3812 per
3454 3740 3770 3798 doctrinam

2168 3834 2409 3900 Balaam,
2443 3830 2544 3886 ﬁlii
2575 3831 2740 3886 Israel
2769 3829 2824 3885 in
2873 3829 3257 3886 fornicationis
3305 3831 3508 3885 malum
3555 3829 3769 3902 delapsi

2169 3929 2316 3990 sunt,
2340 3927 2559 3993 prepter
2579 3917 2724 3990 quod
2752 3917 2910 3973 multi
2941 3933 3130 3974 eorum
3153 3917 3452 3990 perierunt,
3478 3918 3558 3973 ita
3584 3926 3640 3974 et
3672 3920 3768 3975 Ni-

2167 4010 2380 4068 colaitae
2409 4009 2674 4082 quosdam
2713 4023 2783 4062 ex
2833 4007 3110 4075 ﬁdelibus,
3141 4007 3236 4079 qui
3266 4007 3412 4078 apud
3438 4007 3765 4080 Pergamum

2167 4107 2341 4167 erant,
2376 4115 2472 4154 sua
2502 4113 2669 4169 prava
2713 4095 2968 4152 doctrina
3014 4095 3068 4150 in
3121 4095 3506 4152 fornicationis
3554 4095 3765 4152 malum

2167 4189 2505 4262 dejecerunt,
2545 4186 2800 4242 docentes
2831 4203 2922 4241 eos
2949 4195 3011 4242 ut
3056 4187 3212 4242 nullo
3243 4187 3406 4242 modo
3438 4203 3492 4242 se
3535 4186 3766 4244 vinculo

2168 4279 2446 4352 conjugali
2471 4276 2772 4343 irretirent,
2803 4275 2897 4330 sed
2928 4274 3350 4349 quibuscunque
3379 4277 3608 4345 vellent,
3644 4293 3765 4348 pas-

2167 4372 2271 4428 sim
2306 4370 2686 4425 miscerentur.
2719 4365 2876 4432 Quod
2921 4372 3102 4421 autem
3132 4365 3268 4422 dicit
3301 4383 3312 4420 :
3347 4366 3522 4422 Habeo
3560 4367 3768 4424 adver—

2167 4479 2284 4517 sum
2316 4467 2358 4514 te
2382 4475 2578 4530 pauca,
2609 4456 2880 4528 signiﬁcat
2911 4472 3115 4528 paucos
3143 4473 3213 4513 ex
3238 4455 3495 4513 ﬁdelibus
3519 4456 3586 4512 ab
3635 4456 3763 4514 h:e—

2169 4551 2357 4608 reticis
2394 4566 2508 4606 esse
2538 4549 2810 4619 deceptos.

2240 4641 2422 4712 (Vers.
2459 4639 2572 4710 16.)
2624 4637 2882 4693 Similiter
2913 4635 3277 4708 pmnitentiam
3320 4654 3432 4708 age.
3468 4637 3582 4694 Hoc
3614 4639 3765 4710 quod

2164 4731 2322 4797 dicit,
2371 4727 2638 4794 similiter,
2678 4725 2899 4782 videtur
2951 4725 3089 4781 mihi
3138 4725 3206 4782 ad
3253 4726 3507 4798 angelum
3555 4727 3762 4799 Ephesi

2167 4819 2426 4877 Ecclesia:
2467 4818 2753 4888 respicere,
2802 4815 2894 4872 cui
2933 4814 3138 4872 dicitur
3184 4835 3196 4874 :
3248 4817 3612 4874 Paenitentiam
3643 4836 3760 4890 age,

2168 4929 2224 4966 eo
2271 4910 2411 4982 quod
2466 4907 2772 4963 charitatem
2819 4911 2966 4960 tuam
3000 4906 3235 4977 primam
3263 4909 3562 4979 reliqueris.
3593 4911 3762 4978 Quasi

2165 5000 2378 5057 diceret
2421 5016 2433 5053 :
2470 4997 2622 5054 Sicut
2650 4995 2880 5068 praecepi
2913 4997 3106 5069 angelo
3134 4996 3359 5070 Ephesi,
3388 5005 3452 5055 ut
3480 4999 3766 5071 poeniten-

2165 5091 2297 5149 tiam
2329 5096 2531 5160 ageret,
2565 5104 2630 5144 eo
2677 5087 2825 5160 quod
2850 5085 3173 5144 charitatem
3219 5087 3454 5160 primam
3495 5091 3766 5164 reliquis-

2163 5189 2263 5248 set,
2326 5177 2584 5235 similiter
2638 5185 2692 5234 et
2745 5186 2808 5234 tu
2865 5177 3246 5250 paenitentiam
3297 5197 3415 5252 age,
3445 5198 3508 5237 eo
3546 5183 3692 5254 quod
3733 5201 3767 5241 a

2163 5274 2430 5332 charitate
2459 5275 2806 5342 deviaveris;
2857 5283 2920 5331 ut
2957 5275 3172 5348 aliquos
3214 5283 3436 5334 tuorum
3485 5293 3582 5350 per
3630 5281 3763 5336 taci-

2163 5371 2482 5426 turnitatem
2515 5369 2814 5426 amitteres.
2847 5367 2903 5424 Si
2935 5369 3236 5438 quominus,
3267 5369 3472 5424 veniam
3512 5369 3610 5426 tibi
3637 5371 3758 5428 cito.

2163 5461 2311 5517 Solet
2343 5477 2436 5532 per
2461 5459 2757 5515 adventum
2790 5457 3014 5516 Domini
3043 5475 3190 5516 mors
3215 5458 3451 5532 intelligi
3477 5477 3494 5528 ;
3544 5459 3761 5518 unicui-

538 5697 621 5770 (9)
685 5693 790 5752 Hic
842 5703 1027 5754 textus
1082 5697 1141 5753 in
1195 5695 1329 5754 edit.
1399 5695 1634 5768 rejectus
1700 5696 1880 5754 fuerat
1950 5703 2074 5770 post
2117 5695 2302 5766 verba,
2389 5697 2616 5753 tolerare
2670 5699 2844 5765 posset
2895 5709 2908 5749 :
2963 5691 3059 5752 sed
3114 5701 3308 5752 contra
3370 5694 3757 5757 auctoritatem

467 5785 598 5827 mss.
