3970 6398
257 457 368 513 861

1171 462 1625 520 BERENGAUDI
1662 462 2037 521 EXPOSITIO
2072 466 2145 522 IN
2181 465 2687 525 APOCALYPSIN.

3459 477 3564 534 862

258 597 368 653 que
422 580 569 636 enim
627 583 895 638 Dominus
924 590 1057 640 tunc
1104 584 1277 653 venit,
1320 586 1539 658 quando
1584 604 1678 659 per
1708 605 1848 644 mor-
1881 596 1930 654 Α
1960 589 2173 645 Patrem
2234 608 2395 647 suum
2446 592 2665 651 dicebat
2719 596 2916 664 Deum,
2955 598 3217 669 aequalem
3268 616 3325 655 se
3356 602 3561 659 faciens

261 677 371 726 tem
403 671 641 726 animam
675 688 705 727 a
738 690 965 745 corpore
1010 684 1242 747 separat.
1280 676 1415 743 Cito,
1453 676 1506 731 id
1536 686 1618 733 est
1653 678 1855 749 impro-

260 758 400 821 vise,
429 759 568 816 sicut
600 761 665 816 de
704 778 865 818 servo
904 763 1211 835 negligente
1263 759 1533 821 Dominus
1578 767 1635 821 in
1674 768 1854 822 Evan-

256 849 403 919 gelio
433 850 713 920 loquitur:
764 852 986 908 -Veuiet
1016 861 1199 907 autem
1228 854 1498 911 Dominus
1526 855 1671 911 servi
1703 856 1857 913 illius

256 934 318 992 in
349 936 437 992 die
471 954 579 1010 quo
609 940 807 1008 nescit,
838 941 1060 998 et.hora
1090 959 1196 1014 qua
1235 942 1486 1014 ignorat;
1545 951 1600 1000 et
1642 944 1856 999 dividet

255 1043 406 1093 eum,
435 1036 753 1101 partemque
781 1028 898 1100 ejus
927 1048 1053 1088 cum
1086 1031 1392 1103 hypocritis
1432 1041 1597 1105 ponet
1635 1034 1849 1103 (Matth.

254 1134 416 1187 xxxv,
464 1118 579 1189 51).
616 1144 633 1165 ι
681 1121 857 1176 Homo
892 1123 1039 1177 enim
1070 1140 1139 1178 ex
1170 1125 1354 1180 anima
1382 1132 1436 1181 et
1466 1144 1693 1199 corpore
1721 1144 1850 1183 con-

252 1206 437 1263 sistit:
472 1208 674 1265 dividit
704 1211 972 1267 Dominus
1004 1212 1284 1270 hominem
1335 1232 1460 1271 cum
1519 1217 1764 1272 animam
1822 1235 1853 1273 a

252 1313 482 1368 corpore
520 1308 732 1370 separat
761 1317 772 1354 :
800 1308 1007 1372 partem
1037 1302 1155 1373 ejus
1178 1320 1301 1359 cum
1333 1304 1641 1376 hypocritis
1673 1306 1849 1377 ponit,

253 1385 475 1458 quando
504 1386 767 1456 animam,
815 1406 935 1463 quae
967 1392 1206 1448 secunda
1236 1410 1359 1465 pars
1388 1402 1468 1449 est
1500 1394 1557 1450 in
1599 1396 1845 1464 homine,

252 1495 354 1551 pro
382 1480 770 1554 iniquitatibus
798 1483 912 1539 suis
949 1501 1074 1541 cum
1116 1485 1304 1557 impiis
1346 1487 1698 1544 cruciandam
1730 1496 1850 1544 tra—

251 1568 357 1625 dit.
417 1572 478 1628 In
527 1571 633 1629 hoc
683 1573 829 1645 quod
886 1573 1068 1630 dicit:
1141 1576 1347 1632 Veniam
1408 1577 1501 1631 tibi
1554 1577 1676 1645 cito,
1726 1578 1850 1633 talis

251 1659 391 1715 mihi
440 1677 633 1716 sensus
686 1678 803 1717 esse
859 1662 1122 1718 videtur:
1188 1664 1243 1719 Si
1299 1663 1679 1735 paenitentiam
1737 1682 1848 1721 non

250 1750 446 1819 egeris,
478 1751 694 1806 veniam
745 1750 847 1807 tibi
876 1752 1023 1819 cito;
1058 1760 1119 1807 ut
1166 1760 1220 1808 te
1271 1769 1366 1823 per
1397 1762 1651 1821 mortem,
1684 1772 1845 1827 quam

249 1839 550 1910 praevidere
584 1840 834 1912 negligis,
888 1841 1207 1897 dissolvam.
1257 1842 1550 1914 Sequitur:
1611 1846 1685 1899 Et
1723 1861 1797 1914 pa

246 1929 416 1997 gnabo
472 1946 590 1984 cum
641 1930 753 1985 illis
800 1932 856 1986 in
907 1932 1085 2001 gladio
1134 1932 1245 1987 oris
1273 1933 1373 1988 mei
1404 1951 1421 1987 :
1452 1934 1509 1989 id
1537 1941 1639 2001 est,
1670 1933 1839 1989 alium
1874 1955 1918 2013 Β

248 2017 309 2073 in
351 2019 469 2073 loco
499 2026 595 2074 tuo
626 2036 847 2090 ponam,
895 2029 949 2077 et
1003 2038 1201 2092 ponam
1258 2022 1500 2092 gladium
1547 2023 1839 2078 verborum

247 2123 497 2162 meorum
542 2109 600 2164 in
642 2125 736 2165 ore
778 2108 917 2181 ejus,
968 2110 1026 2165 in
1068 2127 1176 2183 quo
1224 2110 1450 2182 dejiciat
1503 2111 1845 2167 adversarios

245 2196 517 2253 veritatis.

323 2284 503 2355 (Vers.
550 2286 666 2358 17.)
705 2288 807 2355 Qui
827 2289 977 2343 habet
1008 2305 1187 2356 aures,
1219 2289 1408 2344 audiat
1436 2289 1567 2359 quid
1610 2289 1845 2359 Spiritus

242 2378 388 2433 dicat
421 2379 692 2435 Ecclesiis.
748 2380 1073 2453 Ubicunque
1117 2380 1234 2436 haec
1278 2381 1550 2436 sententia
1595 2382 1841 2453 ponitur,

243 2468 334 2522 vel
365 2467 423 2522 in
462 2469 785 2541 Evangelio,
817 2471 904 2527 vel
938 2471 995 2525 in
1027 2472 1383 2543 Apocalypsi,
1429 2472 1714 2528 sciendum
1763 2481 1844 2529 est

244 2558 544 2627 mysticum
593 2574 708 2614 esse
747 2559 894 2631 quod
941 2559 1167 2629 dicitur,
1216 2568 1270 2616 et
1312 2561 1379 2616 ad
1420 2561 1841 2631 intelligendum

242 2644 493 2702 diﬂicile.
576 2647 807 2703 Vincenti
863 2648 997 2704 dabo
1052 2666 1250 2705 manna
1309 2650 1689 2705 absconditum.
1730 2651 1845 2705 Le-

245 2735 430 2808 gimus
474 2736 533 2792 in
572 2737 759 2794 Veteri
816 2738 1182 2806 Testamento,
1242 2738 1371 2810 quia
1424 2740 1687 2809 populum
1736 2741 1843 2795 Ju-

245 2823 493 2880 daeorum
546 2842 643 2895 per
687 2826 900 2882 deserta
947 2826 1283 2897 gradientem
1330 2827 1599 2882 Dominus
1643 2844 1843 2884 manna

245 2914 460 2986 paverit
519 2915 723 2981 (Exod.
754 2931 871 2981 xvr,
932 2914 1044 2985 14),
1091 2930 1264 2987 usque
1325 2914 1454 2970 dum
1488 2915 1743 2971 venirent
1771 2916 1840 2972 ad

243 3010 449 3057 terram
479 3004 942 3074 repromissionis.
990 3005 1091 3059 Per
1130 3020 1330 3059 manna
1376 3004 1547 3075 igitur
1575 3005 1843 3076 sapientia

242 3108 367 3163 quae
398 3090 652 3148 Christus
683 3100 783 3159 est,
819 3092 1056 3163 intelligi
1085 3100 1262 3163 potest
1294 3110 1306 3147 :
1369 3118 1387 3140 ι
1436 3095 1553 3165 Ipse
1583 3102 1663 3149 est
1692 3094 1838 3149 enim

240 3180 403 3252 panis
432 3181 595 3235 vivus
631 3180 727 3253 qui
760 3181 827 3237 de
859 3181 998 3237 caelo
1029 3180 1310 3237 descendit
1343 3182 1522 3252 (Joan.
1556 3200 1635 3251 vr,
1664 3183 1775 3253 51).
1811 3208 1828 3230 ι

241 3270 361 3325 Ηοο
388 3286 524 3342 pane
565 3271 791 3327 aluntur
837 3287 1027 3327 omnes
1084 3272 1265 3339 electi,
1324 3271 1381 3327 in
1416 3271 1630 3327 deserto
1678 3281 1841 3344 atque

239 3358 303 3413 in
330 3358 526 3413 itinere
570 3358 738 3430 hujus
767 3360 954 3416 saeculi
988 3360 1174 3431 positi,
1220 3376 1392 3432 usque
1439 3360 1570 3416 dum
1616 3362 1841 3415 veniant

236 3445 312 3501 ad
341 3454 539 3503 terram
576 3450 1043 3520 repromissionis,
1074 3448 1127 3503 id
1157 3456 1238 3505 est
1267 3449 1333 3504 ad
1376 3450 1650 3505 coalestem
1703 3448 1840 3504 bea-

236 3535 536 3592 titudinem
587 3554 752 3610 quam
801 3539 1115 3609 repromisit
1161 3540 1307 3594 Deus
1353 3537 1714 3609 diligentibus
1760 3556 1834 3594 se.

238 3624 643 3681 Absconditum
702 3635 884 3681 autem
936 3625 1059 3682 ideo
1113 3626 1337 3693 dicitur,
1389 3627 1517 3700 quia
1572 3626 1839 3697 sapientia

234 3714 337 3770 Dei
368 3714 619 3786 superbis
659 3714 1043 3783 absconditur,
1088 3724 1142 3771 et
1189 3715 1495 3771 humilibus
1538 3716 1836 3780 revelatur,

233 3802 385 3858 sicut
424 3803 538 3875 ipse
567 3803 703 3860 dicit
734 3804 791 3859 in
821 3805 1123 3877 Evangelio
1155 3822 1166 3859 :
1216 3830 1232 3851 ι
1263 3804 1541 3862 Conﬁteor
1570 3804 1692 3861 tibi.
1726 3805 1836 3859 Pa-

236 3900 347 3958 ter,
412 3893 649 3948 Domine
695 3893 821 3950 caeli
876 3900 929 3949 et
985 3901 1163 3961 terra),
1196 3894 1325 3967 quia
1353 3893 1687 3949 abscondisti
1721 3894 1837 3949 ilEBC

232 3997 271 4036 a
312 3981 653 4052 sapientibus
699 3990 753 4038 et
805 3982 1193 4054 prudentibus,
1239 3990 1293 4039 et
1322 3983 1579 4039 revelasti
1608 3998 1670 4039 ea
1706 3998 1830 4054 par-

232 4070 386 4126 vulis
417 4072 629 4142 (Matth.
653 4089 732 4140 x1,
763 4072 878 4143 25).
913 4096 931 4120 ι

316 4163 462 4221 507
503 4162 577 4215 Et
611 4160 745 4215 dabo
775 4161 863 4216 illi
891 4160 1153 4215 calculum
1185 4158 1487 4214 candidum.
1514 4158 1615 4214 Per
1640 4156 1834 4214 calcu-

233 4256 374 4322 lum,
414 4257 508 4328 qui
555 4256 695 4327 lapis
725 4273 927 4327 parvus
956 4264 1058 4323 est,
1090 4265 1143 4312 et
1188 4272 1220 4310 a
1266 4255 1588 4312 calculando
1618 4255 1697 4310 sic
1724 4270 1833 4309 vo-

230 4349 413 4409 catur,
455 4343 820 4413 Evangelium
865 4360 1153 4414 possumus
1194 4344 1438 4415 accipere
1509 4343 1649 4411 Quia
1690 4342 1832 4398 sicut

230 4430 451 4503 antiqui
482 4432 680 4486 horum
710 4432 953 4503 lapidum
988 4432 1403 4489 multitudinem
1445 4450 1695 4505 magnam
1724 4431 1829 4488 sibi

229 4520 636 4593 congregabant
689 4520 758 4576 ad
803 4520 1116 4592 partiendos
1173 4531 1227 4578 et
1283 4522 1612 4578 dividendos
1642 4538 1828 4576 nume-

230 4627 361 4676 ros;
419 4610 495 4666 ita
545 4610 796 4686 doctores
852 4612 1113 4668 Ecclesiae
1170 4613 1345 4667 multa
1375 4612 1542 4667 verba
1566 4613 1828 4681 Evange-

1875 3309 1918 3369 C

1970 680 2084 734 Deo
2136 681 2319 750 (Joan.
2368 698 2421 749 ν,
2475 683 2586 753 18).
2637 709 2655 731 ι
2712 685 2767 740 Si
2800 686 3053 742 Christus
3098 690 3359 760 aequalem
3400 708 3456 746 se
3488 692 3560 747 fa-

1969 768 2151 825 ciebat
2204 772 2339 837 Deo,
2387 788 2485 827 cur
2513 771 2650 827 dicit
2688 775 2853 829 Arius
2900 775 3166 831 minorem
3210 793 3325 833 esse
3356 780 3557 837 Filium

1968 856 2128 913 Patre
2150 858 2177 913 ‘l
2210 860 2324 916 Hoc
2355 876 2480 932 ergo
2529 878 2728 918 nomen
2759 864 2906 935 quod
2950 864 3006 919 in
3050 866 3262 921 calculo
3296 868 3557 939 scriptum

1968 954 2073 1015 est,
2104 950 2293 1004 nullus
2321 950 2446 1018 scit,
2502 952 2609 1007 nisi
2640 953 2733 1025 qui
2774 956 3003 1026 accipit;
3050 957 3178 1029 quia
3219 958 3558 1030 omnipoten-

1964 1035 2121 1103 tiam,
2182 1037 2555 1103 divinitatem.
2615 1043 2978 1114 aequalitatem
3035 1045 3160 1099 Filii
3218 1063 3345 1101 cum
3396 1048 3559 1103 Patre

1968 1124 2155 1180 nullus
2201 1126 2340 1181 scire
2370 1130 2653 1199 prazvalet,
2686 1131 2791 1185 nisi
2831 1134 2916 1187 cui
2968 1133 3218 1189 doctrina
3266 1136 3555 1207 Evangelii

1961 1212 2087 1269 data
2116 1214 2458 1290 fuerit..Sed
2490 1226 2571 1273 est
2609 1220 2762 1275 aliud
2812 1221 2958 1293 quod
3005 1239 3104 1276 nos
3147 1231 3369 1290 movet;
3428 1241 3555 1280 nam

1960 1302 2123 1374 paulo
2152 1304 2404 1374 superius
2438 1305 2627 1361 dixit:
2707 1308 2938 1365 Vincenti
2992 1309 3125 1363 dabo
3180 1326 3376 1364 manna
3425 1312 3557 1367 abs-

1959 1392 2244 1459 conditum,
2302 1401 2350 1448 et
2397 1396 2530 1449 dabo
2589 1397 2672 1453 illi
2724 1399 2985 1452 calculum
3038 1399 3341 1466 candidum,
3399 1405 3446 1453 et
3500 1400 3557 1454 in

1958 1481 2159 1535 calculo
2192 1499 2377 1535 nomen
2411 1490 2576 1552 tamn,
2626 1487 2765 1556 quod
2812 1504 2959 1540 nemo
3007 1488 3122 1551 scit,
3175 1487 3281 1540 nisi
3332 1488 3424 1557 qui
3457 1505 3557 1542 ac—

1958 1569 2104 1640 cipit.
2138 1572 2193 1626 Si
2240 1571 2407 1643 igitur
2443 1574 2577 1629 solis
2627 1575 2735 1630 illis
2770 1576 2863 1647 qui
2903 1576 3185 1631 diabolum
3217 1577 3471 1645 vincunt,
3502 1586 3555 1634 et

1958 1675 2179 1726 manna,
2208 1668 2261 1715 et
2286 1663 2551 1728 calculus,
2582 1673 2635 1718 et
2666 1664 2908 1719 nominis
2936 1666 3137 1720 Christi
3170 1665 3334 1721 datur
3365 1666 3556 1722 scien-

1960 1748 2066 1815 tia;
2108 1765 2233 1821 ergo
2260 1750 2416 1823 impii
2440 1753 2533 1824 qui
2574 1753 2859 1809 diabolum
2906 1771 3016 1808 non
3045 1754 3298 1822 vincunt,
3340 1755 3433 1810 sed
3486 1755 3555 1811 ab

1957 1854 2021 1893 eo
2052 1839 2372 1909 vincuntur,
2431 1844 2683 1915 quamvis
2742 1844 3031 1915 baptisma,
3083 1846 3339 1918 quamvis
3387 1846 3553 1902 ﬁdem

1959 1928 2164 1985 Christi
2196 1931 2489 1988 videantur
2546 1934 2867 2005 suscepisse,
2926 1935 2993 1990 ab
3042 1935 3146 1991 hoc
3195 1944 3377 1992 tamen
3438 1953 3553 1992 mu-

1955 2032 2083 2071 nere
2112 2018 2275 2073 alieni
2307 2021 2605 2077 esxistunt.
2638 2022 2739 2077 Sed
2781 2022 2919 2079 dicit
2976 2024 3178 2095 aliquis
3206 2042 3217 2079 :
3267 2024 3555 2089 Quomodo

1955 2104 2227 2161 litteratus
2257 2109 2508 2181 quisque,
2536 2119 2588 2165 et
2629 2112 2684 2165 in
2704 2110 2913 2165 divinis
2943 2112 3244 2183 Scripturis
3281 2114 3552 2184 eruditus,

1954 2195 2277 2264 mysterium
2312 2199 2555 2253 nominis
2594 2199 2799 2255 Christi
2834 2200 3045 2267 nescit;
3087 2203 3340 2273 quamvis
3369 2211 3422 2259 et
3453 2221 3553 2258 sae-

1953 2283 2139 2337 culum
2163 2283 2376 2357 diligat,
2409 2294 2464 2341 et
2494 2288 2821 2358 voluptuose
2846 2288 3029 2344 vivat"?
3047 2290 3186 2346 lluic
3199 2307 3295 2361 ego
3317 2291 3551 2347 duorum

1953 2368 2242 2427 hominum
2275 2374 2713 2432 similitudinem
2748 2378 2852 2431 mel
2886 2378 3120 2433 multum
3154 2381 3551 2450 possidentium

1953 2477 2247 2532 opponam,
2293 2480 2359 2519 ex
2390 2465 2590 2538 quibus
2621 2483 2762 2521 unus
2810 2484 2876 2522 ex
2910 2485 2973 2523 eo
3002 2469 3159 2523 edere
3190 2471 3385 2526 solitus
3414 2480 3549 2541 erat,

1951 2551 2090 2605 alter
2120 2567 2252 2605 vero
2282 2554 2349 2609 ab
2380 2553 2497 2624 ejus
2538 2571 2654 2622 esu,
2686 2555 2920 2626 quadam
2954 2558 3273 2613 necessitate
3301 2568 3546 2630 cogente,

1952 2640 2213 2696 omnibus
2242 2642 2420 2697 modis
2444 2644 2779 2700 abstinebat.
2813 2645 2949 2711 Quis
2978 2644 3172 2701 horum
3206 2646 3306 2701 tibi
3331 2648 3550 2704 videtur

1951 2744 2199 2799 saporem
2232 2731 2411 2786 mellis
2455 2732 2627 2787 satius
2664 2734 2984 2803 cognovisse
3008 2734 3034 2788 δῖ
3070 2734 3265 2806 Utique
3313 2752 3548 2807 respou-

1950 2816 2101 2872 debit
2132 2817 2271 2872 mihi
2310 2819 2438 2890 quia
2469 2819 2574 2884 his,
2609 2822 2702 2892 qui
2745 2821 2862 2892 ejus
2909 2820 3200 2877 dulcedine
3226 2824 3433 2894 perfrui
3462 2842 3545 2880 so-

1950 2906 2082 2962 litus
2112 2915 2244 2961 erat.
2286 2909 2357 2962 Et
2410 2916 2591 2964 tamen
2640 2911 2683 2965 si
2731 2910 3118 2981 interrogasses
3155 2920 3450 2985 utrumque
3478 2913 3546 2968 de

1951 2996 2127 3051 melle.
2184 2997 2343 3069 cujus
2391 3006 2530 3054 esset
2585 3000 2814 3070 saporis,
2871 3008 3100 3073 uterque
3162 3001 3545 3059 dulcissimum

1949 3102 2064 3140 esse
2096 3086 2394 3144 fateretur:
2429 3089 2523 3143 sed
2552 3088 2758 3145 diceret
2797 3090 2912 3157 ille,
2952 3090 3099 3162 quod
3128 3091 3374 3158 audivit;
3416 3092 3543 3161 iste,

1950 3177 2096 3249 quod
2125 3186 2384 3250 expertus
2415 3188 2529 3235 erat
2561 3197 2571 3234 :
2606 3181 2756 3236 illius
2798 3181 2986 3253 lingua
3031 3183 3363 3254 loqueretur,
3395 3184 3542 3256 quod

1951 3264 2134 3321 fauces
2190 3267 2536 3337 ignorabant,
2592 3269 2752 3325 istius
2806 3280 2986 3325 autem
3044 3271 3191 3343 quod
3247 3272 3539 3328 delectatio

1950 3354 2229 3411 docuerat.
2264 3358 2361 3412 Ille
2393 3359 2561 3429 igitur
2585 3360 2676 3431 qui
2731 3360 2832 3413 mel
2884 3376 2994 3414 non
3032 3360 3101 3414 ad
3130 3361 3417 3428 utendum,
3443 3361 3538 3417 sed

1948 3443 2017 3497 ad
2046 3444 2197 3500 lucra
2225 3447 2600 3517 exaggeranda
2637 3447 2967 3519 possidebat,
3010 3465 3101 3503 eos
3121 3449 3414 3518 significat,
3443 3450 3539 3522 qui

1947 3548 2014 3586 ex
2046 3533 2274 3588 scientia
2303 3535 2616 3590 divinarum
2641 3536 3046 3607 Scripturarum
3070 3537 3300 3611 gloriam
3332 3546 3536 3609 tempo-

1946 3622 2114 3676 ralem
2146 3624 2269 3693 plus
2299 3640 2458 3696 quam
2488 3633 2744 3679 aeternam
2776 3635 3063 3696 capessunt
3093 3628 3236 3697 (9'):
3284 3625 3375 3682 ille
3407 3643 3538 3682 vero

1946 3710 2041 3782 qui
2074 3711 2177 3766 mel
2203 3712 2269 3767 ad
2297 3713 2401 3768 hoc
2434 3713 2764 3784 possidebat,
2808 3722 2868 3769 ut
2912 3714 3031 3785 ejus
3063 3716 3355 3771 dulcedine
3385 3717 3535 3771 assi-

1944 3799 2050 3855 due
2084 3801 2374 3868 frueretur,
2404 3820 2495 3858 eos
2520 3804 2810 3876 significat,
2843 3806 2938 3878 qui
2977 3806 3233 3861 mandata
3271 3806 3369 3862 Dei
3424 3823 3534 3862 non

1944 3905 2042 3961 pro
2072 3892 2240 3962 gloria
2271 3894 2579 3964 temporali,
2638 3895 2731 3950 sed
2785 3911 2882 3966 pro
2939 3911 3123 3950 amore
3178 3896 3273 3951 Dei
3325 3895 3535 3951 discere

1948 3980 2199 4049 student;
2258 3991 2319 4037 ut
2364 4001 2458 4055 per
2514 4001 2703 4040 eorum
2752 3987 3125 4057 operationem
3179 3987 3247 4043 ad
3304 3987 3533 4059 gloriam

1942 4077 2199 4126 aeternam
2240 4073 2526 4144 pervenire
2556 4084 2889 4131 mercantur.
2950 4077 3069 4131 Illis
3118 4077 3375 4133 mandata
3409 4077 3531 4145 Dei,

1942 4160 2194 4231 quamvis
2239 4178 2301 4216 ea
2343 4161 2660 4233 praedicent,
2691 4162 2875 4219 dulcia
2905 4180 3014 4219 non
3053 4172 3184 4219 sunt
3213 4183 3226 4231 ;
3261 4164 3390 4238 quia
3420 4181 3531 4220 non

1940 4246 2288 4305 dulcedinem
2326 4250 2562 4307 caelestis
2593 4251 2802 4323 patriae,
2831 4252 2924 4307 sed
2956 4252 3304 4309 dulcedinem
3352 4262 3534 4309 terre-

1941 4354 2089 4406 nam,
2121 4355 2239 4410 qure
2290 4339 2714 4395 amaritudinem
2772 4348 3011 4413 generat,
3066 4342 3349 4413 diligunt:
3408 4342 3531 4397 istis

1939 4434 2120 4481 autem
2176 4427 2432 4484 mandata
2474 4429 2573 4484 Dei
2628 4445 2750 4501 spes
2797 4430 3035 4486 caelestis
3093 4431 3283 4502 patriae
3349 4430 3534 4486 dulcia

1938 4517 2089 4587 facit,
2127 4519 2269 4575 sicut
2308 4519 2444 4576 dicit
2474 4521 2762 4576 Psalmista
2800 4538 2810 4575 :
2861 4546 2878 4567 ι
2905 4522 3079 4588 Quam
3128 4521 3311 4576 dulcia
3344 4520 3531 4576 fauci-

1937 4607 2041 4663 bus
2082 4610 2219 4664 meis
2250 4611 2469 4683 eloquia
2503 4617 2617 4677 tua,
2648 4610 2903 4674 Domine,
2936 4626 3099 4681 super
3124 4611 3229 4665 mel
3260 4618 3314 4664 et
3344 4609 3529 4665 favum

229 4698 296 4755 lii
326 4699 383 4754 in
412 4680 674 4756 cordibus
719 4700 833 4755 suis
880 4708 1233 4772 congregant,
1281 4716 1515 4773 quorum
1559 4717 1684 4756 cum
1717 4680 1828 4755 ob-
1857 4680 1905 4738 D
1938 4697 2020 4752 ori
2052 4714 2173 4753 meo
2202 4680 2376 4765 (Psal:
2422 4716 2617 4766 cxvm,
2654 4699 2813 4767 103)!
2858 4723 2874 4743 -
2920 4680 3019 4753 Illi
3054 4714 3181 4769 ergo
3213 4698 3315 4753 soli
3345 4698 3530 4753 sciunt

229 4788 522 4845 scuritates
578 4796 631 4844 et
668 4788 983 4860 spirituales
1031 4789 1424 4860 intelligentias
1474 4797 1528 4844 et
1558 4789 1827 4845 utilitates

226 4876 577 4935 auditoribus
606 4876 720 4934 suis
750 4877 1025 4950 aperiunt,
1058 4878 1212 4951 quasi
1243 4894 1499 4934 numeros
1528 4896 1655 4933 suos
1683 4878 1824 4933 divi-

225 4967 371 5024 dunt
397 4977 451 5025 et
482 4970 816 5040 partiuntur.
857 4972 931 5027 Et
958 4970 1013 5025 in
1034 4971 1241 5025 calculo
1272 4987 1458 5025 nomen
1483 4987 1677 5024 novum
1698 4970 1826 5025 scri-

216 5064 396 5131 ptum,
425 5061 565 5131 quod
593 5078 741 5116 nemo
769 5062 883 5128 scit,
917 5062 1025 5115 nisi
1054 5061 1148 5131 qui
1175 5061 1383 5132 accipit.
1422 5059 1580 5127 Quod
1609 5067 1691 5116 est
1718 5060 1826 5117 hoc

226 5164 430 5204 nomen
462 5147 691 5216 Christi,
721 5148 866 5221 quod
898 5149 954 5203 in
986 5148 1199 5205 calculo
1225 5147 1512 5220 Evangelii
1556 5148 1821 5220 scriptum

225 5253 343 5292 esse
373 5236 578 5294 dicitur
607 5238 635 5293 ‘l’
678 5262 696 5285 ι
748 5238 808 5293 In
838 5237 1111 5310 principio
1136 5245 1252 5293 erat
1284 5237 1551 5305 Verbum,
1580 5245 1635 5292 et
1688 5237 1818 5292 Ver-

224 5326 360 5382 bum
390 5334 505 5382 erat
533 5326 674 5399 apud
709 5329 903 5396 Deum,
936 5336 989 5384 et
1033 5330 1177 5383 Deus
1205 5336 1321 5383 erat
1348 5327 1590 5385 Verbum
1633 5326 1816 5397 (Joan.

229 5433 269 5484 ι,
303 5416 441 5486 1);»
484 5423 539 5471 et
584 5415 819 5474 iterum:
890 5441 908 5464 ι
963 5419 1076 5490 Ego
1126 5424 1181 5473 et
1235 5418 1392 5473 Pater
1427 5432 1597 5470 unum
1630 5431 1821 5470 sumus

228 5504 411 5574 (Joan.
445 5520 500 5573 x,
532 5504 657 5577 30);
693 5532 711 5553 ιι
753 5513 809 5562 et
864 5506 1011 5563 idem
1069 5506 1403 5579 evangelista
1454 5505 1511 5561 in
1540 5505 1651 5560 alio
1698 5504 1819 5558 loco

223 5591 364 5649 dicit
394 5610 406 5648 :
436 5592 577 5661 Quia
620 5610 732 5651 non
767 5595 943 5653 solum
991 5595 1238 5653 solvebat
1284 5594 1603 5663 Sabbatum,
1644 5591 1739 5649 sed
1766 5600 1820 5647 et

1934 4802 2135 4841 nomen
2196 4788 2317 4855 Dei,
2380 4787 2476 4859 qui
2533 4786 2855 4842 custodiunt
2909 4785 3161 4840 mandata
3214 4786 3359 4841 Dei:
3433 4785 3527 4857 qui

1933 4892 2064 4931 vero
2107 4877 2367 4932 saeculum
2431 4875 2692 4947 diligunt,
2746 4873 2838 4945 qui
2904 4873 2960 4927 in
3013 4873 3342 4946 quibusdam
3374 4874 3529 4930 vitiis

1933 4964 2252 5038 semetipsos
2281 4963 2574 5035 dejiciunt,
2608 4962 2703 5035 qui
2736 4961 3009 5017 desideria
3042 4962 3224 5019 carnis
3270 4979 3382 5019 sua:
3413 4979 3527 5034 per-

1935 5053 2152 5121 ﬁciunt,
2187 5052 2445 5109 nesciunt
2476 5067 2677 5107 nomen
2699 5051 2796 5107 Dei
2823 5070 2835 5118 ;
2870 5050 2999 5124 quia
3025 5052 3281 5107 timorem
3314 5060 3528 5107 etamo-

1931 5159 2045 5198 rem
2077 5141 2246 5214 ejusa
2277 5149 2458 5197 mente
2486 5159 2585 5198 sua
2612 5142 2904 5214 abjiciunt.
2943 5141 3150 5199 Aliter:
3205 5144 3387 5199 Potest
3434 5158 3530 5215 per

1930 5232 2205 5288 calculum
2241 5247 2552 5305 nomenque
2584 5232 2638 5287 in
2671 5249 2735 5288 eo
2767 5232 3032 5304 scriptum
3064 5231 3344 5288 beatitudo
3370 5231 3526 5287 cccle-

1874 5344 1883 5349 α
1928 5323 2027 5377 stis
2049 5323 2236 5393 patriae
2260 5322 2555 5395 designari;
2588 5332 2648 5379 ut
2666 5340 2760 5395 per
2779 5324 3050 5379 calculum
3068 5322 3307 5380 caelestis
3329 5321 3525 5396 patria,

1928 5429 2024 5485 per
2054 5430 2252 5470 nomen
2302 5431 2433 5470 vero
2474 5416 2530 5471 in
2580 5432 2644 5471 eo
2686 5416 2952 5489 scriptum
2981 5413 3262 5472 beatitudo
3289 5416 3528 5472 coalestis

1929 5502 2118 5574 patriae
2140 5503 2423 5576 ﬁguretur.
2458 5506 2574 5562 Hoc
2618 5522 2746 5579 ergo
2778 5523 2976 5562 nomen
3014 5507 3200 5561 nullus
3244 5505 3369 5573 scit,
3418 5504 3526 5561 nisi

1928 5592 2023 5665 qui
2053 5592 2254 5664 accipit
2281 5593 2595 5663 calculum;
2627 5594 2756 5668 quia
2805 5602 3006 5669 quanta
3053 5594 3126 5651 sit
3155 5593 3251 5650 illa
3289 5594 3527 5651 cmlestis

299 5803 403 5876 (θ’)
452 5803 639 5864 Codex
696 5805 875 5879 Gem.,
905 5810 1091 5883 gloria:
1128 5812 1437 5887 temporalis
1492 5811 1619 5885 plus
1664 5825 1826 5882 quam
1853 5813 2057 5868 (sternte
2083 5826 2295 5885 capaces
2316 5820 2457 5873 sunt.
