3970 6374
455 457 562 516 863

1452 447 1547 503 ΑΙ)
1587 442 1820 501 ΟΡΕΠΑ
1857 439 1914 496 S.
1955 435 2289 495 AMBROSII
2326 432 2707 490 APPENDIX.

3683 423 3814 480 864

460 581 742 640 beatitudo
762 579 953 635 nullus
983 577 1124 634 scire
1157 575 1436 649 przevalet,
1485 570 1592 626 nisi
1643 567 1738 642 qui
1783 567 1851 622 ad
1903 565 2046 621 hanc
2071 565 2122 624 A
2152 561 2312 616 scient
2339 575 2512 614 omnes
2541 555 2790 614 Ecclesiae
2833 556 2961 626 quia
3014 569 3100 624 ego
3145 568 3258 606 sum
3343 530 3591 604 scrutans
3630 565 3817 604 renes

460 671 748 745 pervenire
806 667 1088 736 meruerit,
1145 665 1289 720 sicut
1351 661 1488 718 dicit
1546 659 1710 715 Isaias
1743 655 2048 729 propheta:

475 788 493 810 ι
533 762 742 818 Oculus
779 775 890 814 non
940 757 1108 825 vidit,
1139 757 1304 822 Deus,
1345 751 1546 824 absque
1584 757 1658 817 te,
1703 763 1822 820 quae
1853 760 2053 818 praepa-

462 851 600 908 rasti
627 847 1077 923 exspectantibus
1105 853 1158 900 te
1187 845 1319 915 (Isa.
1349 858 1504 907 muv,
1535 838 1614 909 4).
1636 862 1654 884 ι

537 942 718 1014 (Vers.
777 939 862 1007 18,
920 937 1032 1006 19.)
1095 937 1169 991 Et
1221 933 1402 1002 angelo
1479 927 1748 998 Thyatira:
1812 925 2058 1014 Ecclesia:

463 1002 628 1086 scribe
661 1046 672 1084 :
705 1031 827 1084 Ηίχιο
847 1002 980 1081 dicit
1013 1002 1200 1080 'Filius
1248 1020 1364 1088 Dei,
1419 1018 1511 1088 qui
1566 1017 1716 1071 habet
1771 1015 1946 1069 oculos
1999 1002 2059 1067 ut

463 1123 731 1190 ﬂammam
797 1114 954 1186 ignis,
1019 1119 1065 1166 et
1123 1111 1276 1184 pedes
1333 1108 1444 1177 ejus
1501 1106 1696 1160 similes
1732 1104 2054 1157 aurichalco.

466 1205 610 1274 Quid
666 1205 770 1260 ista
825 1201 1156 1275 signiﬁcent,
1209 1197 1461 1270 superius
1517 1193 1727 1252 dictum
1781 1199 1879 1247 est.
1943 1190 2058 1248 Scio

465 1313 627 1367 opera
684 1301 794 1362 tua,
843 1300 890 1348 et
931 1292 1260 1360 charitatem,
1313 1295 1360 1344 et
1404 1289 1579 1362 ﬁdem,
1611 1293 1658 1341 et
1685 1283 2056 1351 ministerium,

465 1399 513 1447 et
560 1389 874 1464 patientiam
927 1395 1092 1450 tuam,
1151 1393 1200 1440 et
1249 1402 1410 1456 opera
1469 1390 1558 1438 tua
1586 1381 1869 1436 novissima
1895 1379 2059 1450 plura

463 1482 758 1554 prioribus.
791 1479 893 1536 Hic
910 1495 1002 1550 per
1022 1477 1208 1533 omnia
1239 1475 1510 1540 laudatur,
1545 1471 1638 1528 sed
1663 1471 1804 1528 sicut
1833 1485 2060 1542 sequen-

468 1571 546 1628 tia
579 1571 954 1638 manifestant,
986 1569 1100 1624 sola
1127 1564 1521 1623 taciturnitatis
1565 1564 1726 1635 culpa
1753 1562 1812 1617 in
1859 1577 1922 1616 eo
1967 1577 2064 1616 re-

467 1659 733 1717 daraitur.

500 1677 566 1716 .ar
603 1677 733 1716 itur.

500 1805 510 1814 ,
542 1677 722 1820 (ξτθτε.
753 1747 868 1818 20.)
903 1747 1001 1803 Sed
1029 1745 1188 1801 habeo
1219 1745 1500 1800 adversum
1548 1749 1612 1808 te,
1647 1741 1775 1812 quia
1801 1739 2065 1812 permittis

469 1839 744 1895 mulierem
789 1837 1020 1905 Iezabel,
1071 1853 1187 1907 quae
1233 1853 1285 1889 se
1341 1835 1469 1890 dicit
1515 1833 1820 1905 prophete-n,
1887 1831 2068 1885 docere

2161 659 2209 707 et
2236 650 2416 706 corda.
2459 651 2561 704 Per
2589 663 2746 702 renes
2769 645 2863 718 qui
2895 643 3035 700 infra
3069 657 3268 713 corpus
3311 639 3710 706 continentur,
3745 641 3812 694 et

2161 757 2230 797 ex
2252 739 2452 812 quibus
2483 736 2654 792 libido
2694 733 2984 807 procedere
3025 732 3250 796 dicitur,
3277 737 3503 802 peccata
3530 727 3806 784 abscon'

2163 829 2318 886 dita:
2352 845 2447 901 per
2494 827 2660 883 corda
2703 833 2883 880 autem
2929 821 3287 894 cogitationes
3337 820 3576 876 occultae
3612 817 3804 874 desi—

2165 929 2419 993 gnantur.
2453 918 2523 972 Et
2552 925 2633 972 est
2661 931 2850 971 sensus
2883 931 2894 967 :
2949 915 3021 968 Et
3063 911 3242 978 scient,
3276 907 3536 964 videlicet
3590 907 3650 962 in
3689 907 3804 963 die

2160 1008 2380 1081 judicii,
2417 1005 2636 1079 quando
2683 1012 2738 1059 et
2797 1003 2914 1074 ipsa
2961 1001 3180 1068 mulier,
3233 1007 3288 1054 et
3333 1013 3524 1054 omnes
3556 997 3657 1069 qui
3693 995 3804 1051 de-

2166 1097 2305 1170 cepti
2339 1103 2467 1151 sunt
2497 1093 2563 1149 ab
2610 1109 2692 1158 ea,
2751 1089 3200 1155 damnabantur;
3259 1102 3449 1142 omnes
3481 1085 3798 1150 Ecclesiae,

2167 1187 2224 1243 td
2270 1193 2371 1254 est,
2405 1200 2596 1240 omnes
2651 1179 2968 1240 Christiano
3028 1177 3253 1234 nomine
3298 1183 3614 1243 censentur,
3664 1189 3804 1228 non

2089 1276 2093 1280 ’
2168 1277 2344 1334 solum
2373 1275 2554 1343 electi,
2586 1273 2682 1329 sed
2712 1273 2878 1327 etiam
2921 1273 3066 1333 508
3095 1265 3335 1340 reprobi,
3366 1265 3494 1337 quia
3535 1282 3625 1336 ego
3658 1279 3804 1318 sum

2168 1380 2409 1430 scrutans
2437 1390 2584 1428 renes
2614 1378 2660 1426 et
2688 1370 2875 1436 corda,
2907 1367 2965 1423 id
3016 1374 3115 1433 est,
3170 1380 3285 1420 non
3315 1363 3495 1419 solum
3543 1367 3803 1433 peccata

2169 1481 2288 1538 quae
2345 1469 2553 1536 patent,
2614 1459 2948 1516 verumtiam
3001 1465 3056 1512 et
3110 1472 3230 1529 quae
3283 1455 3498 1510 latent:
3559 1451 3658 1508 sed
3740 1457 3807 1505 et

2173 1554 2318 1626 ipsas
2346 1551 2706 1624 cogitationes
2737 1549 2978 1613 intueor,
3007 1553 3062 1602 et
3103 1545 3160 1600 in
3203 1543 3300 1600 illa
3338 1542 3431 1598 die
3459 1540 3603 1597 dabo
3633 1539 3805 1596 uni-

2171 1645 2369 1718 cuique
2400 1651 2642 1699 vestrum
2676 1639 2978 1698 secundum
3005 1651 3169 1709 opera
3198 1642 3397 1691 vestra.

2247 1744 2428 1815 (Vers.
2484 1741 2598 1814 24.)
2667 1739 2817 1799 Vobis
2866 1743 3042 1794 autem
3088 1735 3202 1790 dico
3251 1733 3470 1801 caeteris,
3503 1732 3597 1802 qui
3653 1730 3796 1804 (10)

2181 1833 2448 1904 Thyatira:
2514 1831 2654 1898 estis,
2717 1828 3010 1900 quicunque
3063 1841 3170 1878 non
3221 1823 3411 1878 habent
3470 1820 3800 1876 doctrinam

468 1935 516 1984 et
566 1929 803 1983 seducere
870 1943 1048 1982 sertos
1097 1942 1254 1992 meos,
1323 1924 1589 1994 fornicari
1647 1929 1695 1977 et
1747 1921 2066 1976 manducare
2094 1917 2139 1976 B
2171 1923 2324 1989 hanc,
2353 1921 2446 1991 qui
2475 1937 2582 1974 non
2597 1921 2944 1990 cognoverunt
2971 1911 3310 1970 altitudinem
3339 1912 3569 1978 Satame,
3598 1925 3797 1978 quem-

469 2019 532 2074 de
592 2015 914 2087 idolothytis.
994 2015 1120 2072 Haec
1203 2013 1426 2078 mulier,
1493 2029 1614 2086 quae
1675 2008 1884 2067 Iezabel
1951 2009 2058 2064 im-

470 2105 730 2180 piissimae
801 2115 1171 2177 comparatur,
1212 2102 1336 2158 ideo
1382 2119 1438 2157 se
1477 2101 1780 2173 propheten
1824 2097 2059 2153 menda-

470 2195 610 2253 citer
657 2195 966 2262 aﬂimabat,
1002 2201 1063 2249 ut
1105 2192 1323 2248 facilius
1355 2189 1458 2245 sub
1509 2187 1790 2260 religionis
1838 2185 2060 2240 nomine

469 2285 660 2341 falsam
727 2283 1032 2340 doctrinam
1083 2281 1141 2336 in
1195 2279 1458 2350 populum
1508 2275 1606 2331 Dei
1641 2273 2056 2330 introduceret:

469 2382 523 2432 et
569 2375 712 2431 sicut
777 2372 988 2429 Iezabel
1043 2367 1268 2440 cogebat
1332 2365 1593 2438 populum
1641 2364 1737 2420 Dei
1787 2363 2060 2420 culturam

470 2463 567 2521 Dei
598 2463 864 2530 deserere,
897 2468 950 2516 et
972 2457 1119 2516 idola
1159 2455 1406 2511 venerari
1441 2471 1452 2508 :
1491 2453 1566 2509 ita
1619 2461 1674 2509 et.
1724 2451 1841 2509 haec
1881 2468 2063 2524 popu—

473 2559 586 2613 lum
615 2554 715 2611 Dei
753 2571 785 2608 a
813 2553 1029 2608 cultura
1077 2547 1200 2615 Dei,
1253 2546 1309 2603 id
1352 2555 1432 2603 est
1477 2563 1510 2602 a
1535 2545 1644 2602 ﬁde
1675 2553 1844 2611 recta,
1887 2558 2062 2600 cona-

470 2645 638 2702 batur
669 2659 764 2716 per
796 2657 1016 2714 pravam
1048 2638 1358 2694 doctrinam
1415 2651 1682 2708 separare.
1739 2634 2063 2690 Fornicatur

470 2735 620 2792 enim
699 2731 884 2788 anima
948 2746 1291 2804 quacunque
1353 2744 1381 2782 a
1443 2730 1558 2784 Deo
1635 2734 1876 2782 creatore
1963 2740 2062 2780 suo

471 2820 698 2878 recedit.
730 2817 1108 2890 Idolothytum
1141 2823 1302 2872 vocat
1347 2815 1483 2871 illud
1525 2813 1670 2887 quod
1727 2811 1892 2870 idolis
1945 2818 2063 2866 erat

473 2915 871 2968 consecratum.
896 2907 1138 2962 Docebat
1167 2906 1313 2960 enim
1333 2904 1449 2960 haec
1471 2904 1670 2959 mulier
1696 2903 1838 2958 nihil
1869 2917 2064 2958 nocere

473 2995 750 3062 ﬁdelibus,
781 2995 826 3050 si
869 2993 1219 3050 comederent
1273 3008 1464 3048 carnes
1504 3008 1624 3064 quae
1664 2989 1828 3047 idolis
1857 2990 2065 3044 immo-

471 3085 745 3144 labantur.
2013 3083 2018 3087 '

546 3174 727 3246 (Vers.
761 3173 877 3245 21.)
935 3174 1009 3228 Et
1036 3171 1155 3226 dedi
1202 3171 1287 3227 illi
1335 3177 1552 3242 tempus,
1601 3177 1659 3226 ut
1706 3169 2064 3242 penitentiam

2169 2010 2454 2066 admodum
2483 2008 2567 2063 illi
2622 2007 2822 2074 dicunt,
2871 2021 2976 2059 non
3027 2004 3237 2058 mittam
3297 2017 3454 2071 super
3501 2015 3593 2052 vos
3621 1996 3798 2052 aliud

2163 2099 2392 2169 pondus.
2428 2097 2544 2152 Hoc
2572 2095 2720 2168 quod
2775 2093 2936 2162 dicit,
2991 2091 3213 2148 videtur
3264 2087 3403 2144 mihi
3436 2103 3547 2143 non
3578 2085 3648 2141 ad
3679 2084 3790 2140 do-

2168 2186 2402 2242 ctrinam
2460 2185 2712 2241 mulieris
2755 2191 2991 2248 tantum,
3055 2179 3149 2236 sed
3180 2179 3248 2236 ad
3300 2177 3468 2234 falsos
3498 2173 3798 2248 apostolos

2169 2274 2458 2346 pertinere,
2492 2273 2587 2346 qui
2640 2270 2908 2327 docebant
2938 2285 3050 2334 eos,
3099 2268 3192 2340 qui
3231 2283 3300 2322 ex
3355 2264 3608 2338 gentibus
3647 2278 3781 2320 cre-

2168 2365 2439 2430 diderant,
2471 2370 2531 2417 ut
2575 2362 2635 2416 in
2677 2362 2850 2432 legem
2879 2367 2932 2414 et
2965 2357 3444 2415 circumcisionem
3477 2361 3768 2410 verteren-

2169 2464 2278 2511 tur.
2309 2456 2379 2510 El
2415 2452 2545 2526 quia
2586 2450 2762 2508 Judaei
2819 2449 2885 2506 de
2934 2448 3068 2522 legis
3102 2447 3453 2503 observantia
3481 2445 3794 2517 superbie-

2167 2533 2408 2612 bantjet
2437 2551 2559 2615 post
2596 2538 2960 2610 Evangelium
2992 2537 3180 2592 datum
3228 2533 3478 2591 custodia
3507 2533 3645 2604 legis
3677 2549 3794 2589 se—

2168 2633 2410 2692 cundum
2441 2631 2676 2688 litteram
2711 2628 2854 2684 nihil
2883 2634 2964 2683 est
2994 2625 3145 2682 aliud
3176 2640 3337 2698 quam
3377 2623 3619 2678 servitus
3657 2621 3797 2677 dia-

2168 2723 2281 2780 boli
2308 2742 2321 2791 ;
2353 2730 2641 2796 possumus
2687 2734 2781 2792 per
2811 2715 3160 2775 altitudinem
3203 2714 3438 2780 Satanae,
3488 2712 3668 2783 ipsam
3705 2711 3793 2766 le-

2173 2831 2314 2890 gem,
2372 2812 2417 2868 si
2484 2808 2775 2866 carnaliter
2847 2805 3131 2877 impletur,
3205 2800 3535 2872 intelligere.
3611 2798 3792 2866 Quod

2171 2887 2340 2978 igitur
2359 2899 2516 2967 dicit,
2553 2899 2662 2954 tale
2691 2903 2772 2952 est
2803 2913 2815 2951 ε
2873 2894 3026 2953 Vobis
3047 2892 3162 2946 dico
3201 2889 3423 2978 caeteris,
3453 2887 3546 2958 qui
3599 2887 3792 2956 Thya-

2175 2976 2289 3048 tirw
2313 2990 2468 3046 estis:
2500 2987 2758 3044 videlicet
2797 2983 2892 3056 qui
2931 2983 2988 3038 in
3018 2981 3125 3036 ﬁde
3154 2976 3475 3052 perstitistis
3507 2994 3518 3032 :
3553 2976 3788 3046 quicun-

2171 3099 2270 3152 que
2311 3097 2416 3134 non
2470 3077 2664 3132 habent
2703 3073 3005 3129 doctrinam
3053 3071 3206 3138 hanc,
3247 3067 3302 3123 id
3357 3073 3457 3150 est,
3517 3064 3611 3137 qui
3661 3081 3788 3120 non

2172 3174 2495 3240 receperunt
2523 3163 2831 3222 doctrinam
2863 3159 3016 3216 illius
3069 3157 3319 3232 pessimae
3352 3145 3636 3210 mulieris:
3684 3154 3790 3223 qui

469 3272 663 3338 ageret,
695 3273 742 3320 et
765 3282 870 3320 non
911 3267 1025 3320 vult
1071 3265 1318 3336 paen—itere
1365 3281 1400 3318 α
1455 3262 1898 3334 fornicationibus
1927 3261 2057 3316 suis.
2099 3275 2143 3336 ρ
2171 3275 2276 3314 non
2304 3259 2652 3328 cognoverunt
2681 3250 3017 3307 altitudinem
3072 3249 3306 3312 Satanae,
3339 3243 3790 3316 quemadmodum

451 3356 624 3412 .Sicut
651 3363 704 3411 et
732 3355 922 3412 beatus
954 3354 1054 3410 Job
1075 3353 1142 3410 de
1173 3354 1348 3426 impio
1368 3353 1505 3410 dicit
1529 3371 1540 3408 :
1589 3378 1606 3400 α
1627 3352 1791 3408 Dedit
1815 3352 1896 3408 illi
1918 3353 2064 3408 Deus

471 3447 654 3503 locum
684 3445 1044 3518 paenitentiae,
1090 3453 1142 3501 et
1191 3445 1283 3500 ille
1327 3444 1530 3500 abusus
1574 3459 1638 3500 eo
1667 3450 1748 3499 est
1778 3442 1834 3498 in
1867 3458 2068 3514 super-

469 3535 618 3592 biam
661 3535 779 3606 (Job
813 3551 975 3602 xxxv,
1009 3533 1125 3605 23).
1158 3558 1176 3580 ι

547 3637 730 3708 (Vers.
805 3634 894 3702 22,
970 3632 1086 3705 23.)
1163 3635 1294 3688 Ecce
1364 3633 1512 3688 mitto
1573 3647 1688 3686 eam
1753 3629 1812 3684 in
1863 3631 2064 3698 lectum,

473 3731 522 3780 et
564 3723 658 3794 qui
715 3724 1040 3778 mwchantur
1107 3738 1224 3776 cum
1285 3739 1366 3790 ea,
1423 3721 1482 3775 in
1540 3717 1883 3775 tribulatione
1943 3735 2070 3772 ma—

475 3818 648 3883 xima,
726 3817 832 3872 nisi
898 3816 1259 3890 paenitentiam
1341 3817 1558 3888 egerint,
1644 3822 1695 3870 et
1753 3815 1892 3886 ﬁlios
1957 3812 2069 3883 ejus

476 3905 789 3978 interﬁciam
848 3912 1032 3961 morte.
1109 3905 1250 3960 Ecce
1316 3903 1556 3974 mulieri,
1623 3911 1677 3960 et
1739 3902 1871 3958 ﬁliis
1952 3900 2070 3973 ejus

477 3995 814 4068 poenitentiae
883 3996 1038 4051 locus
1109 3995 1296 4050 nullus
1360 3993 1726 4066 promittitur,
1793 4007 1858 4047 eo
1923 3987 2070 4063 quod

479 4083 821 4156 pcenitentiae
864 4091 1079 4156 tempus
1124 4101 1156 4140 a
1209 4086 1321 4140 Deo
1367 4082 1473 4140 sibi
1519 4081 1795 4138 indultum
1843 4095 2073 4151 spreve-

480 4173 594 4230 rint
663 4191 675 4228 :
743 4173 813 4228 iis
895 4181 1075 4228 autem
1150 4171 1245 4244 qui
1311 4170 1728 4227 moechabantur
1789 4186 1917 4227 cum
1987 4185 2069 4236 ea,

480 4261 663 4319 adhuc
725 4262 880 4318 locus
935 4261 1275 4335 poenitentiae
1331 4259 1756 4332 repromittitur.
1799 4259 2075 4316 Videntur

481 4367 609 4424 ergo
680 4353 819 4408 mihi
877 4351 918 4408 ii
980 4350 1075 4424 qui
1149 4348 1562 4405 moechabantur
1638 4365 1765 4404 cum
1835 4365 1917 4417 ea,
1982 4364 2074 4404 eos

481 4441 787 4516 designare,
840 4441 956 4514 qui,
1019 4439 1203 4512 pravis
1254 4436 1372 4510 ejus
1442 4438 1834 4494 assertionibus
1890 4439 2072 4493 faven-

482 4544 584 4604 tes,
634 4551 736 4591 nec
799 4534 932 4590 dum
991 4540 1173 4588 autem
1234 4547 1303 4586 ex
1349 4539 1466 4588 toto
1533 4531 1590 4586 in
1650 4531 1863 4586 foveam
1919 4527 2075 4584 mali-

481 4626 572 4681 tiae
648 4624 766 4697 ejus
830 4623 1065 4680 demersi
1130 4623 1346 4678 fuerant
1397 4639 1409 4676 :
1505 4637 1600 4693 per
1667 4620 1811 4676 ﬁlios
1888 4628 2068 4676 autem

483 4713 601 4786 ejus
663 4731 756 4770 eos
819 4712 1114 4786 designari,
1181 4711 1276 4785 qui
1356 4709 1470 4784 jam
1558 4725 1625 4765 ex
1687 4717 1802 4766 toto
1885 4710 1952 4766 ab
2017 4726 2081 4767 ea

484 4803 697 4876 decepti
757 4804 1220 4860 medicamentum
1281 4800 1642 4858 correctionis
1699 4799 1854 4855 nullo
1913 4799 2078 4856 modo

485 4897 728 4966 recipere
786 4895 1065 4952 volebant.
1114 4894 1216 4948 Per
1257 4892 1459 4948 lectum
1509 4899 1688 4947 autem
1721 4890 1780 4946 in
1828 4906 1936 4963 quo
1965 4908 2080 4947 mu-

485 4985 589 5042 lier
619 4985 888 5041 mittenda
912 4991 1048 5051 erat,
1081 4984 1333 5040 infernus
1379 4983 1722 5055 designatur,
1758 4981 1813 5036 in
1849 4997 1959 5054 quo
1985 4999 2081 5038 se-

487 5074 676 5147 pultus
757 5081 838 5128 est
915 5083 970 5130 et
1045 5073 1218 5139 dives,
1281 5072 1348 5128 de
1435 5088 1543 5145 quo
1611 5069 1748 5128 dicit
1811 5070 2084 5128 Dominus

486 5163 546 5220 in
607 5163 908 5235 Evangelio
967 5179 980 5217 :
1056 5187 1073 5210 ι
1129 5162 1378 5217 Mortuus
1425 5170 1506 5217 est
1559 5169 1742 5216 autem
1797 5166 1851 5214 et
1907 5159 2083 5227 dives,

486 5261 542 5308 et
595 5253 846 5324 sepultus
907 5259 988 5306 est
1045 5249 1102 5304 in
1167 5249 1383 5304 inferno
1451 5249 1601 5320 (Luc.
1685 5265 1803 5316 xvr,
1867 5247 1982 5319 22).
2050 5271 2068 5294 ι

492 5341 592 5397 Per
623 5339 1032 5397 tribulationem
1065 5354 1195 5393 vero
1234 5336 1552 5404 maximam,
1587 5337 1642 5392 in
1683 5353 1790 5409 qua
1845 5335 2084 5408 ponendi

489 5439 646 5486 erant
675 5430 768 5504 qui
801 5429 1216 5485 mmchabantur
1257 5443 1380 5483 cum
1429 5442 1510 5496 ea,
1553 5425 1658 5482 nisi
1703 5423 2084 5498 paenitentiam

491 5527 750 5588 agerent;
810 5525 863 5574 et
915 5533 1012 5591 per
1057 5525 1289 5572 mortem
1335 5517 1392 5572 in
1438 5530 1545 5588 qua
1580 5513 1686 5569 ﬁlii
1713 5512 1830 5585 ejus
1859 5512 2084 5569 interﬁ—

489 5609 672 5668 ciendi
701 5621 877 5682 erant,
909 5613 1097 5669 eadem
1154 5609 1359 5668 inferni
1411 5625 1571 5682 poena
1623 5606 1960 5682 designatur.
2010 5605 2086 5662 Et

2173 3348 2260 3402 illi
2287 3347 2486 3412 dicunt,
2509 3342 2566 3398 id
2600 3349 2702 3409 est,
2733 3339 2826 3412 qui
2857 3341 3026 3410 legem
3049 3351 3160 3391 non
3193 3339 3573 3405 susceperunt,
3590 3346 3789 3402 quem-

2175 3435 2472 3492 admodum
2504 3431 2627 3488 falsi
2661 3428 2897 3502 apostoli
2943 3426 3160 3490 dicunt,
3209 3431 3273 3478 ut
3336 3437 3450 3478 eam
3485 3419 3788 3476 carnaliter

2177 3525 2442 3597 impleant
2483 3542 2493 3579 :
2530 3527 2853 3592 receperunt
2907 3515 3130 3592 quidem
3161 3529 3304 3580 eam,
3331 3519 3394 3566 ut
3417 3508 3788 3582 spiritualiter

2177 3617 2442 3688 impleant
2466 3632 2479 3682 ;
2518 3628 2629 3668 non
2659 3614 2980 3682 receperunt
3008 3613 3192 3662 autem
3221 3619 3362 3670 eam,
3395 3609 3458 3658 ut
3484 3600 3788 3658 carnaliter

2177 3704 2511 3764 custodiant.
2567 3699 2736 3759 Verbi
2772 3697 2987 3772 gratia:
3043 3694 3126 3752 illi
3174 3692 3454 3761 dicebant,
3501 3689 3632 3764 quia
3669 3690 3785 3746 nisi

2177 3792 2590 3853 circumcidatis
2635 3805 2854 3848 carnem
2886 3783 3144 3860 praeputii
3174 3781 3510 3849 vestri,'non
3551 3777 3787 3852 potestis

2179 3885 2316 3942 salvi
2358 3882 2477 3939 ﬁeri
2512 3881 2652 3954 (Act.
2688 3895 2782 3946 xv,
2818 3877 2871 3948 1)
2909 3894 2922 3931 ;
2962 3874 3054 3929 isti
3085 3880 3268 3928 autem
3299 3867 3784 3927 circumcisionem

2180 3990 2291 4029 non
2323 3969 2635 4036 carnaliter,
2682 3966 2776 4022 sed
2831 3963 3194 4036 spiritualiter
3242 3957 3630 4030 intelligentes,
3661 3955 3784 4012 cir-

2179 4060 2572 4121 cumcidebant
2599 4075 2630 4113 a
2657 4055 2916 4114 cordibus
2943 4060 2997 4108 et
3024 4069 3056 4107 a
3108 4066 3271 4108 carne
3299 4065 3398 4106 sua
3443 4047 3632 4104 omnia
3679 4047 3777 4101 vi—

2182 4155 2280 4210 tia.
2310 4151 2398 4208 Illi
2429 4149 2707 4213 dicebant,
2739 4153 2802 4202 ut
2856 4148 3141 4199 servarent
3187 4139 3509 4207 Sabbatum,
3547 4136 3690 4192 nihil
3722 4135 3780 4192 in

2183 4261 2247 4300 eo
2279 4242 2539 4298 facientes
2565 4235 2780 4308 operis:
2838 4233 2929 4290 isti
2987 4247 3120 4288 vero
3171 4245 3335 4286 omne
3380 4237 3596 4300 tempus
3651 4227 3782 4282 vitae

2185 4349 2298 4387 suae
2320 4347 2416 4403 pro
2437 4327 2672 4384 Sabhato
2696 4323 3047 4396 accipientes,
3069 4319 3137 4376 ab
3152 4319 3305 4376 omni
3327 4333 3489 4390 opere
3509 4314 3781 4382 servili,id

2185 4430 2288 4490 est,
2319 4437 2350 4476 a
2375 4419 2632 4494 peccatis,
2666 4415 2722 4472 in
2753 4421 3018 4488 quantum
3061 4417 3338 4486 poterant,
3389 4406 3664 4464 abstinere
3691 4423 3783 4462 cu-

2186 4511 2400 4566 rabant.
2431 4510 2551 4564 Non
2578 4507 2786 4561 mittam
2814 4520 2972 4574 super
2999 4519 3087 4556 vos
3117 4499 3270 4555 aliud
3289 4499 3522 4570 pondus,
3569 4494 3624 4550 id
3678 4502 3779 4562 est,

2101 4632 2152 4692 Ι)
2183 4599 2278 4674 qui
2304 4599 2360 4654 in
2391 4597 2498 4654 ﬁde
2538 4594 2876 4668 perstitistis,
2926 4591 3022 4665 qui
3068 4591 3236 4646 falsos
3261 4587 3536 4659 apostolos
3562 4600 3674 4640 non
3702 4601 3780 4641 re-

2188 4673 2429 4762 cepistis.
2461 4687 2582 4743 Non
2616 4685 2830 4740 mittam
2859 4699 3022 4754 super
3053 4697 3153 4735 vos
3199 4677 3352 4734 aliud
3400 4674 3634 4748 pondus,
3674 4673 3780 4734 nisi

2189 4761 2338 4852 quod
2376 4777 2443 4832 ab
2465 4774 2726 4849 apostolis
2765 4778 3093 4845 praeceptum
3125 4775 3209 4824 est
3235 4765 3396 4822 vobis
3429 4783 3444 4832 ;
3499 4771 3562 4819 ut
3613 4761 3780 4818 absti-

2192 4869 2368 4926 neatis
2423 4885 2523 4922 vos
2573 4865 2640 4921 ab
2691 4863 2830 4920 escis
2884 4877 3005 4934 quae
3033 4857 3199 4916 idolis
3228 4855 3608 4920 immolantur,
3643 4861 3697 4908 et
3751 4869 3782 4908 a

2191 4962 2479 5028 sutfocato,
2510 4965 2563 5012 et
2589 4953 2874 5026 sanguine,
2903 4957 2958 5006 et
2984 4947 3348 5004 fornicatione
3379 4943 3540 5016 (Ibid.
3569 4941 3683 5012 29).

2267 5060 2448 5131 (Vere.
2491 5055 2608 5126 25.)
2667 5055 3033 5113 Verumtamen
3086 5046 3141 5102 id
3175 5044 3315 5116 quod
3357 5043 3578 5131 habetis,
3607 5048 3778 5131 tenete,

2194 5129 2353 5204 donec
2381 5145 2606 5201 veniam.
2643 5144 2724 5199 Ac
2751 5139 2796 5198 si
2825 5139 3033 5196 diceret
3065 5153 3076 5192 :
3127 5133 3270 5202 Quia
3306 5129 3524 5204 parvuli
3554 5129 3702 5200 estis,
3730 5141 3783 5188 et

2194 5239 2276 5294 lac
2304 5237 2464 5293 vobis
2493 5251 2630 5307 opus
2684 5240 2766 5288 est
2808 5247 2920 5286 non
2951 5225 3160 5286 solidus
3201 5223 3379 5291 cibus,
3419 5221 3584 5278 ﬁdem
3623 5237 3780 5294 quam

2193 5327 2488 5395 didicistis,
2522 5332 2720 5392 tenete,
2753 5321 2929 5378 donec
2961 5319 3177 5374 veniam
3207 5335 3222 5382 ;
3271 5323 3332 5372 ut
3381 5331 3478 5388 per
3506 5313 3782 5388 aspiratio-

2194 5419 2280 5474 nis
2313 5435 2444 5474 meae
2475 5415 2703 5488 gratiam
2743 5413 2812 5470 ad
2841 5411 3037 5467 altiora
3075 5423 3238 5482 opera
3283 5405 3556 5462 virtutum
3585 5405 3785 5478 agenda

2191 5527 2290 5565 VOS
2319 5523 2612 5580 provocem
2623 5549 2634 5562 .

2265 5601 2446 5673 (Vers.
2497 5598 2586 5667 26,
2635 5595 2724 5665 27,
2757 5593 2874 5665 28.)
2908 5593 2980 5650 Et
3011 5589 3106 5663 qui
3150 5587 3356 5658 vicerit,
3401 5593 3450 5644 et
3489 5586 3787 5644 custodierit

579 5795 695 5892 (10)
723 5794 898 5864 Edit.,
928 5797 1063 5865 dico,
1092 5797 1388 5869 caelatisque
1404 5795 1497 5869 qui.
1537 5793 1802 5868 Thyatira;
1829 5810 1840 5848 :
1875 5807 2030 5862 mss,
2061 5789 2174 5848 dico
2203 5786 2400 5846 steteris
2421 5804 2442 5854 ;
2470 5783 2582 5858 qui,
2606 5789 2712 5840 etc.
