3970 6380
240 362 358 423 865

1174 363 1629 425 BERENGAUDI
1667 338 2040 420 exposrrio
2080 361 2150 418 IN
2187 362 2689 420 APOCALYPSIN.

245 506 411 561 usque
463 488 516 543 in
554 489 709 561 ﬁnem
764 506 922 561 opera
952 507 1086 559 mea,
1117 491 1253 546 dabo
1277 491 1324 546 ei
1346 495 1650 561 potestatem
1687 506 1847 560 super
1872 494 1922 553 Α
1956 488 2307 544 tabernaculo
2355 488 2566 556 ﬂoruit,
2589 504 2862 561 nucesque
2893 489 3155 560 produxit
3195 489 3379 560 (Nam.
3412 504 3558 556 xvn,

244 585 435 649 gentes,
496 584 543 633 et
586 584 720 649 reget
751 596 839 635 eas
869 582 921 635 in
952 581 1104 652 virga
1147 580 1342 650 ferrea,
1384 587 1433 635 et
1476 588 1727 651 tanquam
1755 597 1848 635 vas

246 668 401 738 ﬁguli
436 667 856 739 confringentur,
900 670 1034 724 sicut
1071 677 1119 724 et
1144 687 1231 740 ego
1256 670 1427 741 accepi
1454 689 1489 724 α
1518 670 1679 725 Patre
1708 687 1841 725 nico.

248 760 352 814 Per
394 758 559 813 ﬁnem
604 759 661 813 in
709 758 812 814 hoc
858 758 976 814 loco
1006 775 1152 813 mors
1183 758 1512 830 intelligitur
1544 778 1554 814 :
1591 759 1682 831 qui
1717 775 1848 830 ergo

247 847 448 903 vicerit
495 846 762 901 mundum
821 854 873 902 et
906 848 1377 919 concupiscentias
1420 848 1557 919 ejus,
1587 857 1640 902 et
1670 863 1846 919 perse-

246 936 463 991 veravit
491 950 662 1007 usque
705 935 759 989 in
800 936 963 990 ﬁnem
1004 954 1016 1002 ;
1071 936 1292 991 dabitur
1331 936 1381 991 ei
1413 945 1651 1008 potestas
1683 952 1847 1007 super

246 1033 455 1097 gentes,
488 1032 541 1079 et
599 1032 745 1093 reget
795 1040 883 1079 eas
926 1025 983 1078 in
1031 1025 1185 1096 virga
1226 1025 1419 1080 ferrea.
1452 1025 1560 1080 Sed
1588 1032 1642 1080 et
1674 1024 1719 1079 si
1750 1040 1848 1095 per

245 1116 417 1169 ﬁnem
467 1129 613 1167 mors
667 1113 1015 1185 intelligitur,
1048 1113 1324 1185 quomodo
1354 1114 1515 1170 electi
1548 1123 1669 1185 post
1701 1130 1844 1167 mor-

246 1211 360 1260 tem
412 1213 594 1277 gentes
646 1204 910 1260 dicuntur
960 1222 1180 1277 regere;
1236 1222 1361 1261 cum
1417 1208 1475 1261 in
1531 1207 1628 1261 illa
1690 1206 1848 1261 beata

243 1295 364 1351 vita
394 1296 578 1350 nullus
608 1295 697 1362 sit,
752 1294 847 1366 qui
906 1303 1123 1366 regatur
1176 1294 1234 1350 in
1293 1296 1445 1367 virga
1499 1296 1716 1361 ferrea;
1750 1296 1843 1351 ubi

244 1382 389 1437 nihil
428 1382 745 1451 distortum,
783 1382 1033 1456 nihilque
1082 1399 1311 1454 pravum
1370 1384 1700 1440 invenitur?
1730 1384 1848 1439 Nisi

245 1472 388 1527 forte
439 1488 503 1527 eo
552 1488 714 1527 sensu
760 1470 1154 1545 intelligamus,
1204 1490 1311 1546 quo
1344 1474 1519 1530 illud:
1554 1474 1659 1540 Qui
1693 1474 1844 1541 fecit,

243 1577 366 1631 quae
397 1562 581 1617 futura
609 1571 757 1619 sunt.
809 1565 1008 1621 Omnia
1051 1566 1197 1621 enim
1229 1583 1348 1638 quae
1379 1567 1680 1622 secundum
1721 1565 1848 1620 dis-

245 1652 582 1723 positionem
611 1656 707 1709 Dei
738 1654 922 1711 ﬁenda
950 1663 1099 1723 sunt,
1133 1655 1189 1710 in
1222 1655 1701 1726 praedestinatione
1729 1652 1848 1724 ejus

235 1738 353 1810 jam
392 1742 548 1814 quasi
604 1743 747 1798 facta
785 1743 1097 1809 exsistunt;
1130 1743 1258 1816 quia
1289 1760 1398 1798 non
1431 1752 1606 1815 potest
1636 1743 1755 1798 ﬁeri
1785 1750 1847 1797 ut

1956 578 2014 649 8)
2045 597 2058 645 ;
2100 578 2230 650 quia
2262 579 2319 633 in
2356 578 2709 634 tabernaculo
2745 578 3003 634 Ecclesiae
3035 585 3218 650 postea
3260 578 3433 635 Vetus
3460 578 3557 632 Te-

1958 676 2293 724 stamentum
2326 669 2485 724 ﬂores
2505 668 2837 740 spiritalium
2860 685 3115 725 sensuum
3150 669 3399 739 protulit,
3430 668 3559 739 ipsi-

1957 774 2061 830 que
2094 760 2253 814 llores
2283 759 2495 815 fructus
2530 759 2801 815 bonorum
2830 776 3057 830 operum
3104 759 3417 814 ediderunt.
3440 760 3553 814 Hoc

1957 852 2135 900 totum
2187 846 2310 901 ideo
2355 847 2617 913 diximus,
2680 855 2739 902 ut
2792 846 3293 902 demonstraremus
3348 862 3444 916 per
3492 846 3557 901 li-

1958 951 2150 1005 gneam
2176 935 2385 1006 virgam
2415 935 2753 1006 designatam
2788 936 2956 992 fuisse
2986 937 3183 1006 legem.

2026 1027 2097 1082 Et
2125 1027 2254 1099 quia
2273 1028 2574 1083 ansteriora
2604 1036 2732 1083 sunt
2754 1036 3019 1100 praecepta
3046 1028 3182 1083 Novi
3210 1026 3546 1083 Testamenti

1957 1131 2123 1187 quam
2170 1116 2402 1183 Veteris,
2446 1133 2555 1171 non
2612 1117 2913 1189 incongrue
2946 1134 3041 1188 per
3080 1116 3289 1187 virgam
3321 1116 3551 1171 ferream

1956 1205 2343 1275 Evangelium,
2412 1222 2507 1276 per
2576 1206 2811 1276 ligneam
2873 1214 3054 1261 autem
3115 1206 3203 1260 lex
3268 1206 3554 1276 ﬁguratur.

1956 1294 2018 1348 In
2074 1294 2169 1348 illa
2223 1294 2469 1350 dicitur:
2540 1320 2557 1341 ε
2612 1294 2942 1362 Comedetis,
3012 1304 3065 1351 et
3122 1294 3551 1361 saturabimini;

1955 1382 2178 1450 bibetis,
2233 1393 2286 1439 et
2344 1383 2789 1451 inebriabimini;
2832 1384 3140 1449 dormietis,
3181 1393 3234 1439 et
3289 1400 3400 1438 non
3450 1383 3556 1439 erit

1957 1470 2051 1543 qui
2084 1479 2356 1527 exterreat
2393 1473 2537 1543 (Leu.
2571 1489 2724 1539 χχιι,
2766 1473 2820 1540 5,
2860 1474 2917 1544 6)
2948 1490 2960 1539 ;
3003 1480 3057 1527 et
3103 1472 3342 1528 iterum:
3392 1497 3409 1519 ι
3442 1472 3558 1529 Co-

1957 1559 2189 1615 medetis
2246 1562 2617 1617 vetustissima
2684 1571 2950 1628 veterum,
3032 1571 3085 1618 et
3156 1571 3340 1618 vetera
3396 1562 3558 1617 novis

1956 1650 2474 1719 supervenientibus
2504 1651 2804 1722 projicietis
2840 1653 3001 1723 (Ibid.
3038 1653 3125 1724 10)
3162 1670 3176 1719 ;
3233 1677 3251 1699 ι
3299 1662 3352 1707 et
3383 1652 3558 1707 multa

1955 1739 2063 1794 alia
2105 1756 2225 1812 qua;
2270 1741 2338 1796 ad
2385 1741 2775 1797 delectationes
2823 1742 3070 1796 carnales
3108 1740 3409 1812 pertinent.
3456 1740 3557 1797 Hic

240 1828 576 1887 immutetur
606 1831 813 1904 aliquid
845 1848 914 1887 ex
952 1832 1211 1887 omnibus
1239 1848 1358 1904 quae
1389 1833 1580 1887 statuit
1610 1834 1753 1887 Deus
1787 1840 1847 1886 ut
1876 1852 1921 1911 B
1956 1838 2138 1884 autem
2168 1829 2373 1885 dicitur
2404 1847 2417 1895 ;
2466 1854 2485 1877 ι
2517 1831 2713 1887 Videte
2752 1848 2820 1886 ne
2853 1840 3151 1903 graventur
3181 1831 3347 1887 corda
3376 1838 3557 1888 vestra

240 1916 402 1973 ﬁant.
435 1918 708 1975 Similiter
753 1928 808 1975 et
852 1919 1075 1989 sanctis,
1116 1938 1251 1993 quos
1281 1921 1555 1993 praescivit
1586 1922 1732 1976 Deus
1762 1920 1844 1974 fu-

242 2015 401 2062 turos
454 2005 652 2077 justos,
685 2016 739 2062 et
795 2008 854 2063 in
896 2007 1058 2065 bonis
1096 2010 1353 2081 operibus
1384 2016 1843 2080 perseveraturos,

240 2106 370 2153 ante
400 2105 581 2154 ortum
623 2099 845 2156 illorum
876 2099 983 2156 hoc
1011 2101 1285 2172 praestitit,
1317 2110 1377 2157 ut
1406 2100 1643 2156 habeant
1671 2107 1846 2172 potes-

239 2195 411 2243 tatem
444 2205 607 2260 super
634 2197 842 2261 gentes,
902 2196 954 2245 et
1015 2197 1204 2262 regant
1243 2207 1333 2246 eas
1376 2190 1430 2245 in
1463 2190 1618 2261 virga
1648 2189 1841 2256 ferrea,

240 2278 388 2333 sicut
439 2278 506 2333 ad
552 2278 843 2333 Jeremiam
876 2278 1123 2351 loquitur
1150 2279 1383 2335 dicens:
1451 2305 1467 2327 ι
1520 2278 1843 2349 Priusquam

241 2376 300 2424 te
330 2368 620 2425 formarem
654 2369 711 2425 in
748 2379 925 2438 utero,
968 2370 1100 2426 novi
1132 2378 1184 2425 te
1217 2388 1228 2425 :
1263 2378 1316 2425 et
1344 2377 1635 2441 antequam
1666 2368 1846 2423 exires

241 2458 315 2513 de
347 2458 534 2525 vulva,
592 2458 932 2514 sanctiﬁcavi
984 2466 1072 2525 te;
1128 2467 1181 2514 et
1235 2458 1555 2531 prophetam
1589 2458 1645 2511 in
1675 2456 1844 2528 genti-

241 2547 352 2602 bus
410 2546 537 2603 dedi
588 2555 640 2603 te
699 2548 913 2617 (Jerem.
950 2565 987 2615 ι,
1020 2548 1101 2613 5).
1153 2574 1170 2595 ι
1221 2548 1283 2603 In
1340 2547 1578 2603 secundo
1632 2546 1845 2617 psalmo

241 2635 513 2708 scriptum
544 2644 624 2692 est
652 2637 781 2710 quia
814 2636 962 2693 dixit
991 2638 1150 2692 Pater
1187 2636 1255 2692 ad
1283 2636 1486 2692 Filium
1518 2654 1528 2690 :
1578 2660 1596 2681 ι
1627 2634 1846 2689 Postula

241 2740 279 2780 a
319 2741 427 2793 me,
462 2732 515 2780 et
543 2724 685 2781 dabo
719 2732 904 2797 gentes
948 2724 1323 2780 haereditatem
1356 2731 1525 2790 tuam,
1557 2729 1610 2778 et
1641 2736 1844 2793 posses-

239 2815 455 2870 sionem
507 2821 656 2869 tuam
715 2814 979 2869 terminos
1025 2822 1203 2869 terrae.
1250 2814 1420 2884 Reges
1475 2828 1567 2865 eos
1592 2811 1647 2865 in
1692 2810 1846 2881 virga

241 2904 440 2971 ferrea,
471 2911 731 2975 tanquam
760 2920 855 2958 vas
883 2903 1036 2975 ﬁguli
1058 2902 1371 2974 confringes
1390 2918 1481 2956 eos
1513 2902 1684 2971 (Psal.
1707 2917 1765 2966 ιι,
1788 2899 1842 2966 8,

241 2994 327 3063 9).
362 3016 379 3037 ι
415 2992 580 3047 Dedit
610 2992 769 3047 Pater
801 2992 942 3047 Filio
973 2998 1313 3063 potestatem,
1356 2997 1417 3043 ut
1462 2995 1612 3059 regat
1660 2995 1844 3058 gentes

244 3082 308 3136 in
337 3081 493 3149 virga
527 3079 705 3136 ferrea
737 3097 750 3136 :
802 3079 955 3137 dedit
980 3088 1033 3135 et
1063 3079 1237 3135 Filius
1266 3085 1585 3151 potestatem
1616 3084 1845 3148 aposto-

1956 1918 2010 1971 in
2040 1918 2263 1989 crapula
2315 1926 2368 1973 et
2396 1918 2691 1985 ebrietate,
2740 1927 2794 1975 et
2847 1920 2996 1976 curis
3037 1918 3155 1991 ejus
3185 1918 3371 1974 saeculi
3400 1919 3552 1989 (Luc.

1953 2023 2074 2075 xxx,
2132 2008 2263 2077 34);
2314 2016 2368 2062 et
2426 2007 2660 2063 iterum:
2706 2033 2723 2054 ι
2753 2012 2920 2065 Arcta
2964 2016 3019 2063 et
3058 2014 3288 2079 augusta
3343 2006 3437 2062 via
3475 2016 3556 2062 est

1953 2112 2073 2167 quas
2102 2097 2257 2152 ducit
2303 2097 2373 2151 ad
2426 2096 2598 2151 vitam
2650 2098 2862 2166 (Matth.
2898 2114 2997 2163 vn,
3034 2096 3161 2168 lli);
3209 2121 3227 2143 ›
3272 2103 3327 2152 et
3354 2096 3556 2152 Paulus

1952 2186 2231 2256 apostolus
2258 2186 2393 2241 dicit
2427 2204 2439 2240 :
2488 2212 2507 2233 ι
2538 2188 2600 2241 In
2633 2186 2891 2242 omnibus
2913 2172 3274 2242 exhibeamus
3304 2194 3558 2242 nosmet-

1953 2273 2100 2344 ipsos
2153 2275 2298 2330 sicut
2353 2274 2452 2329 Dei
2498 2274 2806 2341 ministros,
2858 2274 2917 2329 in
2959 2276 3134 2330 multa
3175 2275 3462 2346 patientia,
3496 2276 3554 2331 in

1952 2362 2184 2433 vigiliis,
2231 2362 2286 2417 in
2329 2361 2563 2434 jejuniis
2605 2364 2693 2432 (ΙΙ
2725 2364 2850 2418 Cor.
2879 2381 2958 2430 γι,
2987 2362 3043 2435 4)
3075 2382 3087 2430 ;
3122 2388 3139 2411 ι
3174 2373 3228 2420 et
3256 2364 3365 2419 alia
3395 2364 3567 2419 innur

1953 2453 2261 2521 merabilia,
2293 2469 2413 2525 quae
2442 2454 2498 2508 in
2530 2452 2685 2509 Novo
2716 2454 3063 2510 Testamento
3094 2455 3161 2511 de
3193 2456 3555 2512 maceratione

1952 2559 2151 2598 carnus
2198 2542 2579 2599 inveniuntur.
2628 2544 2765 2599 Nam
2824 2553 2879 2600 et
2941 2545 3215 2600 Dominus
3268 2545 3326 2599 in
3376 2546 3552 2600 Evan-

1952 2636 2094 2706 gelio
2147 2652 2309 2708 quam
2342 2636 2648 2691 austeriora
2693 2636 2807 2690 sint
2843 2652 2941 2690 sua
2970 2644 3238 2707 praecepta
3266 2636 3554 2706 praeceptis

1953 2725 2107 2796 legis,
2165 2726 2480 2782 manifestat
2526 2742 2652 2781 cum
2701 2725 2883 2780 dicit:
2930 2748 2949 2771 ι
2978 2724 3229 2779 Audistis
3277 2724 3407 2797 quia
3438 2724 3555 2780 dic-

1954 2821 2074 2868 tum
2105 2824 2184 2870 est
2228 2814 2469 2886 antiquis
2502 2833 2513 2870 :
2563 2816 2681 2871 Non
2738 2815 2990 2882 occides;
3050 2814 3145 2887 qui
3182 2823 3365 2870 autem
3395 2816 3555 2872 occi-

1951 2903 2113 2970 derit,
2140 2919 2262 2958 reus
2292 2903 2397 2959 erit
2422 2903 2638 2974 judicio
2669 2921 2680 2958 :
2718 2920 2816 2975 ego
2840 2912 3022 2959 autem
3054 2903 3180 2960 dico
3212 2903 3388 2971 vobis,
3422 2903 3554 2975 quia

1951 2994 2132 3048 omnis
2180 2992 2274 3064 qui
2315 2991 2565 3048 irascitur
2619 2992 2775 3048 fratri
2817 3009 2936 3059 suo,
2986 3009 3109 3049 reus
3154 2993 3260 3048 erit
3288 2992 3546 3064 judicio:

1951 3082 2045 3154 qui
2074 3089 2256 3137 autem
2287 3081 2492 3137 dixerit
2521 3081 2677 3136 fratri
2723 3099 2844 3149 suo,
2884 3084 3045 3152 Raca,
3090 3099 3216 3138 reus
3255 3082 3359 3137 erit
3402 3098 3552 3138 con—

247 3169 320 3225 lis
350 3177 403 3224 et
434 3170 645 3224 caeteris
682 3167 1152 3241 praedicatoribus,
1190 3175 1252 3222 ut
1280 3174 1469 3239 regant
1506 3172 1559 3222 et
1584 3164 1687 3238 ipsi
1719 3180 1843 3237 gen-
1877 3207 1921 3268 c
1956 3170 2087 3227 cilio
2119 3189 2130 3226 :
2165 3171 2260 3243 qui
2289 3178 2469 3226 autem
2501 3171 2727 3239 dixerit,
2764 3172 2951 3241 Fatue,
2997 3188 3122 3228 reus
3151 3171 3256 3228 erit
3286 3172 3550 3245 gehennae

246 3268 331 3315 tes
365 3259 421 3314 in
454 3258 610 3330 virga
667 3258 859 3327 ferrea,
921 3266 976 3314 et
1024 3266 1280 3332 tanquam
1333 3274 1429 3313 vas
1481 3255 1635 3328 ﬁguli
1665 3263 1846 3311 eonte-

247 3356 377 3404 rant
432 3364 540 3403 eas.
588 3348 690 3403 Per
737 3349 944 3419 virgam
1003 3346 1171 3419 igitur
1226 3347 1453 3401 ferream
1483 3344 1844 3415 Evangelium

246 3435 597 3508 designatur,
646 3436 789 3492 sicut
832 3444 885 3491 et
923 3453 1018 3508 per
1052 3436 1261 3507 virgam
1307 3436 1542 3505 ligneam
1570 3434 1679 3488 lex.
1712 3434 1846 3488 Nam

251 3525 406 3597 virga
465 3526 665 3597 lignea,
717 3542 824 3597 qua
867 3524 1124 3581 utebatur
1169 3525 1404 3595 Moyses,
1446 3522 1616 3593 ipsam
1651 3522 1845 3593 legem,

249 3630 372 3687 quae
430 3613 497 3669 ab
543 3631 605 3668 eo
667 3613 794 3667 data
835 3619 916 3668 est
975 3612 1380 3684 praetendebat;
1441 3611 1557 3682 ipsa
1612 3626 1848 3681 namque

249 3705 428 3774 virga,
458 3702 601 3758 sicut
631 3702 690 3757 in
720 3701 915 3757 Exodo
943 3702 1177 3772 legimus
1208 3701 1410 3772 (Exod.
1440 3717 1578 3767 xvn,
1611 3699 1677 3766 6;
1714 3698 1845 3768 imo,

249 3793 413 3849 Num.
447 3808 544 3859 xx,
574 3791 665 3862 ιι),
698 3790 966 3862 percussit
988 3791 1074 3845 bis
1100 3790 1333 3857 silicem,
1366 3796 1419 3844 et
1463 3804 1689 3861 egressae
1719 3795 1849 3843 sunt

251 3896 405 3952 aqua:
438 3880 773 3952 largissimm,
807 3863 882 3935 ita
912 3887 972 3935 ut
1003 3880 1237 3952 populus
1266 3878 1477 3934 biberet
1498 3886 1551 3933 et
1576 3877 1846 3949 jumenta.

253 3969 424 4041 Virga
466 3969 634 4042 igitur
678 3976 760 4024 est
809 3968 980 4026 Vetus
1004 3969 1449 4025 Testamentum:
1482 3966 1611 4022 bina
1635 3982 1849 4039 percus-

254 4063 338 4119 sio
371 4065 541 4135 legem
573 4074 627 4121 et
654 4063 946 4137 prophetas
972 4082 983 4119 :
1021 4072 1175 4136 petra
1199 4074 1379 4121 autem
1404 4063 1684 4122 Christum
1717 4061 1849 4133 ﬁgu-

257 4153 430 4209 rabat.
499 4154 666 4225 Virga
719 4170 846 4226 ergo
892 4154 979 4210 bis
1029 4153 1239 4210 silicem
1295 4153 1583 4225 percussit,
1632 4150 1850 4223 quando

257 4244 430 4301 Vetus
441 4244 847 4299 Testamentum
865 4260 961 4315 per
985 4244 1155 4315 legem
1178 4251 1231 4298 et
1259 4242 1548 4314 prophetas
1569 4241 1849 4298 Christum

258 4332 330 4387 ad
387 4332 822 4403 redemptionem
871 4332 1083 4402 generis
1140 4331 1368 4386 humani
1411 4339 1705 4387 venturum
1736 4346 1851 4385 esse

259 4419 537 4493 praedixit.
591 4421 663 4475 Et
719 4419 849 4492 quia
895 4421 1234 4491 impossibile
1262 4428 1379 4475 erat
1423 4427 1485 4475 ut
1513 4437 1575 4475 ea
1607 4436 1725 4492 quae
1756 4434 1852 4490 per

260 4510 432 4581 legem
481 4517 534 4565 et
578 4509 869 4581 prophetas
914 4509 1372 4580 praedicabantur,
1419 4525 1530 4563 non
1564 4508 1850 4579 impleren-

258 4615 369 4674 tur,
423 4606 565 4663 sicut
610 4607 883 4661 Dominus
937 4601 1075 4661 dicit
1124 4606 1183 4659 in
1228 4604 1569 4677 Evangelia:
1633 4629 1651 4650 ε
1698 4604 1848 4658 Faci-

262 4698 369 4753 lius
398 4705 477 4752 est
506 4698 705 4754 coelum
738 4706 791 4753 et
819 4705 1021 4752 terram
1055 4695 1304 4763 transire,
1354 4711 1459 4766 qua
1513 4711 1684 4749 unum
1739 4693 1851 4748 iota

261 4795 355 4843 aut
398 4803 540 4841 unus
578 4801 715 4857 apex
753 4792 1105 4855 praetereatur
1130 4801 1160 4839 a
1187 4785 1321 4856 lege,
1354 4784 1447 4857 qui
1480 4799 1590 4838 non
1625 4783 1848 4855 implea-

262 4885 353 4932 tur
385 4876 533 4945 (Luc.
565 4892 683 4942 xvr,
720 4875 831 4944 17).
894 4899 912 4922 ι
958 4873 1123 4945 Virga
1162 4874 1249 4929 bis
1299 4874 1508 4930 silicem
1557 4874 1846 4945 percussit,

261 4965 480 5040 quando
515 4963 777 5021 vaticinia
801 4964 1190 5036 prophetarum
1220 4973 1381 5041 atque
1414 4964 1546 5037 legis
1574 4964 1851 5036 quodam-

262 5054 426 5109 modo
450 5057 854 5126 compulerunt,
888 5061 947 5109 ut
978 5055 1143 5109 homo
1174 5055 1291 5110 ﬁeri
1326 5057 1466 5111 Deus
1506 5053 1845 5127 dignaretur.

263 5145 523 5200 Percussa
572 5151 652 5199 est
696 5143 863 5215 igitur
904 5152 1079 5214 petra,
1119 5153 1173 5199 et
1228 5159 1450 5215 egressae
1512 5150 1640 5198 sunt
1696 5159 1849 5215 aqua;

262 5234 618 5305 largissimae;
665 5233 793 5305 quia
834 5232 1084 5290 Christus
1114 5233 1415 5289 secundum
1450 5233 1554 5289 hoc
1583 5233 1731 5305 quod
1770 5232 1852 5287 di-

263 5328 412 5379 ctum
445 5332 578 5391 erat,
611 5322 858 5390 veniens,
891 5321 1097 5378 ﬂuenta
1124 5322 1388 5379 doctrinae
1416 5323 1670 5389 caelestis,
1696 5320 1753 5376 id
1772 5328 1854 5377 est

265 5412 647 5484 Evangelium,
699 5411 766 5469 de
812 5429 867 5468 se
928 5411 1210 5485 produxit.
1241 5412 1391 5468 Bibit
1419 5413 1653 5484 populus
1691 5419 1744 5467 et
1766 5411 1854 5482 ju-

267 5508 470 5572 menta,
520 5502 576 5559 id
607 5510 689 5559 est
716 5502 888 5559 Judaei
922 5510 975 5559 et
1006 5511 1211 5575 gentes.
1254 5503 1374 5575 Ipsa
1404 5501 1567 5558 etiam
1618 5502 1774 5575 virga
1795 5500 1854 5557 in

1958 3260 2100 3330 ignis
2158 3261 2368 3331 (Matth.
2402 3278 2457 3327 v,
2489 3260 2577 3329 21,
2608 3260 2730 3333 22);
2782 3284 2801 3308 ι
2858 3268 2911 3316 et
2949 3261 3149 3317 iterum
3186 3280 3198 3318 :
3259 3287 3279 3310 ε
3329 3262 3551 3318 Dictum

1958 3358 2039 3403 est
2086 3350 2330 3421 antiquis
2374 3368 2385 3406 :
2429 3351 2546 3405 Non
2592 3355 2736 3413 509
2781 3350 3183 3407 moechaberis:
3235 3368 3333 3422 ego
3363 3361 3548 3408 autem

1959 3446 2084 3503 dico
2113 3448 2271 3502 vobis
2328 3448 2458 3519 quia
2493 3448 2586 3520 qui
2629 3449 2832 3504 viderit
2876 3449 3164 3504 mulierem
3193 3448 3259 3504 ad
3290 3448 3548 3519 concupi-

1959 3536 2212 3591 scendam
2266 3553 2405 3604 eam,
2450 3524 2636 3593 statim
2686 3536 2992 3594 moechatus
3021 3544 3103 3592 est
3149 3553 3266 3592 eam
3297 3536 3355 3592 in
3385 3536 3549 3592 corde

1960 3642 2058 3680 suo
2096 3626 2257 3696 (Ibid.
2305 3627 2393 3694 27,
2435 3627 2527 3698 28)
2555 3644 2568 3693 ;
2601 3651 2618 3673 ι
2662 3635 2716 3682 et
2745 3626 2943 3683 iterum
2980 3643 2991 3680 :
3038 3652 3057 3674 ι
3090 3626 3311 3683 Dictum
3346 3633 3427 3681 est
3454 3641 3547 3680 an-

1960 3717 2127 3789 tiquis
2161 3736 2171 3771 :
2206 3716 2532 3788 Quicunque
2561 3714 2836 3771 dimiserit
2868 3731 3095 3771 uxorem
3131 3733 3307 3784 suam,
3341 3716 3434 3772 det
3465 3716 3549 3772 illi

1961 3807 2209 3862 libellum
2240 3806 2455 3878 repudii
2494 3823 2507 3872 ;
2543 3822 2640 3878 ego
2670 3814 2852 3861 autem
2883 3805 3008 3862 dico
3038 3806 3198 3862 vobis
3229 3824 3241 3861 :
3293 3805 3553 3873 Quicun-

1961 3912 2065 3969 que
2115 3896 2388 3953 dimiserit
2433 3913 2662 3952 uxorem
2692 3912 2869 3965 suam,
2920 3902 3149 3967 excepta
3190 3911 3351 3952 causa
3380 3894 3550 3951 forni-

1961 3985 2221 4052 cationis,
2278 3986 2627 4054 moechatur;
2702 3994 2757 4041 et
2812 3986 2905 4057 qui
2952 3985 3237 4043 dimissam
3303 3985 3547 4052 duxerit,

1962 4076 2268 4132 moechatur
2299 4076 2460 4147 (Ibid.
2506 4075 2593 4143 31,
2628 4075 2719 4147 32)
2756 4094 2769 4142 ;
2821 4101 2840 4125 ι
2883 4085 2937 4132 et
2979 4076 3178 4132 iterum
3211 4075 3365 4147 (ll):
3414 4099 3431 4122 ι
3460 4074 3551 4130 Di-

1962 4174 2109 4222 ctum
2142 4173 2223 4221 est
2257 4166 2498 4238 antiquis
2532 4184 2543 4222 :
2587 4166 2823 4223 Oculum
2852 4182 2950 4237 pro
2976 4165 3154 4230 oculo,
3202 4164 3422 4220 dentem
3453 4180 3552 4235 pro

1962 4257 2124 4314 dente
2156 4275 2169 4324 ;
2227 4274 2324 4329 ego
2358 4265 2538 4313 autem
2570 4256 2695 4313 dico
2741 4257 2901 4313 vobis
2928 4273 3039 4311 non
3070 4257 3319 4312 resistere
3359 4256 3503 4311 malo
3535 4274 3547 4311 :

1961 4346 2056 4402 sed
2104 4347 2149 4402 si
2193 4348 2315 4419 quis
2356 4355 2409 4403 te
2454 4348 2780 4419 percusserit
2824 4347 2879 4402 in
2926 4348 3208 4403 dexteram
3241 4346 3551 4411 maxillam,

1962 4437 2142 4507 praebe
2172 4436 2255 4491 illi
2285 4444 2339 4491 et
2367 4437 2625 4493 alteram:
2660 4444 2713 4491 et
2741 4437 2835 4509 qui
2867 4437 3106 4493 voluerit
3128 4437 3373 4492 tunicam
3402 4442 3552 4491 tuam

1878 4561 1928 4619 D
1961 4527 2174 4596 tollere,
2226 4527 2442 4583 dimitte
2485 4526 2532 4582 ei
2591 4533 2645 4581 et
2701 4526 2927 4619 pallium
2972 4522 3454 4619 (ludi-3840);»
3500 4530 3553 4576 et

1958 4617 2205 4672 iterum:
2258 4642 2274 4663 ε
2313 4617 2533 4672 Dictum
2583 4624 2664 4671 est
2709 4612 2951 4684 antiquis
3002 4630 3013 4667 :
3065 4612 3272 4683 Diliges
3310 4609 3552 4665 amicum

1958 4716 2135 4773 tuum,
2169 4714 2222 4762 et
2253 4706 2381 4762 odio
2414 4706 2641 4760 habebis
2672 4704 2958 4758 inimicum
2993 4710 3151 4756 tuum
3184 4719 3196 4766 ;
3238 4717 3337 4771 ego
3366 4708 3551 4756 autem

1957 4796 2083 4854 dico
2111 4796 2269 4851 vobis
2301 4813 2313 4851 :
2348 4795 2573 4866 Diligite
2608 4792 2864 4849 inimicos
2890 4799 3118 4858 vestros,
3152 4789 3456 4845 benefacite
3483 4789 3553 4846 iis

1959 4886 2054 4959 qui
2078 4886 2314 4942 oderunt
2355 4902 2469 4951 vos,
2501 4892 2554 4939 et
2583 4892 2733 4938 orate
2764 4896 2861 4952 pro
2890 4879 3352 4951 persequentibus
3381 4887 3435 4936 et
3461 4896 3552 4935 ca-

1961 4974 2363 5031 lumniantibus
2412 4990 2546 5038 vos;
2593 4980 2653 5026 ut
2695 4971 2817 5027 sitis
2858 4970 2959 5025 ﬁlii
3004 4969 3179 5025 Patris
3214 4968 3405 5036 vestri,
3459 4968 3553 5041 qui

1960 5064 2017 5119 in
2047 5065 2200 5120 cielis
2230 5071 2307 5118 est
2359 5062 2520 5131 (Ibid.
2568 5060 2776 5131 4345).
2826 5085 2844 5108 ι
2889 5060 3015 5114 Haec
3043 5058 3212 5130 igitur
3241 5058 3408 5113 verba
3433 5059 3555 5113 Do—

1960 5154 2098 5209 mini
2138 5170 2260 5224 qure
2292 5151 2643 5223 protulimus,
2689 5156 2875 5223 aperte
2912 5148 3293 5205 demonstrant
3322 5164 3416 5218 per
3445 5146 3553 5201 vir-

1961 5261 2081 5316 gam
2132 5244 2361 5298 ferream
2412 5241 2798 5314 Evangelium,
2834 5258 2931 5314 per
2969 5242 3204 5313 ligneam
3234 5248 3416 5295 autem
3450 5240 3554 5295 fra-

1962 5333 2121 5407 gilem
2166 5340 2219 5388 et
2250 5333 2471 5388 mollem
2520 5333 2692 5404 legem
2736 5331 3003 5404 ﬁgurari;
3057 5346 3150 5403 per
3199 5346 3327 5386 vasa
3370 5335 3554 5385 autem

1961 5426 2115 5498 ﬁguli
2140 5423 2307 5481 corda
2338 5423 2626 5496 gentilium
2652 5422 2910 5479 omnibus
2931 5420 3211 5478 erroribus
3238 5421 3554 5476 daemonum

1962 5517 2168 5587 repleta
2196 5513 2571 5587 designantur,
2602 5529 2723 5585 quas
2760 5530 2793 5569 a
2823 5519 2973 5569 tactu
2998 5512 3165 5583 virgae
3195 5510 3384 5568 ferreae
3413 5526 3557 5567 con-

345 5742 461 5822 (Η)
494 5742 725 5809 Deerant
756 5738 810 5806 in
843 5747 928 5807 ed.
958 5741 1031 5807 Et
1058 5740 1269 5819 iterant,
1298 5756 1470 5823 usque
1498 5740 1566 5806 ad
1595 5739 1793 5805 dimitte
1809 5738 1857 5804 ei
1892 5747 1938 5804 el
1966 5738 2193 5819 pallium
2229 5756 2245 5800 ,⁸
2276 5756 2435 5818 quem
2466 5734 2649 5801 locum
2679 5731 3055 5812 snpplevimus
3083 5746 3112 5790 e
3141 5746 3272 5791 mss.

3456 360 3561 421 866
3611 361 3626 373 .
