3970 6380
451 371 556 428 867

1455 369 1552 425 AD
1592 367 1826 427 OPERA
1866 369 1921 424 S.
1963 367 2297 426 AMBROSII
2334 367 2714 425 APPENDIX.

3672 366 3798 423 868

449 493 626 552 fracta
652 499 817 560 sunt;
863 491 994 565 quia
1023 492 1277 550 veniente
1308 493 1598 565 Evangelii
1637 494 1829 566 gratia,
1860 492 2047 548 omnis
2075 495 2124 553 A
2160 491 2503 548 habitatione
2540 491 2860 560 subtrahat;
2892 490 2986 565 qui
3019 492 3076 548 in
3117 490 3490 564 pravitatibus
3517 493 3652 550 suis
3687 509 3796 549 re-

453 598 605 638 error
645 581 935 655 gentilium
982 582 1293 638 destructus
1322 591 1424 650 est,
1462 590 1514 638 et
1559 599 1679 656 quae
1709 590 1868 637 erant
1894 589 2054 637 antea

455 687 582 727 vasa
608 671 820 739 ﬁctilia,
863 671 1008 726 facta
1051 679 1181 726 sunt
1223 687 1352 727 vasa
1397 672 1590 740 ferrea,
1641 680 1832 727 contra
1866 672 2054 727 omnia

451 767 778 816 testamenta
805 759 1140 826 daemonum,
1173 767 1228 814 et
1271 767 1462 816 contra
1491 761 1896 832 persecutiones
1938 759 2054 815 ho-

455 849 667 905 minum
693 851 961 904 malorum
995 848 1312 904 fortissima.

523 944 597 997 Et
627 943 760 996 dabo
788 942 874 998 illi
911 943 1119 996 stellam
1154 942 1511 998 matutinam:
1559 942 1613 998 id
1647 953 1750 1010 est,
1784 944 2050 1016 Ireipsum

453 1029 596 1086 dabo
635 1030 755 1085 illi:
818 1031 932 1102 ipse
981 1039 1062 1085 est
1107 1029 1252 1086 enim
1303 1031 1462 1084 stella
1508 1031 1800 1100 matutina,
1835 1032 1900 1087 de
1942 1048 2052 1104 quo

456 1120 595 1176 dicit
623 1119 932 1191 Scriptura:
989 1145 1006 1165 ι
1045 1109 1268 1174 Orietur
1295 1120 1450 1174 stella
1481 1135 1547 1174 ex
1565 1119 1750 1188 Iacob,
1783 1129 1836 1176 et
1863 1137 2050 1176 exsur-

455 1221 543 1282 get
572 1211 738 1266 homo
767 1211 834 1266 de
865 1210 1053 1278 lsrael,
1083 1217 1137 1264 et
1168 1209 1436 1280 percutiet
1463 1207 1631 1264 duces
1661 1210 1818 1265 Moab
1864 1212 2046 1275 (Num.

452 1318 613 1368 XXIV,
657 1301 774 1370 17).
807 1325 825 1346 ι
883 1300 1042 1355 Moab
1090 1299 1304 1355 dicitur
1349 1315 1416 1354 ex
1451 1306 1602 1370 patre
1636 1300 1790 1370 (l2):
1837 1308 1890 1355 et
1930 1302 2051 1356 Do-

456 1389 639 1444 minus
680 1389 884 1446 Judaeis
914 1389 1098 1444 dixit:
1165 1413 1183 1435 ι
1214 1388 1326 1443 Vos
1373 1403 1442 1442 ex
1493 1393 1642 1459 patre
1671 1387 1892 1443 diabolo
1921 1389 2050 1445 estis

457 1478 641 1549 (Joan.
690 1495 814 1546 vm,
847 1477 962 1548 44).
999 1503 1016 1526 ι
1064 1479 1242 1532 Duces
1277 1493 1403 1547 ergo
1432 1475 1589 1532 Moab
1618 1477 1888 1532 Dominus
1925 1493 2050 1549 per-

451 1569 643 1637 cussit,
678 1568 898 1641 quando
943 1583 1132 1622 omnes
1180 1566 1541 1622 fabricatores
1571 1583 1816 1623 errorum
1848 1567 2051 1624 exina—

452 1657 617 1712 nivit.

525 1749 754 1806 CAPUT
796 1751 891 1806 III.
939 1779 1011 1790 —
1051 1750 1232 1819 (Vers.
1285 1747 1362 1818 1.)
1405 1749 1478 1804 Et
1518 1749 1703 1819 angelo
1735 1748 1922 1806 Sardis
1951 1751 2050 1804 Ee-

2162 579 2468 653 quiescens,
2523 597 2699 654 neque
2759 597 2792 637 a
2844 580 3000 638 vitiis
3047 581 3172 638 vult
3225 579 3520 650 abstinere,
3585 598 3800 655 neque

2161 669 2334 741 ipsam
2388 679 2620 727 mortem
2668 679 2794 726 ante
2841 672 3031 728 oculos
3059 687 3282 744 ponere,
3313 671 3458 728 sicut
3487 671 3798 728 Dominus

2160 757 2298 816 dicit
2340 761 2397 816 in
2435 761 2775 833 Evangelio:
2841 785 2858 807 ι
2889 759 3028 828 Quia
3062 759 3107 816 si
3157 761 3322 816 sciret
3357 761 3798 833 paterfamilias

2121 863 2268 920 qua
2299 848 2434 904 hora
2471 849 2561 904 fur
2606 855 2872 904 venturus
2925 856 3082 917 esset,
3135 849 3390 921 vigilaret
3437 849 3671 924 utique,
3735 859 3797 906 et

2161 953 2271 992 non
2327 938 2530 994 sineret
2585 938 2796 1010 perfodi
2849 938 3073 994 domum
3121 955 3275 995 suam
3328 939 3544 1009 (Matth.
3601 957 3790 1010 xxrv,

2160 1027 2276 1099 43).
2309 1055 2326 1078 ι
2367 1029 2469 1085 Per
2506 1029 2956 1101 palremfamilias
2988 1037 3226 1085 mentem
3270 1047 3566 1102 possumus
3607 1031 3794 1086 intel-

2162 1117 2368 1189 ligere;
2419 1119 2548 1190 quia
2593 1119 2735 1175 sicut
2791 1119 3186 1192 paterfamilias
3237 1105 3498 1176 omnibus
3549 1120 3663 1194 qui
3728 1120 3790 1176 in

2159 1206 2325 1262 domo
2361 1215 2512 1276 sunt,
2553 1208 2924 1280 principatur;
2959 1208 3036 1262 ita
3063 1215 3118 1263 et
3149 1223 3302 1262 mens
3332 1207 3601 1264 omnibus
3636 1207 3790 1264 acti-

2158 1295 2262 1352 bus
2289 1297 2534 1368 corporis
2562 1307 2615 1354 et
2642 1296 3072 1365 cogitationibus
3107 1297 3414 1368 praefertur.
3459 1297 3631 1353 Pater
3681 1297 3791 1368 igi-

2159 1397 2251 1445 tur
2298 1389 2534 1445 familias
2580 1388 2804 1457 dormit,
2859 1388 3056 1462 furque
3103 1387 3331 1444 veniens
3380 1387 3618 1444 domum
3657 1389 3795 1461 ejus

2161 1477 2420 1550 perfodit,
2456 1479 2674 1550 quando
2704 1494 2857 1533 mens
2887 1478 2943 1533 in
2965 1475 3426 1533 delectationibus
3441 1477 3793 1534 carnalibus

2161 1567 2526 1639 requiescens,
2561 1585 2708 1624 mors
2727 1567 2858 1624 dum
2891 1583 3002 1622 non
3025 1565 3380 1638 praevidetur,
3413 1567 3791 1639 supervenit,

2159 1663 2321 1729 atque
2358 1657 2582 1713 domum
2623 1659 2871 1730 corporis
2916 1655 3250 1730 perfodiens,
3280 1657 3519 1712 animam
3552 1657 3792 1714 abstra-

2163 1743 2264 1802 hit.
2315 1745 2372 1802 Si
2413 1753 2593 1802 autem
2637 1747 2975 1820 vigilaverit,
3009 1746 3066 1802 id
3095 1753 3197 1813 est,
3229 1746 3287 1801 in
3314 1745 3476 1802 bonis
3499 1747 3794 1820 operibus

450 1839 621 1894 etesiae
659 1839 858 1894 scribe:
915 1839 1036 1894 Haec
1081 1838 1228 1903 dicit,
1264 1836 1357 1908 qui
1411 1836 1560 1892 habet
1601 1844 1789 1908 septem
1829 1837 2050 1908 spiritus
2079 1849 2126 1910 Β
2159 1836 2607 1906 perseveraverit,
2642 1846 2872 1893 mortem
2909 1852 3020 1892 non
3067 1843 3131 1892 ut
3158 1835 3356 1906 furem,
3388 1836 3482 1894 sed
3522 1843 3588 1892 ut
3633 1836 3789 1894 libe-

453 1930 570 1997 Dei,
625 1935 674 1984 et
716 1935 905 2000 septem
951 1929 1148 1983 stellas.
1196 1927 1408 1998 Septem
1440 1925 1670 1998 spiritus
1716 1925 1814 1982 Dei
1843 1936 2048 1998 septem

450 2026 580 2076 sunt
623 2019 768 2074 dona
813 2017 1050 2089 Spiritus
1095 2015 1294 2084 sancti,
1330 2031 1450 2088 qua:
1498 2013 1554 2069 in
1605 2014 1904 2070 Dominum
1943 2014 2050 2071 de-

451 2107 729 2164 scendisse
757 2105 1023 2179 propheta
1052 2105 1218 2161 Isaias
1258 2103 1501 2160 ostendit
1531 2103 1755 2159 dicens:
1805 2128 1822 2151 ι
1855 2105 1928 2160 Et
1954 2121 2050 2160 re-

451 2197 694 2269 quiescet
731 2212 895 2268 super
934 2211 1056 2251 eum
1112 2194 1340 2267 spiritus
1378 2191 1622 2258 Domini,
1672 2191 1904 2262 spiritus
1947 2209 2045 2246 sa-

452 2285 672 2358 pientia:
701 2291 756 2340 et
799 2283 1131 2347 intellectus,
1164 2281 1393 2352 spiritus
1423 2279 1641 2334 consilii
1671 2287 1722 2334 et
1750 2279 2043 2336 fortitudi-

451 2377 558 2443 nis,
582 2376 809 2448 spiritus
829 2374 1072 2431 scientiae
1094 2379 1147 2427 et
1168 2370 1388 2442 pietatis
1413 2387 1424 2424 :
1453 2375 1506 2424 et
1526 2369 1756 2440 replebit
1785 2386 1910 2424 eum
1940 2370 2046 2441 spi-

451 2469 590 2524 ritus
617 2466 835 2522 timoris
865 2463 1086 2522 Domini
1119 2463 1248 2532 (Isa.
1280 2478 1364 2524 x1,
1393 2460 1448 2528 2,
1469 2459 1550 2529 3).
1574 2485 1592 2508 ι
1627 2461 1704 2515 De
1733 2459 1822 2516 his
1840 2467 2046 2532 septem

452 2555 761 2630 spiritibus,
812 2570 950 2626 quos
998 2550 1266 2608 Dominus
1303 2549 1538 2617 dederit,
1588 2548 1645 2603 in
1692 2549 2048 2622 sequentibus

449 2647 731 2704 dicemus:
765 2642 897 2716 quid
947 2641 1060 2697 sint
1089 2648 1270 2695 autem
1321 2647 1526 2710 septem
1561 2639 1752 2706 stellae,
1799 2637 2048 2710 superius

449 2736 659 2792 dictum
699 2741 798 2790 est.
849 2729 1127 2802 Sequitur,
1183 2729 1300 2786 Scio
1342 2745 1502 2800 opera
1536 2734 1648 2796 tua,
1694 2728 1822 2798 quia
1863 2744 2048 2782 nomen

447 2823 601 2878 habes
643 2821 780 2893 quod
826 2819 994 2882 vivas,
1037 2825 1084 2872 et
1128 2824 1369 2872 mortuus
1417 2833 1488 2872 es.
1547 2817 1756 2872 Nomen
1815 2815 2049 2872 habebat

449 2911 597 2985 quod
626 2913 860 2974 viveret,
888 2907 946 2962 id
976 2915 1078 2974 est,
1110 2923 1311 2962 nomen
1341 2905 1716 2962 Christianum
1743 2923 1753 2960 :
1785 2903 1877 2960 sed
1904 2921 2044 2960 mor-

448 3007 578 3054 tuus
605 3007 752 3066 erat;
800 2995 930 3070 quia
957 2993 1085 3050 ﬁdei
1132 3010 1317 3066 opera,
1349 3010 1470 3066 qua:
1511 3001 1592 3050 est
1621 2991 1878 3060 cbaritas,
1935 3009 2048 3049 non

451 3089 706 3144 habebat.

2159 1925 2412 1982 ratricem
2446 1925 2701 1998 perferet.

2231 2052 2412 2124 (Vers.
2445 2051 2526 2124 4.)
2559 2053 2658 2108 Sed
2685 2052 2840 2108 babes
2864 2067 3039 2123 pauca
3077 2051 3293 2108 nomina
3323 2053 3381 2106 in
3419 2052 3639 2120 Sardis,
3681 2051 3788 2123 qui

2155 2156 2262 2192 non
2290 2140 2704 2210 inquinaverunt
2733 2141 3036 2195 cesti-menta
3064 2157 3181 2196 sua.
3213 2141 3356 2196 Ecce
3383 2139 3657 2213 discipuli
3684 2157 3786 2212 pa-

2156 2227 2288 2281 stori
2320 2227 2618 2298 negligenti
2657 2235 3075 2298 praeponuntur,
3120 2237 3184 2284 ut
3214 2229 3405 2284 saltem
3455 2227 3515 2284 in
3561 2247 3782 2286 eorum

2155 2314 2468 2371 imitatione
2499 2315 2802 2386 proﬁceret.
2836 2315 2941 2371 Sed
2977 2315 3180 2370 mirum
3211 2334 3312 2373 cur
3340 2333 3511 2389 pauca
3527 2318 3786 2374 nomina

2156 2401 2354 2458 habere
2385 2402 2618 2472 dicatur,
2651 2411 2704 2458 et
2733 2419 2846 2458 non
2874 2419 3074 2475 paucos
3100 2403 3372 2460 homines.
3405 2405 3510 2462 Sed
3551 2407 3672 2463 hoc
3705 2407 3786 2463 ad

2157 2491 2543 2549 excellentiam
2575 2508 2824 2562 magnam
2855 2491 3093 2564 alicujus
3124 2495 3299 2548 sancti
3329 2497 3590 2565 pertinet,
3629 2514 3780 2552 cum

2155 2597 2280 2638 eum
2327 2584 2472 2639 Deus
2521 2581 2848 2637 nominatim
2899 2581 3037 2637 scire
3085 2581 3307 2650 dicitur,
3370 2581 3514 2639 sicut
3574 2584 3784 2656 Moysi

2157 2671 2399 2743 perfecto
2433 2671 2555 2726 viro
2583 2670 2817 2726 dicitur:
2866 2695 2884 2717 ι
2925 2670 3067 2726 Novi
3109 2679 3161 2726 te
3188 2687 3256 2726 ex
3285 2671 3509 2726 nomine
3540 2673 3781 2742 (Exod.

2155 2775 2362 2826 xxxm,
2399 2760 2489 2831 17)
2522 2778 2535 2828 ;
2571 2785 2589 2808 ι
2622 2768 2676 2816 et
2703 2758 2973 2814 Dominus
3000 2757 3137 2814 dicit
3164 2758 3222 2812 in
3242 2759 3579 2829 Evangelio:
3641 2784 3664 2806 ε
3699 2761 3784 2816 Et

2157 2849 2408 2921 proprias
2464 2865 2594 2904 oves
2649 2855 2808 2903 vocat
2873 2847 3224 2914 nominatim,
3293 2854 3346 2902 et
3401 2845 3588 2902 educit
3671 2865 3776 2903 eas

2159 2941 2340 3009 (Joan.
2377 2957 2434 3008 x,
2484 2939 2562 3012 3).
2598 2965 2616 2987 ι
2659 2939 2755 2995 Isti
2797 2955 2923 3011 ergo
2952 2937 3133 3011 pauci,
3174 2936 3269 3010 qui
3319 2954 3452 2994 voce
3498 2938 3598 2994 Dei
3643 2940 3774 2996 lau-

2157 3027 2276 3084 dari
2325 3035 2626 3096 merentur,
2660 3044 2773 3083 non
2805 3025 3237 3099 inquinavenunt
3281 3027 3607 3084 vestimenta
3633 3045 3768 3095 sua,

2156 3119 2214 3175 id
2265 3125 2366 3186 est,
2398 3115 2727 3173 munditiam
2760 3133 2922 3189 quam
2973 3115 3028 3170 in
3059 3116 3330 3187 baptismo
3369 3125 3769 3188 perceperunt,

522 3177 704 3280 Wfi'S'
751 3175 832 3244 2')
862 3177 992 3280 Ef‘w
1011 3173 1363 3280 ,‘3,‘9?,’“T“"’f
1394 3173 1650 3280 δοθῇ
1687 3177 1906 3280 ξίῗὲναζ
2077 3203 2121 3264 C
2154 3173 2410 3266 sordibus
2437 3207 2703 3262 vitiorum
2755 3173 2866 3261 non
2912 3173 3471 3280 inquindveruntht
3496 3173 3768 3262 ambula:

451 3265 716 3321 moritura
770 3269 942 3320 erant.
1011 3262 1219 3335 Vigilat
1273 3261 1367 3335 qui
1422 3276 1634 3333 semper
1684 3259 1830 3315 bona
1881 3276 2045 3332 opera

447 3361 704 3412 exercet:
736 3351 1054 3425 praecipitur
1101 3367 1228 3423 ergo
1271 3349 1402 3406 huic
1451 3357 1513 3405 ut
1558 3348 1770 3420 vigilet,
1821 3347 1880 3404 id
1937 3355 2040 3418 est,

445 3455 508 3504 ut
566 3447 624 3501 in
686 3443 972 3500 charitatis
1019 3443 1276 3515 operibus
1325 3441 1680 3512 semetipsum
1747 3449 2038 3508 exerceat;

445 3554 514 3594 ne
551 3551 724 3609 parva
754 3535 899 3592 bona
928 3549 1048 3606 quae
1081 3531 1264 3588 adhuc
1293 3531 1587 3588 videbatur
1617 3529 1838 3597 habere,
1869 3527 2046 3600 depe-

449 3631 645 3688 rirent.
679 3630 820 3696 Quia
851 3629 996 3684 sicut
1041 3645 1239 3700 corpus
1268 3634 1548 3682 mortuum
1584 3634 1666 3682 est
1693 3625 1810 3681 sine
1838 3624 2042 3693 anima,

447 3720 525 3776 ita
563 3726 615 3774 et
643 3733 744 3773 nos
773 3717 1037 3790 quaelibet
1065 3716 1214 3772 bona
1241 3715 1530 3772 videamur
1569 3713 1787 3782 habere,
1829 3721 2045 3769 mortua

445 3815 596 3875 sunt,
627 3805 673 3860 si
703 3805 943 3862 cbaritas
988 3803 1262 3860 defuerit:
1300 3805 1418 3860 Non
1455 3804 1591 3859 enim
1636 3803 1845 3857 invenio
1882 3819 2045 3873 opera

448 3903 539 3951 tua
563 3897 726 3967 plena
755 3911 934 3951 coram
965 3895 1072 3950 Deo
1101 3911 1233 3949 meo.
1265 3894 1385 3949 Non
1415 3901 1570 3949 erant
1600 3893 1780 3965 plena,
1812 3891 1906 3947 sed
1935 3906 2044 3947 va-

445 4004 568 4044 cua.
596 3985 725 4059 quia
753 3985 1020 4042 charitate
1051 4001 1163 4040 non
1194 3983 1578 4056 replebantur:
1611 3982 1756 4038 unde
1785 3990 1840 4037 et
1869 3980 2044 4053 quin-

445 4092 550 4150 que
579 4075 820 4148 virgines
873 4076 1036 4130 fatuae
1082 4089 1113 4129 a
1158 4072 1524 4130 contubernio
1567 4071 1764 4144 Sponsi
1806 4070 2044 4127 caelestis

447 4166 676 4239 repulsae
707 4173 856 4233 sunt,
901 4165 1031 4236 quia
1077 4164 1260 4218 oleum
1300 4161 1586 4218 charitatis
1635 4161 1692 4216 in
1738 4159 1886 4216 vasis
1928 4158 2044 4216 suis

447 4255 648 4312 habere
677 4255 978 4310 noluerunt
1003 4252 1222 4323 (Matth.
1254 4267 1392 4320 xxv,
1429 4251 1635 4322 10-12).

521 4344 702 4418 (Vers.
736 4343 816 4415 3.)
849 4345 914 4399 In
944 4347 1108 4396 mente
1136 4357 1256 4410 ergo
1285 4339 1412 4394 habe
1439 4339 1670 4410 qualiter
1713 4338 1968 4410 acceperis
1996 4345 2044 4394 et

445 4433 706 4502 audieris,
751 4439 800 4487 et
839 4448 1012 4498 serva,
1051 4435 1098 4484 et
1130 4428 1492 4500 paenitentiam
1529 4445 1662 4498 age:
1711 4427 1768 4482 id
1813 4435 1912 4495 est,
1946 4443 2042 4482 re-

446 4522 672 4578 cordare
701 4520 939 4594 qualiter
965 4517 1128 4574 ﬁdem
1165 4517 1371 4575 Christi
1402 4517 1460 4572 in
1490 4517 1817 4588 baptismate
1845 4533 2041 4588 perce-

448 4611 613 4684 peris,
662 4610 756 4666 ubi
799 4607 1101 4682 promisisti
1145 4606 1586 4663 renuutiaturum
1639 4613 1694 4660 te
1740 4605 1961 4661 diabolo
1991 4613 2044 4660 et

447 4701 706 4756 omnibus
761 4697 1020 4770 operibus
1065 4695 1216 4768 ejus:
1268 4695 1552 4752 recordare
1601 4695 1764 4750 etiam
1821 4694 1953 4767 quid
2011 4711 2044 4750 a

446 4790 768 4846 doctoribus
814 4787 940 4843 ﬁdei
985 4786 1336 4854 Christianas,
1389 4785 1482 4858 qui
1529 4793 1582 4840 te
1625 4783 1789 4839 ﬁdem
1833 4783 2039 4840 Christi

450 4878 776 4946 docuerunt,
825 4877 1062 4950 qualiter
1101 4883 1154 4930 te
1211 4876 1399 4932 vivere
1445 4881 1742 4946 oporteret,
1793 4872 2034 4929 audisti:

447 4971 522 5026 Et
547 4987 700 5023 serva
728 4967 870 5038 quod
899 4966 1118 5034 audisti,
1160 4971 1210 5021 et
1246 4965 1606 5036 paenitentiam
1641 4981 1733 5034 age
1756 4980 1775 5026 ;
1803 4977 1868 5018 eo
1894 4960 2040 5034 quod

446 5076 476 5116 a
504 5057 666 5114 bonis
704 5055 962 5128 operibus
995 5055 1192 5112 tandiu
1220 5055 1496 5126 torpuisti.
1533 5054 1591 5110 Si
1617 5071 1736 5124 ergo
1766 5069 1868 5108 non
1896 5051 2040 5123 rigi—

447 5147 678 5213 laoeris;
715 5145 770 5200 id
815 5152 919 5212 est,
964 5144 1033 5199 ad
1077 5142 1220 5199 bona
1247 5160 1411 5214 opera
1449 5143 1656 5215 agenda
1689 5141 2038 5213 temetipsum

449 5253 561 5292 non
607 5235 970 5292 excitaveris:
1031 5234 1247 5291 Veniant
1289 5241 1538 5304 tanquam
1586 5232 1701 5302 fur,
1751 5239 1800 5288 et
1849 5231 2042 5286 nescies

443 5343 552 5396 qua
579 5327 714 5380 hora
740 5323 948 5378 veniam
994 5322 1066 5377 ad
1113 5329 1176 5377 te.
1224 5322 1313 5378 Illi
1355 5322 1626 5378 Dominus
1652 5329 1911 5395 tanquam
1951 5319 2041 5374 fur

446 5415 785 5488 supervenit,
826 5421 888 5470 ut
933 5429 1057 5470 eum
1107 5427 1204 5485 per
1232 5421 1464 5469 mortem
1509 5412 1578 5469 ab
1616 5411 1718 5468 hac
1764 5410 2042 5468 mundana

2157 3304 2347 3352 verunt
2375 3314 2571 3351 mecum
2609 3295 2664 3350 in
2709 3295 2869 3364 albis,
2898 3294 3028 3366 quia
3067 3294 3215 3367 digni
3257 3301 3416 3361 sunt;
3447 3295 3499 3352 id
3547 3304 3654 3365 est,
3703 3297 3765 3352 in

2152 3385 2315 3442 bonis
2339 3384 2617 3458 operibus.

2225 3512 2408 3579 (Vers.
2439 3510 2495 3580 5,
2540 3509 2622 3582 6.)
2663 3509 2767 3578 Qui
2810 3507 3011 3578 vicerit,
3040 3507 3116 3564 sic
3157 3508 3404 3563 vestietur
3431 3508 3764 3564 vestimentis

2151 3600 2332 3668 albis;
2394 3599 2452 3656 id
2504 3607 2606 3668 est,
2660 3598 2754 3672 qui
2801 3613 2898 3672 per
2947 3598 3328 3670 paenitentiam
3375 3605 3429 3652 et
3481 3597 3760 3670 lacrymas

2151 3689 2434 3746 diabolum
2486 3689 2704 3757 vicerit,
2754 3695 2809 3744 et
2857 3687 2994 3744 vitia
3041 3687 3228 3743 omnia
3275 3703 3308 3742 a
3351 3703 3408 3742 se
3449 3688 3756 3759 expulerit,

2151 3779 2398 3835 eamdem
2445 3777 2777 3834 munditiam
2824 3792 2987 3849 quam
3034 3775 3340 3847 baptizatus
3382 3775 3647 3848 possidet,
3702 3784 3757 3832 et

2153 3869 2267 3941 ipse
2313 3875 2702 3940 consequetur.
2748 3867 2876 3923 Haec
2907 3865 3031 3922 ideo
3060 3865 3218 3934 dicit,
3263 3873 3326 3922 ut
3374 3874 3428 3922 et
3475 3873 3752 3938 pastorem

2152 3957 2338 4014 Sardis
2393 3955 2674 4023 Ecclesiae,
2731 3964 2786 4011 et
2841 3970 3032 4011 omnes
3086 3954 3252 4009 etiam
3307 3961 3618 4026 peccatores
3684 3953 3752 4010 ad

2152 4046 2534 4120 paenitentiam
2572 4051 2850 4116 provocet.
2881 4044 2957 4098 Et
2980 4059 3087 4096 non
3113 4043 3288 4097 delebo
3317 4060 3500 4098 nomen
3535 4043 3653 4112 ejus
3689 4047 3752 4097 de

2155 4136 2288 4192 libro
2318 4135 2456 4190 vitaz.
2488 4133 2546 4189 Si
2594 4132 2796 4188 librum
2827 4131 2957 4186 vitae
2985 4131 3522 4202 praedestinationem
3564 4139 3747 4198 vocat,

2151 4225 2426 4298 quomodo
2453 4223 2520 4279 de
2572 4222 2714 4278 libro
2756 4221 2880 4276 vita:
2929 4221 3130 4292 aliquis
3163 4220 3332 4276 deleri
3377 4229 3571 4292 potest,
3619 4239 3744 4279 cum

2151 4313 2448 4387 Apostolus
2477 4312 2660 4368 dicat:
2727 4337 2745 4359 ι
2776 4311 2926 4378 Quos
2969 4318 3150 4367 autem
3182 4311 3613 4384 praedestinavit,
3647 4311 3746 4366 hos

2149 4414 2204 4462 et
2232 4405 2489 4462 vocavit:
2539 4411 2593 4460 et
2631 4420 2766 4476 quos
2797 4401 3037 4472 vocavit,
3079 4401 3180 4458 hos
3207 4410 3260 4458 et
3280 4401 3646 4473 justiﬁcavit:
3692 4409 3744 4458 et

2151 4513 2288 4570 quos
2303 4495 2649 4568 justificavit,
2673 4494 2818 4566 ipsos
2839 4502 2894 4549 et
2913 4491 3423 4564 gloriﬁcavit(Rom.
3438 4509 3560 4561 vm,
3578 4492 3729 4564 30)?-

2071 4559 2122 4620 D
2150 4559 2267 4642 biisi
2295 4559 2436 4641 forte
2457 4585 2532 4640 ita
2555 4559 2956 4656 intelligamus:
2991 4582 3128 4638 Sunt
3158 4559 3318 4637 multi
3347 4582 3439 4654 qui
3471 4559 3742 4638 abvhomi-

2153 4674 2315 4732 nibus
2347 4673 2484 4746 justi
2530 4680 2814 4746 putantur,
2847 4671 2942 4727 sed
2983 4672 3042 4726 in
3083 4680 3377 4742 conspectu
3416 4671 3514 4726 Dei
3546 4670 3737 4742 injusti

2151 4765 2444 4821 exsistunt.
2491 4764 2636 4834 Ergo
2683 4761 2935 4817 homines
2971 4759 3066 4832 qui
3112 4777 3203 4816 eos
3235 4759 3414 4832 justos
3443 4761 3734 4827 aestimant,

2141 4854 2254 4928 jam
2288 4855 2344 4910 in
2375 4854 2516 4910 libro
2564 4853 2663 4909 Dei
2701 4869 2794 4908 eos
2845 4851 3076 4924 scriptos
3117 4867 3231 4907 esse
3259 4860 3489 4924 putant:
3540 4851 3638 4908 sed
3681 4852 3735 4906 in

2147 4943 2236 4999 die
2271 4941 2490 5014 judicii,
2539 4959 2661 4998 cum
2704 4942 2848 4998 facta
2892 4942 3244 5012 reproborum
3277 4949 3439 5014 atque
3460 4941 3732 5013 justorum

2147 5033 2408 5089 omnibus
2477 5031 2767 5104 patebunt,
2832 5029 2950 5086 haec
3012 5030 3302 5102 inscriptio
3371 5039 3533 5103 atque
3601 5031 3734 5086 falsa

2147 5122 2387 5195 suspicio
2443 5138 2474 5176 a
2529 5120 2804 5175 mentibus
2861 5123 3005 5181 510
3051 5135 3238 5175 eorum
3287 5119 3578 5188 delabitur,
3608 5135 3730 5176 cum

2149 5236 2340 5278 eorum
2372 5218 2782 5275 damnationem
2823 5233 2922 5290 pro
2951 5215 3328 5288 impietatibus
3355 5215 3469 5271 suis
3497 5231 3732 5288 conspe-

2148 5313 2353 5370 xerint.
2401 5314 2475 5369 Et
2519 5312 2798 5383 conﬁtebor
2827 5328 3013 5366 nomen
3041 5309 3154 5380 ejus
3191 5327 3371 5365 coram
3398 5311 3561 5366 Patre
3600 5326 3726 5375 meo,

2149 5410 2199 5460 et
2249 5419 2430 5460 coram
2493 5403 2695 5474 angelis
2758 5401 2875 5458 Dei.
2939 5400 3224 5460 Confessio
3253 5399 3390 5462 .ista
3441 5407 3576 5457 tunc
3640 5401 3730 5456 ﬁet

522 5653 649 5725 (l2)
694 5655 774 5710 Ita
821 5671 993 5723 mss.;
1039 5655 1126 5712 ed.
1187 5671 1339 5722 vero,
1395 5670 1514 5728 quae
1563 5651 1706 5709 inter
1754 5668 1919 5709 voces
1967 5669 2033 5707 ex
2080 5655 2256 5724 patre,
2319 5665 2383 5707 ac
2432 5647 2582 5719 istas,
2644 5645 2812 5705 Duces
2875 5663 2996 5721 ergo
3051 5645 3228 5715 Moab,
3282 5645 3722 5720 interponuntur,

450 5729 896 5797 praetermittunt.
