3970 6396
156 393 270 452 869

1083 387 1541 446 BERENGAUDI
1577 383 1951 443 EXPOSITIO
1989 384 2059 440 IN
2097 345 2599 440 APOdALYPSlN.

3363 370 3469 430 870

159 520 454 577 nominum
479 519 777 592 justorum,
824 517 1050 592 quando
1096 516 1398 574 secundum
1428 514 1747 587 qualitatem
1779 516 1829 574 Α
1858 509 2196 568 crediderint
2244 524 2340 580 per
2368 473 2534 562 verba
2580 513 2676 560 tua
2735 503 2793 558 in
2823 519 2931 570 me,
2979 502 3292 558 adorabunt
3341 508 3470 556 ante

160 609 490 665 meritorum
521 609 897 682 unusquisque
941 607 1245 664 mercedem
1267 603 1520 676 recipiet.

243 718 426 790 (Vers.
460 718 538 788 7.)
573 719 646 774 Et
671 718 856 786 angelo
888 715 1270 786 Philadelphia;
1296 713 1545 769 Ecclesia:
1566 709 1758 765 scribe:

161 811 291 866 Haec
317 809 442 864 dicit
467 813 678 863 sanctus
705 815 752 862 et
779 824 977 874 versus,
1011 806 1102 876 qui
1147 807 1297 860 habet
1329 807 1525 860 clavem
1560 803 1759 859 David.

161 898 422 970 Legimus
450 897 508 952 in
537 897 680 952 libro
714 898 943 968 Regum,
975 895 1120 969 quod
1153 895 1362 951 dixerit
1393 895 1664 950 Dominus
1693 891 1764 947 ad

165 995 348 1051 David
374 1012 389 1050 :
435 1020 453 1042 ι
485 996 554 1050 Et
582 994 706 1062 erit,
739 1011 861 1050 cum
881 993 1174 1049 dormieris
1203 1009 1328 1048 cum
1361 991 1610 1064 patribus
1631 989 1762 1058 tuis,

165 1083 447 1140 suscitabo
501 1100 682 1139 semen
729 1091 909 1150 tuum,
959 1083 1106 1155 quod
1155 1081 1467 1152 egredietur
1497 1097 1566 1136 ex
1597 1088 1670 1146 te,
1711 1086 1766 1134 et

165 1170 406 1226 ﬁrmabo
435 1187 664 1242 regnum
701 1169 820 1242 ejus
858 1171 915 1225 in
961 1171 1378 1242 sempiternum.
1411 1171 1526 1240 Ego
1555 1184 1647 1224 ero
1678 1167 1764 1222 illi

167 1259 230 1314 in
281 1267 514 1331 patrem,
563 1267 616 1314 et
649 1259 764 1332 ipse
789 1260 894 1315 erit
923 1259 1060 1314 mihi
1088 1259 1146 1313 in
1176 1258 1354 1313 ﬁlium
1391 1259 1479 1326 (II
1504 1257 1626 1326 Reg.
1660 1272 1764 1322 vir,

171 1347 437 1419 12-11;).-
498 1349 614 1404 Hoc
663 1349 730 1404 de
776 1347 996 1404 Christo
1043 1364 1158 1403 esse
1202 1347 1411 1404 dictum
1444 1347 1631 1400 nullus
1659 1353 1765 1412 est,

167 1437 283 1492 nisi
347 1435 588 1509 perﬁdus
645 1437 886 1504 Judaeus,
937 1437 1031 1508 qui
1059 1435 1320 1506 ambigat.
1350 1436 1422 1492 Et
1452 1436 1510 1490 in
1539 1435 1764 1490 domum

166 1524 488 1581 obseratam
545 1527 735 1582 nullus
781 1525 892 1581 nisi
932 1542 1028 1598 per
1056 1527 1265 1581 clavem
1299 1531 1476 1596 potest
1513 1523 1761 1579 introire.

167 1613 352 1670 Filius
406 1631 534 1687 ergo
589 1616 689 1670 Dei
756 1613 921 1670 habet
967 1615 1177 1669 clavem
1234 1611 1434 1680 David,
1477 1613 1606 1684 quia
1653 1611 1766 1682 ipse

168 1704 455 1760 hominem
480 1703 778 1776 assumpsit
808 1721 877 1759 ex
908 1719 1101 1776 genere
1130 1702 1331 1770 David,
1363 1719 1523 1774 quem
1555 1703 1764 1758 clavem

167 1792 351 1850 David
380 1801 558 1861 vocat,
591 1810 688 1865 per
725 1809 889 1866 quem
923 1799 1166 1847 reserata
1193 1800 1322 1847 sunt
1351 1791 1618 1858 omnia,et
1646 1807 1766 1864 quas

169 1885 323 1940 Deus
383 1882 451 1938 ad
508 1881 710 1948 David,
769 1889 823 1937 et
870 1897 991 1953 quae
1019 1879 1200 1936 David
1223 1881 1292 1936 de
1321 1896 1386 1936 eo
1417 1881 1633 1938 locutus
1661 1887 1763 1936 est.
1796 1879 1842 1938 B

179 1971 289 2039 Qui
317 1971 518 2041 aperit,
547 1976 592 2024 et
626 1987 778 2025 nemo
817 1971 1020 2026 (audit:
1069 1970 1290 2038 claudit,
1322 1976 1369 2024 et
1399 1987 1547 2024 nemo
1575 1970 1768 2042 aperit.

169 2061 410 2134 Aperuit
438 2061 706 2116 Dominus
725 2061 880 2116 Iesus
907 2060 1160 2117 Christus
1175 2060 1345 2117 Vetus
1364 2060 1771 2116 Testamentum

169 2151 245 2206 ad
274 2149 636 2222 intelligenda
673 2148 865 2204 divina
885 2149 1148 2222 mysteria
1181 2165 1301 2220 qua:
1332 2149 1390 2204 in
1413 2165 1478 2204 eo
1507 2148 1768 2215 latebant,

169 2242 324 2316 quod
355 2243 541 2298 nullus
571 2242 824 2299 claudere
854 2242 1095 2314 poterit:
1147 2241 1345 2297 clausit
1383 2257 1513 2296 vero
1573 2239 1772 2294 obser-

174 2329 421 2385 vantiam
483 2328 680 2385 litterae
730 2330 920 2400 legalis
975 2327 1326 2400 superﬂuam,
1373 2343 1536 2400 quam
1585 2327 1772 2382 nullus

169 2419 389 2491 aperire
431 2419 652 2490 poterit.
701 2417 935 2490 Aperuit
977 2417 1142 2474 etiam
1185 2417 1351 2474 corda
1380 2415 1671 2488 gentilium
1702 2415 1771 2472 ad

173 2507 589 2580 percipiendam
619 2507 930 2563 doctrinam
962 2505 1112 2573 ﬁdei,
1145 2522 1265 2578 quae
1301 2505 1489 2560 nullus
1519 2521 1771 2576 persecu-

173 2605 267 2652 tor
315 2596 568 2653 claudere
624 2596 805 2667 potuit
839 2613 850 2652 :
911 2595 1111 2652 clausit
1139 2612 1270 2650 vero
1300 2605 1462 2668 atque
1494 2595 1772 2650 destruxit

171 2687 454 2743 culturam
485 2685 782 2754 idolorum,
813 2701 978 2758 quam
1000 2685 1188 2740 nullus
1207 2693 1617 2756 persecutorum
1649 2699 1770 2756 ape-

177 2773 292 2829 rire
323 2773 524 2846 potuit.
563 2773 796 2844 Aperuit
847 2772 1011 2828 etiam
1075 2771 1286 2828 aditum
1338 2773 1489 2844 regni
1534 2771 1773 2828 caalestis

172 2863 296 2918 suis
332 2861 540 2929 electis,
573 2860 720 2933 quod
749 2861 904 2915 nulla
932 2861 1018 2914 vis
1047 2860 1360 2916 daemonum
1398 2859 1650 2916 claudere
1680 2875 1772 2931 po-

175 2957 326 3008 test:
385 2950 587 3008 clausit
623 2965 754 3004 vero
781 2947 1034 3004 eumdem
1078 2947 1288 3004 aditum
1321 2948 1586 3021 reprobis,
1621 2947 1770 3020 quod

170 3039 371 3095 nullus
395 3038 475 3096 eis
502 3037 712 3110 aperire
737 3038 960 3110 poterit.

251 3147 435 3219 (Vers.
496 3145 578 3216 8.)
637 3146 752 3202 Scio
809 3163 971 3218 opera
1019 3152 1152 3203 tua:
1195 3163 1300 3201 ecce
1350 3145 1470 3200 dedi
1509 3160 1688 3200 coram
1731 3149 1777 3198 te

1871 600 2034 674 pedes
2077 607 2223 668 tuos,
2276 600 2630 668 deprecantes
2677 600 2740 648 ut
2768 609 2864 665 per
2910 601 2964 649 te
2994 592 3161 647 vitam
3209 597 3468 646 aeternam

1871 697 2296 763 consequantur.
2328 691 2402 744 Et
2429 705 2516 758 ego
2558 693 2602 742 te
2626 685 2842 740 servabo
2888 685 2954 738 ab
2987 685 3120 739 hora
3151 683 3468 749 tentationis,

1871 799 1988 854 quw
2029 787 2252 835 ventura
2292 785 2365 834 est
2409 779 2466 832 in
2493 777 2798 832 universum
2827 776 3024 844 orbem,
3065 781 3262 830 tenta-re
3298 789 3472 828 omnes

1873 873 1965 943 qui
1994 871 2298 926 inhabitant
2328 877 2543 924 terram.
2581 869 2726 923 Hora
2755 857 3074 924 tentationis
3101 867 3247 922 diem
3271 865 3472 938 judicii

1872 959 2146 1033 signiﬁcat
2185 978 2197 1015 :
2251 958 2610 1014 tentationem
2661 965 2846 1013 autem
2889 959 2988 1028 pro
3033 953 3472 1010 manifestatione

1872 1050 2073 1124 posuit,
2107 1049 2236 1121 quia
2264 1049 2616 1120 singulorum
2649 1064 2826 1104 causae
2867 1054 3000 1102 tunc
3029 1044 3474 1101 manifestabun-

1874 1151 1964 1199 tur
1995 1139 2134 1212 (20).
2167 1141 2239 1194 Et
2273 1142 2334 1193 in
2365 1140 2559 1195 Exodo
2590 1140 2858 1210 legimus:
2909 1163 2925 1184 ι
2955 1139 3151 1194 Tentat
3177 1155 3276 1193 vos
3306 1139 3471 1204 Deus,

1874 1235 1935 1284 ut
1965 1229 2101 1284 sciat
2129 1229 2175 1283 si
2205 1227 2450 1300 diligatis
2493 1246 2616 1284 eum
2651 1229 2832 1300 (Deut.
2860 1244 2985 1294 xm,
3021 1227 3103 1298 3),
3131 1251 3148 1273 ι
3195 1227 3249 1282 id
3279 1233 3379 1293 est,
3412 1233 3474 1280 ut

1875 1317 2230 1373 manifestum
2281 1318 2376 1373 ﬁat
2422 1325 2476 1373 et
2523 1325 2778 1390 appareat
2827 1315 3106 1383 omnibus,
3153 1315 3200 1370 si
3241 1315 3477 1385 diligitis

1874 1423 2020 1462 eum.
2054 1406 2368 1463 Secundum
2404 1407 2553 1463 hunc
2581 1406 2750 1479 igitur
2792 1422 3012 1461 sensum
3045 1405 3180 1460 hora
3211 1403 3476 1460 tentatio-

1875 1496 1962 1553 nis
1992 1495 2129 1550 hora
2159 1495 2629 1552 manifestationis
2661 1495 2996 1566 designatur,
3031 1494 3250 1566 quando
3278 1493 3479 1564 singu-

1877 1583 2056 1638 lorum
2098 1585 2241 1642 facta
2283 1587 2542 1641 omnibus
2580 1585 3097 1640 manifestabuntur.
3131 1585 3308 1656 Aqua
3345 1581 3480 1638 hora

1879 1681 2196 1738 tentationis
2229 1699 2333 1737 nos
2361 1689 2416 1736 et
2445 1697 2636 1736 omnes
2664 1681 2868 1736 electos
2897 1698 3026 1737 suos
3062 1679 3335 1736 Dominus
3361 1679 3480 1734 sal—

1875 1774 2050 1829 vabit.

1950 1863 2132 1934 (Vers.
2169 1862 2283 1934 ll.)
2337 1865 2470 1920 Ecce
2518 1863 2666 1918 venio
2707 1863 2848 1918 cito:
2897 1869 3017 1918 tene
3061 1861 3204 1934 quod
3232 1860 3404 1927 habes,
3449 1877 3485 1914 u

1879 1969 2025 2006 nemo
2063 1952 2291 2023 accipiat
2331 1968 2581 2006 coronam
2613 1957 2776 2006 tuam.
2819 1951 2962 2006 Tene
3007 1950 3154 2024 quod
3192 1949 3378 2016 habes,
3423 1949 3480 2005 id

1881 2049 1983 2109 est,
2033 2040 2241 2096 bonum
2275 2041 2422 2114 quod
2471 2040 2659 2108 habes,
2711 2057 2882 2113 usque
2911 2041 2969 2096 in
3016 2040 3182 2096 ﬁnem
3213 2037 3341 2093 vitae
3371 2045 3480 2093 tua:

1879 2134 2023 2182 tene.
2081 2129 2144 2183 Ut
2179 2145 2326 2182 nemo
2363 2127 2588 2198 accipiat
2641 2144 2889 2182 coronam
2937 2135 3104 2194 tuam,
3162 2124 3219 2180 id
3257 2131 3360 2192 est,
3420 2131 3484 2178 ut

1881 2217 2110 2289 gloriam
2164 2234 2285 2290 quae
2343 2219 2444 2274 tibi
2485 2219 2718 2276 debetur
2747 2260 2762 2285 ,
2817 2219 3006 2276 nullus
3043 2219 3162 2276 sine
3199 2225 3254 2274 te
3297 2217 3483 2290 possi-

1880 2311 2024 2367 deat.
2107 2333 2124 2342 -

1954 2397 2136 2470 (Vers.
2175 2397 2263 2467 l2,
2299 2399 2412 2470 13.)
2458 2401 2562 2468 Qui
2597 2403 2799 2470 vicerit,
2837 2402 3037 2473 faciam
3067 2403 3224 2458 illum
3275 2402 3484 2456 colum-

1879 2509 2004 2548 nam
2036 2494 2091 2548 in
2139 2496 2325 2566 templo
2362 2495 2461 2550 Dei
2489 2497 2608 2565 mei,
2641 2503 2687 2551 et
2727 2497 2880 2567 foras
2909 2515 3015 2553 non
3054 2497 3348 2568 egredietur
3373 2514 3483 2551 am-

1875 2585 2041 2656 plius.
2079 2585 2258 2642 Potest
2287 2602 2384 2657 per
2437 2589 2704 2658 templum
2735 2589 2984 2644 Ecclesia
3029 2589 3340 2660 designari:
3388 2605 3486 2660 per

1880 2674 2164 2730 columnas
2211 2683 2415 2744 autem,
2451 2691 2572 2746 quae
2613 2685 2922 2733 sustentant
2961 2678 3249 2750 templum,
3282 2677 3480 2749 praedi-

1879 2777 2110 2826 catores.
2141 2771 2276 2826 Nam
2321 2778 2373 2826 et
2405 2772 2608 2828 Paulus
2655 2772 2934 2843 apostolus
2965 2773 3184 2830 Petrum
3215 2781 3271 2829 et
3316 2774 3484 2830 Jaco-

1881 2859 2012 2915 bum
2033 2860 2320 2916 columnas
2338 2861 2597 2918 Ecclesiae
2619 2871 2774 2919 vocat
2802 2864 3009 2932 (Galat.
3043 2881 3105 2933 ιι,
3126 2865 3184 2937 9)
3211 2883 3226 2932 ;
3245 2882 3310 2922 eo
3333 2866 3482 2938 quod

1881 2965 2046 3020 super
2098 2949 2246 3020 ipsos
2293 2949 2562 3006 aediﬁcata
2607 2951 2680 3006 sit
2720 2951 2987 3020 Ecclesia,
3034 2953 3179 3010 sicut
3216 2956 3484 3012 Dominus

1882 3041 2027 3098 dixit
2077 3043 2236 3098 Petro
2263 3061 2274 3098 :
2321 3067 2339 3090 α
2369 3043 2451 3100 Tu
2479 3061 2536 3100 es
2562 3044 2776 3113 Petrus,
2809 3055 2864 3102 et
2897 3053 3061 3118 super
3102 3047 3246 3104 hanc
3274 3055 3483 3120 petram

1883 3133 2168 3192 aediﬁcabo
2201 3135 2506 3192 Ecclesiam
2552 3152 2727 3192 meam
2763 3137 3099 3207 (Matth.xvr,
3133 3137 3246 3208 18.)
3280 3161 3298 3184 ι
3340 3137 3484 3194 Sed-

168 3235 371 3292 ostium
427 3239 670 3306 apertum
723 3235 866 3305 quod
918 3252 1066 3290 nemo
1112 3241 1280 3308 potest
1331 3236 1594 3301 claudere,
1649 3235 1776 3306 quia
1804 3235 1854 3298 ρ
1885 3225 2106 3283 videtur
2152 3236 2380 3301 propter
2425 3228 2549 3298 hoc,
2581 3230 2727 3304 quod
2775 3231 3058 3304 sequitur:
3092 3233 3168 3288 Et
3193 3231 3344 3301 foras
3380 3248 3488 3286 non

178 3325 446 3380 modicam
504 3325 664 3380 habes
712 3324 978 3393 virtutem,
1019 3331 1068 3380 et
1105 3325 1326 3380 servasti
1350 3325 1561 3379 verbum
1584 3341 1776 3392 meum,

173 3422 228 3472 et
267 3429 373 3469 non
399 3413 599 3486 negasti
627 3430 813 3470 nomen
840 3431 1030 3469 meum.
1063 3413 1298 3472 Videtur
1330 3413 1470 3469 mihi
1501 3412 1647 3486 quod
1677 3413 1778 3468 iste

177 3503 416 3575 angelus
440 3503 703 3560 Ecclesiae
733 3501 1132 3576 Philadelphiae
1164 3520 1275 3559 non
1313 3503 1446 3559 satis
1476 3503 1533 3558 in
1571 3503 1780 3560 divinis

176 3591 483 3663 Scripturis
521 3591 687 3648 fuerit
713 3591 984 3660 eruditus,
1023 3599 1076 3648 et
1105 3591 1230 3647 ideo
1258 3591 1465 3648 dixerit
1493 3609 1619 3648 eum
1651 3609 1779 3646 mo—

178 3680 368 3739 dicam
417 3679 675 3760 habuisse
727 3679 990 3736 virtutem
1035 3679 1104 3736 ad
1138 3680 1502 3736 revincendos
1526 3679 1782 3736 videlicet

182 3769 446 3826 inimicos
473 3767 602 3824 ﬁdei
635 3767 902 3824 veritatis.
935 3769 1007 3826 Et
1049 3777 1130 3825 est
1158 3785 1366 3826 sensus:
1400 3768 1540 3838 Quia
1564 3769 1622 3824 in
1651 3786 1784 3842 per-

182 3857 469 3916 secutione
500 3864 758 3914 constans
777 3856 1026 3926 fuisti,et
1055 3859 1282 3914 servasti
1314 3858 1544 3914 verbum
1576 3873 1782 3924 meum,

187 3948 249 4006 id
279 3957 380 4017 est,
414 3965 444 4004 a
474 3947 863 4021 przedicatione
889 3949 1043 4006 verbi
1075 3950 1180 4006 mei
1205 3967 1317 4005 non
1345 3949 1663 4022 cessasti,[et
1690 3966 1784 4004 no-

193 4053 322 4094 men
357 4054 537 4094 meum
589 4051 700 4092 non
739 4037 971 4110 negasti;
1005 4039 1128 4094 ideo
1159 4039 1289 4112 quia
1315 4039 1589 4096 modicam
1620 4039 1786 4094 habes

189 4129 483 4196 virtutem,
515 4127 639 4185 dedi
681 4145 865 4186 coram
896 4137 950 4186 te
981 4132 1184 4188 ostium
1213 4139 1461 4204 apertum
1492 4131 1548 4186 in
1579 4129 1788 4186 divinis

187 4219 513 4292 Scripturis,
564 4228 626 4276 ut
683 4221 962 4294 intelligas
989 4223 1256 4295 mysteria
1283 4223 1600 4279 divinarum
1631 4220 1790 4278 Scri-

191 4317 486 4384 pturarum
513 4328 524 4364 :
559 4310 706 4382 quod
737 4328 900 4368 nemo
929 4313 1132 4384 poterit
1166 4312 1440 4382 claudere,
1471 4313 1529 4370 id
1559 4320 1658 4382 est,
1689 4330 1791 4369 sa—

191 4395 423 4470 pientiai
481 4412 601 4468 quae
655 4397 759 4454 tibi
795 4399 1040 4469 dabitur,
1082 4401 1271 4458 nullus
1310 4401 1511 4474 poterit
1541 4403 1791 4459 resistere

194 4500 575 4545 InlmlCOI‘llm.

1884 3317 2178 3388 egredietur
2212 3319 2481 3390 amplius;
2531 3336 2642 3375 non
2681 3319 2748 3375 ad
2787 3327 3110 3391 praesentem
3156 3319 3485 3384 Ecclesiam,

1887 3406 1979 3462 sed
2019 3407 2087 3463 ad
2117 3408 2394 3464 cmlestem
2439 3408 2712 3480 pertinere
2757 3407 2899 3466 hanc
2944 3408 3296 3464 sententiam.
3341 3409 3480 3464 Nam

1889 3497 2048 3552 multi
2075 3497 2321 3567 fuerunt,
2357 3499 2453 3571 qui
2502 3499 2776 3556 columnae
2824 3499 3084 3555 Ecclesia:
3121 3499 3484 3557 dicebantur:

1888 3585 1982 3641 sed
2012 3593 2235 3658 propter
2290 3604 2512 3660 pravam
2550 3588 2858 3645 doctrinam
2898 3605 3108 3658 eorum,
3145 3588 3213 3645 ab
3240 3605 3303 3646 ea
3324 3589 3488 3646 exie-

1889 3687 2042 3745 runt,
2091 3681 2235 3738 sicut
2277 3680 2384 3736 fuit
2413 3679 2701 3752 Origenes,
2753 3689 2806 3737 et
2839 3680 2934 3736 alii
2963 3679 3145 3736 multi.
3194 3680 3296 3736 Per
3334 3687 3487 3735 tem—

1891 3772 2042 3844 plum
2085 3789 2212 3844 ergo
2243 3772 2481 3830 caelestis
2527 3771 2818 3842 habitatio,
2861 3791 2958 3846 per
2997 3773 3312 3830 columnam
3360 3787 3491 3828 vero

1892 3863 2270 3936 unusquisque
2303 3864 2510 3919 electus
2544 3869 2722 3934 potest
2759 3863 3055 3936 designari.
3095 3865 3241 3936 Ergo
3271 3864 3365 3937 qui
3395 3863 3494 3917 vi-

1893 3954 2030 4010 cerit
2075 3955 2262 4011 omnia
2288 3961 2630 4010 tentamenta
2665 3954 2940 4011 diabolica
2967 3970 3265 4027 omnesque
3292 3969 3494 4012 carna-

1894 4043 1972 4098 les
2002 4044 2331 4116 voluptates,
2375 4045 2640 4100 columna
2677 4043 2736 4098 in
2779 4045 2984 4116 templo
3014 4044 3110 4100 Dei
3148 4044 3404 4111 edicitur,
3437 4043 3494 4099 id

1896 4141 2007 4201 est,
2047 4132 2105 4188 in
2152 4133 2362 4190 caelesti
2407 4132 2789 4189 beatitudine:
2841 4142 2895 4189 et
2941 4134 3084 4190 sicut
3129 4133 3388 4188 columna
3436 4133 3494 4188 in

1897 4222 2037 4290 loco,
2067 4223 2124 4278 in
2154 4239 2262 4295 quo
2287 4223 2892 4292 statuitur,ﬁrmissima
2911 4223 3210 4280 stabilitate
3241 4224 3358 4295 (2t)
3377 4239 3494 4294 per-

1897 4321 2128 4384 severat,
2167 4315 2242 4370 ita
2279 4323 2334 4370 et
2362 4315 2746 4388 unusquisque
2787 4316 2996 4371 electus
3029 4315 3086 4370 in
3113 4315 3319 4371 ctelesti
3357 4316 3497 4370 bea-

1898 4402 2138 4460 titudine
2183 4411 2293 4458 tam
2334 4404 2712 4461 ﬁrmissimam
2759 4405 3116 4462 stabilitatem
3167 4420 3198 4459 a
3249 4411 3494 4460 creatore

1900 4512 1999 4550 suo
2045 4493 2421 4566 consequitur,
2486 4502 2548 4548 ut
2591 4510 2874 4565 nunquam
2935 4493 3002 4547 ab
3049 4509 3112 4547 ea
3157 4491 3492 4557 divellatur;

273 4592 451 4659 (Vers.
485 4592 567 4663 9.)
610 4594 742 4648 Ecce
778 4591 911 4648 dabo
940 4592 1002 4649 de
1029 4611 1290 4667 synagoga
1321 4599 1552 4667 Satanae,
1580 4599 1674 4670 qui
1699 4599 1794 4655 ἀί-
1821 4597 1870 4656 D
1901 4587 2362 4661 quemadmodum
2392 4587 2620 4642 avulsus
2649 4593 2730 4642 est
2759 4585 3032 4651 diabolus,
3064 4582 3160 4656 qui
3193 4583 3260 4639 de
3289 4581 3498 4638 caelesti

193 4688 322 4738 cunt
352 4699 406 4736 se
466 4682 677 4736 Judceos
729 4699 852 4750 esse,
912 4689 961 4738 et
1011 4701 1116 4738 non
1161 4693 1302 4754 sunt,
1335 4689 1423 4742 sed
1447 4689 1790 4746 mentiuntur.

196 4775 333 4830 Ecce
373 4771 506 4827 dabo
555 4773 617 4827 de
665 4790 927 4844 synagoga
973 4776 1200 4844 Satanw,
1249 4777 1577 4835 subauditur
1621 4797 1797 4852 quos-

197 4864 352 4930 dam,
386 4862 444 4918 id
485 4871 586 4931 est,
615 4879 684 4918 ex
713 4863 936 4932 Iudaeis,
969 4865 1064 4937 qui
1102 4875 1230 4924 sunt
1265 4885 1538 4941 synagoga
1561 4869 1793 4940 Satanae,

200 4953 299 5027 qui
333 4953 436 5009 tibi
457 4954 912 5023 adversabantur(
922 4956 1202 5028 l3—i9),et
1216 4976 1450 5031 quorum
1473 4961 1797 5018 infestatio-

202 5059 330 5098 nem
374 5043 591 5101 assidue
623 5043 910 5113 tolerabas,
946 5052 1004 5101 ut
1031 5046 1255 5103 credant
1284 5064 1380 5120 per
1404 5049 1571 5106 verba
1601 5059 1694 5106 tua
1738 5048 1798 5104 in

202 5147 314 5187 me.

283 5228 462 5300 (Vers.
513 5229 617 5301 10.)
661 5231 793 5286 Ecce
841 5229 1036 5286 faciam
1065 5231 1190 5286 illos
1219 5238 1277 5287 ut
1305 5237 1536 5303 veniant,
1578 5241 1627 5290 et
1654 5236 1801 5291 ado-

202 5323 326 5374 rent
380 5325 499 5373 ante
535 5321 692 5391 pedes
749 5327 882 5389 tuos,
931 5327 979 5376 et
1015 5322 1176 5376 scient
1203 5323 1332 5393 quia
1361 5324 1528 5378 dilexi
1567 5331 1628 5393 te,
1661 5342 1803 5396 quo—

203 5407 357 5463 niam
401 5411 627 5464 servasti
675 5411 885 5466 verbum
928 5411 1200 5482 patimtiae
1229 5429 1352 5467 mete
1382 5431 1402 5479 ;
1431 5412 1487 5469 id
1517 5422 1618 5483 est,
1673 5432 1800 5472 cum

285 5514 496 5598 (13-19)
554 5515 732 5598 Edito,
785 5517 1014 5598 Satanae,
1065 5518 1158 5589 qui
1215 5518 1308 5574 tibi
1334 5520 1799 5576 adversabantur:

209 5603 342 5642 mss.
375 5595 578 5654 autem,
610 5596 671 5652 ut
701 5595 758 5642 in
787 5596 1070 5646 contextu.

287 5657 404 5738 (20)
447 5658 750 5738 Sicpmnes
779 5677 932 5738 mss;
963 5660 1096 5738 edit.
1128 5678 1280 5738 vero,
1314 5661 1442 5734 quia
1470 5661 1804 5738 singulorum

209 5727 358 5803 facta
383 5727 642 5784 omnibus
686 5727 1184 5802 manifestabuntur.
1227 5727 1275 5792 Ᾰ
1319 5727 1427 5806 qua
1465 5727 1599 5794 hora
1627 5741 1806 5794 tenta-

1900 4677 2244 4732 beatitudine
2283 4675 2647 4748 superbiendo
2692 4675 2910 4730 cecidit.
2953 4675 3028 4728 Et
3069 4672 3298 4727 scribam
3338 4688 3500 4742 super

1901 4785 2013 4823 eum
2051 4786 2239 4823 nomen
2267 4768 2366 4824 Dei
2396 4767 2513 4842 mei.
2560 4769 2772 4823 Nomen
2802 4765 2906 4821 hoc
2951 4765 3050 4820 Dei
3080 4773 3161 4820 est
3189 4774 3454 4821 aeternum
3482 4783 3494 4822 :

1902 4880 2103 4921 nomen
2133 4881 2258 4936 ergo
2301 4861 2424 4930 Dei,
2467 4859 2614 4934 quod
2641 4869 2722 4916 est
2760 4868 3048 4928 aeternum,
3093 4875 3256 4930 super
3286 4853 3500 4914 unum-

1903 4971 2173 5029 quemque
2195 4953 2406 5024 justum
2440 4949 2724 5016 scribitur,
2751 4949 2974 5022 quando
2995 4948 3270 5004 aeternitas
3296 4948 3346 5002 ei
3371 4965 3499 5004 cum

1903 5047 2140 5103 Domino
2165 5041 2520 5118 permanendi
2551 5040 2804 5112 largitur.
2834 5043 2908 5096 Et
2935 5059 3120 5097 nomen
3149 5041 3376 5096 civitatis
3405 5043 3504 5098 Dei

1904 5137 2004 5192 mei
2048 5155 2195 5192 nocte
2239 5133 2554 5198 Jerusalem,
2598 5150 2715 5204 qua
2754 5133 3012 5189 descendit
3051 5134 3113 5190 de
3147 5135 3275 5190 cmlo
3317 5153 3352 5190 a
3395 5136 3503 5190 Deo

1905 5246 2034 5283 meo.
2086 5229 2237 5283 Nova
2286 5227 2586 5283 Jerusalem
2636 5226 2733 5282 illa
2789 5234 2870 5282 est
2913 5229 3170 5297 caelestis,
3229 5246 3349 5303 quae
3391 5245 3503 5285 non

1907 5337 1975 5375 ex
2004 5318 2301 5391 lapidibus,
2333 5317 2476 5374 sicut
2505 5327 2688 5386 vetus,
2727 5318 2822 5374 sed
2851 5336 2922 5374 ex
2949 5320 3153 5376 sanctis
3184 5319 3506 5377 hominibus

1909 5407 2154 5482 quotidie
2199 5407 2526 5464 aediﬁcatur.
2557 5409 2857 5466 Jerusalem
2901 5419 3083 5466 autem
3114 5409 3508 5483 interpretatur

1912 5518 2090 5586 tionis,
2123 5525 2227 5575 etc.

1983 5588 2338 5665 (2l)_Voces,
2388 5590 2700 5665 ﬁrmissima
2742 5591 3046 5665 stabilitate,
3089 5607 3262 5665 usque
3290 5591 3360 5650 ad
3400 5600 3510 5651 tam

1910 5661 2273 5734 ﬁrmissimam
2299 5661 2659 5731 stabilitatem,
2688 5678 2718 5718 θ
2744 5679 2873 5720 mss.
2904 5661 3291 5722 restituuntur.
