3970 6376
527 375 627 433 871

1535 374 1630 430 AD
1669 373 1905 430 OPEBA
1941 374 1997 430 S.
2041 372 2373 430 AMBROSII
2403 372 2780 430 APPENDIX.

3735 373 3853 429 872

526 501 669 558 visio
703 501 870 573 pacis,
899 498 956 555 id
985 507 1066 554 est
1091 497 1232 554 visio
1268 497 1390 554 Dei.
1418 498 1630 554 Nomen
1657 515 1785 568 ergo
1813 498 2115 554 Jerusalem
2145 499 2197 558 Α
2225 499 2445 554 culmen
2486 496 2840 569 perfectionis
2863 497 3112 553 excrevit
3142 496 3281 570 (23).
3319 497 3428 554 Iste
3454 503 3644 553 autem
3677 512 3852 570 prae-

528 608 690 664 super
735 606 1184 664 unumquemque
1225 589 1458 646 electum
1507 589 1790 658 scribitur,
1833 590 1965 645 dum
2017 590 2121 648 hoc

528 681 828 753 unicuique
876 681 1232 746 conceditur,
1281 688 1342 735 ut
1388 681 1562 736 Deum
1610 680 1728 735 sine
1773 678 1882 735 ﬁne
1933 680 2122 736 videre

530 779 820 827 mereatur.
862 770 1072 827 Aliter:
1123 771 1331 825 Nomen
1375 769 1671 825 Jerusalem
1703 786 1865 841 super
1909 787 2121 825 unum—

529 885 800 944 quemque
823 869 1058 924 electum
1087 867 1366 933 scribitur,
1393 883 1456 922 eo
1483 867 1629 940 quod
1655 865 1768 936 ipse
1797 866 2118 933 Jerusalem,

531 961 588 1016 in
619 977 779 1033 quem
811 961 955 1016 Deus
1001 976 1223 1031 regnare
1254 959 1531 1031 dignetur,
1563 958 1619 1013 in
1672 959 1927 1015 societate
1957 959 2122 1014 vide-

530 1056 658 1112 licet
686 1056 1000 1127 angelorum
1051 1054 1408 1126 omniumque
1451 1055 1776 1122 electorum,
1809 1053 1904 1126 qui
1953 1054 2122 1109 Jeru-

530 1148 695 1202 salem
725 1147 964 1204 cmlestis
991 1153 1278 1202 vocantur.
1311 1144 1415 1200 Sed
1448 1145 1671 1212 mirum,
1703 1161 1802 1200 cur
1821 1146 2119 1200 Jerusalem

528 1236 596 1292 de
641 1237 795 1292 caelis
840 1236 1182 1294 descendisse
1224 1237 1448 1306 dicitur,
1496 1255 1620 1294 cum
1657 1240 1893 1296 sciamus
1923 1242 2122 1296 electos

528 1339 717 1380 omnes
749 1342 780 1380 a
810 1327 971 1382 terris
998 1327 1064 1383 ad
1095 1329 1262 1384 ccelos
1305 1329 1670 1386 conscendere
1709 1331 1979 1404 quotidie,
2011 1348 2122 1387 non

527 1420 596 1474 de
635 1421 950 1478 coelestibus
997 1421 1065 1476 ad
1119 1430 1335 1478 terrena
1383 1423 1579 1480 relabi.
1628 1425 1735 1482 Sed
1778 1427 2015 1484 Domino
2055 1427 2123 1483 de

527 1511 682 1568 coelis
737 1513 805 1569 ad
852 1514 1289 1586 redemptionem
1339 1517 1556 1587 generis
1609 1519 1836 1574 humani
1886 1521 2124 1578 descen-

528 1599 712 1669 dente,
754 1606 916 1661 simul
963 1605 1127 1662 etiam
1161 1607 1335 1663 sancti
1379 1609 1814 1680 descenderunt;
1851 1615 1979 1686 quia
2007 1615 2120 1687 jam

529 1707 626 1762 per
670 1695 1168 1765 praedestinationis
1212 1701 1438 1768 gratiam
1485 1703 1567 1760 illi
1616 1707 1897 1780 conjuncti
1946 1718 2120 1779 erant,

529 1794 666 1851 quos
697 1799 792 1854 per
817 1785 1251 1846 misericordiam
1279 1809 1432 1850 suam
1463 1795 1732 1855 redimere
1753 1805 1891 1862 511
1924 1803 2122 1859 venie-

528 1874 639 1934 bat.
672 1881 744 1936 Et
788 1899 973 1939 nomen
1011 1903 1177 1943 meum
1205 1907 1433 1958 novum;
1486 1894 1749 1954 videlicet
1790 1905 1855 1953 ut
1898 1908 2126 1956 vocetur

529 1970 676 2030 ﬁlius
703 1977 822 2045 Dei,
855 1981 998 2040 sicut
1026 1993 1080 2041 et
1104 2002 1202 2056 ego
1231 2004 1350 2044 sum
1383 1989 1561 2048 Filius
1587 1994 1706 2051 Dei.

601 2066 781 2135 (Vers.
833 2071 945 2142 14.)
997 2075 1071 2129 Et
1107 2078 1292 2146 angelo
1338 2079 1606 2136 Laodiceae
1652 2084 1898 2139 Ecclesiae
1925 2085 2118 2142 scribe:

526 2155 648 2210 Haec
677 2159 837 2216 dicit:
879 2163 1064 2233 Amen,
1100 2169 1239 2221 testis
1271 2169 1440 2240 ﬁdelis
1477 2177 1524 2225 et
1549 2189 1723 2227 verus.
1757 2175 1952 2242 Amen,
1995 2191 2122 2231 vere

527 2243 643 2300 sive
674 2246 909 2306 fideliter
934 2251 1360 2326 interpretatur:
1402 2259 1550 2330 quod
1579 2268 1660 2315 est
1687 2277 1872 2330 amen,
1906 2261 2011 2318 hoc
2040 2270 2120 2318 est

526 2335 680 2391 testis
708 2337 886 2395 ﬁdelis
930 2351 984 2398 et
1023 2360 1206 2400 verus.
1245 2347 1347 2412 Qui
1390 2354 1465 2402 est
1500 2349 1826 2420 principium
1863 2357 2122 2406 creatura;

525 2423 642 2480 Dei.
694 2428 814 2482 Non
863 2430 987 2489 ideo
1035 2451 1092 2490 se
1126 2433 1458 2508 principium
1503 2451 1764 2497 creaturas
1814 2441 1915 2496 Dei
1960 2441 2116 2512 dicit,

527 2513 675 2585 quod
717 2516 831 2587 ipse
860 2520 932 2576 sit
961 2532 1194 2592 creatus,
1227 2525 1317 2580 sed
1356 2527 1501 2599 quod
1545 2529 1613 2585 ab
1643 2531 1766 2604 ipso
1795 2534 1982 2590 omnia
2009 2534 2121 2590 sint

525 2611 724 2672 creata,
764 2614 824 2662 ut
853 2617 984 2680 puta
1029 2612 1361 2670 architectus
1390 2617 1520 2673 fecit
1565 2618 1828 2678 domum:
1879 2623 1925 2678 si
1956 2623 2121 2678 inter-

527 2695 804 2762 rogaveris
820 2699 944 2771 quis
965 2700 1130 2758 fuerit
1150 2703 1481 2777 principium
1509 2707 1728 2778 domus,
1747 2711 1965 2769 dicetur
1985 2713 2115 2770 tibi:

524 2781 765 2874 Artifex,
798 2787 891 2858 qui
935 2803 1053 2844 eam
1100 2792 1254 2863 prius
1297 2802 1478 2851 mente
1535 2799 1808 2871 concepit,
1849 2809 1902 2856 et
1936 2811 2122 2874 postea

525 2869 820 2930 aediﬁcavit
842 2895 856 2944 ;
880 2879 1009 2950 quia
1033 2881 1232 2938 domus
1251 2883 1594 2960 sibimetipsi
1626 2869 1961 2962 principium
1993 2890 2121 2946 dare

527 2975 638 3016 non
659 2965 866 3032 potuit.

601 3058 781 3127 (Vers.
819 3063 932 3135 15.)
964 3065 1080 3121 Scio
1119 3085 1279 3138 opera
1309 3076 1420 3139 tua,
1450 3072 1576 3142 quia
1605 3090 1766 3144 neque
1785 3073 2018 3146 frigidus
2048 3093 2120 3146 es,

525 3165 688 3220 neque
729 3155 952 3244 calidus.
997 3161 1253 3233 Frigidus
1298 3181 1409 3222 non
1457 3175 1608 3237 erat;
1658 3170 1820 3242 quia,
1870 3172 2122 3244 quamvis

527 3257 691 3331 opera
729 3242 854 3300 ﬁdei
887 3263 998 3304 non
1029 3223 1272 3321 haberet,
1301 3256 1416 3311 sola
1447 3223 1554 3313 ﬁde
1583 3223 1638 3315 se
2151 3223 2195 3284 ϐ

527 3330 740 3388 mabat:
774 3336 986 3394 calidus
1023 3356 1132 3396 non
1162 3350 1296 3412 erat,
1337 3343 1467 3417 quia
1511 3330 1749 3404 charitas
1794 3348 1878 3404 illi
1911 3348 2116 3407 deerat.

531 3423 740 3480 Utinam
786 3426 1020 3500 frigidus
1053 3448 1204 3502 esses,
1253 3441 1348 3490 aut
1382 3438 1617 3494 calidus:
1666 3437 1722 3494 id
1771 3449 1872 3509 est,
1905 3442 2118 3498 utinam

524 3522 620 3569 aut
666 3515 934 3574 charitate
981 3520 1242 3592 ferveres,
1299 3535 1397 3582 aut
1451 3535 1502 3582 te
1547 3535 1920 3600 peccatorem,
1980 3531 2122 3590 sicut

524 3621 601 3672 es,
657 3608 986 3680 mstimares;
1043 3622 1106 3670 ut
1150 3631 1249 3686 per
1301 3617 1556 3674 timorem
1616 3619 1762 3692 ignis
1819 3623 2010 3678 aeterni
2067 3631 2120 3680 et

527 3695 904 3792 paenitentiam
963 3701 1032 3758 ad
1087 3703 1232 3762 bona
1305 3723 1470 3780 opera
1535 3709 1745 3782 agenda
1803 3711 2122 3786 impellere-

525 3798 620 3839 1'18.

600 3873 782 3944 (Vers.
819 3879 930 3954 16.)
975 3881 1076 3938 Sed
1119 3885 1246 3956 quia
1276 3886 1479 3962 tepidus
1518 3909 1589 3961 es,
1629 3891 1880 3965 incipiam
1922 3902 1967 3951 te
1993 3913 2122 3951 evo-

528 3978 666 4054 mere
716 3985 781 4022 ea:
835 3989 925 4026 ore
968 3991 1098 4030 meo.
1153 3978 1310 4050 Aqua
1352 3981 1534 4054 tepida
1581 3982 1626 4038 si
1677 3983 1873 4040 hausta
1931 3983 2120 4053 fuerit,

533 4053 814 4116 fastidium
866 4073 1130 4134 generat:
1172 4053 1593 4142 ideoquefacile
1637 4071 1904 4144 rejicitur.
1952 4075 2014 4129 In
2061 4090 2124 4130 os

532 4163 664 4205 vero
703 4153 926 4208 Domini
974 4162 1106 4211 tunc
1135 4157 1496 4230 ingredimur,
1535 4163 1752 4235 quando
1795 4181 1890 4234 per
1933 4163 2125 4235 bapti-

530 4265 708 4305 smum
738 4266 769 4304 a
799 4248 952 4304 vitiis
981 4248 1240 4305 omnibus
1269 4253 1572 4322 emundati,
1595 4253 1840 4310 membra
1867 4251 1984 4324 ejus
2011 4252 2123 4309 eﬁi-

527 4338 726 4394 cimur.
760 4339 934 4410 Igitur
957 4339 1002 4394 si
1030 4339 1193 4396 ﬁdem
1222 4357 1344 4415 quae
1371 4359 1468 4415 per
1498 4342 1820 4400 charitatem
1844 4349 2124 4415 operatur,

527 4436 580 4486 et
631 4445 791 4502 quam
851 4431 908 4485 in
968 4429 1294 4503 baptismate
1353 4432 1724 4506 promisimus,
1782 4451 1814 4490 a
1859 4433 2123 4490 charitate

529 4532 865 4599 tepescentes
913 4529 1126 4601 operari
1176 4531 1601 4602 neglexerimus,
1643 4529 1710 4586 ab
1739 4548 1832 4586 ore
1877 4531 2122 4600 Domini,

533 4617 702 4672 veluti
737 4617 1010 4689 quoddam
1040 4617 1300 4674 nocivum
1330 4636 1392 4676 ac
1415 4619 1757 4676 fastidiosum
1782 4618 2124 4691 fetidumque

530 4709 834 4781 rejicimur,
859 4710 1001 4766 sicut
1029 4710 1144 4782 ipse
1177 4710 1323 4768 dixit
1350 4711 1418 4767 de
1441 4711 1629 4784 seipso
1659 4711 1948 4782 discipulis
1977 4710 2118 4766 suis:

543 4823 560 4845 ι
599 4801 715 4871 Ego
763 4816 880 4856 sum
933 4802 1086 4870 vitis,
1121 4808 1174 4857 et
1222 4819 1319 4858 vos
1349 4803 1636 4875 palmites;
1671 4810 1722 4857 et
1765 4803 1923 4856 Pater
1971 4817 2124 4855 mens

527 4891 768 4963 agricola
797 4899 896 4948 est.
929 4894 1158 4949 Omnem
1191 4895 1474 4966 palmitem
1515 4907 1626 4950 non
1655 4895 1916 4950 ferentem
1950 4893 2006 4948 in
2039 4909 2124 4947 me

530 4980 798 5048 fructum,
820 4981 1080 5050 praecidet
1105 4998 1252 5050 eum,
1281 4990 1335 5038 et
1358 4999 1575 5040 omnem
1607 4983 1698 5056 qui
1725 4983 1829 5038 fert
1857 4982 2122 5050 fructum,

531 5067 786 5140 purgabit
831 5083 953 5124 eum
999 5071 1139 5142 (22),
1181 5080 1244 5127 ut
1279 5071 1493 5129 fructus
1539 5073 1664 5144 plus
1713 5073 1902 5129 afferat
1941 5073 2120 5145 (Joan.

527 5174 625 5226 xv,
660 5158 712 5223 1,
743 5157 794 5224 2,
827 5159 906 5228 5).
939 5182 957 5204 ι

603 5248 787 5320 (Vers.
823 5248 934 5320 17.)
970 5249 1107 5316 Quia
1135 5249 1265 5303 dicis
1305 5250 1446 5320 quod
1479 5249 1620 5306 dives
1649 5267 1785 5320 sum,
1816 5257 1862 5306 et
1889 5253 2125 5323 locuple-

531 5342 692 5405 tatus,
732 5343 779 5392 et
818 5337 1025 5392 nullius
1065 5355 1198 5408 egeo.
1249 5338 1414 5394 Dives
1455 5348 1508 5395 et
1562 5341 1924 5412 locupletatus
1980 5350 2124 5397 recte

529 5427 735 5484 dicitur
781 5428 877 5500 qui
925 5427 1183 5484 omnibus
1234 5427 1536 5486 virtutibus
1585 5430 1798 5501 plenus,
1844 5447 2016 5504 usque
2055 5431 2124 5488 ad

602 5527 721 5598 (22)
763 5527 936 5594 Edit.,
969 5528 1025 5582 in
1058 5546 1136 5582 me
1164 5527 1396 5598 fructum
1421 5528 1671 5598 purgabit
1708 5547 1843 5598 eum,
1876 5529 1970 5586 sed
2008 5529 2123 5586 hia~

533 5602 653 5670 tum
668 5597 830 5670 hunc
861 5615 990 5654 mss.
1019 5597 1211 5654 omnes
1231 5597 1644 5670 suppleverunt.

603 5666 720 5792 (ἐξ)
765 5668 949 5725 Codex
976 5670 1156 5738 Gem.,
1175 5666 1549 5741 persecutionis
1572 5671 1817 5727 excrevit.
1848 5672 1970 5728 Non
1995 5671 2126 5729 satis

529 5751 619 5793 rec
681 5779 692 5791 .

2231 588 2316 643 sul
2375 587 2635 644 Ecclesiae
2665 587 2944 644 Laodiceae
2974 595 3195 660 propter
3223 587 3393 642 solam
3423 586 3590 643 ﬁdem
3633 585 3853 642 omni-

2230 675 2334 731 bus
2382 676 2686 731 virtutibus
2713 675 2944 732 divitem
2973 691 3028 731 se
3058 683 3112 730 et
3142 675 3467 747 locupletem
3495 673 3850 740 mstimabat,

2232 773 2288 820 et
2332 764 2474 820 nihil
2525 782 2582 822 se
2607 766 2674 821 ad
2703 767 2933 822 salutem
2961 762 3220 822 aeternam
3251 764 3644 838 acquirendam
3678 763 3850 820 aliud

2232 871 2409 927 egere,
2460 871 2570 910 non
2631 855 2937 927 recogitans
2967 855 3107 912 illud
3136 854 3282 928 quod
3331 854 3470 912 dicit
3499 855 3807 927 apostolus
3837 871 3850 907 :

2230 943 2361 1014 quia
2431 967 2448 991 ι
2504 944 2639 1001 ﬁdes
2687 945 2806 1002 sine
2856 944 3114 1017 operibus
3165 943 3342 1000 otiosa
3389 953 3471 1000 est
3520 945 3742 1016 (Iacob.
3785 961 3852 1007 ιι,

2229 1032 2346 1099 26).
2370 1056 2388 1079 ι

2301 1166 2375 1219 Et
2402 1165 2567 1220 nescis
2591 1168 2720 1237 quia
2749 1173 2802 1222 tu
2832 1183 2883 1222 es
2906 1168 3138 1236 miser,et
3166 1167 3499 1237 miserabilis,
3523 1175 3570 1224 et
3596 1185 3850 1240 pauper,

2229 1257 2278 1305 et
2319 1269 2500 1322 caecus,
2532 1261 2580 1309 et
2609 1255 2804 1312 nudus.
2835 1257 3093 1314 Miserum
3124 1275 3249 1314 eum
3280 1257 3538 1326 dicimus,
3571 1256 3670 1330 qui
3709 1273 3850 1314 cum

2232 1350 2548 1413 paupertate
2579 1351 2632 1398 et
2659 1345 2908 1402 nuditate
2937 1347 3099 1403 etiam
3127 1349 3310 1420 aliqua
3333 1347 3661 1404 inﬁrmitate
3703 1362 3852 1419 pre-

2233 1430 2422 1487 mitur.
2485 1433 2754 1488 Similiter
2808 1442 2861 1490 et
2899 1435 3001 1491 iste
3057 1435 3223 1491 miser
3258 1443 3312 1492 et
3343 1435 3681 1492 miserabilis
3713 1434 3854 1491 ideo

2231 1519 2458 1590 dicitur,
2499 1523 2646 1594 quod
2695 1541 2899 1597 pauper
2926 1532 3041 1580 erat
3083 1524 3404 1594 virtutibus,
3431 1533 3618 1580 mente
3649 1541 3851 1582 czecns

2234 1607 2375 1682 (24),
2403 1611 2662 1683 Operibus
2689 1613 2852 1668 bonis
2881 1613 3083 1670 nudus.

2304 1745 2486 1817 (Vera.
2535 1746 2648 1819 18.)
2692 1747 2895 1803 Suadeo
2927 1747 3018 1802 tibi
3045 1763 3208 1802 emere
3233 1765 3268 1803 a
3294 1765 3374 1804 me
3400 1765 3598 1804 aurum
3618 1747 3852 1819 proba-

2233 1839 2362 1902 tum,
2429 1834 2671 1905 ignitum.
2719 1835 2820 1890 Per
2868 1851 3062 1892 aurum
3116 1833 3387 1908 sapientia
3441 1836 3802 1909 intelligitur
3833 1878 3848 1903 ,

2232 1921 2376 1977 sicut
2432 1922 2697 1995 scriptum
2739 1932 2816 1979 est
2849 1940 2860 1978 :
2915 1949 2932 1971 ι
2981 1923 3292 1982 Thesaurus
3319 1923 3714 1981 desiderabilis
3747 1941 3851 1979 re-

2231 2010 2466 2082 quiescit
2509 2011 2567 2066 in
2630 2027 2723 2067 ore
2778 2011 3041 2084 sapientis
3086 2014 3275 2085 (Prov.
3307 2029 3428 2082 xxx,
3462 2013 3577 2084 20).
3604 2038 3624 2060 ι
3673 2012 3849 2082 Quod

2231 2099 2518 2169 probatum
2567 2099 2793 2169 dicitur,
2823 2103 2953 2174 quia
2980 2102 3235 2174 probatos
3264 2111 3318 2160 et
3347 2102 3620 2176 perfectos
3649 2102 3852 2158 reddit

2229 2201 2418 2242 omnes
2469 2204 2606 2260 quos
2659 2183 2920 2260 possidet.
2984 2191 3226 2262 Ignitum
3285 2208 3414 2247 vero
3446 2191 3568 2248 ideo
3595 2190 3851 2257 dicitur,

2229 2273 2358 2344 quia
2404 2291 2592 2330 eorum
2647 2283 2855 2332 mentes
2905 2277 2966 2332 in
2999 2279 3201 2350 quibus
3229 2278 3462 2349 habitat,
3496 2279 3554 2336 in
3581 2297 3849 2336 amorem

2227 2361 2325 2416 Dei
2379 2371 2540 2436 atque
2569 2364 2810 2437 proximi
2842 2367 3111 2423 accendit.
3145 2369 3215 2424 Et
3241 2369 3370 2441 quia
3401 2386 3529 2425 vera
3557 2369 3852 2443 sapientia

2227 2469 2296 2509 ex
2351 2451 2558 2508 divinis
2613 2452 2912 2526 Scripturis
2973 2456 3256 2521 a-crescit,
3313 2459 3606 2515 Psalmista
3655 2459 3848 2515 mani-

2234 2541 2414 2610 festat,
2445 2557 2571 2596 cum
2601 2540 2765 2598 dicit:
2811 2566 2829 2588 ι
2859 2543 3096 2616 Eloquia
3143 2544 3365 2600 Domini
3394 2548 3616 2620 eloquia
3656 2556 3849 2614 casta,

2230 2641 2518 2706 argentum
2564 2633 2687 2706 igne
2729 2635 3123 2705 examinatum,
3156 2637 3444 2710 probatum
3467 2647 3651 2706 terrae,
3693 2656 3848 2712 pur-

2227 2730 2413 2795 gatum
2461 2725 2771 2796 septuplnm
2820 2726 2995 2797 (Psal.
3044 2742 3126 2795 x1,
3160 2726 3238 2798 7).
3269 2751 3288 2776 ι
3330 2727 3569 2800 Eloquia
3595 2729 3846 2785 Domini

2229 2816 2446 2890 eloquia
2497 2825 2647 2874 casta
2701 2823 2865 2884 sunt;
2909 2816 3041 2890 quia
3091 2825 3266 2874 castas
3324 2826 3535 2874 mentes
3589 2835 3622 2874 a
3675 2822 3846 2876 vitiis

2229 2905 2486 2962 reddunt.
2541 2905 2646 2962 Sed
2695 2922 2821 2962 cum
2865 2905 3008 2961 nihil
3060 2907 3280 2980 purgari
3312 2908 3504 2980 possit,
3536 2907 3647 2964 nisi
3682 2909 3845 2982 quod

2228 2995 2513 3052 sordidum
2582 3003 2712 3064 est,
2779 2994 3138 3068 quaerendum
3195 2995 3354 3051 nobis
3408 3006 3490 3053 est
3546 2997 3842 3069 quomodo

2227 3083 2445 3157 eloquia
2503 3083 2725 3140 Domini
2776 3084 2994 3156 purgari
3044 3084 3324 3153 dicantur,
3357 3084 3415 3140 in
3447 3085 3651 3158 quibus
3684 3087 3837 3142 nihil

2229 3171 2513 3228 sordidum
2563 3188 2678 3228 esse
2729 3179 2924 3244 potest.
2969 3173 3206 3246 Eloquia
3257 3189 3384 3246 ergo
3420 3173 3646 3230 Domini
3687 3175 3840 3232 sicut

2231 3269 2516 3332 argentum
2544 3260 2667 3332 igne
2697 3261 3008 3317 examinata
3035 3279 3150 3318 esse
3177 3261 3474 3331 dicuntur;
3506 3263 3639 3336 quia
3680 3281 3833 3321 men-

2231 3357 2312 3407 tes
2351 3349 2598 3406 ﬁdelium
2657 3350 2953 3424 aliquando
2981 3352 3105 3424 igne
3133 3352 3491 3426 poenitentize,
3525 3353 3834 3425 aliquando

2233 3442 2357 3514 igne
2382 3441 2668 3498 charitatis
2693 3441 2761 3497 ab
2803 3442 3062 3499 omnibus
3099 3442 3354 3499 sordibus
3389 3443 3655 3499 vitiorum
3689 3460 3832 3500 exa-

2232 3531 2447 3588 minant
2497 3533 2637 3604 (25).
2671 3531 2826 3600 Quod
2853 3541 3034 3590 autem
3060 3532 3138 3589 ait
3170 3549 3182 3588 :
3233 3533 3519 3590 Probatum
3559 3539 3742 3600 terra,
3774 3532 3830 3588 in

2233 3620 2460 3677 Hebraeo
2517 3620 2724 3677 habet:
2786 3622 3100 3693 Separatu-m
3152 3640 3186 3678 a
3242 3629 3405 3676 terra.
3451 3621 3609 3688 Quod
3659 3623 3827 3677 etiam

2237 3713 2550 3784 septuplnm
2598 3721 2887 3785 purgatum
2939 3712 3168 3781 dicitur,
3199 3720 3422 3784 propter
3457 3718 3668 3784 septem
3704 3727 3826 3784 pur.

2234 3799 2476 3873 gationes
2537 3817 2670 3873 quas
2723 3801 2915 3856 divina
2943 3801 3225 3873 Scriptura
3254 3801 3312 3856 in
3341 3817 3398 3857 se
3427 3800 3702 3870 continet,
3735 3816 3824 3856 se-

2232 3897 2379 3962 ptem
2406 3889 2670 3946 videlicet
2698 3889 2951 3958 virtutes,
2982 3891 3182 3964 quibus
3211 3889 3398 3946 omnia
3428 3889 3565 3945 vitia
3591 3905 3822 3963 purgan-

2233 3987 2368 4035 tur:
2437 3979 2897 4052 quemadmodum
2947 3981 3084 4053 gulaa
3146 3979 3348 4036 vitium
3407 3985 3683 4052 purgatur
3732 3993 3824 4050 per

2234 4066 2648 4136 abstinentiam,
2680 4069 2934 4140 superbia
2963 4086 3057 4140 per
3086 4068 3489 4134 humilitatem,
3527 4066 3708 4124 libido
3736 4081 3822 4139 per

2234 4157 2594 4230 pudicitiam;
2630 4157 2839 4226 odium,
2872 4158 3123 4227 avaritia,
3144 4158 3376 4226 invidia,
3408 4165 3462 4213 et
3489 4157 3668 4212 multa
3697 4155 3817 4222 alia,

2234 4263 2330 4319 per
2371 4246 2714 4304 charitatem.
2773 4247 3043 4303 Similiter
3096 4255 3150 4304 et
3193 4257 3386 4304 caetera
3441 4245 3579 4302 vitia
3621 4244 3818 4301 habent

2234 4334 2416 4392 hostes
2464 4351 2610 4404 suos,
2667 4353 2697 4392 a
2723 4335 2951 4409 {quibus
2977 4346 3071 4393 aut
3094 4337 3414 4405 vincuntur,
3443 4343 3538 4391 aut
3565 4334 3815 4392 vincunt.

2236 4427 2306 4482 Et
2361 4427 2489 4500 quia
2540 4427 2789 4501 superius
2834 4429 3100 4484 Dominus
3123 4427 3280 4496 dicit,
3308 4435 3372 4484 ut
3405 4443 3628 4494 aurum,
3656 4425 3715 4482 id
3745 4431 3816 4479 est

2239 4517 2531 4588 sapientia,
2586 4534 2618 4572 a
2667 4533 2722 4573 se
2751 4525 2980 4586 ematur;
3013 4517 3366 4590 quaerendum
3395 4515 3556 4572 nobis
3587 4523 3693 4584 est,
3718 4529 3815 4587 quo

2231 4606 2409 4676 pretio
2460 4605 2725 4678 sapientia
2777 4616 3010 4676 ematur,
3053 4625 3179 4664 cum
3231 4606 3332 4663 Job
3387 4605 3572 4664 dicat:
3642 4631 3660 4652 α
3705 4605 3814 4660 Non

2233 4694 2457 4751 dabitur
2481 4713 2676 4752 aurum
2708 4697 2954 4754 obrizum
2997 4715 3095 4770 pro
3122 4714 3184 4753 ea
3213 4699 3332 4769 (Job
3382 4714 3586 4764 xxvm,
3623 4697 3717 4768 15)
3746 4714 3758 4762 ;
3789 4720 3801 4738 ι

2232 4803 2332 4843 nec
2385 4786 2538 4842 aliud
2581 4787 2736 4860 quid,
2782 4787 2928 4860 quod
2954 4787 3098 4844 inter
3126 4787 3378 4845 homines
3406 4787 3706 4860 pretiosius
3733 4787 3811 4843 ha-

2229 4878 2413 4936 betur.
2471 4878 2574 4934 Sed
2635 4895 2743 4950 quo
2794 4879 2970 4952 pretio
3022 4887 3256 4948 ematur,
3313 4881 3428 4953 ipse
3472 4880 3670 4936 beatus
3725 4878 3812 4936 Job

2232 4970 2565 5038 manifestat,
2616 4986 2740 5025 cum
2790 4969 2972 5026 dicit:
3027 4994 3044 5016 ι
3102 4970 3290 5026 Timor
3344 4969 3566 5026 Domini
3600 4971 3718 5042 ipsa
3744 4976 3812 5026 est

2234 5059 2522 5131 sapientia,
2581 5068 2636 5115 et
2695 5059 2945 5115 recedere
2999 5075 3030 5114 a
3075 5059 3219 5115 malo
3257 5058 3626 5131 intelligentia
3661 5058 3808 5130 (Ibid.

2229 5149 2372 5221 28).»
2431 5148 2554 5204 Non
2585 5147 2730 5220 quod
2763 5148 2875 5218 ille,
2912 5148 3006 5221 qui
3037 5147 3214 5216 timet,
3241 5149 3511 5221 perfectus
3539 5148 3612 5204 sit
3644 5149 3704 5204 in
3730 5164 3810 5204 sa-

2231 5238 2460 5313 pientia,
2493 5254 2618 5294 cum
2649 5239 2926 5311 apostolus
2953 5238 3134 5296 dicat:
3202 5262 3220 5286 ‹
3276 5237 3381 5306 Qui
3409 5246 3592 5295 autem
3642 5240 3806 5304 timet,

2233 5346 2343 5385 non
2390 5335 2472 5386 est
2521 5329 2794 5401 perfectus
2831 5328 2888 5384 in
2931 5327 3194 5384 charitate
3230 5329 3286 5399 (Ι
3309 5329 3467 5384 Joan.
3515 5345 3595 5396 iv,
3629 5329 3720 5401 18)
3745 5346 3756 5384 :
3782 5350 3797 5371 ι

2232 5419 2324 5476 sed
2356 5418 2501 5492 quod
2541 5418 2862 5490 sapientiam
2887 5415 3002 5489 jam
3043 5417 3314 5489 possidere
3345 5416 3568 5489 incipit,
3603 5417 3700 5492 qui
3726 5431 3807 5491 pro

2306 5526 2422 5598 (24)
2455 5525 2877 5582 Desiderabatur
2897 5525 2953 5580 in
2983 5524 3114 5581 edit.
3146 5530 3309 5580 mente
3335 5541 3516 5598 caecus.

2305 5592 2422 5668 (25)
2473 5598 2624 5654 Edit.
2676 5599 2940 5653 Fidelium
2977 5598 3280 5669 aliquando
3313 5597 3429 5669 igne
3457 5596 3732 5652 charitatis
3752 5592 3805 5650 ab

2229 5671 2470 5797 tramitibus
2513 5670 2758 5726 sordibus
2811 5668 3142 5734 examinant;
3195 5668 3346 5726 mss.’
3373 5685 3504 5726 vero
3531 5669 3804 5726 nobiscum

2253 5749 2458 5797 aciunt.

2253 5749 2458 5799 'aciunt.
