3970 6376
129 412 265 469 873

1041 412 1495 469 BERENGAUDI
1534 411 1906 469 EXPOSITIO
1944 412 2015 468 IN
2052 411 2555 469 APOCALYPSIN.

3366 414 3471 470 874

134 554 214 593 ea
242 537 488 609 pretium
519 536 649 593 dare
693 537 935 595 inchoat.
988 538 1230 594 Pretium
1280 545 1464 593 autem
1513 536 1631 608 ejus
1678 544 1759 592 est
1789 540 1837 598 A
1872 536 1966 591 sed
1996 552 2092 608 per
2121 536 2475 608 adoptionem
2506 546 2636 594 sunt
2669 535 2809 604 ﬁlii;
2858 536 2981 592 ideo
3028 536 3273 594 diversas
3317 538 3471 595 sedes

134 627 334 683 timor
357 627 602 695 Domini,
648 627 1051 684 abrenuntiatio
1097 627 1384 694 vitiorum,
1416 626 1760 699 panitentia,

136 716 442 793 lacryma,
475 731 637 786 opera
665 715 1075 773 misericordia.
1120 716 1190 771 Et
1244 715 1367 771 ideo
1414 732 1525 770 non
1557 716 1764 771 incon—

135 806 450 860 venienter
477 805 725 877 sequitur
760 824 770 860 :
812 807 875 861 Ut
907 806 1134 876 locuples
1161 806 1279 876 ﬁas.
1322 805 1465 873 Quia
1508 805 1628 860 sine
1658 805 1765 860 hoc

139 894 343 964 pretio
386 892 455 947 ad
503 894 986 965 locupletationem
1034 894 1326 961 virtutum,
1374 894 1520 966 quod
1550 902 1631 949 est
1668 911 1764 949 sa-

137 982 393 1054 pientia,
428 998 591 1037 nemo
620 985 905 1053 pervenire
950 990 1146 1054 potest.
1186 985 1258 1039 Et
1290 984 1601 1038 vestimentis
1629 984 1765 1039 albis

136 1074 432 1129 induaris.
468 1074 811 1129 Vestimenta
836 1075 958 1129 alba
988 1084 1117 1131 sunt
1146 1092 1312 1147 Opera
1343 1075 1506 1129 bona.
1556 1076 1630 1129 Et
1660 1091 1766 1128 non

132 1169 421 1233 appareat
446 1161 687 1231 confusio
732 1164 992 1218 nuditatis
1041 1170 1161 1218 tua.
1197 1163 1469 1220 Confusio
1500 1162 1766 1219 nuditatis

139 1250 257 1306 illa
306 1260 411 1318 est,
460 1250 526 1305 de
570 1268 676 1323 qua
717 1252 856 1307 dicit
886 1251 1211 1308 Psalmista:
1273 1278 1291 1299 ι
1320 1254 1467 1309 Ecce
1513 1252 1659 1307 enim
1708 1252 1765 1307 in

136 1339 552 1413 iniquitatibus
594 1348 889 1412 conceptus
919 1358 1060 1408 sum,
1118 1350 1168 1397 et
1201 1342 1256 1397 in
1287 1342 1525 1413 peccatis
1558 1342 1766 1413 peperit

140 1445 247 1484 me
288 1437 459 1485 mater
503 1446 620 1485 mea
666 1430 841 1501 (Psai.
875 1449 927 1499 ι,
971 1431 1048 1502 7).
1077 1457 1096 1479 ι
1141 1431 1293 1487 Hanc
1333 1440 1514 1487 autem
1558 1430 1765 1487 confu—

138 1520 374 1575 sionem
416 1520 685 1577 nuditatis
714 1520 875 1576 bonis
904 1520 1161 1593 operibus
1196 1520 1408 1592 operire
1455 1520 1716 1576 debemus
1747 1538 1761 1587 ;

141 1626 291 1665 nam
331 1610 583 1683 quamvis
619 1610 719 1665 iste
771 1610 1061 1683 episcopus
1106 1610 1271 1666 ﬁdem
1305 1610 1551 1674 haberet,
1583 1610 1765 1665 nudus

143 1705 349 1753 tamen
383 1698 627 1766 dicitur;
678 1715 743 1754 eo
783 1698 931 1771 quod
960 1699 1028 1753 ab
1059 1699 1317 1771 operibus
1356 1698 1486 1754 ﬁdei
1524 1708 1761 1756 vacaret.

140 1789 235 1842 Et
266 1787 489 1857 collyrio
518 1788 708 1857 inunge
737 1789 915 1842 oculos
946 1793 1083 1852 tuos,
1133 1793 1192 1841 ut
1219 1787 1417 1843 videas.
1450 1788 1551 1843 Per
1578 1790 1767 1861 colly-

1876 625 2187 680 sortiuntur
2212 626 2515 681 secundum
2543 625 2865 680 meritorum
2898 624 3295 683 diversitatem.
3332 628 3468 683 Pra-

1872 723 1977 770 stet
2017 716 2121 772 hoc
2150 717 2334 785 nobis,
2374 717 2441 772 de
2468 733 2576 789 quo
2613 715 2892 789 loquimur
2925 733 2938 782 ;
2972 722 3033 771 ut
3062 714 3121 770 in
3159 732 3345 771 earum
3391 732 3469 772 se-

1873 807 2025 863 dium
2059 807 2456 863 distributione
2500 825 2599 863 nos
2639 807 2824 863 miseri
2868 815 3075 879 partem
3131 806 3332 863 habere
3362 824 3470 863 me-

1875 911 2110 961 reamur,
2159 896 2313 951 Jesus
2359 895 2611 952 Christus
2658 895 2928 951 Dominus
2971 903 3175 963 noster,
3210 895 3304 968 qui
3343 912 3470 953 cum

1873 983 2029 1038 Patre
2063 991 2115 1038 et
2157 984 2364 1055 Spiritu
2403 992 2593 1040 sancto
2650 984 2795 1039 vivit
2824 992 2878 1039 et
2921 993 3110 1056 regnat
3158 984 3216 1042 in
3271 986 3473 1040 sacula

1874 1076 2226 1143 saculorum,
2257 1092 2439 1132 amen.

2257 1180 2350 1234 DE
2399 1179 2473 1235 VI
2483 1178 2686 1236 SIONE
2733 1177 3077 1236 SECUNDA.

1944 1268 2102 1325 Ratio
2159 1267 2407 1341 deposcit
2463 1266 2589 1340 (26)
2646 1275 2708 1323 ut
2753 1276 2875 1340 post
2928 1276 3135 1339 septem
3189 1267 3468 1342 epistolas,

1874 1374 2009 1430 quas
2053 1358 2121 1413 ad
2159 1366 2362 1430 septem
2408 1358 2713 1426 Ecclesias,
2760 1374 2881 1431 qua
2920 1374 3085 1414 unam
3140 1358 3469 1416 catholicam

1873 1446 2179 1518 designant,
2218 1448 2451 1502 Joannes
2479 1445 2706 1515 direxit,
2753 1445 2809 1501 in
2845 1447 3046 1519 quibus
3095 1447 3287 1505 ﬁdeles
3314 1448 3470 1505 insti-

1874 1543 2126 1603 tuuntur,
2177 1536 2415 1609 qualiter
2459 1535 2528 1591 ad
2583 1535 2856 1592 virtutum
2902 1536 3285 1593 celsitudinem
3343 1554 3470 1595 con-

1874 1627 2133 1683 scendere
2175 1626 2430 1694 debeant,
2487 1626 2734 1698 ejusdem
2790 1629 3049 1686 Ecclesia
3099 1641 3275 1689 status
3306 1640 3471 1707 atque

1874 1718 2193 1775 sublimitas
2224 1717 2567 1773 manifestius
2594 1716 2955 1775 describatur.

1947 1806 2175 1865 CAPUT
2202 1808 2298 1866 IV.
2329 1840 2400 1850 —
2431 1809 2613 1881 (Vers.
2671 1810 2748 1883 1.)
2791 1812 2919 1867 Post
2964 1812 3069 1867 hac
3108 1812 3222 1869 vidi
3277 1814 3471 1869 ostium

142 1876 336 1944 rium.
373 1876 523 1977 fiuqfl
551 1876 849 1977 caliginem
872 1876 948 1977 ξι)
979 1877 1155 1977 oculis
1174 1877 1424 1949 detersit,
1457 1878 1765 1977 lacrimi-
1794 1891 1841 1952 B
1869 1910 2111 1974 apertum
2139 1902 2196 1957 in
2225 1904 2371 1958 caelo.
2422 1876 2525 1957 Per
2571 1876 2799 1971 ostium,
2832 1901 3086 1961 Christus
3116 1904 3468 1977 intelligitur,

147 1980 276 2036 que
326 1964 533 2031 educit,
614 1964 944 2036 poenitentia
991 1972 1153 2037 atque
1197 1966 1550 2037 compunctio
1585 1969 1766 2025 cordis

142 2062 346 2126 potest
394 2055 667 2127 intelligi;
719 2055 834 2127 ipsa
886 2063 969 2111 est
1013 2072 1250 2128 namque
1298 2073 1417 2129 qua
1466 2058 1534 2114 ab
1586 2059 1762 2115 oculis

144 2143 368 2198 mentis
394 2144 685 2214 caliginem
711 2144 972 2199 caecitatis
997 2143 1248 2216 detergit,
1285 2153 1447 2218 atque
1476 2146 1545 2202 ad
1571 2146 1761 2201 viden-

145 2233 297 2289 dum
338 2249 461 2305 qua
492 2234 565 2289 sit
594 2233 887 2289 retributio
904 2233 1182 2305 justorum
1214 2241 1267 2289 et
1316 2251 1476 2307 pana
1503 2243 1762 2308 peccato—

148 2314 299 2378 rum.
317 2323 483 2379 acuit.

235 2412 421 2479 (Vers.
447 2412 561 2483 19.)
593 2414 706 2484 Ego
734 2429 863 2483 quos
891 2429 1034 2477 amo,
1068 2428 1238 2482 arguo
1268 2417 1320 2467 et
1351 2412 1568 2484 castigo.
1608 2413 1763 2471 Sicut

152 2505 304 2561 dicit
357 2505 687 2576 Scriptura:
738 2529 756 2552 ι
795 2506 969 2573 Quem
1017 2508 1166 2563 enim
1218 2507 1429 2580 diligit,
1492 2509 1763 2566 Dominus

153 2595 396 2667 corripit
426 2614 437 2650 :
474 2594 712 2665 ﬂagellat
729 2602 910 2652 autem
933 2612 1152 2652 omnem
1169 2596 1347 2651 ﬁlium
1379 2613 1538 2669 quem
1567 2598 1762 2671 recipit

153 2684 358 2755 (Hebr.
389 2700 490 2750 xu,
513 2683 594 2754 6).
623 2708 642 2732 ι

238 2771 420 2843 (Vers.
454 2771 569 2841 20.)
599 2772 883 2826 zEmuiare
936 2788 1076 2841 ergo,
1130 2780 1179 2827 et
1228 2773 1583 2843 pwniteutiam
1621 2790 1714 2843 age
1747 2791 1758 2828 :

154 2861 223 2916 id
263 2870 366 2927 est,
410 2862 668 2916 amulare
713 2861 908 2929 bonos,
968 2870 1021 2917 et
1074 2863 1450 2934 panitentiam
1490 2879 1585 2936 age
1626 2881 1639 2931 ;
1700 2881 1764 2919 eo

156 2950 312 3023 quod
342 2966 372 3004 a
400 2950 560 3006 bonis
587 2952 846 3023 operibus
878 2968 1050 3024 usque
1098 2953 1261 3008 modo
1304 2955 1598 3025 torpueris.
1633 2955 1765 3009 Ecce

155 3039 329 3094 stoad
358 3040 572 3108 ostium,
602 3047 651 3094 et
671 3042 828 3111 pulso
862 3058 873 3096 :
902 3041 948 3095 si
967 3042 1084 3111 quis
1112 3042 1346 3096 audierit
1376 3058 1544 3097 vocem
1572 3060 1763 3112 meam,

156 3136 212 3183 et
255 3129 527 3199 aperuerit
567 3128 819 3197 januam,
867 3130 1076 3185 intrabo
1116 3132 1188 3186 ad
1237 3133 1411 3200 illum,
1461 3137 1508 3187 et
1556 3134 1764 3189 creuabo

1869 1992 1964 2065 qui
1994 1992 2170 2049 dicit:
2214 2015 2231 2038 ι
2262 1992 2378 2062 Ego
2407 2008 2528 2047 sum
2561 1991 2798 2049 ostium:
2846 2009 2942 2065 per
2992 2010 3079 2050 me
3123 1994 3169 2050 si
3221 1995 3345 2067 quis
3373 1996 3472 2051 in-

1870 2081 2105 2150 troierit,
2154 2081 2459 2137 salvabitur
2518 2081 2698 2151 (Joan.
2744 2098 2803 2150 x,
2859 2082 2940 2150 9).
2973 2108 2992 2130 -
3054 2082 3214 2150 Quod
3266 2084 3469 2139 ostium

1869 2178 2118 2241 apertum
2160 2185 2276 2225 esse
2306 2168 2558 2236 dicitur;
2601 2169 2731 2241 quia
2776 2169 3040 2226 omnibus
3081 2170 3150 2227 ad
3194 2188 3251 2227 se
3280 2172 3471 2228 venire

1870 2258 2329 2326 desiderantibus,
2387 2257 2641 2330 quamvis
2693 2258 2886 2313 multis
2941 2258 3239 2315 sceleribus
3291 2259 3472 2333 depri-

1872 2355 2114 2415 mantur,
2146 2346 2349 2401 ostium
2397 2344 2787 2401 misericordia
2820 2362 2933 2401 sua
2971 2348 3184 2419 aperire
3230 2364 3342 2404 non
3377 2348 3469 2404 de-

1870 2435 2154 2509 dignatur,
2185 2436 2328 2492 sicut
2359 2450 2471 2507 ipse
2517 2433 2654 2490 dicit
2700 2434 2759 2489 in
2806 2435 3109 2507 Evangelio
3143 2451 3153 2489 :
3220 2461 3238 2484 ι
3268 2437 3469 2494 Venite

1869 2524 1937 2580 ad
1969 2542 2077 2593 me,
2110 2541 2300 2580 omnes
2331 2524 2425 2596 qui
2455 2522 2715 2580 laboratis
2751 2531 2804 2579 et
2849 2523 3060 2580 onerati
3101 2522 3255 2594 estis,
3286 2533 3340 2581 et
3368 2542 3468 2598 ego

1870 2613 2112 2670 reﬁciam
2165 2630 2263 2669 vos
2311 2614 2525 2683 (Matth.
2558 2628 2641 2676 x1,
2673 2611 2789 2682 28).
2825 2637 2844 2661 ι
2885 2613 2987 2668 Per
3036 2614 3235 2669 calum
3285 2622 3465 2669 autem

1870 2702 2117 2759 Ecclesia
2141 2701 2476 2773 designatur.
2510 2701 2615 2757 Sed
2644 2701 2689 2756 si
2725 2702 2907 2756 omnis
2929 2702 3023 2774 qui
3053 2718 3149 2773 per
3173 2703 3376 2759 ostium
3406 2704 3464 2759 in

1870 2793 2018 2849 ovile
2046 2793 2258 2860 ovium,
2283 2791 2340 2846 id
2370 2799 2471 2858 est,
2490 2790 2549 2846 in
2578 2799 2819 2846 sanctam
2840 2791 3143 2847 Ecclesiam
3166 2792 3463 2863 introierit,

1872 2880 2215 2937 salvabitur:
2270 2878 2509 2950 reprobi,
2557 2894 2790 2952 quorum
2840 2879 3271 2937 innumerabiles
3317 2881 3464 2937 intra

1872 2979 2115 3028 sanctam
2156 2969 2457 3026 Ecclesiam
2497 2968 2874 3038 continentur,
2920 2986 3030 3043 quo
3077 2970 3234 3026 aditu
3290 2972 3459 3027 intro-

1873 3061 2057 3117 ierunt
2085 3060 2114 3116 ‘P
2144 3062 2222 3115 De
2252 3059 2357 3116 hoc
2382 3058 2678 3114 Dominum
2698 3060 3132 3132 interrogemus;
3163 3061 3241 3117 ait
3271 3062 3419 3117 enim
3444 3079 3456 3117 :

1888 3176 1906 3200 ι
1934 3151 2038 3219 Qui
2090 3167 2201 3206 non
2236 3150 2407 3205 intrat
2447 3166 2544 3223 per
2589 3148 2791 3206 ostium
2825 3150 2885 3205 in
2930 3151 3077 3207 ovile
3124 3152 3335 3221 ovium,
3364 3150 3460 3208 sed

156 3235 283 3273 cum
310 3220 426 3287 ίιιο,
455 3226 502 3273 εί
531 3219 641 3289 ipse
667 3236 884 3313 ἠεθωζῑο
916 3220 1104 3313 ΡυῙεδῐ
1135 3222 1407 3313 Dominus
1459 3222 1527 3278 ad
1556 3223 1759 3279 οείίιιηι
1790 3252 1834 3313 G
1868 3240 2112 3297 ascendit
2139 3239 2383 3307 aliunde,
2414 3219 2507 3294 il—le
2536 3238 2627 3293 fur
2659 3248 2739 3295 est
2771 3246 2826 3295 et
2845 3240 2984 3295 latro
3019 3241 3199 3312 (Joan.
3232 3258 3292 3306 x,
3320 3219 3443 3312 CI).-

160 3319 442 3378 nostrum,
501 3327 628 3366 cum
682 3326 777 3383 per
824 3311 1161 3383 Scripturam
1209 3312 1457 3369 divinam
1511 3315 1758 3386 quotidie

160 3418 269 3457 nos
309 3400 588 3470 admonet,
623 3410 685 3457 ut
729 3403 867 3458 vitia
909 3404 1299 3475 relinquentes,
1330 3404 1395 3460 ad
1426 3404 1567 3462 bona
1596 3422 1759 3478 opera

162 3491 377 3564 agenda
424 3501 833 3548 convertamur.
877 3493 1080 3549 Vocem
1113 3492 1230 3564 ejus
1280 3494 1554 3563 audimus,
1586 3504 1638 3550 et
1664 3495 1759 3567 ja—

163 3596 333 3636 nuam
386 3581 680 3653 aperimus,
754 3597 882 3636 cum
954 3580 1209 3637 mandata
1264 3588 1408 3645 512
1476 3581 1593 3653 ejus
1646 3591 1760 3641 tota

167 3676 368 3733 mentis
416 3678 723 3734 intentione
769 3676 1120 3749 suscipimus.
1176 3680 1262 3735 Ad
1317 3696 1417 3735 nos
1465 3697 1596 3736 vero
1644 3680 1759 3752 ipse

168 3766 356 3833 intrat,
399 3782 525 3821 cum
572 3764 896 3821 charitatem
945 3783 1096 3821 suam
1142 3768 1201 3823 in
1255 3768 1513 3825 cordibus
1558 3770 1760 3827 nostris

167 3856 396 3927 plantat.
432 3855 626 3912 Canat
649 3870 780 3909 vero
810 3854 1120 3924 nobiscum,
1151 3873 1276 3913 cum
1309 3857 1377 3913 de
1405 3859 1609 3914 nostris
1637 3876 1758 3932 pro-

168 3944 402 4001 fectibus
433 3944 629 4016 gaudet
659 3944 799 4017 (25).
834 3944 1127 4001 Coenamus
1164 3962 1263 4002 nos
1299 3963 1428 4003 cum
1475 3948 1595 4016 illo,
1629 3964 1757 4004 cum

170 4035 236 4092 de
266 4051 356 4107 spe
384 4036 622 4092 calestis
653 4034 841 4107 gloria
872 4036 1234 4092 exsultamus.

243 4125 422 4197 (Vers.
454 4126 572 4195 2i.)
626 4126 729 4192 Qui
755 4126 958 4193 vicerit,
991 4126 1124 4181 dabo
1159 4133 1206 4181 et
1245 4131 1550 4197 potestatem
1584 4127 1760 4183 sedere

172 4231 364 4270 mecum
392 4214 450 4268 in
478 4216 664 4269 throno
692 4232 803 4269 meo
828 4233 850 4280 ;
890 4215 1025 4270 sicut
1060 4222 1106 4269 et
1147 4232 1235 4287 ego
1269 4218 1389 4285 vici,
1417 4224 1465 4272 et
1508 4217 1617 4272 sedi
1642 4234 1759 4272 cum

172 4307 330 4362 Patre
354 4320 465 4357 meo
490 4303 544 4356 in
576 4304 760 4356 throno
801 4302 931 4371 ejus.
976 4303 1125 4360 Vicit
1174 4304 1427 4361 Christus
1452 4306 1756 4375 diabolum,

173 4394 405 4451 vincunt
433 4400 486 4447 et
514 4392 688 4449 sancti
710 4391 859 4463 ejus:
884 4393 977 4448 sed
1006 4394 1257 4451 Christus
1274 4412 1369 4467 per
1383 4399 1757 4468 semetipsum,

172 4483 342 4540 sancti
372 4499 502 4539 vero
532 4482 651 4554 ejus
681 4499 792 4538 non
821 4499 918 4555 per
948 4484 1286 4556 semetipsos,
1319 4486 1411 4541 sed
1442 4503 1536 4558 per
1556 4488 1756 4559 ipsum.

172 4575 329 4635 Dedit
356 4576 511 4664 Pater
541 4574 684 4664 Filio
711 4581 1051 4664 potestatem
1082 4575 1386 4664 secundum
1417 4577 1564 4648 quod
1593 4577 1759 4633 homo
1790 4605 1838 4664 Β

172 4672 272 4732 est,
301 4671 361 4719 ut
388 4662 572 4719 sedeat
599 4662 658 4717 in
685 4661 886 4719 throno
912 4662 1029 4734 ejus
1055 4679 1066 4719 :
1118 4661 1270 4718 dedit
1307 4672 1361 4719 et
1389 4665 1568 4721 Filius
1597 4674 1761 4738 pote—

174 4761 360 4810 atatem
392 4752 595 4809 sanctis
639 4752 773 4821 suis,
814 4760 877 4807 ut
923 4752 1146 4808 sedeant
1208 4760 1262 4808 et
1310 4752 1414 4825 ipsi
1454 4754 1510 4809 in
1557 4755 1759 4811 throno

176 4841 303 4914 ejus.
343 4841 448 4898 Sed
480 4841 734 4899 Christus
782 4841 848 4896 ad
897 4840 1176 4898 dexteram
1210 4841 1386 4898 Patris
1415 4842 1587 4913 sedet,
1616 4844 1761 4899 sicut

175 4931 305 4989 dicit
326 4932 617 4988 Psalmista
641 4950 652 4987 :
691 4956 709 4979 ι
737 4931 893 4986 Dixit
913 4932 1181 4987 Dominus
1204 4932 1439 4987 Domino
1470 4949 1612 5001 meo,
1630 4932 1759 4990 sede

174 5037 207 5079 a
233 5018 436 5076 dextris
476 5020 612 5076 meis
646 5016 822 5091 (Psal.
871 5036 984 5087 cxx,
1017 5020 1111 5090 L);
1163 5045 1181 5069 ι
1241 5022 1370 5094 quia
1418 5023 1643 5095 aqualis
1679 5031 1757 5080 est

175 5117 312 5174 Patri
347 5135 359 5175 :
394 5118 569 5173 sancti
600 5123 782 5173 autem
825 5132 936 5171 non
966 5115 1034 5171 ad
1082 5115 1363 5173 dexteram
1409 5119 1539 5175 Filii
1571 5120 1759 5177 sedere

176 5207 448 5275 dicuntur,
485 5206 579 5263 sed
609 5206 668 5262 in
694 5205 917 5262 sedibus
945 5206 1078 5273 suis,
1110 5206 1255 5263 sicut
1299 5206 1447 5263 dixit
1490 5210 1760 5266 Dominus

176 5297 232 5353 in
260 5296 557 5369 Evangelio
590 5315 602 5353 :
660 5322 678 5345 ι
707 5295 976 5353 Sedebitis
1003 5303 1057 5351 et
1087 5313 1184 5353 vos
1212 5312 1377 5368 super
1406 5298 1561 5354 sedes
1610 5298 1759 5355 duo-

175 5386 365 5455 decim,
400 5385 712 5458 judicantes
767 5385 1058 5442 duodecim
1115 5386 1292 5442 tribus
1341 5387 1505 5442 Israel
1544 5388 1755 5459 (Matth.

175 5493 288 5544 χιχ,
321 5476 437 5549 28).
468 5501 486 5525 ι
528 5478 638 5550 Ipsi
679 5477 826 5534 enim
856 5495 968 5535 non
1019 5480 1347 5537 naturaliter
1376 5488 1438 5536 ut
1486 5478 1756 5549 Christus,

249 5601 359 5674 (25)
394 5602 473 5657 Ita
504 5619 634 5659 mss.
655 5621 683 5674 7;
717 5604 851 5661 edit.
898 5608 1079 5661 autem
1112 5623 1123 5661 :
1158 5606 1247 5662 Ad
1292 5623 1389 5661 nos
1414 5622 1537 5661 vero
1566 5602 1755 5674 intrat,

179 5690 295 5755 cuin
304 5674 514 5755 gastris
527 5673 863 5755 profectibus,
873 5677 1080 5748 gaudet.

245 5745 355 5817 (26)
410 5745 569 5802 Ratio
641 5745 956 5817 deposcit...
1018 5748 1355 5841 manifestius
1408 5748 1755 5817 describatur,

445 5843 685 5901 ΡΑτιιοι.
725 5845 899 5903 XVII.

1869 3332 2194 3402 Quicunque
2240 3345 2367 3400 ergo
2428 3328 2533 3383 hoc
2573 3328 2720 3400 quod
2768 3328 2826 3382 in
2879 3327 3152 3400 baptismo
3198 3327 3461 3402 promise-

1872 3430 2019 3489 runt,
2063 3421 2353 3476 observare
2401 3419 2617 3487 nolunt,
2668 3435 2779 3473 non
2825 3434 2920 3490 per
2964 3420 3166 3476 ostium
3204 3420 3264 3474 in
3313 3418 3461 3476 ovile

1871 3512 2082 3580 ovium,
2130 3510 2223 3565 sed
2272 3508 2494 3564 aliunde
2542 3508 2924 3565 ascenderunt.
2982 3510 3056 3564 Et
3113 3526 3218 3563 vos:
3256 3508 3460 3580 prima,

1870 3617 2030 3671 quam
2057 3599 2265 3667 audivi,
2288 3604 2539 3668 tanquam
2571 3598 2703 3652 tuba:
2735 3597 2988 3668 loquentis
3015 3614 3234 3665 mecum,
3263 3598 3457 3654 dicens.

1872 3690 2076 3747 Vocem
2106 3688 2339 3761 primam
2372 3689 2544 3747 Vetus
2571 3688 2976 3744 Testamentum
3000 3689 3245 3761 accipere
3274 3707 3458 3763 possu-

1872 3794 1994 3835 mus
2025 3797 2036 3835 :
2069 3778 2164 3834 sed
2194 3778 2392 3834 melius
2426 3777 2565 3833 mihi
2598 3776 2838 3846 videtur,
2885 3785 2946 3833 ut
2977 3794 3071 3850 per
3112 3795 3303 3835 vocem
3334 3782 3458 3854 pri—

1871 3886 2018 3925 mam
2077 3870 2341 3925 Joannem
2416 3869 2716 3942 Baptistam
2776 3869 3166 3941 intelligamus,
3233 3870 3301 3927 de
3352 3889 3462 3946 quo

1873 3960 2142 4031 scriptum
2180 3966 2261 4015 est
2296 3976 2308 4015 :
2356 3983 2374 4006 ι
2413 3960 2485 4015 Et
2542 3966 2624 4023 tu,
2684 3975 2837 4033 puer,
2890 3959 3156 4031 propheta
3185 3960 3461 4018 Altissimi

1871 4048 2153 4107 vocaberis
2185 4068 2198 4118 ;
2230 4049 2451 4122 praibis
2480 4050 2628 4106 enim
2658 4058 2782 4105 ante
2812 4051 3109 4106 Dominum
3135 4068 3324 4124 parare
3342 4054 3462 4111 vias

1871 4140 1989 4212 ejus
2016 4140 2086 4195 ad
2114 4140 2349 4196 dandam
2397 4140 2680 4197 scientiam
2712 4141 2907 4196 salutis
2934 4141 3080 4213 plebi
3129 4141 3247 4215 ejus
3277 4143 3335 4199 in
3364 4160 3462 4200 re-

1872 4228 2187 4285 missionem
2233 4236 2576 4301 peccatorum
2620 4218 2809 4285 eoriim
2860 4230 3009 4302 (Luc.
3062 4248 3102 4300 ι,
3149 4231 3236 4301 76,
3280 4234 3393 4307 77).
3429 4260 3447 4283 .

1870 4317 1974 4375 Sed
2005 4328 2057 4375 et
2086 4320 2200 4390 ipse
2229 4319 2464 4375 Joannes
2505 4337 2561 4375 se
2589 4336 2780 4375 vocem
2814 4327 2992 4387 vocat,
3023 4318 3248 4377 dicens:
3293 4346 3311 4368 ι
3342 4323 3459 4396 Ego

1871 4423 1982 4463 vox
2023 4408 2312 4465 clamantis
2360 4409 2417 4463 in
2446 4408 2697 4465 deserto:
2747 4408 2980 4481 Dirigite
3017 4410 3164 4465 viam
3209 4412 3454 4480 Domini,

1870 4498 2015 4553 sicut
2042 4497 2190 4554 dixit
2219 4499 2385 4553 Isaias
2434 4499 2699 4571 propheta
2752 4500 2932 4570 (Joan.
2967 4517 3005 4567 1,
3037 4499 3105 4554 23
3138 4518 3151 4566 ;
3200 4501 3311 4556 Isa.
3361 4517 3454 4570 XL,

1870 4586 1950 4657 3).
1984 4611 2003 4635 ι
2044 4587 2114 4642 Et
2144 4588 2272 4659 quia
2298 4588 2614 4659 praedicatio
2645 4585 2761 4657 ejus
2790 4587 3215 4659 circumquaque
3248 4605 3455 4660 percre-

1868 4675 2009 4732 buit.
2050 4693 2160 4732 vox
2188 4677 2593 4749 pradicationis
2638 4675 2757 4747 ejus
2795 4681 2940 4731 tuba
2986 4675 3184 4731 similis
3228 4676 3451 4735 dicitur.

1867 4764 1971 4819 Sed
2020 4764 2154 4838 quid
2206 4782 2315 4820 vox
2364 4766 2467 4820 ista
2512 4765 2679 4832 dicat,
2711 4764 2999 4820 audiamus
3032 4766 3299 4821 :Ascende
3335 4768 3452 4836 huc,

1867 4859 1916 4909 et
1961 4854 2227 4911 ostendam
2268 4854 2361 4909 tibi
2412 4871 2527 4924 qua:
2556 4860 2757 4924 oportet
2803 4853 2924 4924 ﬁeri
2949 4854 3219 4924 posthac;
3265 4854 3323 4910 id
3352 4865 3454 4925 est,

1868 4950 2083 4999 terrena
2110 4943 2294 4999 desere
2330 4943 2470 5014 (27),
2530 4950 2583 4997 et
2620 4942 2690 4997 ad
2733 4943 2973 4998 coelestia
3008 4941 3256 4999 animum
3286 4946 3452 5017 erige.

1867 5030 2045 5087 Aliter
2073 5049 2084 5087 :
2116 5031 2351 5086 Joannes
2377 5030 2709 5102 evangelista
2728 5048 3015 5103 personam
3045 5050 3233 5091 eorum
3267 5035 3325 5091 in
3351 5034 3458 5093 hoc

1868 5118 1988 5174 loco
2022 5118 2181 5190 gerit,
2215 5117 2310 5191 qui
2340 5135 2435 5190 per
2456 5119 2719 5175 Joannem
2750 5121 3051 5193 Baptistam
3082 5122 3140 5178 in
3171 5122 3455 5183 Christum

1865 5207 2243 5275 crediderunt,
2295 5216 2350 5263 et
2381 5207 2539 5263 multi
2577 5225 2642 5265 eo
2687 5217 2932 5282 tempore
2974 5213 3327 5283 exstiterunt,
3359 5214 3455 5287 qui

1866 5297 2135 5353 Joannem
2168 5295 2452 5353 Christum
2476 5297 2852 5356 aestimabant:
2901 5301 3137 5358 Joannes
3165 5319 3296 5359 \ero
3325 5320 3458 5360 sur-

1866 5403 1987 5443 sum
2034 5385 2311 5444 auditores
2351 5403 2479 5443 suos
2526 5395 2733 5444 mentes
2782 5388 2988 5461 erigere
3018 5390 3299 5462 suadebat,
3328 5409 3455 5450 cum

1866 5492 1923 5532 se
1947 5492 2058 5532 non
2088 5475 2370 5533 Christum
2401 5493 2517 5533 esse
2544 5475 2779 5546 dicebat,
2822 5478 2916 5534 sed
2942 5481 3175 5536 alterum
3206 5481 3302 5555 qui
3333 5489 3457 5556 post

1868 5602 2002 5659 edit.
2034 5603 2191 5659 Rom.
2218 5620 2247 5659 e
2278 5601 2459 5660 medio
2488 5604 2707 5660 tulerat.

1866 5675 2057 5802 de(27)
2111 5676 2269 5731 Rom.
2322 5675 2480 5745 edit.,
2529 5676 2759 5731 Ascende
2815 5676 2933 5746 huc,
2982 5676 3039 5733 id
3089 5684 3185 5744 est,
3248 5686 3457 5737 terrena

1929 5763 2060 5801 sere.

1929 5763 2060 5801 sere.

3100 5849 3171 5907 28
