3970 6380
501 395 609 453 875

1504 395 1600 451 ΑΙ)
1639 393 1874 452 OPERA
1911 393 1967 450 S.
2009 391 2340 451 AMBROSII
2378 391 2766 448 APPENDIX.

3728 387 3860 444 876

500 535 559 576 se
579 525 846 574 venturus
873 524 1010 586 erat,
1056 516 1244 576 dicens
1269 535 1281 574 :
1329 517 1451 576 Non
1505 535 1627 576 sum
1658 535 1756 592 ego
1785 517 2040 576 Christus
2069 534 2081 572 :
2115 522 2166 580 Α
2193 515 2571 587 Redemptoris
2599 514 2777 571 nostri
2819 514 2978 570 nulla
3018 529 3200 581 mens,
3229 511 3374 570 sicut
3413 522 3520 582 est,
3550 528 3866 586 compre-

502 608 688 666 veniet
742 623 871 664 vero
903 608 1101 666 fortior
1137 626 1224 665 me
1269 617 1392 682 post
1424 625 1534 678 me,
1581 633 1599 657 ι
1642 607 1800 681 cujus
1829 625 1940 664 non
1971 623 2094 663 sum

501 699 702 772 dignus
738 706 800 756 ut
840 699 1048 756 solvam
1097 700 1388 773 corrigiam
1427 701 1803 757 calceamenti.
1847 701 1966 773 Ipse
1995 715 2095 755 vos

502 787 802 860 baptizabit
833 789 889 844 in
937 789 1147 861 Spiritu
1189 799 1377 847 sancto
1406 800 1460 846 et
1514 791 1637 862 igne
1693 791 1877 861 (Joan.
1911 807 1949 857 1,
2002 787 2094 854 27,

503 877 596 949 33)
623 895 637 944 ;
661 902 678 923 -
714 886 767 933 et
789 877 1024 934 iterum:
1063 903 1081 925 ι
1113 879 1274 933 Illum
1322 887 1535 950 oportet
1571 895 1832 946 crescere,
1879 893 1966 932 me
2003 892 2094 930 au-

505 976 614 1024 tem
645 965 822 1021 minui
855 965 1035 1036 (Joan.
1066 984 1150 1034 nr,
1183 966 1298 1038 30).
1330 991 1348 1014 ι
1391 967 1496 1022 Sed
1526 976 1578 1024 et
1622 967 1925 1038 discipulos
1963 981 2092 1021 suos

503 1053 866 1113 conscendere
895 1071 1111 1112 sursum
1143 1055 1417 1124 monebat,
1455 1073 1578 1112 cum
1615 1073 1670 1112 se
1709 1053 2092 1123 deserendum,

505 1151 558 1200 et
586 1142 865 1201 Christum
895 1159 1013 1201 esse
1043 1143 1382 1218 sequendum
1413 1144 1702 1201 manifesta
1732 1145 1945 1200 ratione
1975 1159 2094 1216 per-

504 1233 754 1292 docebat.
801 1231 1011 1290 Deinde
1049 1233 1299 1307 sequitur
1331 1252 1343 1290 :
1383 1235 1453 1290 Et
1493 1235 1763 1289 ostendam
1815 1233 1928 1302 tibi,
1977 1249 2094 1304 qua:

505 1330 707 1396 oportet
724 1325 841 1398 ﬁeri
863 1331 986 1395 post
1011 1324 1154 1391 hac;
1207 1341 1271 1381 ac
1299 1325 1345 1380 si
1375 1324 1578 1381 diceret
1611 1343 1622 1380 :
1659 1325 1715 1380 Si
1755 1340 1972 1381 sursum
2003 1339 2096 1379 cor

505 1413 765 1483 erexeris,
797 1413 852 1470 id
881 1421 983 1482 est,
1023 1413 1068 1469 si
1099 1412 1379 1470 Christum
1412 1413 1519 1468 ﬁde
1549 1421 1767 1470 secutus
1814 1413 2002 1480 fueris,
2035 1428 2097 1467 ea

505 1518 625 1576 qum
654 1503 842 1570 doceo,
865 1511 918 1558 et
948 1518 1068 1574 qua:
1097 1509 1332 1557 ventura
1347 1510 1495 1571 sunt,
1519 1503 1682 1559 etiam
1706 1503 1824 1577 ipso
1844 1503 2095 1568 docente,

505 1592 667 1648 facile
697 1607 1022 1664 cognoscere
1049 1591 1272 1664 poteris.

579 1680 759 1752 (Vers.
789 1681 869 1751 2.)
902 1682 974 1736 Et
1013 1681 1192 1735 statim
1231 1679 1318 1750 fui
1378 1680 1435 1734 in
1473 1681 1670 1752 spiritu
1701 1699 1716 1749 ;
1751 1681 1807 1737 id
1835 1689 1938 1746 est,
1969 1695 2097 1736 cum

504 1768 564 1824 in
588 1767 867 1826 Christum
903 1768 1122 1826 credere
1153 1767 1316 1842 coepi,
1341 1785 1410 1826 ex
1439 1769 1647 1827 carnali
1703 1769 1971 1844 spiritalis
2004 1768 2098 1825 ef-

2203 605 2442 662 hendere
2484 612 2662 676 potest
2695 623 2707 661 :
2741 613 2794 661 et
2838 610 3046 676 quanto
3085 602 3254 659 altius
3282 619 3338 660 se
3385 619 3543 660 mens
3573 602 3650 659 ad
3699 619 3863 676 per-

2203 694 2559 750 scrutandum
2583 694 2842 761 erexerit,
2872 701 3030 758 tanto
3059 692 3296 764 amplior
3323 693 3500 764 caligo
3531 693 3585 749 ei
3617 693 3862 765 objici-

2207 791 2314 839 tur.
2346 783 2448 838 Per
2494 782 2834 838 viriditatem
2868 798 3000 838 vero
3044 775 3338 852 smaragdi,
3364 798 3487 854 quae
3514 781 3855 854 perspicua

2205 884 2306 944 est,
2339 875 2720 932 misericordia
2749 875 2971 932 Domini
3002 883 3156 931 recte
3185 875 3506 947 designatur
3537 893 3551 942 ;
3596 877 3860 933 miseri-

2204 964 2392 1021 cordia
2418 981 2654 1037 namque
2678 965 2904 1020 Domini
2931 972 3041 1020 tam
3072 965 3359 1036 perspicua
3386 972 3486 1030 est,
3520 972 3585 1018 ut
3615 963 3852 1018 nullus

2205 1053 2372 1110 homo
2401 1071 2590 1112 sanam
2625 1062 2866 1111 mentem
2899 1053 3204 1126 possidens,
3236 1053 3378 1109 hanc
3403 1053 3670 1126 ignorare
3721 1067 3854 1107 va-

2205 1142 2335 1199 leat.
2403 1143 2538 1210 Quis
2603 1143 2754 1200 enim
2807 1143 3133 1200 immensam
3183 1141 3626 1198 misericordiam
3707 1139 3861 1207 Dei,

2206 1246 2373 1303 quam
2419 1247 2547 1304 erga
2587 1231 2892 1288 humanum
2938 1247 3108 1304 genus
3156 1231 3432 1298 exhibuit,
3479 1238 3534 1286 et
3579 1229 3862 1286 exhibet

2207 1319 2478 1392 quotidie,
2513 1319 2762 1391 ignorare
2810 1327 3010 1392 potest,
3049 1319 3304 1392 quamvis
3329 1319 3514 1376 verbis
3549 1319 3855 1391 perfecte,

2207 1407 2474 1480 explicari
2527 1425 2638 1464 non
2683 1409 2855 1480 possit
2899 1407 2928 1465 7
2969 1407 3073 1464 Sed
3112 1417 3168 1464 et
3205 1408 3311 1464 hoc
3358 1407 3504 1482 quod
3555 1407 3861 1463 viriditas

2207 1496 2374 1568 hujus
2417 1495 2617 1570 lapidis
2649 1497 2932 1554 hebetatos
2960 1497 3172 1565 oculos,
3207 1497 3255 1554 si
3285 1497 3602 1570 inspicitur,
3635 1496 3722 1552 ad
3758 1497 3860 1552 vi-

2207 1585 2451 1642 dendum
2477 1586 2649 1655 acuit,
2681 1594 2858 1658 potest
2889 1585 3278 1642 misericordiae
3320 1587 3418 1642 Dei
3464 1586 3799 1642 convenire
3834 1605 3851 1644 :

2207 1675 2430 1748 quando
2460 1677 2609 1732 enim
2653 1675 2710 1731 in
2740 1675 2977 1748 peccatis
3000 1673 3266 1746 jacemus,
3315 1683 3369 1730 et
3397 1675 3604 1730 scelera
3628 1684 3856 1732 nostra

2207 1779 2308 1820 nos
2355 1764 2696 1837 deprimunt,
2729 1763 3014 1821 hebetatos
3042 1765 3233 1820 oculos
3271 1763 3476 1820 mentis
3519 1762 3846 1820 habemus.

502 1857 680 1915 fectus
709 1875 851 1916 sum.
885 1861 956 1915 Et
985 1876 1090 1914 ecce
1118 1859 1259 1914 sedes
1281 1859 1460 1931 posita
1505 1866 1620 1915 erat
1654 1859 1707 1915 in
1753 1862 1900 1925 caelo,
1930 1865 1978 1913 et
2001 1875 2102 1913 su—
2131 1878 2174 1938 Β
2209 1855 2346 1912 Cum
2378 1870 2510 1909 vero
2551 1853 2964 1910 consideramus
3008 1852 3442 1910 misericordiam
3469 1853 3594 1921 Dei,
3625 1853 3852 1925 quali-

499 1963 608 2019 pra
638 1948 836 2006 sedens.
868 1949 970 2006 Per
996 1949 1218 2018 calum,
1255 1957 1316 2004 ut
1366 1965 1530 2022 supra
1557 1949 1824 2018 diximus,
1855 1946 2102 2006 Ecclesia

503 2037 822 2108 designatur
855 2055 866 2092 :
904 2037 1060 2092 sedes
1090 2052 1222 2092 vero
1255 2036 1434 2108 posita
1479 2035 1537 2092 in
1585 2037 1746 2106 coelo,
1782 2037 1950 2093 corda
1978 2051 2098 2093 san-

504 2132 719 2182 ctorum
770 2125 828 2180 in
875 2124 1122 2181 Ecclesia
1163 2125 1628 2181 commorantium
1677 2125 1944 2198 designat.
1995 2124 2098 2192 Qui

507 2229 637 2268 vero
669 2228 834 2284 supra
860 2211 1045 2268 sedem
1079 2212 1232 2268 visus
1270 2221 1352 2268 est
1402 2213 1609 2281 sedere,
1662 2215 1807 2270 Deus
1855 2221 1958 2282 est,
2003 2210 2101 2285 qui

506 2301 564 2357 in
594 2299 852 2357 cordibus
895 2309 1210 2358 sanctorum
1261 2317 1488 2357 suorum
1522 2300 1798 2358 inhabitat
1825 2310 1989 2374 atque
2017 2315 2096 2354 se-

507 2388 620 2457 det,
652 2387 794 2446 sicut
834 2391 1132 2462 Apostolus
1175 2389 1314 2446 dicit
1347 2409 1360 2446 :
1422 2415 1442 2437 ι
1473 2391 1761 2464 Templum
1809 2391 1954 2448 enim
1999 2389 2100 2448 Dei

506 2487 756 2536 sanctum
786 2485 885 2548 est,
917 2478 1064 2552 quod
1094 2479 1224 2536 estis
1245 2497 1344 2536 vos
1376 2480 1428 2551 (ι
1462 2480 1586 2537 Cor.
1620 2498 1704 2549 nr,
1739 2481 1851 2554 l7).
1879 2503 1898 2528 ι

581 2567 762 2640 (Vers.
787 2567 868 2640 3.)
901 2570 975 2624 Et
1001 2569 1095 2640 qui
1120 2567 1344 2637 sedebat,
1373 2569 1565 2625 similis
1602 2576 1720 2625 erat
1747 2567 1980 2642 aspectui
2012 2569 2104 2624 la-

501 2656 648 2729 pidis
685 2657 923 2730 jaspidis
955 2665 1001 2712 et
1033 2659 1224 2714 sardii.
1279 2659 1456 2732 Jaspis
1507 2659 1706 2716 viridis
1753 2660 1955 2716 coloris
1999 2666 2100 2727 est,

511 2745 726 2803 sardius
755 2755 935 2803 autem
968 2747 1126 2804 rubei
1159 2766 1170 2805 :
1204 2764 1301 2820 per
1344 2749 1686 2806 viriditatem
1716 2767 1844 2822 ergo
1868 2749 2101 2822 jaspidis

509 2835 774 2894 divinitas
823 2837 997 2894 nostri
1053 2837 1353 2894 Salvatoris
1403 2855 1416 2893 :
1467 2856 1562 2910 per
1608 2838 1867 2895 ruborem
1922 2846 2104 2894 autem

509 2924 679 2982 sardii
733 2923 851 2997 ejus
903 2923 1219 2982 humanitas
1275 2927 1612 3000 designatur.
1657 2928 1910 2984 Salvator
1939 2928 2108 3000 igitur

510 3023 697 3074 noster
723 3023 780 3070 et
816 3014 1152 3070 viriditatem
1191 3014 1425 3088 jaspidis
1455 3017 1514 3072 in
1558 3035 1615 3074 se
1661 3018 1945 3085 continet;
1977 3016 2108 3090 quia

509 3101 811 3162 secundum
845 3101 1193 3159 divinitatem
1223 3119 1320 3174 per
1347 3105 1534 3161 omnia
1562 3105 1788 3178 aequalis
1817 3115 1898 3162 est
1916 3105 2063 3162 Patri
2087 3121 2100 3163 :

2209 1951 2294 1999 ter
2342 1943 2656 2000 meretrices
2701 1951 2756 2000 et
2807 1944 3065 2011 latrones,
3133 1942 3491 2014 omniumque
3537 1942 3850 1998 scelerum

2211 2031 2506 2104 generibus
2534 2032 2838 2104 depressos,
2873 2033 3037 2088 etiam
3073 2041 3128 2088 et
3163 2039 3536 2104 persecutores
3563 2046 3704 2086 suos
3735 2047 3850 2102 per

2211 2117 2592 2190 paenitentiam
2633 2119 2704 2175 ad
2743 2120 2973 2175 salutem
3016 2117 3265 2186 reduxit,
3312 2117 3382 2174 ad
3434 2133 3585 2190 spem
3633 2117 3848 2173 veniae

2211 2204 2559 2262 reformatur.
2589 2207 2662 2260 Et
2691 2207 2821 2278 quia
2843 2206 2959 2278 jam
2992 2209 3051 2264 in
3077 2208 3405 2281 perditionis
3448 2208 3608 2264 fovea
3655 2207 3847 2264 deti-

2211 2301 2499 2367 nebamur,
2546 2301 2982 2358 misericordiam
3030 2303 3253 2358 Domini
3302 2303 3599 2370 intuentes,
3649 2309 3848 2374 atque

2211 2389 2278 2446 de
2325 2406 2388 2446 ea
2433 2397 2844 2462 praesumentes,
2893 2391 2964 2447 ad
3010 2407 3136 2447 eum
3185 2409 3347 2464 quem
3389 2392 3846 2460 offenderamus,

2211 2478 2583 2550 confugimus,
2623 2485 2684 2533 ut
2711 2476 2831 2549 ejus
2861 2479 3238 2535 misericordia
3274 2497 3306 2536 a
3347 2488 3522 2536 morte
3553 2487 3850 2552 perpetua

2212 2567 2527 2622 liberemur.
2571 2566 2746 2634 Quam
2777 2566 3208 2624 misericordiam
3257 2567 3358 2623 Dei
3405 2569 3717 2624 Psalmista
3752 2570 3846 2625 in-

2211 2663 2392 2724 tuens,
2420 2670 2520 2710 nec
2539 2671 2660 2710 eam
2689 2655 2874 2711 verbis
2892 2656 3166 2728 explicare
3187 2657 3393 2724 valens,
3415 2657 3601 2729 ipsum
3635 2659 3840 2712 Deum

2215 2745 2649 2803 misericordiam
2681 2763 2836 2803 suam
2866 2747 3104 2814 vocavit,
3141 2747 3332 2804 dicens
3371 2763 3383 2801 ε
3437 2770 3456 2794 ι
3481 2747 3634 2803 Deus
3665 2764 3842 2804 meus

2216 2833 2599 2891 misericordia
2628 2851 2748 2890 mea
2778 2835 2960 2899 (Psal.
2989 2851 3146 2902 Lvrn,
3183 2835 3300 2905 18).
3335 2859 3354 2883 ι

2290 2925 2472 2996 (Vers.
2501 2923 2582 2996 4.)
2612 2927 2688 2981 Et
2710 2925 2768 2979 in
2799 2924 3024 2979 circuitu
3059 2923 3196 2978 sedis
3237 2923 3426 2978 sedilia
3454 2923 3648 2993 viginti
3674 2941 3840 2996 qua-

2216 3018 2358 3082 tuor,
2389 3019 2437 3068 et
2463 3031 2627 3086 supra
2659 3015 2872 3069 thronos
2899 3013 3084 3084 viginti
3111 3018 3344 3083 quatuor
3369 3011 3598 3067 seniores
3627 3015 3836 3069 seden-

2218 3108 2309 3171 tes,
2361 3103 2739 3158 circumamieti
2785 3103 3098 3158 vestimentis
3145 3101 3302 3170 albis,
3350 3107 3398 3156 et
3451 3101 3508 3155 in
3554 3091 3832 3173 capitibus

511 3200 566 3250 et
616 3191 872 3246 ruborem
921 3190 1113 3260 sardii,
1167 3191 1296 3264 quia
1345 3193 1645 3250 secundum
1699 3194 2100 3252 humanitatem
2136 3231 2180 3291 ϐ
2214 3210 2395 3249 eorum
2440 3212 2645 3250 ceroma
2689 3212 2884 3250 aurem.
2933 3193 3146 3266 Viginti
3193 3201 3430 3266 quatuor
3467 3193 3720 3250 seniores
3766 3195 3828 3250 in

513 3281 680 3338 homo
711 3278 985 3352 perfectus
1015 3280 1255 3348 exsistit,
1294 3283 1436 3338 sicut
1465 3283 1730 3356 scriptum
1760 3293 1842 3340 est
1868 3303 1880 3341 :
1925 3309 1944 3331 ε
1979 3286 2102 3341 Per-

514 3371 691 3426 fectus
714 3370 880 3438 Deus,
923 3370 1197 3442 perfe‘ctus
1238 3369 1426 3440 homo,
1457 3388 1525 3428 ex
1555 3373 1740 3429 anima
1767 3374 2024 3430 rationali
2053 3381 2106 3430 et

514 3459 756 3515 humana
800 3474 963 3514 carne
1021 3458 1324 3516 subsistens
1380 3461 1636 3533 (Symbol.
1687 3462 1782 3518 sub
1823 3463 2108 3520 Athanasii

511 3549 770 3619 nomine).
805 3573 824 3595 ι

582 3639 656 3694 Ει
692 3637 792 3692 iris
819 3643 934 3692 erat
967 3637 1023 3692 in
1067 3638 1292 3696 circuitu
1325 3642 1482 3708 sedis,
1513 3642 1704 3698 similis
1738 3642 1934 3698 visioni
1957 3659 2110 3699 sma-

511 3727 767 3799 ragdina.
799 3727 862 3782 In
893 3726 1092 3784 Genesi
1115 3729 1370 3802 legimus,
1391 3732 1519 3804 quia
1539 3731 1846 3790 dixitDeus
1861 3733 1929 3789 ad
1956 3733 2104 3789 Noe:

529 3841 547 3865 ι
569 3817 770 3872 Arcum
793 3832 970 3872 meum
988 3833 1184 3888 ponam
1207 3817 1267 3874 in
1283 3819 1525 3876 nubibus
1545 3819 1690 3890 caeli,
1709 3829 1762 3877 et
1783 3819 2112 3878 recordabor

514 3905 736 3962 foederis
767 3903 871 3961 mei
899 3906 1238 3978 sempiterni,
1267 3909 1416 3984 quod
1433 3920 1651 3982 pactum
1669 3921 1750 3969 est
1773 3914 1917 3969 inter
1935 3915 2109 3970 Deum

517 4001 570 4050 et
597 4010 816 4050 omnem
845 3994 1088 4051 animam
1120 3997 1400 4055 viventem
1425 4001 1579 4070 (Gen.
1612 4018 1690 4070 1x,
1718 4001 1804 4066 i3,
1833 4002 1976 4074 15)»
2012 4001 2114 4057 Per

515 4100 702 4140 arcum
730 4085 918 4156 igitur,
949 4085 1043 4159 qui
1075 4086 1134 4140 in
1174 4087 1392 4158 signum
1437 4090 1744 4147 clementiae
1793 4090 1888 4146 Dei
1937 4089 2112 4146 homi-

516 4173 681 4230 nibus
710 4173 770 4228 in
797 4181 940 4230 terra
971 4175 1404 4234 consistentibus
1452 4186 1694 4250 apparet,
1739 4179 2115 4237 misericordia

517 4261 616 4318 Dei
645 4278 755 4318 non
787 4261 1242 4320 inconvenienter
1270 4265 1558 4338 accipitur.
1611 4267 1714 4324 Iris
1751 4283 1898 4340 ergo,
1949 4267 2007 4324 id
2035 4278 2116 4326 est

517 4369 697 4422 arcus,
725 4351 907 4408 sedem
938 4352 1058 4421 Dei,
1109 4353 1165 4409 id
1215 4362 1296 4411 est
1336 4355 1660 4426 Ecclesium,
1693 4359 2066 4416 circumdabat
2099 4377 2112 4428 ;

520 4443 649 4515 quia
680 4440 798 4514 ejus
847 4441 1224 4498 misericordia
1275 4461 1378 4500 nos
1431 4446 1852 4516 circumdando,
1881 4449 2118 4521 protegit

519 4539 573 4586 et
627 4531 912 4604 gubernat,
945 4539 1106 4604 atque
1153 4533 1222 4589 ab
1253 4532 1633 4592 invisibilibus
1689 4536 1942 4594 hostibus
1993 4538 2114 4610 (28)

520 4620 812 4677 defendit:
861 4621 964 4675 «In
1020 4620 1138 4691 ipso
1191 4621 1364 4690 enim,
1419 4624 1562 4680 sicut
1608 4625 1744 4681 dicit
1799 4627 2118 4698 Apostolus,

521 4709 784 4777 vivimus,
817 4725 1107 4764 movemur
1135 4717 1188 4765 et
1228 4729 1420 4767 sumus
1451 4713 1592 4784 (Act.
1636 4730 1778 4783 xvn,
1809 4715 1924 4786 28).
1951 4740 1968 4763 ι
2013 4715 2120 4783 Qui

521 4816 678 4857 arcus
707 4799 1130 4856 similitudinem
1187 4803 1459 4874 smaragdi
1505 4803 1759 4860 habuisse
1802 4805 1986 4863 dictus
2015 4815 2116 4876 est,

524 4889 620 4962 qui
649 4887 835 4944 nimiae
878 4895 1040 4962 atque
1093 4891 1414 4962 gratissimae
1449 4893 1751 4950 viriditatis
1776 4903 1858 4950 est
1891 4913 1903 4952 :
1947 4895 2120 4968 jaspis

524 4993 676 5044 vero,
708 4975 774 5032 de
805 4992 914 5048 quo
944 4978 1196 5050 superius
1223 4979 1490 5050 diximus,
1525 4982 1726 5039 viridis
1746 4984 1944 5040 coloris
1975 4992 2119 5050 513

526 5087 628 5147 est,
681 5077 824 5134 sicut
853 5079 1190 5151 smaragdus.
1225 5081 1329 5138 Sed
1359 5081 1476 5154 ejus
1503 5083 1759 5141 viriditas
1787 5085 1982 5142 obtusa
1996 5089 2114 5140 est:

526 5166 782 5224 viriditas
804 5183 932 5224 vero
980 5170 1253 5243 smaragdi
1273 5175 1562 5245 perspicua
1581 5181 1681 5244 est,
1704 5174 1862 5248 cujus
1877 5174 2119 5248 pulchri-

527 5254 662 5312 tudo
687 5257 875 5312 oculos
905 5256 1241 5316 intuentium
1275 5259 1342 5316 ad
1399 5278 1455 5317 se
1487 5262 1793 5318 mirandam
1827 5260 2116 5334 pertrahit.

529 5344 630 5399 Per
657 5343 994 5400 viriditatem
1037 5362 1164 5419 ergo
1187 5345 1440 5420 jaspidis,
1485 5349 1630 5406 sicut
1677 5351 1946 5420 diximus,
1977 5349 2120 5406 divi-

531 5432 675 5490 nitas
702 5433 879 5490 nostri
931 5434 1232 5492 Salvatoris
1285 5437 1587 5509 accipitur;
1621 5457 1742 5513 quae
1789 5441 2021 5497 obscura
2067 5447 2120 5496 et

533 5523 861 5594 quibusdam
891 5525 1111 5582 nebulis
1149 5525 1365 5584 obtecta
1404 5535 1524 5596 est;
1584 5529 1715 5602 quia
1767 5530 2118 5588 divinitatem

2217 3281 2324 3338 hoc
2352 3282 2496 3339 libro
2523 3278 2821 3356 aliquando
2852 3283 3040 3339 Patres
3069 3282 3286 3340 Veteris
3319 3281 3675 3350 Testamenti,
3705 3283 3831 3339 ali-

2220 3372 2438 3444 quando
2462 3373 2629 3439 Novi,
2660 3372 2959 3446 aliquando
2987 3373 3152 3428 simul
3182 3381 3446 3445 utrosque
3466 3371 3826 3444 signiﬁcant;

2219 3459 2314 3519 sed
2362 3460 2420 3516 in
2467 3461 2572 3518 hoc
2619 3463 2740 3518 loco
2786 3462 2980 3518 Patres
3024 3461 3238 3519 Veteris
3284 3460 3618 3517 Testamenti
3669 3461 3827 3518 desi-

2219 3557 2406 3622 gnant,
2439 3550 2533 3622 qui
2562 3549 2765 3622 viginti
2807 3559 3044 3622 quatuor
3083 3550 3350 3606 sedilibus
3379 3549 3586 3605 sedisse
3623 3548 3829 3606 dicun-

2219 3655 2353 3716 tur;
2387 3647 2608 3720 quando
2652 3647 2800 3703 enim
2843 3648 3117 3717 sedemus,
3161 3664 3193 3703 a
3236 3649 3422 3706 labore
3453 3649 3826 3722 quiescimus.

2220 3739 2322 3796 Per
2349 3739 2542 3796 sedilia
2570 3740 2740 3812 igitur
2760 3740 2966 3812 viginti
2989 3747 3224 3813 quatuor
3247 3740 3378 3797 libri
3400 3741 3616 3798 Veteris
3637 3741 3827 3796 Testa-

2221 3829 2394 3886 menti
2424 3828 2804 3902 designantur.
2850 3831 3023 3902 Super
3063 3829 3264 3902 viginti
3304 3838 3540 3904 quatuor
3585 3831 3826 3888 thronos

2224 3919 2425 3991 viginti
2447 3919 2934 3990 quatuorseniores
2953 3919 3155 3976 sedisse
3173 3920 3280 3976 visi
3297 3929 3456 3988 sunt;
3481 3919 3610 3993 quia
3632 3921 3826 3977 Patres

2224 4008 2446 4066 Veteris
2466 4009 2798 4065 Testamenti
2824 4027 2856 4064 a
2870 4009 3150 4065 laboribus
3169 4019 3224 4066 et
3241 4011 3391 4066 curis
3417 4010 3585 4082 hujus
3610 4011 3821 4080 saeculi,

2229 4099 2287 4154 in
2310 4097 2541 4154 lectione
2561 4106 2614 4153 et
2635 4098 2992 4154 meditatione
3023 4099 3340 4156 divinorum
3375 4100 3644 4156 librorum
3673 4117 3823 4174 quo-

2224 4191 2518 4247 dammodo
2546 4191 2919 4264 quiescebant.
2973 4193 3078 4250 Sed
3125 4192 3480 4266 quaerendum
3529 4193 3689 4250 nobis
3717 4209 3821 4265 est,

2226 4297 2348 4337 cum
2372 4279 2524 4336 sedes
2549 4280 2852 4336 Ecclesiam
2878 4281 3172 4353 significet,
3203 4299 3303 4338 cur
3327 4282 3385 4337 in
3411 4282 3648 4340 circuitu
3676 4283 3821 4341 sedis

2226 4369 2344 4426 haec
2371 4369 2565 4426 sedilia
2605 4370 2871 4442 disposita
2908 4389 3024 4428 esse
3053 4371 3328 4430 dicantur.
3373 4373 3647 4430 Nimirum
3693 4373 3821 4447 quia

2229 4459 2478 4532 quisquis
2506 4454 2900 4532 paterfamilias
2930 4461 3156 4518 domum
3189 4480 3343 4520 suam
3383 4470 3554 4519 tutam
3585 4480 3615 4519 a
3643 4463 3821 4520 latro-

2150 4591 2198 4650 Β
2229 4549 2393 4605 nibus
2420 4557 2474 4604 et
2497 4549 2744 4605 inimicis
2774 4567 2888 4606 esse
2909 4550 3202 4619 desiderat,
3240 4551 3381 4608 hanc
3410 4561 3505 4609 aut
3526 4570 3700 4623 muro,
3727 4564 3820 4612 aut

2230 4657 2373 4712 sepe,
2421 4649 2514 4696 aut
2555 4641 2760 4710 pariete
2804 4641 3133 4698 circumdat.
3181 4643 3451 4700 Similiter
3501 4646 3740 4702 Ecclesia
3767 4656 3820 4703 et

2228 4737 2421 4786 contra
2450 4727 2737 4784 haereticos
2763 4737 2817 4786 et
2847 4739 3039 4787 contra
3066 4748 3323 4804 paganos,
3345 4733 3440 4805 qui
3461 4733 3630 4789 fidem
3661 4735 3815 4793 Chri-

2232 4819 2302 4874 sti
2337 4818 2393 4873 in
2437 4835 2501 4874 ea
2546 4817 2779 4888 dejicere
2809 4821 3024 4888 volunt,
3056 4821 3270 4878 Veteris
3298 4822 3629 4879 Testamenti
3667 4825 3818 4881 libris

2229 4906 2502 4973 munitur;
2523 4907 2653 4978 quia
2672 4907 2894 4979 quando
2914 4925 2975 4964 ea
2995 4925 3114 4981 quas
3136 4909 3292 4977 colit,
3313 4910 3469 4981 longe
3485 4920 3609 4966 ante
3625 4911 3814 4968 adven-

2229 5003 2346 5051 tum
2387 4995 2594 5053 Christi
2627 4995 2794 5052 fuisse
2825 4996 3086 5068 praedicta
3114 4999 3330 5070 probat,
3356 4997 3540 5070 jacula
3575 4999 3813 5058 inimico-

2229 5100 2349 5139 rum
2385 5083 2548 5138 fidem
2595 5083 2802 5141 Christi
2835 5093 3078 5142 evertere
3116 5087 3482 5158 cupientium,
3526 5088 3679 5160 longe
3707 5107 3738 5145 a
3763 5107 3816 5146 se

2229 5173 2464 5245 repellit.
2516 5174 2620 5242 Qui
2661 5190 2816 5230 senes
2860 5175 3262 5232 circumamicti
3293 5175 3638 5234 vestimentis
3679 5179 3814 5236 albis

2229 5262 2397 5318 fuisse
2414 5263 2700 5332 dicuntur,
2723 5264 2850 5320 etin
2873 5264 3146 5337 capitibus
3167 5281 3356 5322 eorum
3376 5282 3592 5322 coronae
3612 5283 3778 5326 aureas
3799 5289 3809 5327 :

2229 5368 2324 5424 per
2351 5351 2474 5406 alba
2501 5351 2831 5408 vestimenta
2859 5353 2985 5409 vitae
3016 5355 3246 5428 puritas,
3267 5370 3364 5426 per
3392 5372 3623 5413 coronas
3645 5366 3810 5415 autem

2229 5458 2418 5498 aureas
2443 5459 2607 5515 opera
2636 5442 2780 5499 bona
2807 5441 3182 5516 designantur.

2303 5531 2484 5602 (Vers.
2517 5533 2600 5604 5.)
2627 5533 2703 5588 Et
2731 5533 2794 5588 de
2830 5535 3023 5590 throno
3054 5534 3136 5604 (id
3159 5542 3241 5592 est
3267 5533 3336 5592 de
3361 5534 3628 5605 Ecclesia)
3653 5555 3812 5609 prece

611 5719 728 5792 (28)
751 5722 832 5778 Ita
861 5741 988 5779 mss.
1019 5743 1032 5792 ;
1069 5725 1201 5782 edit.
1229 5743 1384 5794 vero,
1413 5734 1569 5800 atque
1597 5747 1632 5784 a
1660 5730 1955 5788 visibilibus
1978 5737 2028 5788 et
2056 5731 2406 5789 inuisibilibus
2432 5731 2681 5790 hostibus.
