3970 6374
164 381 291 437 877
1064 384 1522 441 BERENGAUDI
1563 382 1938 440 EXPOSlTlO
1976 383 2047 439 IN
2088 382 2586 439 APOCALYPSIN.
3389 384 3494 441 878

167 506 321 561 dunt
346 504 592 576 fulgura,
638 512 687 561 et
716 524 880 575 voces,
911 514 959 563 et
988 508 1244 564 tonitrua.
1294 509 1397 564 Per
1423 508 1643 581 fulgura
1671 507 1789 564 mi-
1826 513 1875 571 Α
1904 506 2198 563 consilium
2232 507 2550 580 quaerimus,
2599 506 2836 579 qualiter
2864 508 2930 562 ad
2961 507 3017 562 id
3051 506 3196 579 quod
3227 507 3494 563 desidera-

170 596 394 665 racula,
444 614 566 669 quae
597 613 692 669 per
726 607 947 655 sanctos
999 616 1129 655 suos
1174 608 1433 670 operatur
1469 602 1615 656 Deus
1647 618 1658 655 :
1706 617 1801 671 per
1910 612 2050 664 mus,
2086 597 2370 667 pervenire
2403 598 2699 651 valeamus.
2752 595 3003 652 Christus
3044 596 3212 667 igitur
3252 605 3332 651 est
3368 613 3493 652 con-

170 701 351 741 voces
371 685 689 757 praedicatio
718 705 729 743 :
787 704 883 758 per
911 688 1156 744 tonitrua
1183 705 1314 744 vero
1343 696 1519 745 terror
1540 688 1798 760 gehennae
1909 686 2123 741 siliator
2154 694 2357 754 noster,
2396 687 2490 759 qui
2531 686 2825 743 consilium
2871 686 2963 743 dat
2992 687 3228 758 qualiter
3257 688 3497 758 pericula

159 772 329 846 ignis
359 773 727 846 designatur;
760 776 891 848 quia
918 778 1094 832 sancti
1125 776 1504 847 praedicatores
1531 792 1641 845 eos,
1665 794 1802 850 quos
1908 784 2110 833 aeterna
2136 776 2459 843 evadamus;
2495 784 2549 832 et
2577 776 2869 832 consilium
2903 776 3048 849 quod
3078 777 3188 845 dat,
3222 778 3335 848 ipse
3364 794 3495 848 per-

166 879 371 918 amore
409 863 648 920 caelestis
697 864 886 935 patriae
917 883 949 921 a
984 867 1143 923 vitiis
1195 884 1450 923 revocare
1498 878 1798 940 nequeunt,
1908 866 2044 933 ficit,
2087 884 2211 921 cum
2242 883 2273 921 a
2301 864 2561 938 periculis
2589 864 2807 921 aeternis
2838 881 2935 919 nos
2967 864 3180 919 liberat.
3231 864 3497 919 Similiter

169 956 266 1013 eis
296 964 573 1012 tormenta
618 965 846 1026 aeterna,
894 975 1021 1031 quae
1072 960 1258 1030 impiis
1308 970 1607 1031 praeparata
1649 968 1798 1027 sunt,
1908 963 1962 1010 et
1990 956 2282 1011 consilium
2334 955 2426 1011 dat
2464 956 2699 1028 qualiter
2741 955 2807 1010 ad
2857 953 3230 1010 haereditatem
3261 954 3498 1026 paradisi

174 1055 509 1119 opponunt;
543 1054 606 1101 ut
632 1062 770 1119 quos
798 1046 1094 1103 blanditiis
1124 1056 1424 1120 nequeunt,
1461 1049 1652 1104 saltem
1682 1056 1802 1104 ter—
1909 1044 2196 1114 pervenire
2259 1043 2549 1115 possimus,
2599 1050 2653 1099 et
2701 1042 2768 1098 ad
2821 1043 2939 1114 ipsa
2992 1043 3187 1114 gaudia
3238 1043 3352 1114 ipse
3399 1060 3498 1099 nos

175 1135 409 1191 roribus
433 1152 465 1190 a
493 1134 650 1191 vitiis
679 1142 1052 1206 compescant.
1084 1137 1158 1190 Et
1186 1142 1376 1207 septem
1408 1137 1674 1208 lampades
1713 1155 1800 1193 αν·
1910 1132 2182 1203 perducit.
2232 1132 2470 1204 Spiritus
2513 1135 2697 1205 itaque
2728 1138 2876 1194 514
2910 1132 3131 1187 consilii
3169 1131 3228 1187 in
3276 1131 3499 1187 homine

171 1223 363 1279 dentes
391 1230 510 1279 ante
541 1224 782 1278 thronum
817 1224 960 1295 (29).
1026 1222 1173 1291 Quid
1203 1224 1317 1280 sint
1344 1234 1555 1297 septem
1586 1227 1803 1299 lampa—
1910 1229 2134 1287 Christo
2179 1228 2484 1297 descendit,
2533 1229 2663 1284 dum
2695 1246 2725 1284 a
2772 1227 2982 1300 Spiritu
3031 1236 3221 1283 sancto
3259 1227 3500 1299 percepit

174 1311 305 1380 des:
337 1314 452 1384 ipse
487 1312 736 1384 exponit,
765 1329 893 1370 cum
924 1313 1072 1369 ἀίοίῐ
1105 1331 1116 1368 ε
1163 1314 1291 1379 θυαε
1320 1320 1443 1381 sum
1470 1322 1657 1385 septem
1681 1316 1803 1386 spi-
1911 1317 2220 1375 doctrinam
2278 1316 2589 1390 Evangelii,
2643 1318 2701 1373 in
2751 1334 2856 1390 qua
2903 1316 3198 1373 consilium
3248 1316 3501 1373 consistit

176 1402 329 1457 ritus
356 1401 473 1457 Dei.
502 1402 603 1457 Per
631 1409 843 1473 septem
878 1401 1116 1473 spiritus
1144 1402 1245 1458 Dei
1275 1411 1480 1474 septem
1513 1403 1658 1459 dona
1684 1403 1800 1476 Spi-
1910 1408 2157 1463 omnium
2191 1406 2480 1461 hominum
2510 1405 2713 1461 salvari
2741 1406 3103 1477 cupientium.

178 1489 333 1547 Titus
362 1490 537 1546 δᾶηθῑί
584 1489 850 1546 debemus
889 1490 1227 1562 intelligere,
1259 1507 1378 1563 (111³⁵
1410 1491 1467 1546 in
1502 1490 1801 1547 Dominum
1982 1506 2219 1577 Spiritus
2274 1507 2437 1562 etiam
2488 1504 2835 1561 fortitudinis
2879 1521 3041 1577 super
3088 1503 3370 1561 Christum
3419 1519 3499 1560 re-

179 1579 527 1652 requievisse
560 1580 825 1652 propheta
856 1580 1021 1636 Isaias
1058 1580 1376 1636 manifestat
1403 1580 1592 1638 dicens
1625 1599 1636 1636 :
1687 1606 1705 1629 ι
1733 1582 1805 1638 Et
1912 1596 2143 1669 quievit,
2181 1596 2398 1669 quando
2434 1595 2503 1651 ad
2531 1595 2919 1651 debellandum
2966 1595 3179 1650 hostem
3209 1594 3499 1666 antiquum

181 1669 499 1741 ῐθίιιιίθεεθι
528 1685 695 1739 super
729 1685 855 1724 eum
890 1668 1120 1741 Spiritus
1140 1669 1389 1738 Domini»
1411 1669 1638 1741 Spiritus
1663 1670 1803 1741 sapi'
1911 1668 2070 1741 fortis
2104 1685 2248 1740 inter
2296 1684 2547 1740 homines
2589 1683 2860 1755 apparuit.
2908 1684 2987 1739 De
3024 1682 3129 1739 hac
3155 1699 3254 1738 sua
3282 1683 3497 1739 fortitu-

182 1758 357 1848 entiae
387 1768 441 1815 et
474 1758 817 1848 intellectus,
849 1758 1079 1830 spiritus
1107 1758 1327 1815 consilii
1359 1766 1412 1848 et
1438 1759 1799 1827 fortitudinis,
1912 1776 2041 1833 dine
2072 1777 2186 1848 ipse
2211 1776 2357 1833 dixit
2400 1776 2456 1831 in
2489 1775 2794 1847 Evangelio
2829 1793 2841 1832 ε
2887 1798 2907 1823 ι
2934 1775 3079 1831 Dum
3112 1774 3269 1831 fortis
3312 1791 3500 1830 arma.

182 1846 428 1920 spiritus
452 1847 694 1904 scientiae
723 1856 776 1903 et
821 1848 1054 1919 pietatis
1090 1865 1101 1903 :
1137 1857 1191 1904 et
1216 1847 1449 1920 replebit
1476 1865 1600 1904 eum
1634 1847 1798 1920 spiri-
1831 1863 1878 1923 B
1910 1876 1998 1923 ωε
2047 1846 2291 1924 οῇειοάίι
2348 1867 2548 1923 atrium
2606 1846 2787 1935 81mm,
2834 1867 2891 1923 in
2933 1884 3061 1939 pace
3107 1877 3238 1924 sum
3281 1884 3344 1924 ea
3379 1884 3499 1941 qua,

184 1949 287 1998 tus
316 1942 533 1997 timoris
561 1941 783 1997 Domini
817 1941 951 2013 (Isa.
983 1958 1064 2010 χι,
1100 1941 1153 2011 2,
1191 1942 1270 2016 3).
1302 1967 1319 1991 ι
1378 1944 1472 1998 Hm
1526 1943 1695 2014 igitur
1722 1958 1798 1998 se-

185 2038 342 2104 ptem
377 2030 671 2103 lampades,
715 2031 771 2087 id
799 2040 881 2087 est
911 2040 1126 2103 septem
1160 2031 1307 2087 dona
1336 2032 1575 2103 Spiritus
1601 2030 1799 2096 sancti,

188 2128 325 2177 ante
353 2119 560 2185 sedem,
609 2119 666 2176 id
693 2128 778 2177 est
804 2128 930 2176 ante
979 2129 1332 2193 conspectum
1377 2122 1636 2177 Ecclesiae
1666 2138 1798 2188 suae,

186 2209 386 2266 ardere
412 2209 697 2278 dicuntur,
756 2210 886 2283 quia
913 2210 1031 2266 sine
1064 2210 1274 2266 lumine
1303 2210 1497 2265 harum
1530 2209 1798 2266 virtutum

191 2300 254 2355 in
287 2306 446 2354 nocte
493 2297 659 2370 hujus
699 2299 889 2355 saeculi
921 2299 1114 2371 positi,
1157 2316 1253 2371 per
1281 2299 1409 2355 vitae
1438 2299 1556 2354 vias
1584 2298 1653 2354 ad
1681 2315 1801 2354 cm-

193 2389 388 2445 lestem
439 2387 671 2459 patriam
717 2386 871 2459 gradi
920 2404 1032 2443 non
1064 2404 1372 2460 possumus.
1419 2387 1575 2456 Quod
1616 2397 1799 2445 autem

193 2476 479 2535 Christum
514 2475 632 2531 haec
664 2484 871 2547 septem
919 2476 1064 2532 dona
1105 2493 1135 2531 a
1177 2476 1385 2549 Spiritu
1428 2485 1617 2533 sancto
1654 2493 1798 2533 acce-
1880 2479 1886 2484 ⁷

192 2565 342 2639 pisse
368 2566 526 2635 dicit,
556 2565 623 2621 ad
654 2566 1016 2622 humanitatis
1040 2564 1158 2637 ejus
1186 2566 1512 2639 mysterium
1544 2565 1798 2639 pertinet;

194 2671 325 2709 nam
359 2654 662 2711 secundum
695 2655 1049 2710 divinitatem
1086 2654 1144 2710 in
1176 2657 1334 2711 nullo
1382 2656 1567 2727 augeri
1598 2655 1798 2727 potuit,

193 2742 317 2799 sine
346 2760 455 2816 quo
486 2742 631 2797 nihil
662 2760 775 2798 esse
805 2743 1003 2814 potuit.

271 2841 479 2897 Verum
523 2839 693 2912 quaeri
724 2848 904 2910 potest
950 2856 1050 2896 cur
1082 2838 1367 2911 propheta,
1414 2855 1539 2894 cum
1581 2838 1698 2894 haec
1722 2856 1801 2894 se-

195 2937 346 3002 ptem
380 2928 523 2983 dona
554 2928 612 2982 in
666 2926 959 2984 Christum
1006 2926 1331 2982 descensura
1374 2942 1489 2982 esse
1516 2926 1742 2995 diceret,
1771 2945 1804 2983 a

198 3017 506 3091 majoribus
529 3017 712 3088 erepit,
759 3024 817 3071 et
862 3016 1242 3072 descendendo
1271 3016 1338 3072 ad
1375 3017 1588 3071 minora
1616 3034 1801 3089 perve-

199 3107 307 3162 nit.
358 3106 462 3161 Sed
492 3122 605 3160 non
639 3104 733 3160 abs
762 3121 819 3160 re
853 3121 970 3160 esse
1016 3105 1221 3161 factum
1250 3104 1549 3172 videbitur,
1598 3104 1643 3159 si
1678 3104 1801 3160 dili-

1912 1957 2155 2028 possidet
2185 1975 2196 2012 :
2240 1957 2286 2013 si
2315 1965 2499 2012 autem
2534 1957 2730 2014 fortior
2759 1958 2859 2012 illo
2889 1956 3279 2028 superveniens
3304 1956 3502 2011 vicerit

1908 2060 2056 2112 eum,
2088 2045 2349 2102 universa
2394 2062 2546 2100 arma
2577 2045 2695 2117 ejus
2722 2046 2954 2113 auferet,
3001 2044 3060 2099 in
3090 2045 3292 2116 quibus
3332 2044 3497 2100 conﬁ-

1908 2134 2091 2203 debat,
2123 2142 2177 2190 et
2205 2136 2380 2206 spolia
2408 2135 2527 2208 ejus
2555 2135 2854 2192 distribuet
2890 2136 3041 2208 (Luc.
3074 2152 3156 2203 χι,
3186 2135 3276 2201 2t,
3310 2135 3425 2208 22).
3468 2161 3485 2181 ι

1980 2224 2110 2279 Post
2154 2224 2539 2280 fortitudinem
2589 2223 2841 2297 sequitur
2888 2223 3136 2280 scientia.
3180 2224 3343 2295 Apud
3390 2224 3502 2279 ho-

1910 2314 2086 2370 mines
2130 2316 2317 2370 multae
2346 2314 2591 2371 scientiae
2622 2322 2789 2382 sunt;
2837 2322 2966 2371 sunt
2994 2331 3233 2387 namque
3261 2314 3499 2371 diversa-

1908 2418 2032 2459 rum
2085 2404 2283 2460 artium
2331 2404 2562 2460 diversae
2605 2404 2870 2460 scientiae.
2929 2405 3027 2459 Est
3074 2404 3301 2461 scientia
3357 2404 3499 2460 litte-

1911 2491 2005 2560 ris,
2038 2501 2119 2549 est
2147 2496 2203 2547 in
2234 2493 2529 2548 mundanis
2575 2494 2805 2564 legibus,
2835 2502 2916 2549 est
2945 2493 3002 2549 in
3031 2493 3295 2564 augendis
3339 2492 3501 2548 rebus

1909 2581 2323 2651 temporalibus,
2382 2589 2463 2636 est
2513 2581 2676 2636 etiam
2728 2582 2961 2637 scientia
3014 2582 3072 2636 in
3122 2580 3501 2652 praecavendis

1910 2669 2201 2741 periculis;
2252 2677 2382 2724 sunt
2429 2671 2594 2724 etiam
2634 2670 2820 2737 multi,
2865 2669 2961 2741 qui
2997 2685 3092 2740 per
3134 2668 3497 2724 subtilitatem

1910 2774 2103 2813 sensus
2139 2756 2386 2829 quaedam
2414 2757 2600 2813 futura
2628 2756 2950 2828 praevident.
2982 2757 3086 2813 Sed
3116 2757 3214 2812 has
3241 2758 3499 2815 scientias

1910 2848 2208 2920 aliquando
2239 2847 2394 2915 boni,
2446 2847 2742 2918 aliquando
2773 2846 2901 2902 mali
2947 2847 3226 2919 possident
3262 2865 3273 2903 :
3326 2848 3498 2903 scien-

1912 2938 2045 2993 tiam
2088 2953 2218 2992 vero
2247 2954 2367 3010 quae
2400 2937 2456 2991 in
2499 2936 2780 2993 Christum
2810 2936 3112 3004 descendit,
3157 2938 3346 2993 nullus
3390 2939 3500 2993 nisi

1910 3026 2089 3081 bonus
2122 3026 2321 3081 habere
2350 3033 2546 3096 potest.
2569 3026 2699 3092 Quae
2730 3033 2879 3081 tanta
2908 3025 3032 3093 fuit,
3057 3034 3316 3098 quantam
3348 3028 3502 3082 nulla

1913 3131 2066 3169 mens
2095 3114 2562 3184 comprehendere
2592 3115 2773 3186 potuit
2806 3134 2818 3171 :
2883 3140 2900 3162 ι
2946 3115 3007 3169 In
3050 3114 3167 3185 ipso
3195 3116 3341 3170 enim
3372 3124 3502 3172 sunt

207 3203 399 3268 genter
428 3193 776 3266 inspiciatur.
817 3193 953 3250 Nam
984 3193 1113 3265 quia
1138 3193 1407 3249 Dominus
1437 3203 1618 3248 noster
1646 3194 1800 3249 Jesus
1834 3221 1882 3284 Ο
1913 3219 2104 3258 omnes
2159 3203 2402 3259 thesauri
2453 3204 2734 3275 sapientia
2790 3212 2844 3260 et
2893 3204 3135 3260 scientiae
3189 3204 3500 3261 abscondm

202 3284 458 3343 Christus
496 3283 563 3339 de
597 3283 693 3339 illa
719 3283 928 3339 caelesti
957 3282 1319 3350 beatitudine,
1350 3282 1410 3337 in
1440 3298 1545 3355 qua
1576 3284 1799 3355 aequalis

200 3386 320 3435 erat
346 3394 439 3449 per
478 3378 664 3432 omnia
692 3377 863 3442 Patri,
903 3376 971 3432 ad
1001 3384 1172 3432 terras
1197 3376 1521 3432 descendere
1550 3386 1603 3433 et
1634 3378 1798 3433 homo

200 3468 325 3526 ﬁeri
347 3468 601 3538 dignatus
622 3474 722 3533 est,
751 3476 803 3522 et
827 3465 895 3522 ab
920 3466 1129 3538 angelis
1156 3465 1420 3521 minorari
1450 3467 1799 3538 voluit,quos

203 3558 322 3629 ipse
378 3563 694 3622 creaverat;
749 3570 860 3610 non
915 3554 1366 3610 inconvenienter
1421 3552 1538 3610 haec
1592 3563 1795 3626 septem

201 3645 349 3701 dona
388 3642 771 3700 descendendo
803 3642 1034 3714 accepit,
1088 3641 1217 3714 quia
1251 3642 1592 3699 voluntatem
1622 3644 1798 3699 Patris

201 3733 588 3791 descendendo
634 3741 690 3788 et
740 3731 1090 3787 humiliando
1126 3748 1184 3788 se
1226 3748 1397 3804 usque
1445 3732 1514 3787 ad
1565 3740 1796 3788 mortem

204 3824 553 3896 adimplevit,
587 3823 730 3880 sicut
758 3823 895 3879 dicit
918 3824 1213 3894 Apostolus
1246 3842 1258 3880 :
1316 3849 1333 3871 ι
1362 3824 1690 3880 lIumiliauit
1719 3841 1796 3880 se-

204 3914 507 3985 metipsum
539 3930 713 3986 usque
752 3913 820 3970 ad
852 3921 1109 3982 mortem,
1149 3923 1381 3969 mortem
1412 3924 1593 3969 autem
1621 3913 1800 3970 crucis

119 4055 133 4065 ,
207 4003 626 4076 (Philipp.ii,8).
651 4028 669 4052 ι
701 4003 812 4060 Nos
831 4011 1010 4059 autem
1034 4002 1128 4075 qui
1151 4002 1219 4058 ab
1238 4002 1355 4075 ipsa
1377 4003 1700 4074 perditionis
1719 4003 1797 4057 fe-

214 4108 315 4148 vea
339 4093 407 4163 ad
427 4092 669 4149 cailestia
688 4092 1063 4162 sublevamur,
1087 4109 1118 4147 a
1140 4092 1450 4149 minoribus
1477 4092 1793 4164 incipimus,

202 4189 266 4237 ut
296 4181 364 4238 ad
392 4181 599 4252 majora
627 4180 918 4238 crescendo
949 4182 1350 4253 perveniamus.

276 4279 564 4345 Quomodo
589 4289 771 4336 autem
793 4280 909 4335 haec
934 4289 1139 4352 septem
1161 4282 1305 4338 dona
1324 4299 1485 4355 super
1515 4283 1794 4341 Christum

203 4364 611 4432 descenderint,
660 4376 823 4437 prout
863 4368 1134 4425 Dominus
1162 4369 1392 4439 dederit,
1435 4372 1675 4428 breviter
1700 4373 1796 4430 di-

207 4470 417 4513 camus.
441 4454 679 4525 Spiritus
707 4455 987 4526 sapientiae
1016 4473 1179 4529 super
1208 4458 1485 4516 hominem
1516 4462 1794 4518 Christum

1915 3295 2147 3365 (Cotoss.
2182 3312 2245 3360 ιι,
2276 3294 2354 3365 3).
2388 3318 2406 3341 ι
2462 3294 2696 3349 Videtur
2726 3294 2912 3367 itaque
2942 3294 3079 3349 mihi
3110 3312 3206 3366 per
3242 3296 3499 3367 spiritum

1910 3386 2156 3442 scientiae
2205 3385 2429 3457 aliquod
2477 3387 2681 3441 factum
2730 3384 2846 3456 ejus
2894 3402 3003 3441 non
3055 3386 3252 3441 debere
3297 3387 3497 3442 intelli-

1913 3492 2036 3547 gere
2063 3495 2074 3541 ;
2110 3475 2419 3546 praevidens
2461 3492 2695 3547 namque
2723 3475 2973 3530 Salvator
2998 3483 3204 3542 noster,
3249 3475 3293 3530 si
3323 3492 3496 3532 acces-

1910 3581 2031 3620 sum
2080 3564 2365 3619 hominum
2413 3574 2757 3636 peccatorum
2806 3564 3094 3630 devitaret,
3144 3565 3347 3620 multos
3386 3583 3496 3622 scc-

1912 3655 2109 3711 leratos
2158 3654 2216 3709 in
2271 3653 2668 3726 desperationis
2723 3654 2937 3711 foveam
2985 3671 3099 3710 esse
3145 3654 3495 3725 decidendos,

1912 3745 2288 3819 peccatoribus
2320 3763 2415 3818 per
2450 3746 2765 3802 societatem
2799 3746 3043 3818 corporis
3071 3762 3126 3801 se
3165 3748 3498 3807 conformari

1909 3836 2109 3904 voluit,
2166 3835 2503 3891 manducans
2563 3834 2823 3891 videlicet
2872 3843 2925 3891 et
2977 3835 3170 3893 bibens
3224 3854 3349 3893 cum
3394 3836 3492 3903 eis,

1908 3932 2087 3982 tactus
2116 3925 2280 3981 etiam
2317 3924 2666 3981 meretricum
2709 3941 2818 3980 non
2850 3941 3107 3996 respuens
3142 3944 3153 3981 :
3202 3927 3296 3999 qui
3330 3926 3495 3982 etiam

1909 4023 1963 4071 et
1992 4016 2191 4071 latroni
2237 4016 2294 4070 in
2323 4014 2485 4070 initio
2522 4014 2886 4071 confessionis
2915 4014 3033 4086 ejus
3069 4015 3382 4087 paradisum
3417 4032 3495 4071 re-

1910 4106 2161 4176 promisit
2194 4106 2345 4175 (Luc.
2379 4122 2542 4172 χχιιι,
2574 4104 2692 4177 43),
2732 4115 2793 4162 ut
2818 4106 3076 4161 omnibus
3117 4106 3496 4177 peccatoribus

1909 4195 2108 4251 salvari
2138 4194 2489 4266 cupientibus
2526 4212 2676 4266 spem
2706 4197 2881 4250 veniae
2914 4196 3198 4252 tribueret.
3235 4196 3494 4253 Pharisaei

1908 4302 2060 4355 vero,
2091 4284 2346 4357 spiritum
2382 4285 2623 4341 scientiae
2653 4301 2762 4341 non
2808 4285 3086 4354 habentes,
3138 4286 3493 4357 reprehende-

1906 4377 2038 4434 bant
2066 4393 2224 4444 eum;
2277 4392 2340 4431 eo
2370 4375 2517 4448 quod
2545 4393 2668 4432 cum
2701 4376 3009 4447 publicanis
3038 4385 3091 4432 et
3120 4377 3496 4448 peccatoribus

1909 4464 2280 4521 manducaret.
2329 4464 2433 4520 Sed
2465 4465 2601 4536 ipse,
2632 4466 2889 4535 spiritum
2919 4466 3158 4520 scientiae
3190 4464 3490 4535 possidens,

204 4545 500 4620 requievit,
534 4546 752 4619 quando
783 4546 961 4602 Filius
983 4548 1079 4603 Dei
1102 4549 1401 4604 secundum
1424 4550 1795 4620 divinitatem,
1827 4581 1876 4638 Β
1907 4553 2053 4608 dixit
2077 4554 2156 4608 eis
2191 4571 2202 4607 :
2268 4580 2285 4600 ι
2315 4554 2433 4608 Non
2464 4554 2709 4624 est'Opus
2742 4552 2888 4608 sanis
2918 4552 3178 4618 medicus,
3230 4550 3323 4605 sed
3352 4552 3493 4605 male

203 4635 301 4712 qui
331 4636 599 4708 sapientia
626 4635 802 4690 Patris
831 4635 1059 4705 dicitur,
1096 4635 1153 4691 in
1183 4652 1307 4692 eum
1337 4637 1637 4694 descendit.

278 4734 519 4808 Spiritus
560 4733 939 4805 intelligentiae
975 4733 1033 4788 in
1078 4750 1204 4790 eum
1243 4733 1535 4805 requievit,
1580 4736 1798 4808 quando

205 4825 464 4883 omnibus
495 4824 799 4880 virtutibus
828 4831 928 4893 est,
959 4824 1185 4893 ditatus,
1234 4824 1376 4880 sicut
1409 4825 1465 4880 in
1495 4826 1797 4897 Evangelio

204 4913 469 4987 scriptum
501 4922 582 4970 est
610 4933 621 4970 :
660 4937 678 4961 ι
701 4914 864 4969 Iesus
884 4913 1205 4985 proficiebat
1229 4914 1514 4985 sapientia,
1541 4923 1595 4969 et
1617 4922 1793 4984 aetate,

206 5012 262 5063 et
290 5005 462 5076 gratia
504 5021 689 5060 coram
737 5006 850 5060 Deo
880 5012 934 5059 et
966 5003 1287 5059 hominibus
1335 5004 1485 5075 (Luc.
1522 5022 1580 5073 ιι,
1614 5005 1731 5076 52).
1764 5031 1782 5054 ι

278 5094 405 5150 Post
445 5092 788 5151 intellectum
836 5092 1130 5149 consilium
1174 5092 1438 5165 sequitur.
1490 5094 1794 5151 Consilium

206 5202 240 5243 a
271 5183 615 5241 consulendo
663 5182 900 5251 dicitur;
954 5198 1080 5238 nam
1125 5182 1173 5239 si
1218 5173 1795 5256 aliquod'periculum

206 5272 370 5331 nobis
418 5273 699 5342 imminet,
748 5272 1043 5329 consilium
1073 5288 1105 5327 a
1132 5271 1373 5344 sapiente
1400 5273 1791 5346 perquirimus,

205 5364 447 5440 qualiter
490 5363 794 5438 periculum
826 5363 1141 5420 evadamus.
1186 5361 1455 5420 Similiter
1492 5370 1545 5419 et
1574 5379 1699 5420 cum
1727 5363 1796 5420 ad

205 5452 448 5527 aliquam
502 5453 827 5526 dignitatem
876 5454 1063 5512 saeculi
1102 5453 1468 5511 conscendere
1519 5452 1795 5526 cupimus,

1908 4644 2241 4700 habentibus
2275 4661 2286 4698 :
2322 4660 2433 4698 non
2467 4643 2591 4700 veni
2619 4658 2814 4698 vocare
2837 4640 3032 4712 justos,
3062 4639 3155 4695 sed
3185 4648 3491 4711 peccatores

1912 4733 1979 4789 ad
2017 4733 2399 4805 paenitentiam
2433 4732 2644 4801 (Matth.
2678 4746 2756 4796 ix,
2793 4728 2876 4794 l2,
2916 4727 3029 4799 13).
3063 4752 3081 4774 ι

1977 4825 2056 4878 De
2093 4822 2293 4894 spiritu
2341 4836 2471 4876 vero
2528 4820 2745 4891 pietatis
2790 4833 2898 4871 non
2947 4823 3027 4870 est
3072 4831 3285 4871 necesse
3331 4815 3492 4872 nobis

1907 4911 2207 4985 quidquam
2239 4910 2438 4965 dicere.
2486 4907 2628 4974 Quid
2659 4906 2805 4962 enim
2836 4912 2946 4960 tam
2978 4903 3150 4975 pium,
3196 4920 3357 4976 quam
3398 4905 3490 4960 ille

1904 5000 2000 5074 qui
2035 5010 2316 5073 peccatum
2352 5014 2463 5053 non
2506 4996 2657 5063 fecit,
2704 5012 2805 5052 nec
2837 4994 3094 5050 inventus
3124 5003 3205 5050 est
3232 4994 3392 5050 dolus
3432 4996 3491 5051 in

1904 5106 1997 5146 ore
2042 5089 2160 5161 ejus
2210 5090 2267 5161 (Ι
2291 5091 2435 5144 Petr.
2472 5104 2531 5153 ιι,
2573 5085 2702 5157 22);
2752 5092 2806 5140 et
2849 5100 2975 5140 cum
3020 5093 3199 5156 posset
3243 5100 3275 5140 a
3317 5094 3491 5141 morte

1905 5187 2173 5254 potestate
2212 5195 2311 5235 sua
2339 5178 2579 5245 liberari,
2622 5193 2678 5232 se
2699 5193 2796 5248 pro
2817 5177 2992 5231 salute
3021 5175 3233 5247 generis
3262 5174 3491 5231 humani

1903 5280 1958 5331 et
1982 5268 2179 5339 teneri,
2227 5276 2281 5324 et
2310 5266 2488 5340 ligari,
2541 5274 2594 5322 et
2624 5265 2874 5337 éonspui,
2924 5272 2977 5320 et
3032 5264 3203 5338 alapis
3250 5263 3406 5333 caedi,
3438 5275 3492 5322 et

1905 5360 2187 5434 ﬂagellari,
2219 5368 2274 5416 et
2302 5356 2547 5428 crucifigi
2580 5355 2831 5427 permisit
2859 5356 2886 5412 ‘l

1973 5450 2209 5523 Spiritus
2239 5464 2368 5505 vero
2396 5446 2615 5504 timoris
2656 5444 2902 5511 Domini,
2931 5444 3026 5517 qui
3054 5444 3285 5501 ultimus
3322 5446 3488 5518 poni-

281 5677 397 5749 (29)
427 5678 826 5754 Fragmentum
879 5679 1005 5739 cod.
1058 5677 1114 5737 S.
1171 5677 1473 5739 Audoeni:
1533 5678 1730 5743 Beatus
1784 5677 2011 5738 Joannes
2066 5676 2334 5754 apostolus
2392 5680 2442 5733 et
2502 5674 2816 5747 evangelista
2874 5675 2931 5728 in
2980 5673 3299 5744 Apocalypsi
3366 5672 3496 5727 vidit

206 5757 390 5823 septem
423 5750 709 5821 lampades,
741 5757 846 5807 etc.
