  <div class='ocr_page' id='page_1' title='image "/cluster/home/n/w/nwhite01/storage/ocr_20150623/17/umn.31951002477311b/447.png"; bbox 0 0 3970 6380; ppageno 0'>
   <div class='ocr_carea' id='block_1_1' title="bbox 490 398 596 454">
    <p class='ocr_par' dir='ltr' id='par_1_1' title="bbox 490 398 596 454">
     <span class='ocr_line' id='line_1_1' title="bbox 490 398 596 454; baseline 0.009 -1"><span class='ocrx_word' id='word_1_1' title='bbox 490 398 596 454; x_wconf 87' lang='grc'><strong>879</strong></span> 
     </span>
    </p>
   </div>
   <div class='ocr_carea' id='block_1_2' title="bbox 1512 379 2766 445">
    <p class='ocr_par' dir='ltr' id='par_1_2' title="bbox 1512 379 2766 445">
     <span class='ocr_line' id='line_1_2' title="bbox 1512 379 2766 445; baseline -0.007 0"><span class='ocrx_word' id='word_1_2' title='bbox 1512 389 1608 445; x_wconf 84' lang='lat' dir='ltr'><strong>AD</strong></span> <span class='ocrx_word' id='word_1_3' title='bbox 1645 386 1881 444; x_wconf 81' lang='lat' dir='ltr'><strong>OPEBA</strong></span> <span class='ocrx_word' id='word_1_4' title='bbox 1917 384 1974 441; x_wconf 91' lang='lat' dir='ltr'><strong>S.</strong></span> <span class='ocrx_word' id='word_1_5' title='bbox 2015 381 2347 441; x_wconf 82' lang='lat' dir='ltr'><strong>AMBROSII</strong></span> <span class='ocrx_word' id='word_1_6' title='bbox 2386 379 2766 438; x_wconf 78' lang='lat' dir='ltr'><strong>APPENDIX.</strong></span> 
     </span>
    </p>
   </div>
   <div class='ocr_carea' id='block_1_3' title="bbox 3709 373 3828 430">
    <p class='ocr_par' dir='ltr' id='par_1_3' title="bbox 3709 373 3828 430">
     <span class='ocr_line' id='line_1_3' title="bbox 3709 373 3828 430; baseline 0 0"><span class='ocrx_word' id='word_1_7' title='bbox 3709 373 3828 430; x_wconf 87' lang='lat'><strong>880</strong></span> 
     </span>
    </p>
   </div>
   <div class='ocr_carea' id='block_1_4' title="bbox 488 502 3824 595">
    <p class='ocr_par' dir='ltr' id='par_1_4' title="bbox 488 502 3824 595">
     <span class='ocr_line' id='line_1_4' title="bbox 488 502 3824 595; baseline -0.007 -15"><span class='ocrx_word' id='word_1_8' title='bbox 488 534 600 592; x_wconf 90' lang='lat' dir='ltr'><strong>tur,</strong></span> <span class='ocrx_word' id='word_1_9' title='bbox 636 522 705 580; x_wconf 89' lang='lat' dir='ltr'><strong>ad</strong></span> <span class='ocrx_word' id='word_1_10' title='bbox 732 522 1040 595; x_wconf 86' lang='lat' dir='ltr'><strong>passionem</strong></span> <span class='ocrx_word' id='word_1_11' title='bbox 1069 520 1337 593; x_wconf 82' lang='lat' dir='ltr'><strong>pertinet;</strong></span> <span class='ocrx_word' id='word_1_12' title='bbox 1391 535 1504 577; x_wconf 90' lang='lat' dir='ltr'><strong>non</strong></span> <span class='ocrx_word' id='word_1_13' title='bbox 1547 518 1696 593; x_wconf 89' lang='lat' dir='ltr'><strong>quod</strong></span> <span class='ocrx_word' id='word_1_14' title='bbox 1732 518 1933 574; x_wconf 84' lang='lat' dir='ltr'><strong>timore</strong></span> <span class='ocrx_word' id='word_1_15' title='bbox 1979 531 2084 572; x_wconf 95' lang='lat' dir='ltr'><strong>co-</strong></span> <span class='ocrx_word' id='word_1_16' title='bbox 2109 520 2161 578; x_wconf 81' lang='grc' dir='ltr'><strong>Α</strong></span> <span class='ocrx_word' id='word_1_17' title='bbox 2188 511 2326 568; x_wconf 87' lang='lat' dir='ltr'><strong>vitia</strong></span> <span class='ocrx_word' id='word_1_18' title='bbox 2353 510 2699 582; x_wconf 77' lang='lat' dir='ltr'><strong>derelinquat</strong></span> <span class='ocrx_word' id='word_1_19' title='bbox 2723 527 2734 565; x_wconf 93' lang='lat'>:</span> <span class='ocrx_word' id='word_1_20' title='bbox 2758 515 2812 564; x_wconf 92' lang='lat' dir='ltr'><strong>et</strong></span> <span class='ocrx_word' id='word_1_21' title='bbox 2839 507 3154 581; x_wconf 86' lang='lat' dir='ltr'><strong>quicunque</strong></span> <span class='ocrx_word' id='word_1_22' title='bbox 3179 506 3317 562; x_wconf 89' lang='lat' dir='ltr'><strong>vitia</strong></span> <span class='ocrx_word' id='word_1_23' title='bbox 3336 505 3591 563; x_wconf 82' lang='lat' dir='ltr'><strong>deserere</strong></span> <span class='ocrx_word' id='word_1_24' title='bbox 3614 502 3824 595; x_wconf 77' lang='lat' dir='ltr'><strong>cupit,</strong></span> 
     </span>
    </p>
   </div>
   <div class='ocr_carea' id='block_1_5' title="bbox 498 614 2080 688">
    <p class='ocr_par' dir='ltr' id='par_1_5' title="bbox 498 614 2080 688">
     <span class='ocr_line' id='line_1_5' title="bbox 498 614 2080 688; baseline -0.006 -15"><span class='ocrx_word' id='word_1_25' title='bbox 498 623 652 674; x_wconf 88' lang='lat' dir='ltr'><strong>actus</strong></span> <span class='ocrx_word' id='word_1_26' title='bbox 681 616 754 671; x_wconf 91' lang='lat' dir='ltr'><strong>sit</strong></span> <span class='ocrx_word' id='word_1_27' title='bbox 796 622 858 671; x_wconf 91' lang='lat' dir='ltr'><strong>ut</strong></span> <span class='ocrx_word' id='word_1_28' title='bbox 887 631 987 688; x_wconf 89' lang='lat' dir='ltr'><strong>pro</strong></span> <span class='ocrx_word' id='word_1_29' title='bbox 1016 615 1190 671; x_wconf 87' lang='lat' dir='ltr'><strong>salute</strong></span> <span class='ocrx_word' id='word_1_30' title='bbox 1220 615 1430 688; x_wconf 86' lang='lat' dir='ltr'><strong>generis</strong></span> <span class='ocrx_word' id='word_1_31' title='bbox 1471 614 1699 670; x_wconf 85' lang='lat' dir='ltr'><strong>humani</strong></span> <span class='ocrx_word' id='word_1_32' title='bbox 1733 618 2037 668; x_wconf 83' lang='lat' dir='ltr'><strong>moreretur</strong></span> <span class='ocrx_word' id='word_1_33' title='bbox 2068 626 2080 664; x_wconf 91' lang='lat'>:</span> 
     </span>
    </p>
   </div>
   <div class='ocr_carea' id='block_1_6' title="bbox 493 697 2086 776">
    <p class='ocr_par' dir='ltr' id='par_1_6' title="bbox 493 697 2086 776">
     <span class='ocr_line' id='line_1_6' title="bbox 493 697 2086 776; baseline -0.006 -15"><span class='ocrx_word' id='word_1_34' title='bbox 493 704 588 761; x_wconf 93' lang='lat' dir='ltr'><strong>sed</strong></span> <span class='ocrx_word' id='word_1_35' title='bbox 614 704 871 760; x_wconf 84' lang='lat' dir='ltr'><strong>timorem</strong></span> <span class='ocrx_word' id='word_1_36' title='bbox 913 721 1012 776; x_wconf 92' lang='lat' dir='ltr'><strong>pro</strong></span> <span class='ocrx_word' id='word_1_37' title='bbox 1053 704 1366 762; x_wconf 90' lang='lat' dir='ltr'><strong>obedientia</strong></span> <span class='ocrx_word' id='word_1_38' title='bbox 1408 703 1653 775; x_wconf 88' lang='lat' dir='ltr'><strong>accipere</strong></span> <span class='ocrx_word' id='word_1_39' title='bbox 1689 701 1970 767; x_wconf 87' lang='lat' dir='ltr'><strong>debemus,</strong></span> <span class='ocrx_word' id='word_1_40' title='bbox 2019 697 2086 752; x_wconf 91' lang='lat' dir='ltr'><strong>de</strong></span> 
     </span>
    </p>
   </div>
   <div class='ocr_carea' id='block_1_7' title="bbox 497 794 2083 869">
    <p class='ocr_par' dir='ltr' id='par_1_7' title="bbox 497 794 2083 869">
     <span class='ocr_line' id='line_1_7' title="bbox 497 794 2083 869; baseline -0.007 -17"><span class='ocrx_word' id='word_1_41' title='bbox 497 813 606 869; x_wconf 89' lang='lat' dir='ltr'><strong>qua</strong></span> <span class='ocrx_word' id='word_1_42' title='bbox 635 796 751 868; x_wconf 89' lang='lat' dir='ltr'><strong>ipse</strong></span> <span class='ocrx_word' id='word_1_43' title='bbox 770 795 906 851; x_wconf 81' lang='lat' dir='ltr'><strong>dicit</strong></span> <span class='ocrx_word' id='word_1_44' title='bbox 930 812 942 850; x_wconf 93' lang='lat'>:</span> <span class='ocrx_word' id='word_1_45' title='bbox 979 818 997 841; x_wconf 75' lang='grc' dir='ltr'>ι</span> <span class='ocrx_word' id='word_1_46' title='bbox 1018 794 1137 850; x_wconf 84' lang='grc' dir='ltr'><strong>Νοη</strong></span> <span class='ocrx_word' id='word_1_47' title='bbox 1167 797 1293 851; x_wconf 83' lang='lat' dir='ltr'><strong>veni</strong></span> <span class='ocrx_word' id='word_1_48' title='bbox 1317 795 1493 853; x_wconf 90' lang='lat' dir='ltr'><strong>facere</strong></span> <span class='ocrx_word' id='word_1_49' title='bbox 1512 794 1854 849; x_wconf 81' lang='lat' dir='ltr'><strong>voluntatem</strong></span> <span class='ocrx_word' id='word_1_50' title='bbox 1885 803 2083 855; x_wconf 84' lang='lat' dir='ltr'><strong>meam,</strong></span> 
     </span>
    </p>
   </div>
   <div class='ocr_carea' id='block_1_8' title="bbox 492 884 2081 958">
    <p class='ocr_par' dir='ltr' id='par_1_8' title="bbox 492 884 2081 958">
     <span class='ocr_line' id='line_1_8' title="bbox 492 884 2081 958; baseline -0.006 -14"><span class='ocrx_word' id='word_1_51' title='bbox 492 887 590 944; x_wconf 91' lang='lat' dir='ltr'><strong>sed</strong></span> <span class='ocrx_word' id='word_1_52' title='bbox 618 888 955 944; x_wconf 84' lang='lat' dir='ltr'><strong>voluntatem</strong></span> <span class='ocrx_word' id='word_1_53' title='bbox 988 885 1106 958; x_wconf 87' lang='lat' dir='ltr'><strong>ejus</strong></span> <span class='ocrx_word' id='word_1_54' title='bbox 1134 888 1227 958; x_wconf 89' lang='lat' dir='ltr'><strong>qui</strong></span> <span class='ocrx_word' id='word_1_55' title='bbox 1258 888 1407 943; x_wconf 83' lang='lat' dir='ltr'><strong>misit</strong></span> <span class='ocrx_word' id='word_1_56' title='bbox 1438 903 1545 955; x_wconf 83' lang='lat' dir='ltr'><strong>me,</strong></span> <span class='ocrx_word' id='word_1_57' title='bbox 1585 886 1760 941; x_wconf 85' lang='lat' dir='ltr'><strong>Patris</strong></span> <span class='ocrx_word' id='word_1_58' title='bbox 1794 884 1974 956; x_wconf 86' lang='lat' dir='ltr'><strong>(Joan.</strong></span> <span class='ocrx_word' id='word_1_59' title='bbox 2005 897 2081 947; x_wconf 79' lang='lat' dir='ltr'><strong>vi,</strong></span> 
     </span>
    </p>
   </div>
   <div class='ocr_carea' id='block_1_9' title="bbox 492 969 2087 1048">
    <p class='ocr_par' dir='ltr' id='par_1_9' title="bbox 492 969 2087 1048">
     <span class='ocr_line' id='line_1_9' title="bbox 492 969 2087 1048; baseline -0.006 -16"><span class='ocrx_word' id='word_1_60' title='bbox 492 976 611 1048; x_wconf 90' lang='grc'><strong>36).</strong></span> <span class='ocrx_word' id='word_1_61' title='bbox 638 1002 656 1025; x_wconf 77' lang='grc' dir='ltr'><strong><em>ι</em></strong></span> <span class='ocrx_word' id='word_1_62' title='bbox 692 977 828 1032; x_wconf 91' lang='lat' dir='ltr'><strong>Nam</strong></span> <span class='ocrx_word' id='word_1_63' title='bbox 853 984 906 1031; x_wconf 92' lang='lat' dir='ltr'><strong>et</strong></span> <span class='ocrx_word' id='word_1_64' title='bbox 934 974 1134 1043; x_wconf 87' lang='lat' dir='ltr'><strong>ﬁlium,</strong></span> <span class='ocrx_word' id='word_1_65' title='bbox 1157 975 1250 1047; x_wconf 91' lang='lat' dir='ltr'><strong>qui</strong></span> <span class='ocrx_word' id='word_1_66' title='bbox 1274 976 1413 1047; x_wconf 89' lang='lat' dir='ltr'><strong>patri</strong></span> <span class='ocrx_word' id='word_1_67' title='bbox 1444 974 1648 1031; x_wconf 88' lang='lat' dir='ltr'><strong>carnali</strong></span> <span class='ocrx_word' id='word_1_68' title='bbox 1675 982 1757 1029; x_wconf 91' lang='lat' dir='ltr'><strong>est</strong></span> <span class='ocrx_word' id='word_1_69' title='bbox 1776 987 1871 1044; x_wconf 92' lang='lat' dir='ltr'><strong>per</strong></span> <span class='ocrx_word' id='word_1_70' title='bbox 1900 969 2087 1025; x_wconf 88' lang='lat' dir='ltr'><strong>omnia</strong></span> 
     </span>
    </p>
   </div>
   <div class='ocr_carea' id='block_1_10' title="bbox 490 1057 2084 1135">
    <p class='ocr_par' dir='ltr' id='par_1_10' title="bbox 490 1057 2084 1135">
     <span class='ocr_line' id='line_1_10' title="bbox 490 1057 2084 1135; baseline -0.005 -16"><span class='ocrx_word' id='word_1_71' title='bbox 490 1063 775 1131; x_wconf 87' lang='lat' dir='ltr'><strong>ohediens,</strong></span> <span class='ocrx_word' id='word_1_72' title='bbox 809 1071 1016 1135; x_wconf 90' lang='lat' dir='ltr'><strong>patrem</strong></span> <span class='ocrx_word' id='word_1_73' title='bbox 1044 1063 1238 1119; x_wconf 91' lang='lat' dir='ltr'><strong>timere</strong></span> <span class='ocrx_word' id='word_1_74' title='bbox 1266 1062 1525 1131; x_wconf 91' lang='lat' dir='ltr'><strong>dicimus,</strong></span> <span class='ocrx_word' id='word_1_75' title='bbox 1555 1078 1684 1119; x_wconf 92' lang='lat' dir='ltr'><strong>cum</strong></span> <span class='ocrx_word' id='word_1_76' title='bbox 1708 1061 1804 1116; x_wconf 88' lang='lat' dir='ltr'><strong>illa</strong></span> <span class='ocrx_word' id='word_1_77' title='bbox 1829 1057 2084 1115; x_wconf 89' lang='lat' dir='ltr'><strong>obedien-</strong></span> 
     </span>
    </p>
   </div>
   <div class='ocr_carea' id='block_1_11' title="bbox 489 1144 2084 1223">
    <p class='ocr_par' dir='ltr' id='par_1_11' title="bbox 489 1144 2084 1223">
     <span class='ocr_line' id='line_1_11' title="bbox 489 1144 2084 1223; baseline -0.006 -16"><span class='ocrx_word' id='word_1_78' title='bbox 489 1151 568 1207; x_wconf 90' lang='lat' dir='ltr'><strong>tia</strong></span> <span class='ocrx_word' id='word_1_79' title='bbox 598 1168 711 1208; x_wconf 91' lang='lat' dir='ltr'><strong>non</strong></span> <span class='ocrx_word' id='word_1_80' title='bbox 740 1153 812 1208; x_wconf 88' lang='lat' dir='ltr'><strong>sit</strong></span> <span class='ocrx_word' id='word_1_81' title='bbox 841 1151 1079 1220; x_wconf 88' lang='lat' dir='ltr'><strong>timoris,</strong></span> <span class='ocrx_word' id='word_1_82' title='bbox 1110 1152 1204 1209; x_wconf 92' lang='lat' dir='ltr'><strong>sed</strong></span> <span class='ocrx_word' id='word_1_83' title='bbox 1232 1151 1453 1207; x_wconf 88' lang='lat' dir='ltr'><strong>amoris.</strong></span> <span class='ocrx_word' id='word_1_84' title='bbox 1475 1153 1553 1206; x_wconf 87' lang='lat' dir='ltr'><strong>De</strong></span> <span class='ocrx_word' id='word_1_85' title='bbox 1583 1165 1691 1223; x_wconf 90' lang='lat' dir='ltr'><strong>quo</strong></span> <span class='ocrx_word' id='word_1_86' title='bbox 1718 1149 1915 1204; x_wconf 90' lang='lat' dir='ltr'><strong>timore</strong></span> <span class='ocrx_word' id='word_1_87' title='bbox 1942 1144 2084 1199; x_wconf 89' lang='lat' dir='ltr'><strong>Psal-</strong></span> 
     </span>
    </p>
   </div>
   <div class='ocr_carea' id='block_1_12' title="bbox 491 1234 2084 1309">
    <p class='ocr_par' dir='ltr' id='par_1_12' title="bbox 491 1234 2084 1309">
     <span class='ocr_line' id='line_1_12' title="bbox 491 1234 2084 1309; baseline -0.005 -14"><span class='ocrx_word' id='word_1_88' title='bbox 491 1240 654 1295; x_wconf 85' lang='lat' dir='ltr'><strong>mista</strong></span> <span class='ocrx_word' id='word_1_89' title='bbox 682 1239 854 1296; x_wconf 87' lang='lat' dir='ltr'><strong>dicit:</strong></span> <span class='ocrx_word' id='word_1_90' title='bbox 901 1264 920 1287; x_wconf 77' lang='grc' dir='ltr'>ι</span> <span class='ocrx_word' id='word_1_91' title='bbox 959 1238 1148 1295; x_wconf 88' lang='lat' dir='ltr'><strong>Timor</strong></span> <span class='ocrx_word' id='word_1_92' title='bbox 1171 1240 1396 1297; x_wconf 91' lang='lat' dir='ltr'><strong>Domini</strong></span> <span class='ocrx_word' id='word_1_93' title='bbox 1424 1248 1646 1295; x_wconf 88' lang='lat' dir='ltr'><strong>sanctus</strong></span> <span class='ocrx_word' id='word_1_94' title='bbox 1676 1250 1999 1309; x_wconf 89' lang='lat' dir='ltr'><strong>permanens</strong></span> <span class='ocrx_word' id='word_1_95' title='bbox 2026 1234 2084 1287; x_wconf 92' lang='lat' dir='ltr'><strong>in</strong></span> 
     </span>
    </p>
   </div>
   <div class='ocr_carea' id='block_1_13' title="bbox 489 1327 2085 1400">
    <p class='ocr_par' dir='ltr' id='par_1_13' title="bbox 489 1327 2085 1400">
     <span class='ocr_line' id='line_1_13' title="bbox 489 1327 2085 1400; baseline -0.006 -15"><span class='ocrx_word' id='word_1_96' title='bbox 489 1328 750 1385; x_wconf 81' lang='lat' dir='ltr'><strong>saeculum</strong></span> <span class='ocrx_word' id='word_1_97' title='bbox 795 1328 980 1384; x_wconf 70' lang='lat' dir='ltr'><strong>szeculi</strong></span> <span class='ocrx_word' id='word_1_98' title='bbox 1032 1330 1205 1400; x_wconf 80' lang='lat' dir='ltr'><strong>(Psal.</strong></span> <span class='ocrx_word' id='word_1_99' title='bbox 1252 1346 1418 1397; x_wconf 81' lang='lat' dir='ltr'><strong>xvm,</strong></span> <span class='ocrx_word' id='word_1_100' title='bbox 1471 1327 1601 1397; x_wconf 70' lang='lat'><strong>10);</strong></span> <span class='ocrx_word' id='word_1_101' title='bbox 1653 1351 1671 1374; x_wconf 79' lang='grc' dir='ltr'><strong><em>ι</em></strong></span> <span class='ocrx_word' id='word_1_102' title='bbox 1734 1341 1845 1380; x_wconf 89' lang='lat' dir='ltr'><strong>non</strong></span> <span class='ocrx_word' id='word_1_103' title='bbox 1904 1332 2085 1379; x_wconf 88' lang='lat' dir='ltr'><strong>autem</strong></span> 
     </span>
    </p>
   </div>
   <div class='ocr_carea' id='block_1_14' title="bbox 489 1415 2087 1486">
    <p class='ocr_par' dir='ltr' id='par_1_14' title="bbox 489 1415 2087 1486">
     <span class='ocr_line' id='line_1_14' title="bbox 489 1415 2087 1486; baseline -0.004 -14"><span class='ocrx_word' id='word_1_104' title='bbox 489 1418 675 1486; x_wconf 89' lang='lat' dir='ltr'><strong>timor,</strong></span> <span class='ocrx_word' id='word_1_105' title='bbox 718 1417 813 1473; x_wconf 91' lang='lat' dir='ltr'><strong>sed</strong></span> <span class='ocrx_word' id='word_1_106' title='bbox 841 1418 1080 1476; x_wconf 86' lang='lat' dir='ltr'><strong>charitas</strong></span> <span class='ocrx_word' id='word_1_107' title='bbox 1108 1418 1209 1474; x_wconf 90' lang='lat' dir='ltr'><strong>Dei</strong></span> <span class='ocrx_word' id='word_1_108' title='bbox 1238 1418 1295 1473; x_wconf 89' lang='lat' dir='ltr'><strong>in</strong></span> <span class='ocrx_word' id='word_1_109' title='bbox 1324 1417 1587 1473; x_wconf 70' lang='lat' dir='ltr'><strong>saeculum</strong></span> <span class='ocrx_word' id='word_1_110' title='bbox 1630 1415 1819 1472; x_wconf 75' lang='lat' dir='ltr'><strong>saeculi</strong></span> <span class='ocrx_word' id='word_1_111' title='bbox 1864 1427 2087 1485; x_wconf 87' lang='lat' dir='ltr'><strong>perma-</strong></span> 
     </span>
    </p>
   </div>
   <div class='ocr_carea' id='block_1_15' title="bbox 489 1507 664 1563">
    <p class='ocr_par' dir='ltr' id='par_1_15' title="bbox 489 1507 664 1563">
     <span class='ocr_line' id='line_1_15' title="bbox 489 1507 664 1563; baseline 0.006 -2"><span class='ocrx_word' id='word_1_112' title='bbox 489 1507 664 1563; x_wconf 87' lang='lat' dir='ltr'><strong>nebit.</strong></span> 
     </span>
    </p>
   </div>
   <div class='ocr_carea' id='block_1_16' title="bbox 557 1588 2085 1670">
    <p class='ocr_par' dir='ltr' id='par_1_16' title="bbox 557 1588 2085 1670">
     <span class='ocr_line' id='line_1_16' title="bbox 557 1588 2085 1670; baseline -0.006 -17"><span class='ocrx_word' id='word_1_113' title='bbox 557 1598 716 1654; x_wconf 89' lang='lat' dir='ltr'><strong>Nunc</strong></span> <span class='ocrx_word' id='word_1_114' title='bbox 744 1599 980 1670; x_wconf 89' lang='lat' dir='ltr'><strong>qualiter</strong></span> <span class='ocrx_word' id='word_1_115' title='bbox 1022 1594 1140 1653; x_wconf 85' lang='lat' dir='ltr'><strong>haec</strong></span> <span class='ocrx_word' id='word_1_116' title='bbox 1177 1604 1383 1668; x_wconf 90' lang='lat' dir='ltr'><strong>septem</strong></span> <span class='ocrx_word' id='word_1_117' title='bbox 1431 1595 1576 1650; x_wconf 90' lang='lat' dir='ltr'><strong>dona</strong></span> <span class='ocrx_word' id='word_1_118' title='bbox 1628 1591 1865 1664; x_wconf 88' lang='lat' dir='ltr'><strong>Spiritus</strong></span> <span class='ocrx_word' id='word_1_119' title='bbox 1910 1588 2085 1647; x_wconf 86' lang='lat' dir='ltr'><strong>sancti</strong></span> 
     </span>
    </p>
   </div>
   <div class='ocr_carea' id='block_1_17' title="bbox 488 1678 2085 1758">
    <p class='ocr_par' dir='ltr' id='par_1_17' title="bbox 488 1678 2085 1758">
     <span class='ocr_line' id='line_1_17' title="bbox 488 1678 2085 1758; baseline -0.004 -18"><span class='ocrx_word' id='word_1_120' title='bbox 488 1684 788 1758; x_wconf 88' lang='lat' dir='ltr'><strong>unicuique</strong></span> <span class='ocrx_word' id='word_1_121' title='bbox 818 1684 1068 1740; x_wconf 80' lang='lat' dir='ltr'><strong>fidelium</strong></span> <span class='ocrx_word' id='word_1_122' title='bbox 1111 1683 1465 1750; x_wconf 83' lang='lat' dir='ltr'><strong>conveniant,</strong></span> <span class='ocrx_word' id='word_1_123' title='bbox 1518 1680 1760 1737; x_wconf 86' lang='lat' dir='ltr'><strong>breviter</strong></span> <span class='ocrx_word' id='word_1_124' title='bbox 1784 1678 2085 1736; x_wconf 89' lang='lat' dir='ltr'><strong>dicendum</strong></span> 
     </span>
    </p>
   </div>
   <div class='ocr_carea' id='block_1_18' title="bbox 487 1768 2086 1846">
    <p class='ocr_par' dir='ltr' id='par_1_18' title="bbox 487 1768 2086 1846">
     <span class='ocr_line' id='line_1_18' title="bbox 487 1768 2086 1846; baseline -0.003 -17"><span class='ocrx_word' id='word_1_125' title='bbox 487 1780 588 1829; x_wconf 90' lang='lat' dir='ltr'><strong>est.</strong></span> <span class='ocrx_word' id='word_1_126' title='bbox 636 1775 710 1829; x_wconf 94' lang='lat' dir='ltr'><strong>Et</strong></span> <span class='ocrx_word' id='word_1_127' title='bbox 757 1773 888 1846; x_wconf 86' lang='lat' dir='ltr'><strong>quia</strong></span> <span class='ocrx_word' id='word_1_128' title='bbox 932 1790 1033 1828; x_wconf 90' lang='lat' dir='ltr'><strong>nos</strong></span> <span class='ocrx_word' id='word_1_129' title='bbox 1079 1771 1172 1844; x_wconf 90' lang='lat' dir='ltr'><strong>qui</strong></span> <span class='ocrx_word' id='word_1_130' title='bbox 1226 1789 1321 1844; x_wconf 91' lang='lat' dir='ltr'><strong>per</strong></span> <span class='ocrx_word' id='word_1_131' title='bbox 1374 1771 1564 1843; x_wconf 72' lang='lat' dir='ltr'><strong>primm</strong></span> <span class='ocrx_word' id='word_1_132' title='bbox 1617 1768 2086 1842; x_wconf 81' lang='lat' dir='ltr'><strong>praevaricationis</strong></span> 
     </span>
    </p>
   </div>
   <div class='ocr_carea' id='block_1_19' title="bbox 2194 592 3823 672">
    <p class='ocr_par' dir='ltr' id='par_1_19' title="bbox 2194 592 3823 672">
     <span class='ocr_line' id='line_1_19' title="bbox 2194 592 3823 672; baseline -0.007 -14"><span class='ocrx_word' id='word_1_133' title='bbox 2194 618 2412 658; x_wconf 88' lang='lat' dir='ltr'><strong>necesse</strong></span> <span class='ocrx_word' id='word_1_134' title='bbox 2446 608 2530 657; x_wconf 89' lang='lat' dir='ltr'><strong>est</strong></span> <span class='ocrx_word' id='word_1_135' title='bbox 2562 600 2680 672; x_wconf 85' lang='grc'>(31)</span> <span class='ocrx_word' id='word_1_136' title='bbox 2729 606 2791 655; x_wconf 91' lang='lat' dir='ltr'><strong>ut</strong></span> <span class='ocrx_word' id='word_1_137' title='bbox 2819 614 2915 672; x_wconf 90' lang='lat' dir='ltr'><strong>per</strong></span> <span class='ocrx_word' id='word_1_138' title='bbox 2942 597 3251 654; x_wconf 85' lang='lat' dir='ltr'><strong>doctrinam</strong></span> <span class='ocrx_word' id='word_1_139' title='bbox 3282 595 3607 651; x_wconf 87' lang='lat' dir='ltr'><strong>divinarum</strong></span> <span class='ocrx_word' id='word_1_140' title='bbox 3641 592 3823 649; x_wconf 89' lang='lat' dir='ltr'><strong>Scri-</strong></span> 
     </span>
    </p>
   </div>
   <div class='ocr_carea' id='block_1_20' title="bbox 2194 682 3820 762">
    <p class='ocr_par' dir='ltr' id='par_1_20' title="bbox 2194 682 3820 762">
     <span class='ocr_line' id='line_1_20' title="bbox 2194 682 3820 762; baseline -0.007 -16"><span class='ocrx_word' id='word_1_141' title='bbox 2194 698 2504 762; x_wconf 90' lang='lat' dir='ltr'><strong>pturarum,</strong></span> <span class='ocrx_word' id='word_1_142' title='bbox 2536 689 2655 744; x_wconf 86' lang='lat' dir='ltr'><strong>sive</strong></span> <span class='ocrx_word' id='word_1_143' title='bbox 2684 704 2779 760; x_wconf 89' lang='lat' dir='ltr'><strong>per</strong></span> <span class='ocrx_word' id='word_1_144' title='bbox 2808 685 3251 760; x_wconf 64' lang='lat' dir='ltr'><strong>praedicationem</strong></span> <span class='ocrx_word' id='word_1_145' title='bbox 3282 692 3601 740; x_wconf 89' lang='lat' dir='ltr'><strong>sanctorum</strong></span> <span class='ocrx_word' id='word_1_146' title='bbox 3635 682 3820 737; x_wconf 90' lang='lat' dir='ltr'><strong>viro-</strong></span> 
     </span>
    </p>
   </div>
   <div class='ocr_carea' id='block_1_21' title="bbox 2194 772 3820 851">
    <p class='ocr_par' dir='ltr' id='par_1_21' title="bbox 2194 772 3820 851">
     <span class='ocr_line' id='line_1_21' title="bbox 2194 772 3820 851; baseline -0.006 -17"><span class='ocrx_word' id='word_1_147' title='bbox 2194 796 2340 847; x_wconf 90' lang='lat' dir='ltr'><strong>rum,</strong></span> <span class='ocrx_word' id='word_1_148' title='bbox 2400 778 2578 835; x_wconf 90' lang='lat' dir='ltr'><strong>discat</strong></span> <span class='ocrx_word' id='word_1_149' title='bbox 2632 794 2753 851; x_wconf 57' lang='lat' dir='ltr'><strong>quae</strong></span> <span class='ocrx_word' id='word_1_150' title='bbox 2808 776 2921 832; x_wconf 91' lang='lat' dir='ltr'><strong>sint</strong></span> <span class='ocrx_word' id='word_1_151' title='bbox 2977 789 3172 847; x_wconf 90' lang='lat' dir='ltr'><strong>genera</strong></span> <span class='ocrx_word' id='word_1_152' title='bbox 3216 772 3503 839; x_wconf 87' lang='lat' dir='ltr'><strong>vitiorum,</strong></span> <span class='ocrx_word' id='word_1_153' title='bbox 3550 772 3820 844; x_wconf 82' lang='lat' dir='ltr'><strong>qualiter</strong></span> 
     </span>
    </p>
   </div>
   <div class='ocr_carea' id='block_1_22' title="bbox 2196 859 3821 939">
    <p class='ocr_par' dir='ltr' id='par_1_22' title="bbox 2196 859 3821 939">
     <span class='ocr_line' id='line_1_22' title="bbox 2196 859 3821 939; baseline -0.004 -17"><span class='ocrx_word' id='word_1_154' title='bbox 2196 866 2451 923; x_wconf 88' lang='lat' dir='ltr'><strong>homines</strong></span> <span class='ocrx_word' id='word_1_155' title='bbox 2481 867 2799 939; x_wconf 89' lang='lat' dir='ltr'><strong>illaqueent,</strong></span> <span class='ocrx_word' id='word_1_156' title='bbox 2832 871 2886 919; x_wconf 90' lang='lat' dir='ltr'><strong>et</strong></span> <span class='ocrx_word' id='word_1_157' title='bbox 2914 863 3115 937; x_wconf 88' lang='lat' dir='ltr'><strong>quibus</strong></span> <span class='ocrx_word' id='word_1_158' title='bbox 3145 859 3322 916; x_wconf 90' lang='lat' dir='ltr'><strong>modis</strong></span> <span class='ocrx_word' id='word_1_159' title='bbox 3346 860 3630 932; x_wconf 76' lang='lat' dir='ltr'><strong>exstingui</strong></span> <span class='ocrx_word' id='word_1_160' title='bbox 3665 876 3821 932; x_wconf 88' lang='lat' dir='ltr'><strong>pos-</strong></span> 
     </span>
    </p>
   </div>
   <div class='ocr_carea' id='block_1_23' title="bbox 2194 949 3819 1027">
    <p class='ocr_par' dir='ltr' id='par_1_23' title="bbox 2194 949 3819 1027">
     <span class='ocr_line' id='line_1_23' title="bbox 2194 949 3819 1027; baseline -0.003 -17"><span class='ocrx_word' id='word_1_161' title='bbox 2194 955 2339 1022; x_wconf 87' lang='lat' dir='ltr'><strong>sint;</strong></span> <span class='ocrx_word' id='word_1_162' title='bbox 2403 970 2523 1027; x_wconf 85' lang='lat' dir='ltr'><strong>quae</strong></span> <span class='ocrx_word' id='word_1_163' title='bbox 2575 953 2687 1009; x_wconf 88' lang='lat' dir='ltr'><strong>sint</strong></span> <span class='ocrx_word' id='word_1_164' title='bbox 2731 952 2898 1008; x_wconf 90' lang='lat' dir='ltr'><strong>etiam</strong></span> <span class='ocrx_word' id='word_1_165' title='bbox 2948 950 3295 1023; x_wconf 88' lang='lat' dir='ltr'><strong>deceptiones</strong></span> <span class='ocrx_word' id='word_1_166' title='bbox 3350 949 3701 1018; x_wconf 63' lang='lat' dir='ltr'><strong>daemonum,</strong></span> <span class='ocrx_word' id='word_1_167' title='bbox 3756 958 3819 1005; x_wconf 89' lang='lat' dir='ltr'><strong>et</strong></span> 
     </span>
    </p>
   </div>
   <div class='ocr_carea' id='block_1_24' title="bbox 2195 1038 3821 1117">
    <p class='ocr_par' dir='ltr' id='par_1_24' title="bbox 2195 1038 3821 1117">
     <span class='ocr_line' id='line_1_24' title="bbox 2195 1038 3821 1117; baseline -0.004 -18"><span class='ocrx_word' id='word_1_168' title='bbox 2195 1043 2435 1117; x_wconf 87' lang='lat' dir='ltr'><strong>qualiter</strong></span> <span class='ocrx_word' id='word_1_169' title='bbox 2475 1048 2669 1098; x_wconf 91' lang='lat' dir='ltr'><strong>contra</strong></span> <span class='ocrx_word' id='word_1_170' title='bbox 2712 1057 2803 1096; x_wconf 88' lang='lat' dir='ltr'><strong>eos</strong></span> <span class='ocrx_word' id='word_1_171' title='bbox 2833 1039 3187 1113; x_wconf 88' lang='lat' dir='ltr'><strong>pugnandum</strong></span> <span class='ocrx_word' id='word_1_172' title='bbox 3216 1040 3289 1095; x_wconf 89' lang='lat' dir='ltr'><strong>sit</strong></span> <span class='ocrx_word' id='word_1_173' title='bbox 3322 1056 3333 1094; x_wconf 90' lang='lat'><strong>:</strong></span> <span class='ocrx_word' id='word_1_174' title='bbox 3367 1038 3475 1095; x_wconf 90' lang='lat' dir='ltr'><strong>hoc</strong></span> <span class='ocrx_word' id='word_1_175' title='bbox 3500 1047 3585 1095; x_wconf 91' lang='lat' dir='ltr'><strong>est</strong></span> <span class='ocrx_word' id='word_1_176' title='bbox 3626 1038 3821 1111; x_wconf 83' lang='lat' dir='ltr'><strong>igitur</strong></span> 
     </span>
    </p>
   </div>
   <div class='ocr_carea' id='block_1_25' title="bbox 2195 1129 3051 1203">
    <p class='ocr_par' dir='ltr' id='par_1_25' title="bbox 2195 1129 3051 1203">
     <span class='ocr_line' id='line_1_25' title="bbox 2195 1129 3051 1203; baseline -0.004 -16"><span class='ocrx_word' id='word_1_177' title='bbox 2195 1131 2439 1187; x_wconf 72' lang='lat' dir='ltr'><strong>scientiae</strong></span> <span class='ocrx_word' id='word_1_178' title='bbox 2468 1129 2727 1203; x_wconf 85' lang='lat' dir='ltr'><strong>spiritum</strong></span> <span class='ocrx_word' id='word_1_179' title='bbox 2756 1129 3051 1201; x_wconf 90' lang='lat' dir='ltr'><strong>possidere.</strong></span> 
     </span>
    </p>
   </div>
   <div class='ocr_carea' id='block_1_26' title="bbox 2264 1225 3819 1300">
    <p class='ocr_par' dir='ltr' id='par_1_26' title="bbox 2264 1225 3819 1300">
     <span class='ocr_line' id='line_1_26' title="bbox 2264 1225 3819 1300; baseline -0.001 -18"><span class='ocrx_word' id='word_1_180' title='bbox 2264 1228 2336 1282; x_wconf 89' lang='lat' dir='ltr'><strong>Et</strong></span> <span class='ocrx_word' id='word_1_181' title='bbox 2363 1227 2493 1300; x_wconf 91' lang='lat' dir='ltr'><strong>quia</strong></span> <span class='ocrx_word' id='word_1_182' title='bbox 2523 1228 2784 1284; x_wconf 89' lang='lat' dir='ltr'><strong>Salomon</strong></span> <span class='ocrx_word' id='word_1_183' title='bbox 2815 1227 2952 1284; x_wconf 91' lang='lat' dir='ltr'><strong>dicit</strong></span> <span class='ocrx_word' id='word_1_184' title='bbox 2971 1227 3100 1299; x_wconf 89' lang='lat' dir='ltr'><strong>quia</strong></span> <span class='ocrx_word' id='word_1_185' title='bbox 3132 1252 3149 1273; x_wconf 83' lang='lat'><strong>-</strong></span> <span class='ocrx_word' id='word_1_186' title='bbox 3173 1226 3268 1299; x_wconf 92' lang='lat' dir='ltr'><strong>qui</strong></span> <span class='ocrx_word' id='word_1_187' title='bbox 3297 1225 3451 1282; x_wconf 84' lang='lat' dir='ltr'><strong>addit</strong></span> <span class='ocrx_word' id='word_1_188' title='bbox 3477 1225 3819 1290; x_wconf 85' lang='lat' dir='ltr'><strong>scientiam,</strong></span> 
     </span>
    </p>
   </div>
   <div class='ocr_carea' id='block_1_27' title="bbox 2193 1315 3821 1389">
    <p class='ocr_par' dir='ltr' id='par_1_27' title="bbox 2193 1315 3821 1389">
     <span class='ocr_line' id='line_1_27' title="bbox 2193 1315 3821 1389; baseline -0.001 -17"><span class='ocrx_word' id='word_1_189' title='bbox 2193 1316 2347 1372; x_wconf 89' lang='lat' dir='ltr'><strong>addit</strong></span> <span class='ocrx_word' id='word_1_190' title='bbox 2392 1326 2446 1373; x_wconf 90' lang='lat' dir='ltr'><strong>et</strong></span> <span class='ocrx_word' id='word_1_191' title='bbox 2502 1317 2745 1373; x_wconf 85' lang='lat' dir='ltr'><strong>laborem</strong></span> <span class='ocrx_word' id='word_1_192' title='bbox 2798 1318 2995 1389; x_wconf 86' lang='lat' dir='ltr'><strong>(Eccle.</strong></span> <span class='ocrx_word' id='word_1_193' title='bbox 3030 1335 3069 1384; x_wconf 83' lang='lat'><strong>1,</strong></span> <span class='ocrx_word' id='word_1_194' title='bbox 3117 1317 3248 1387; x_wconf 78' lang='lat' dir='ltr'><strong>l8);</strong></span> <span class='ocrx_word' id='word_1_195' title='bbox 3290 1342 3309 1365; x_wconf 76' lang='grc' dir='ltr'><strong><em>ι</em></strong></span> <span class='ocrx_word' id='word_1_196' title='bbox 3369 1333 3401 1371; x_wconf 89' lang='lat' dir='ltr'><strong>a</strong></span> <span class='ocrx_word' id='word_1_197' title='bbox 3444 1316 3683 1372; x_wconf 87' lang='lat' dir='ltr'><strong>scientia</strong></span> <span class='ocrx_word' id='word_1_198' title='bbox 3740 1315 3821 1371; x_wconf 86' lang='lat' dir='ltr'><strong>ad</strong></span> 
     </span>
    </p>
   </div>
   <div class='ocr_carea' id='block_1_28' title="bbox 2194 1404 3822 1482">
    <p class='ocr_par' dir='ltr' id='par_1_28' title="bbox 2194 1404 3822 1482">
     <span class='ocr_line' id='line_1_28' title="bbox 2194 1404 3822 1482; baseline -0.001 -20"><span class='ocrx_word' id='word_1_199' title='bbox 2194 1407 2543 1464; x_wconf 89' lang='lat' dir='ltr'><strong>fortitudinis</strong></span> <span class='ocrx_word' id='word_1_200' title='bbox 2573 1409 2831 1482; x_wconf 88' lang='lat' dir='ltr'><strong>spiritum</strong></span> <span class='ocrx_word' id='word_1_201' title='bbox 2861 1407 3268 1465; x_wconf 90' lang='lat' dir='ltr'><strong>conscenditur.</strong></span> <span class='ocrx_word' id='word_1_202' title='bbox 3310 1406 3445 1462; x_wconf 87' lang='lat' dir='ltr'><strong>Nam</strong></span> <span class='ocrx_word' id='word_1_203' title='bbox 3478 1406 3625 1463; x_wconf 90' lang='lat' dir='ltr'><strong>sicut</strong></span> <span class='ocrx_word' id='word_1_204' title='bbox 3663 1404 3822 1479; x_wconf 91' lang='lat' dir='ltr'><strong>qui—</strong></span> 
     </span>
    </p>
   </div>
   <div class='ocr_carea' id='block_1_29' title="bbox 2196 1494 3822 1570">
    <p class='ocr_par' dir='ltr' id='par_1_29' title="bbox 2196 1494 3822 1570">
     <span class='ocr_line' id='line_1_29' title="bbox 2196 1494 3822 1570; baseline -0.001 -20"><span class='ocrx_word' id='word_1_205' title='bbox 2196 1495 2330 1552; x_wconf 90' lang='lat' dir='ltr'><strong>libet</strong></span> <span class='ocrx_word' id='word_1_206' title='bbox 2370 1497 2648 1570; x_wconf 81' lang='lat' dir='ltr'><strong>przeliator</strong></span> <span class='ocrx_word' id='word_1_207' title='bbox 2691 1514 2804 1554; x_wconf 90' lang='lat' dir='ltr'><strong>non</strong></span> <span class='ocrx_word' id='word_1_208' title='bbox 2845 1505 3042 1554; x_wconf 89' lang='lat' dir='ltr'><strong>contra</strong></span> <span class='ocrx_word' id='word_1_209' title='bbox 3086 1512 3210 1551; x_wconf 91' lang='lat' dir='ltr'><strong>eum</strong></span> <span class='ocrx_word' id='word_1_210' title='bbox 3252 1512 3415 1569; x_wconf 90' lang='lat' dir='ltr'><strong>quem</strong></span> <span class='ocrx_word' id='word_1_211' title='bbox 3462 1495 3522 1550; x_wconf 91' lang='lat' dir='ltr'><strong>in</strong></span> <span class='ocrx_word' id='word_1_212' title='bbox 3552 1494 3822 1550; x_wconf 88' lang='lat' dir='ltr'><strong>vinculis</strong></span> 
     </span>
    </p>
   </div>
   <div class='ocr_carea' id='block_1_30' title="bbox 2194 1584 3820 1665">
    <p class='ocr_par' dir='ltr' id='par_1_30' title="bbox 2194 1584 3820 1665">
     <span class='ocr_line' id='line_1_30' title="bbox 2194 1584 3820 1665; baseline -0.004 -20"><span class='ocrx_word' id='word_1_213' title='bbox 2194 1598 2362 1660; x_wconf 87' lang='lat' dir='ltr'><strong>tenet,</strong></span> <span class='ocrx_word' id='word_1_214' title='bbox 2393 1601 2618 1665; x_wconf 77' lang='lat' dir='ltr'><strong>pugnat,</strong></span> <span class='ocrx_word' id='word_1_215' title='bbox 2667 1589 2761 1645; x_wconf 92' lang='lat' dir='ltr'><strong>sed</strong></span> <span class='ocrx_word' id='word_1_216' title='bbox 2788 1589 2972 1662; x_wconf 90' lang='lat' dir='ltr'><strong>potius</strong></span> <span class='ocrx_word' id='word_1_217' title='bbox 3015 1594 3207 1644; x_wconf 86' lang='lat' dir='ltr'><strong>contra</strong></span> <span class='ocrx_word' id='word_1_218' title='bbox 3249 1602 3374 1642; x_wconf 92' lang='lat' dir='ltr'><strong>eum</strong></span> <span class='ocrx_word' id='word_1_219' title='bbox 3406 1586 3501 1659; x_wconf 92' lang='lat' dir='ltr'><strong>qui</strong></span> <span class='ocrx_word' id='word_1_220' title='bbox 3539 1584 3820 1641; x_wconf 87' lang='lat' dir='ltr'><strong>resistere</strong></span> 
     </span>
    </p>
   </div>
   <div class='ocr_carea' id='block_1_31' title="bbox 2195 1674 3821 1747">
    <p class='ocr_par' dir='ltr' id='par_1_31' title="bbox 2195 1674 3821 1747">
     <span class='ocr_line' id='line_1_31' title="bbox 2195 1674 3821 1747; baseline -0.004 -12"><span class='ocrx_word' id='word_1_221' title='bbox 2195 1680 2244 1735; x_wconf 93' lang='lat' dir='ltr'><strong>ei</strong></span> <span class='ocrx_word' id='word_1_222' title='bbox 2274 1682 2395 1736; x_wconf 90' lang='lat' dir='ltr'><strong>vult</strong></span> <span class='ocrx_word' id='word_1_223' title='bbox 2430 1699 2441 1736; x_wconf 93' lang='lat'>:</span> <span class='ocrx_word' id='word_1_224' title='bbox 2489 1681 2567 1736; x_wconf 88' lang='lat' dir='ltr'><strong>ita</strong></span> <span class='ocrx_word' id='word_1_225' title='bbox 2597 1689 2651 1737; x_wconf 92' lang='lat' dir='ltr'><strong>et</strong></span> <span class='ocrx_word' id='word_1_226' title='bbox 2683 1678 2935 1735; x_wconf 88' lang='lat' dir='ltr'><strong>diabolus</strong></span> <span class='ocrx_word' id='word_1_227' title='bbox 2961 1693 3073 1733; x_wconf 91' lang='lat' dir='ltr'><strong>non</strong></span> <span class='ocrx_word' id='word_1_228' title='bbox 3102 1683 3295 1733; x_wconf 87' lang='lat' dir='ltr'><strong>contra</strong></span> <span class='ocrx_word' id='word_1_229' title='bbox 3321 1691 3445 1731; x_wconf 91' lang='lat' dir='ltr'><strong>eum</strong></span> <span class='ocrx_word' id='word_1_230' title='bbox 3476 1690 3640 1747; x_wconf 91' lang='lat' dir='ltr'><strong>quem</strong></span> <span class='ocrx_word' id='word_1_231' title='bbox 3675 1674 3821 1729; x_wconf 88' lang='lat' dir='ltr'><strong>vin-</strong></span> 
     </span>
    </p>
   </div>
   <div class='ocr_carea' id='block_1_32' title="bbox 2194 1763 3818 1842">
    <p class='ocr_par' dir='ltr' id='par_1_32' title="bbox 2194 1763 3818 1842">
     <span class='ocr_line' id='line_1_32' title="bbox 2194 1763 3818 1842; baseline -0.004 -17"><span class='ocrx_word' id='word_1_232' title='bbox 2194 1769 2334 1825; x_wconf 89' lang='lat' dir='ltr'><strong>culis</strong></span> <span class='ocrx_word' id='word_1_233' title='bbox 2380 1776 2730 1842; x_wconf 91' lang='lat' dir='ltr'><strong>peccatorum</strong></span> <span class='ocrx_word' id='word_1_234' title='bbox 2770 1766 3129 1824; x_wconf 89' lang='lat' dir='ltr'><strong>constrictum</strong></span> <span class='ocrx_word' id='word_1_235' title='bbox 3171 1771 3341 1832; x_wconf 91' lang='lat' dir='ltr'><strong>tenet,</strong></span> <span class='ocrx_word' id='word_1_236' title='bbox 3386 1763 3647 1830; x_wconf 88' lang='lat' dir='ltr'><strong>dimicat;</strong></span> <span class='ocrx_word' id='word_1_237' title='bbox 3707 1763 3818 1819; x_wconf 85' lang='lat' dir='ltr'><strong>sed</strong></span> 
     </span>
    </p>
   </div>
   <div class='ocr_carea' id='block_1_33' title="bbox 486 1852 3817 1936">
    <p class='ocr_par' dir='ltr' id='par_1_33' title="bbox 486 1852 3817 1936">
     <span class='ocr_line' id='line_1_33' title="bbox 486 1852 3817 1936; baseline -0.004 -17"><span class='ocrx_word' id='word_1_238' title='bbox 486 1864 702 1936; x_wconf 88' lang='lat' dir='ltr'><strong>culpam</strong></span> <span class='ocrx_word' id='word_1_239' title='bbox 732 1863 791 1917; x_wconf 91' lang='lat' dir='ltr'><strong>in</strong></span> <span class='ocrx_word' id='word_1_240' title='bbox 820 1860 1149 1933; x_wconf 88' lang='lat' dir='ltr'><strong>perditionis</strong></span> <span class='ocrx_word' id='word_1_241' title='bbox 1176 1861 1372 1934; x_wconf 87' lang='lat' dir='ltr'><strong>laqueo</strong></span> <span class='ocrx_word' id='word_1_242' title='bbox 1395 1858 1737 1932; x_wconf 90' lang='lat' dir='ltr'><strong>jacebamus,</strong></span> <span class='ocrx_word' id='word_1_243' title='bbox 1778 1858 2082 1915; x_wconf 86' lang='lat' dir='ltr'><strong>misericor-</strong></span> <span class='ocrx_word' id='word_1_244' title='bbox 2115 1871 2161 1931; x_wconf 81' lang='grc' dir='ltr'>Β</span> <span class='ocrx_word' id='word_1_245' title='bbox 2196 1857 2379 1929; x_wconf 89' lang='lat' dir='ltr'><strong>potius</strong></span> <span class='ocrx_word' id='word_1_246' title='bbox 2405 1865 2600 1914; x_wconf 91' lang='lat' dir='ltr'><strong>contra</strong></span> <span class='ocrx_word' id='word_1_247' title='bbox 2627 1874 2750 1914; x_wconf 90' lang='lat' dir='ltr'><strong>eum</strong></span> <span class='ocrx_word' id='word_1_248' title='bbox 2786 1856 2882 1929; x_wconf 90' lang='lat' dir='ltr'><strong>qui</strong></span> <span class='ocrx_word' id='word_1_249' title='bbox 2911 1872 3133 1928; x_wconf 87' lang='lat' dir='ltr'><strong>peccare</strong></span> <span class='ocrx_word' id='word_1_250' title='bbox 3162 1854 3400 1923; x_wconf 91' lang='lat' dir='ltr'><strong>desistit,</strong></span> <span class='ocrx_word' id='word_1_251' title='bbox 3437 1860 3493 1909; x_wconf 89' lang='lat' dir='ltr'><strong>et</strong></span> <span class='ocrx_word' id='word_1_252' title='bbox 3517 1852 3587 1909; x_wconf 89' lang='lat' dir='ltr'><strong>ad</strong></span> <span class='ocrx_word' id='word_1_253' title='bbox 3616 1855 3817 1909; x_wconf 88' lang='lat' dir='ltr'><strong>Deum</strong></span> 
     </span>
    </p>
   </div>
   <div class='ocr_carea' id='block_1_34' title="bbox 486 1946 2083 2023">
    <p class='ocr_par' dir='ltr' id='par_1_34' title="bbox 486 1946 2083 2023">
     <span class='ocr_line' id='line_1_34' title="bbox 486 1946 2083 2023; baseline -0.002 -17"><span class='ocrx_word' id='word_1_254' title='bbox 486 1950 579 2006; x_wconf 90' lang='lat' dir='ltr'><strong>dia</strong></span> <span class='ocrx_word' id='word_1_255' title='bbox 606 1950 707 2007; x_wconf 91' lang='lat' dir='ltr'><strong>Dei</strong></span> <span class='ocrx_word' id='word_1_256' title='bbox 738 1950 806 2006; x_wconf 90' lang='lat' dir='ltr'><strong>ad</strong></span> <span class='ocrx_word' id='word_1_257' title='bbox 846 1966 1083 2023; x_wconf 89' lang='lat' dir='ltr'><strong>superna</strong></span> <span class='ocrx_word' id='word_1_258' title='bbox 1129 1949 1450 2007; x_wconf 89' lang='lat' dir='ltr'><strong>reducimur</strong></span> <span class='ocrx_word' id='word_1_259' title='bbox 1493 1948 1561 2004; x_wconf 90' lang='lat' dir='ltr'><strong>ab</strong></span> <span class='ocrx_word' id='word_1_260' title='bbox 1609 1947 1987 2015; x_wconf 90' lang='lat' dir='ltr'><strong>inferioribus,</strong></span> <span class='ocrx_word' id='word_1_261' title='bbox 2025 1946 2083 2003; x_wconf 92' lang='lat' dir='ltr'><strong>id</strong></span> 
     </span>
    </p>
   </div>
   <div class='ocr_carea' id='block_1_35' title="bbox 486 2036 2085 2112">
    <p class='ocr_par' dir='ltr' id='par_1_35' title="bbox 486 2036 2085 2112">
     <span class='ocr_line' id='line_1_35' title="bbox 486 2036 2085 2112; baseline -0.004 -16"><span class='ocrx_word' id='word_1_262' title='bbox 486 2049 587 2109; x_wconf 90' lang='lat' dir='ltr'><strong>est,</strong></span> <span class='ocrx_word' id='word_1_263' title='bbox 615 2058 647 2096; x_wconf 91' lang='lat' dir='ltr'><strong>a</strong></span> <span class='ocrx_word' id='word_1_264' title='bbox 674 2042 875 2098; x_wconf 88' lang='lat' dir='ltr'><strong>timore</strong></span> <span class='ocrx_word' id='word_1_265' title='bbox 910 2041 1011 2097; x_wconf 91' lang='lat' dir='ltr'><strong>Dei</strong></span> <span class='ocrx_word' id='word_1_266' title='bbox 1038 2040 1359 2112; x_wconf 86' lang='lat' dir='ltr'><strong>incipimus,</strong></span> <span class='ocrx_word' id='word_1_267' title='bbox 1385 2046 1448 2094; x_wconf 93' lang='lat' dir='ltr'><strong>ut</strong></span> <span class='ocrx_word' id='word_1_268' title='bbox 1474 2037 1542 2093; x_wconf 88' lang='lat' dir='ltr'><strong>ad</strong></span> <span class='ocrx_word' id='word_1_269' title='bbox 1571 2037 1876 2109; x_wconf 87' lang='lat' dir='ltr'><strong>superiora,</strong></span> <span class='ocrx_word' id='word_1_270' title='bbox 1917 2036 1974 2092; x_wconf 93' lang='lat' dir='ltr'><strong>id</strong></span> <span class='ocrx_word' id='word_1_271' title='bbox 2005 2043 2085 2091; x_wconf 88' lang='lat' dir='ltr'><strong>est</strong></span> 
     </span>
    </p>
   </div>
   <div class='ocr_carea' id='block_1_36' title="bbox 485 2126 2083 2205">
    <p class='ocr_par' dir='ltr' id='par_1_36' title="bbox 485 2126 2083 2205">
     <span class='ocr_line' id='line_1_36' title="bbox 485 2126 2083 2205; baseline -0.004 -17"><span class='ocrx_word' id='word_1_272' title='bbox 485 2132 553 2188; x_wconf 88' lang='lat' dir='ltr'><strong>ad</strong></span> <span class='ocrx_word' id='word_1_273' title='bbox 600 2132 949 2205; x_wconf 88' lang='lat' dir='ltr'><strong>sapientiam,</strong></span> <span class='ocrx_word' id='word_1_274' title='bbox 1001 2131 1340 2204; x_wconf 88' lang='lat' dir='ltr'><strong>proﬁciendo</strong></span> <span class='ocrx_word' id='word_1_275' title='bbox 1392 2143 1718 2184; x_wconf 88' lang='lat' dir='ltr'><strong>crescamus.</strong></span> <span class='ocrx_word' id='word_1_276' title='bbox 1761 2128 1835 2182; x_wconf 91' lang='lat' dir='ltr'><strong>Et</strong></span> <span class='ocrx_word' id='word_1_277' title='bbox 1881 2126 2083 2199; x_wconf 88' lang='lat' dir='ltr'><strong>quibus</strong></span> 
     </span>
    </p>
   </div>
   <div class='ocr_carea' id='block_1_37' title="bbox 486 2212 2078 2293">
    <p class='ocr_par' dir='ltr' id='par_1_37' title="bbox 486 2212 2078 2293">
     <span class='ocr_line' id='line_1_37' title="bbox 486 2212 2078 2293; baseline -0.006 -17"><span class='ocrx_word' id='word_1_278' title='bbox 486 2219 752 2293; x_wconf 86' lang='lat' dir='ltr'><strong>gradibus</strong></span> <span class='ocrx_word' id='word_1_279' title='bbox 797 2219 1049 2278; x_wconf 88' lang='lat' dir='ltr'><strong>Christus</strong></span> <span class='ocrx_word' id='word_1_280' title='bbox 1087 2215 1434 2273; x_wconf 90' lang='lat' dir='ltr'><strong>humiliando</strong></span> <span class='ocrx_word' id='word_1_281' title='bbox 1464 2231 1520 2269; x_wconf 90' lang='lat' dir='ltr'><strong>se</strong></span> <span class='ocrx_word' id='word_1_282' title='bbox 1547 2213 1615 2268; x_wconf 92' lang='lat' dir='ltr'><strong>ad</strong></span> <span class='ocrx_word' id='word_1_283' title='bbox 1645 2230 1746 2268; x_wconf 88' lang='lat' dir='ltr'><strong>nos</strong></span> <span class='ocrx_word' id='word_1_284' title='bbox 1772 2212 2078 2281; x_wconf 87' lang='lat' dir='ltr'><strong>descendit,</strong></span> 
     </span>
    </p>
   </div>
   <div class='ocr_carea' id='block_1_38' title="bbox 484 2299 2078 2384">
    <p class='ocr_par' dir='ltr' id='par_1_38' title="bbox 484 2299 2078 2384">
     <span class='ocr_line' id='line_1_38' title="bbox 484 2299 2078 2384; baseline -0.008 -18"><span class='ocrx_word' id='word_1_285' title='bbox 484 2311 829 2384; x_wconf 87' lang='lat' dir='ltr'><strong>salutemque</strong></span> <span class='ocrx_word' id='word_1_286' title='bbox 894 2316 1137 2366; x_wconf 90' lang='lat' dir='ltr'><strong>nostram</strong></span> <span class='ocrx_word' id='word_1_287' title='bbox 1201 2302 1490 2360; x_wconf 91' lang='lat' dir='ltr'><strong>moriendo</strong></span> <span class='ocrx_word' id='word_1_288' title='bbox 1551 2301 1802 2372; x_wconf 90' lang='lat' dir='ltr'><strong>perfecit,</strong></span> <span class='ocrx_word' id='word_1_289' title='bbox 1872 2299 2078 2357; x_wconf 91' lang='lat' dir='ltr'><strong>eisdem</strong></span> 
     </span>
    </p>
   </div>
   <div class='ocr_carea' id='block_1_39' title="bbox 482 2387 2081 2471">
    <p class='ocr_par' dir='ltr' id='par_1_39' title="bbox 482 2387 2081 2471">
     <span class='ocr_line' id='line_1_39' title="bbox 482 2387 2081 2471; baseline -0.008 -16"><span class='ocrx_word' id='word_1_290' title='bbox 482 2399 743 2471; x_wconf 87' lang='lat' dir='ltr'><strong>gradibus</strong></span> <span class='ocrx_word' id='word_1_291' title='bbox 770 2408 825 2455; x_wconf 94' lang='lat' dir='ltr'><strong>et</strong></span> <span class='ocrx_word' id='word_1_292' title='bbox 854 2415 955 2454; x_wconf 88' lang='lat' dir='ltr'><strong>nos</strong></span> <span class='ocrx_word' id='word_1_293' title='bbox 981 2395 1049 2451; x_wconf 91' lang='lat' dir='ltr'><strong>ad</strong></span> <span class='ocrx_word' id='word_1_294' title='bbox 1089 2409 1215 2449; x_wconf 92' lang='lat' dir='ltr'><strong>eum</strong></span> <span class='ocrx_word' id='word_1_295' title='bbox 1245 2389 1611 2449; x_wconf 90' lang='lat' dir='ltr'><strong>conscendere</strong></span> <span class='ocrx_word' id='word_1_296' title='bbox 1643 2388 1907 2444; x_wconf 90' lang='lat' dir='ltr'><strong>debemus</strong></span> <span class='ocrx_word' id='word_1_297' title='bbox 1939 2406 1950 2443; x_wconf 95' lang='lat'>:</span> <span class='ocrx_word' id='word_1_298' title='bbox 1986 2387 2081 2443; x_wconf 87' lang='lat' dir='ltr'><strong>fa-</strong></span> 
     </span>
    </p>
   </div>
   <div class='ocr_carea' id='block_1_40' title="bbox 480 2478 2075 2556">
    <p class='ocr_par' dir='ltr' id='par_1_40' title="bbox 480 2478 2075 2556">
     <span class='ocr_line' id='line_1_40' title="bbox 480 2478 2075 2556; baseline -0.007 -11"><span class='ocrx_word' id='word_1_299' title='bbox 480 2488 680 2545; x_wconf 90' lang='lat' dir='ltr'><strong>ciendo</strong></span> <span class='ocrx_word' id='word_1_300' title='bbox 700 2488 961 2544; x_wconf 89' lang='lat' dir='ltr'><strong>videlicet</strong></span> <span class='ocrx_word' id='word_1_301' title='bbox 980 2490 1249 2556; x_wconf 78' lang='lat' dir='ltr'><strong>praecepta</strong></span> <span class='ocrx_word' id='word_1_302' title='bbox 1275 2481 1415 2552; x_wconf 90' lang='lat' dir='ltr'><strong>ejus,</strong></span> <span class='ocrx_word' id='word_1_303' title='bbox 1449 2496 1570 2552; x_wconf 68' lang='lat' dir='ltr'><strong>qua)</strong></span> <span class='ocrx_word' id='word_1_304' title='bbox 1600 2478 1660 2534; x_wconf 90' lang='lat' dir='ltr'><strong>in</strong></span> <span class='ocrx_word' id='word_1_305' title='bbox 1687 2478 1848 2535; x_wconf 91' lang='lat' dir='ltr'><strong>donis</strong></span> <span class='ocrx_word' id='word_1_306' title='bbox 1872 2486 2075 2550; x_wconf 90' lang='lat' dir='ltr'><strong>septem</strong></span> 
     </span>
    </p>
   </div>
   <div class='ocr_carea' id='block_1_41' title="bbox 481 2569 2079 2650">
    <p class='ocr_par' dir='ltr' id='par_1_41' title="bbox 481 2569 2079 2650">
     <span class='ocr_line' id='line_1_41' title="bbox 481 2569 2079 2650; baseline -0.007 -15"><span class='ocrx_word' id='word_1_307' title='bbox 481 2578 725 2650; x_wconf 90' lang='lat' dir='ltr'><strong>Spiritus</strong></span> <span class='ocrx_word' id='word_1_308' title='bbox 768 2576 943 2633; x_wconf 90' lang='lat' dir='ltr'><strong>sancti</strong></span> <span class='ocrx_word' id='word_1_309' title='bbox 972 2573 1345 2630; x_wconf 90' lang='lat' dir='ltr'><strong>continentur.</strong></span> <span class='ocrx_word' id='word_1_310' title='bbox 1397 2569 1637 2643; x_wconf 89' lang='lat' dir='ltr'><strong>Spiritus</strong></span> <span class='ocrx_word' id='word_1_311' title='bbox 1666 2570 1833 2642; x_wconf 89' lang='lat' dir='ltr'><strong>igitur</strong></span> <span class='ocrx_word' id='word_1_312' title='bbox 1861 2569 2079 2625; x_wconf 90' lang='lat' dir='ltr'><strong>timoris</strong></span> 
     </span>
    </p>
   </div>
   <div class='ocr_carea' id='block_1_42' title="bbox 480 2659 2075 2736">
    <p class='ocr_par' dir='ltr' id='par_1_42' title="bbox 480 2659 2075 2736">
     <span class='ocr_line' id='line_1_42' title="bbox 480 2659 2075 2736; baseline -0.006 -11"><span class='ocrx_word' id='word_1_313' title='bbox 480 2668 709 2725; x_wconf 92' lang='lat' dir='ltr'><strong>Domini</strong></span> <span class='ocrx_word' id='word_1_314' title='bbox 735 2681 897 2736; x_wconf 88' lang='lat' dir='ltr'><strong>super</strong></span> <span class='ocrx_word' id='word_1_315' title='bbox 917 2677 1366 2734; x_wconf 89' lang='lat' dir='ltr'><strong>unumquemque</strong></span> <span class='ocrx_word' id='word_1_316' title='bbox 1395 2668 1731 2733; x_wconf 88' lang='lat' dir='ltr'><strong>peccatorem</strong></span> <span class='ocrx_word' id='word_1_317' title='bbox 1762 2659 2075 2734; x_wconf 90' lang='lat' dir='ltr'><strong>requiescit,</strong></span> 
     </span>
    </p>
   </div>
   <div class='ocr_carea' id='block_1_43' title="bbox 478 2751 2076 2826">
    <p class='ocr_par' dir='ltr' id='par_1_43' title="bbox 478 2751 2076 2826">
     <span class='ocr_line' id='line_1_43' title="bbox 478 2751 2076 2826; baseline -0.006 -9"><span class='ocrx_word' id='word_1_318' title='bbox 478 2776 604 2817; x_wconf 91' lang='lat' dir='ltr'><strong>cum</strong></span> <span class='ocrx_word' id='word_1_319' title='bbox 634 2755 992 2815; x_wconf 88' lang='lat' dir='ltr'><strong>considerans</strong></span> <span class='ocrx_word' id='word_1_320' title='bbox 1033 2760 1255 2825; x_wconf 88' lang='lat' dir='ltr'><strong>peccata</strong></span> <span class='ocrx_word' id='word_1_321' title='bbox 1299 2768 1417 2821; x_wconf 89' lang='lat' dir='ltr'><strong>sua,</strong></span> <span class='ocrx_word' id='word_1_322' title='bbox 1444 2752 1764 2826; x_wconf 79' lang='lat' dir='ltr'><strong>iustumque</strong></span> <span class='ocrx_word' id='word_1_323' title='bbox 1801 2751 2076 2824; x_wconf 89' lang='lat' dir='ltr'><strong>judicium</strong></span> 
     </span>
    </p>
   </div>
   <div class='ocr_carea' id='block_1_44' title="bbox 480 2840 2078 2918">
    <p class='ocr_par' dir='ltr' id='par_1_44' title="bbox 480 2840 2078 2918">
     <span class='ocr_line' id='line_1_44' title="bbox 480 2840 2078 2918; baseline -0.005 -14"><span class='ocrx_word' id='word_1_324' title='bbox 480 2847 581 2905; x_wconf 91' lang='lat' dir='ltr'><strong>Dei</strong></span> <span class='ocrx_word' id='word_1_325' title='bbox 600 2845 1009 2918; x_wconf 89' lang='lat' dir='ltr'><strong>pertimescens,</strong></span> <span class='ocrx_word' id='word_1_326' title='bbox 1036 2857 1333 2913; x_wconf 87' lang='lat' dir='ltr'><strong>poenasque</strong></span> <span class='ocrx_word' id='word_1_327' title='bbox 1355 2841 1497 2912; x_wconf 89' lang='lat' dir='ltr'><strong>ignis</strong></span> <span class='ocrx_word' id='word_1_328' title='bbox 1516 2843 1727 2909; x_wconf 69' lang='lat' dir='ltr'><strong>aeterni,</strong></span> <span class='ocrx_word' id='word_1_329' title='bbox 1750 2857 1871 2913; x_wconf 68' lang='lat' dir='ltr'><strong>quae</strong></span> <span class='ocrx_word' id='word_1_330' title='bbox 1892 2840 2078 2913; x_wconf 88' lang='lat' dir='ltr'><strong>impiis</strong></span> 
     </span>
    </p>
   </div>
   <div class='ocr_carea' id='block_1_45' title="bbox 482 2931 2076 3011">
    <p class='ocr_par' dir='ltr' id='par_1_45' title="bbox 482 2931 2076 3011">
     <span class='ocr_line' id='line_1_45' title="bbox 482 2931 2076 3011; baseline -0.006 -18"><span class='ocrx_word' id='word_1_331' title='bbox 482 2943 796 3011; x_wconf 67' lang='lat' dir='ltr'><strong>praeparata:</strong></span> <span class='ocrx_word' id='word_1_332' title='bbox 832 2942 981 3001; x_wconf 87' lang='lat' dir='ltr'><strong>sunt,</strong></span> <span class='ocrx_word' id='word_1_333' title='bbox 1015 2933 1083 2989; x_wconf 90' lang='lat' dir='ltr'><strong>ad</strong></span> <span class='ocrx_word' id='word_1_334' title='bbox 1111 2931 1492 3006; x_wconf 86' lang='lat' dir='ltr'><strong>paenitentiam</strong></span> <span class='ocrx_word' id='word_1_335' title='bbox 1522 2931 1902 3002; x_wconf 89' lang='lat' dir='ltr'><strong>lacrymasque</strong></span> <span class='ocrx_word' id='word_1_336' title='bbox 1932 2946 2076 2986; x_wconf 89' lang='lat' dir='ltr'><strong>con-</strong></span> 
     </span>
    </p>
   </div>
   <div class='ocr_carea' id='block_1_46' title="bbox 481 3018 2077 3093">
    <p class='ocr_par' dir='ltr' id='par_1_46' title="bbox 481 3018 2077 3093">
     <span class='ocr_line' id='line_1_46' title="bbox 481 3018 2077 3093; baseline -0.004 -12"><span class='ocrx_word' id='word_1_337' title='bbox 481 3024 740 3093; x_wconf 90' lang='lat' dir='ltr'><strong>vertitur,</strong></span> <span class='ocrx_word' id='word_1_338' title='bbox 774 3032 829 3080; x_wconf 91' lang='lat' dir='ltr'><strong>et</strong></span> <span class='ocrx_word' id='word_1_339' title='bbox 857 3020 1197 3077; x_wconf 87' lang='lat' dir='ltr'><strong>amarissime</strong></span> <span class='ocrx_word' id='word_1_340' title='bbox 1230 3020 1359 3077; x_wconf 87' lang='lat' dir='ltr'><strong>ﬂere</strong></span> <span class='ocrx_word' id='word_1_341' title='bbox 1403 3019 1619 3090; x_wconf 90' lang='lat' dir='ltr'><strong>incipit,</strong></span> <span class='ocrx_word' id='word_1_342' title='bbox 1654 3018 1800 3091; x_wconf 93' lang='lat' dir='ltr'><strong>quod</strong></span> <span class='ocrx_word' id='word_1_343' title='bbox 1829 3018 2077 3075; x_wconf 87' lang='lat' dir='ltr'><strong>delecta-</strong></span> 
     </span>
    </p>
   </div>
   <div class='ocr_carea' id='block_1_47' title="bbox 482 3114 883 3187">
    <p class='ocr_par' dir='ltr' id='par_1_47' title="bbox 482 3114 883 3187">
     <span class='ocr_line' id='line_1_47' title="bbox 482 3114 883 3187; baseline -0.01 -15"><span class='ocrx_word' id='word_1_344' title='bbox 482 3114 672 3172; x_wconf 87' lang='lat' dir='ltr'><strong>biliter</strong></span> <span class='ocrx_word' id='word_1_345' title='bbox 700 3114 883 3187; x_wconf 88' lang='lat' dir='ltr'><strong>gessit.</strong></span> 
     </span>
    </p>
   </div>
   <div class='ocr_carea' id='block_1_48' title="bbox 2196 1941 3817 2016">
    <p class='ocr_par' dir='ltr' id='par_1_48' title="bbox 2196 1941 3817 2016">
     <span class='ocr_line' id='line_1_48' title="bbox 2196 1941 3817 2016; baseline -0.002 -17"><span class='ocrx_word' id='word_1_346' title='bbox 2196 1951 2311 2000; x_wconf 89' lang='lat' dir='ltr'><strong>tota</strong></span> <span class='ocrx_word' id='word_1_347' title='bbox 2354 1954 2540 2002; x_wconf 92' lang='lat' dir='ltr'><strong>mente</strong></span> <span class='ocrx_word' id='word_1_348' title='bbox 2583 1945 2897 2002; x_wconf 90' lang='lat' dir='ltr'><strong>revertitur.</strong></span> <span class='ocrx_word' id='word_1_349' title='bbox 2947 1944 3272 2016; x_wconf 90' lang='lat' dir='ltr'><strong>Quicunque</strong></span> <span class='ocrx_word' id='word_1_350' title='bbox 3311 1959 3437 2015; x_wconf 89' lang='lat' dir='ltr'><strong>ergo</strong></span> <span class='ocrx_word' id='word_1_351' title='bbox 3483 1957 3581 2014; x_wconf 92' lang='lat' dir='ltr'><strong>per</strong></span> <span class='ocrx_word' id='word_1_352' title='bbox 3620 1941 3817 2014; x_wconf 83' lang='lat' dir='ltr'><strong>poeni-</strong></span> 
     </span>
    </p>
   </div>
   <div class='ocr_carea' id='block_1_49' title="bbox 2193 2026 3813 2104">
    <p class='ocr_par' dir='ltr' id='par_1_49' title="bbox 2193 2026 3813 2104">
     <span class='ocr_line' id='line_1_49' title="bbox 2193 2026 3813 2104; baseline -0.002 -18"><span class='ocrx_word' id='word_1_353' title='bbox 2193 2031 2422 2087; x_wconf 90' lang='lat' dir='ltr'><strong>tentiam</strong></span> <span class='ocrx_word' id='word_1_354' title='bbox 2453 2032 2786 2104; x_wconf 89' lang='lat' dir='ltr'><strong>pietatisque</strong></span> <span class='ocrx_word' id='word_1_355' title='bbox 2817 2047 2981 2103; x_wconf 90' lang='lat' dir='ltr'><strong>opera</strong></span> <span class='ocrx_word' id='word_1_356' title='bbox 3015 2046 3046 2086; x_wconf 90' lang='lat' dir='ltr'><strong>a</strong></span> <span class='ocrx_word' id='word_1_357' title='bbox 3073 2028 3279 2085; x_wconf 87' lang='lat' dir='ltr'><strong>diaboli</strong></span> <span class='ocrx_word' id='word_1_358' title='bbox 3309 2028 3547 2085; x_wconf 86' lang='lat' dir='ltr'><strong>vinculis</strong></span> <span class='ocrx_word' id='word_1_359' title='bbox 3575 2026 3813 2083; x_wconf 88' lang='lat' dir='ltr'><strong>absolvi</strong></span> 
     </span>
    </p>
   </div>
   <div class='ocr_carea' id='block_1_50' title="bbox 2191 2116 3813 2193">
    <p class='ocr_par' dir='ltr' id='par_1_50' title="bbox 2191 2116 3813 2193">
     <span class='ocr_line' id='line_1_50' title="bbox 2191 2116 3813 2193; baseline 0.001 -22"><span class='ocrx_word' id='word_1_360' title='bbox 2191 2128 2461 2189; x_wconf 90' lang='lat' dir='ltr'><strong>meretur,</strong></span> <span class='ocrx_word' id='word_1_361' title='bbox 2516 2130 2679 2193; x_wconf 88' lang='lat' dir='ltr'><strong>atque</strong></span> <span class='ocrx_word' id='word_1_362' title='bbox 2714 2129 2907 2177; x_wconf 88' lang='lat' dir='ltr'><strong>contra</strong></span> <span class='ocrx_word' id='word_1_363' title='bbox 2936 2136 3062 2176; x_wconf 87' lang='lat' dir='ltr'><strong>eum</strong></span> <span class='ocrx_word' id='word_1_364' title='bbox 3105 2135 3201 2191; x_wconf 91' lang='lat' dir='ltr'><strong>per</strong></span> <span class='ocrx_word' id='word_1_365' title='bbox 3243 2117 3487 2175; x_wconf 70' lang='lat' dir='ltr'><strong>scientiae</strong></span> <span class='ocrx_word' id='word_1_366' title='bbox 3532 2116 3813 2189; x_wconf 90' lang='lat' dir='ltr'><strong>spiritum</strong></span> 
     </span>
    </p>
   </div>
   <div class='ocr_carea' id='block_1_51' title="bbox 2188 2213 3813 2286">
    <p class='ocr_par' dir='ltr' id='par_1_51' title="bbox 2188 2213 3813 2286">
     <span class='ocr_line' id='line_1_51' title="bbox 2188 2213 3813 2286; baseline -0.001 -17"><span class='ocrx_word' id='word_1_367' title='bbox 2188 2214 2395 2270; x_wconf 89' lang='lat' dir='ltr'><strong>bellum</strong></span> <span class='ocrx_word' id='word_1_368' title='bbox 2427 2216 2579 2286; x_wconf 91' lang='lat' dir='ltr'><strong>cupit</strong></span> <span class='ocrx_word' id='word_1_369' title='bbox 2609 2216 2913 2284; x_wconf 88' lang='lat' dir='ltr'><strong>instruere;</strong></span> <span class='ocrx_word' id='word_1_370' title='bbox 2968 2231 3190 2272; x_wconf 90' lang='lat' dir='ltr'><strong>necesse</strong></span> <span class='ocrx_word' id='word_1_371' title='bbox 3226 2214 3393 2270; x_wconf 87' lang='lat' dir='ltr'><strong>habet</strong></span> <span class='ocrx_word' id='word_1_372' title='bbox 3429 2221 3492 2270; x_wconf 90' lang='lat' dir='ltr'><strong>ut</strong></span> <span class='ocrx_word' id='word_1_373' title='bbox 3519 2230 3551 2269; x_wconf 86' lang='lat' dir='ltr'><strong>a</strong></span> <span class='ocrx_word' id='word_1_374' title='bbox 3579 2213 3813 2285; x_wconf 87' lang='lat' dir='ltr'><strong>Spiritu</strong></span> 
     </span>
    </p>
   </div>
   <div class='ocr_carea' id='block_1_52' title="bbox 2186 2301 3810 2374">
    <p class='ocr_par' dir='ltr' id='par_1_52' title="bbox 2186 2301 3810 2374">
     <span class='ocr_line' id='line_1_52' title="bbox 2186 2301 3810 2374; baseline -0.001 -16"><span class='ocrx_word' id='word_1_375' title='bbox 2186 2310 2378 2359; x_wconf 90' lang='lat' dir='ltr'><strong>sancto</strong></span> <span class='ocrx_word' id='word_1_376' title='bbox 2405 2302 2753 2359; x_wconf 87' lang='lat' dir='ltr'><strong>fortitudinis</strong></span> <span class='ocrx_word' id='word_1_377' title='bbox 2780 2302 2988 2358; x_wconf 91' lang='lat' dir='ltr'><strong>donum</strong></span> <span class='ocrx_word' id='word_1_378' title='bbox 3021 2303 3289 2374; x_wconf 88' lang='lat' dir='ltr'><strong>accipiat:</strong></span> <span class='ocrx_word' id='word_1_379' title='bbox 3324 2318 3432 2374; x_wconf 92' lang='lat' dir='ltr'><strong>quo</strong></span> <span class='ocrx_word' id='word_1_380' title='bbox 3462 2301 3810 2369; x_wconf 89' lang='lat' dir='ltr'><strong>instructus,</strong></span> 
     </span>
    </p>
   </div>
   <div class='ocr_carea' id='block_1_53' title="bbox 2186 2392 3815 2466">
    <p class='ocr_par' dir='ltr' id='par_1_53' title="bbox 2186 2392 3815 2466">
     <span class='ocr_line' id='line_1_53' title="bbox 2186 2392 3815 2466; baseline 0 -16"><span class='ocrx_word' id='word_1_381' title='bbox 2186 2402 2240 2450; x_wconf 92' lang='lat' dir='ltr'><strong>et</strong></span> <span class='ocrx_word' id='word_1_382' title='bbox 2285 2392 2573 2450; x_wconf 90' lang='lat' dir='ltr'><strong>interiores</strong></span> <span class='ocrx_word' id='word_1_383' title='bbox 2627 2393 2832 2461; x_wconf 90' lang='lat' dir='ltr'><strong>hostes,</strong></span> <span class='ocrx_word' id='word_1_384' title='bbox 2883 2392 2941 2448; x_wconf 91' lang='lat' dir='ltr'><strong>id</strong></span> <span class='ocrx_word' id='word_1_385' title='bbox 2987 2400 3070 2449; x_wconf 89' lang='lat' dir='ltr'><strong>est</strong></span> <span class='ocrx_word' id='word_1_386' title='bbox 3116 2393 3273 2460; x_wconf 89' lang='lat' dir='ltr'><strong>vitia,</strong></span> <span class='ocrx_word' id='word_1_387' title='bbox 3316 2393 3570 2449; x_wconf 91' lang='lat' dir='ltr'><strong>funditus</strong></span> <span class='ocrx_word' id='word_1_388' title='bbox 3620 2394 3815 2466; x_wconf 87' lang='lat' dir='ltr'><strong>possit</strong></span> 
     </span>
    </p>
   </div>
   <div class='ocr_carea' id='block_1_54' title="bbox 2186 2480 3815 2555">
    <p class='ocr_par' dir='ltr' id='par_1_54' title="bbox 2186 2480 3815 2555">
     <span class='ocr_line' id='line_1_54' title="bbox 2186 2480 3815 2555; baseline -0.001 -16"><span class='ocrx_word' id='word_1_389' title='bbox 2186 2482 2561 2555; x_wconf 86' lang='lat' dir='ltr'><strong>exstinguere,</strong></span> <span class='ocrx_word' id='word_1_390' title='bbox 2618 2488 2671 2537; x_wconf 90' lang='lat' dir='ltr'><strong>et</strong></span> <span class='ocrx_word' id='word_1_391' title='bbox 2701 2480 3019 2548; x_wconf 83' lang='lat' dir='ltr'><strong>exteriores,</strong></span> <span class='ocrx_word' id='word_1_392' title='bbox 3071 2480 3330 2536; x_wconf 89' lang='lat' dir='ltr'><strong>videlicet</strong></span> <span class='ocrx_word' id='word_1_393' title='bbox 3359 2480 3636 2549; x_wconf 87' lang='lat' dir='ltr'><strong>homines,</strong></span> <span class='ocrx_word' id='word_1_394' title='bbox 3705 2499 3815 2554; x_wconf 88' lang='lat' dir='ltr'><strong>per</strong></span> 
     </span>
    </p>
   </div>
   <div class='ocr_carea' id='block_1_55' title="bbox 2187 2572 3809 2648">
    <p class='ocr_par' dir='ltr' id='par_1_55' title="bbox 2187 2572 3809 2648">
     <span class='ocr_line' id='line_1_55' title="bbox 2187 2572 3809 2648; baseline 0.001 -18"><span class='ocrx_word' id='word_1_395' title='bbox 2187 2573 2504 2648; x_wconf 88' lang='lat' dir='ltr'><strong>patientiam</strong></span> <span class='ocrx_word' id='word_1_396' title='bbox 2563 2590 2835 2647; x_wconf 88' lang='lat' dir='ltr'><strong>superare,</strong></span> <span class='ocrx_word' id='word_1_397' title='bbox 2891 2575 3185 2647; x_wconf 85' lang='lat' dir='ltr'><strong>omniaque</strong></span> <span class='ocrx_word' id='word_1_398' title='bbox 3229 2572 3416 2646; x_wconf 85' lang='lat' dir='ltr'><strong>iacula</strong></span> <span class='ocrx_word' id='word_1_399' title='bbox 3469 2574 3809 2631; x_wconf 63' lang='lat' dir='ltr'><strong>daemonum</strong></span> 
     </span>
    </p>
   </div>
   <div class='ocr_carea' id='block_1_56' title="bbox 2186 2661 2958 2734">
    <p class='ocr_par' dir='ltr' id='par_1_56' title="bbox 2186 2661 2958 2734">
     <span class='ocr_line' id='line_1_56' title="bbox 2186 2661 2958 2734; baseline -0.004 -14"><span class='ocrx_word' id='word_1_400' title='bbox 2186 2671 2341 2720; x_wconf 91' lang='lat' dir='ltr'><strong>scuto</strong></span> <span class='ocrx_word' id='word_1_401' title='bbox 2366 2662 2497 2718; x_wconf 85' lang='lat' dir='ltr'><strong>ﬁdei</strong></span> <span class='ocrx_word' id='word_1_402' title='bbox 2524 2676 2557 2719; x_wconf 84' lang='lat' dir='ltr'><strong>a‘</strong></span> <span class='ocrx_word' id='word_1_403' title='bbox 2590 2679 2646 2719; x_wconf 90' lang='lat' dir='ltr'><strong>se</strong></span> <span class='ocrx_word' id='word_1_404' title='bbox 2677 2661 2958 2734; x_wconf 89' lang='lat' dir='ltr'><strong>repellere.</strong></span> 
     </span>
    </p>
   </div>
   <div class='ocr_carea' id='block_1_57' title="bbox 2257 2752 3808 2814">
    <p class='ocr_par' dir='ltr' id='par_1_57' title="bbox 2257 2752 3808 2814">
     <span class='ocr_line' id='line_1_57' title="bbox 2257 2752 3808 2814; baseline 0.003 -5"><span class='ocrx_word' id='word_1_405' title='bbox 2257 2754 2307 2810; x_wconf 82' lang='grc' dir='ltr'><strong>Α</strong></span> <span class='ocrx_word' id='word_1_406' title='bbox 2331 2754 2660 2810; x_wconf 88' lang='lat' dir='ltr'><strong>fortitudine</strong></span> <span class='ocrx_word' id='word_1_407' title='bbox 2702 2755 2769 2810; x_wconf 93' lang='lat' dir='ltr'><strong>ad</strong></span> <span class='ocrx_word' id='word_1_408' title='bbox 2800 2754 3096 2810; x_wconf 89' lang='lat' dir='ltr'><strong>consilium</strong></span> <span class='ocrx_word' id='word_1_409' title='bbox 3127 2752 3516 2810; x_wconf 86' lang='lat' dir='ltr'><strong>conscenditur</strong></span> <span class='ocrx_word' id='word_1_410' title='bbox 3549 2772 3560 2810; x_wconf 91' lang='lat'><strong>:</strong></span> <span class='ocrx_word' id='word_1_411' title='bbox 3608 2758 3808 2814; x_wconf 82' lang='lat' dir='ltr'><strong>consi-</strong></span> 
     </span>
    </p>
   </div>
   <div class='ocr_carea' id='block_1_58' title="bbox 2187 2840 3806 2915">
    <p class='ocr_par' dir='ltr' id='par_1_58' title="bbox 2187 2840 3806 2915">
     <span class='ocr_line' id='line_1_58' title="bbox 2187 2840 3806 2915; baseline 0.001 -14"><span class='ocrx_word' id='word_1_412' title='bbox 2187 2845 2324 2901; x_wconf 90' lang='lat' dir='ltr'><strong>lium</strong></span> <span class='ocrx_word' id='word_1_413' title='bbox 2369 2852 2555 2900; x_wconf 91' lang='lat' dir='ltr'><strong>autem</strong></span> <span class='ocrx_word' id='word_1_414' title='bbox 2608 2844 2808 2900; x_wconf 90' lang='lat' dir='ltr'><strong>salutis</strong></span> <span class='ocrx_word' id='word_1_415' title='bbox 2853 2851 3053 2899; x_wconf 86' lang='lat' dir='ltr'><strong>nostrae</strong></span> <span class='ocrx_word' id='word_1_416' title='bbox 3098 2840 3156 2897; x_wconf 90' lang='lat' dir='ltr'><strong>in</strong></span> <span class='ocrx_word' id='word_1_417' title='bbox 3201 2842 3487 2915; x_wconf 70' lang='lat' dir='ltr'><strong>praeceptis</strong></span> <span class='ocrx_word' id='word_1_418' title='bbox 3532 2845 3806 2903; x_wconf 88' lang='lat' dir='ltr'><strong>consistit</strong></span> 
     </span>
    </p>
   </div>
   <div class='ocr_carea' id='block_1_59' title="bbox 2185 2931 3803 3005">
    <p class='ocr_par' dir='ltr' id='par_1_59' title="bbox 2185 2931 3803 3005">
     <span class='ocr_line' id='line_1_59' title="bbox 2185 2931 3803 3005; baseline 0.001 -17"><span class='ocrx_word' id='word_1_419' title='bbox 2185 2933 2540 3005; x_wconf 87' lang='lat' dir='ltr'><strong>evangelicis.</strong></span> <span class='ocrx_word' id='word_1_420' title='bbox 2573 2932 2836 3005; x_wconf 89' lang='lat' dir='ltr'><strong>Quisquis</strong></span> <span class='ocrx_word' id='word_1_421' title='bbox 2878 2932 3050 3003; x_wconf 86' lang='lat' dir='ltr'><strong>igitur</strong></span> <span class='ocrx_word' id='word_1_422' title='bbox 3090 2931 3229 2986; x_wconf 89' lang='lat' dir='ltr'><strong>vitia</strong></span> <span class='ocrx_word' id='word_1_423' title='bbox 3265 2932 3325 2986; x_wconf 94' lang='lat' dir='ltr'><strong>in</strong></span> <span class='ocrx_word' id='word_1_424' title='bbox 3352 2948 3408 2987; x_wconf 92' lang='lat' dir='ltr'><strong>se</strong></span> <span class='ocrx_word' id='word_1_425' title='bbox 3435 2933 3803 3005; x_wconf 86' lang='lat' dir='ltr'><strong>exstinguere</strong></span> 
     </span>
    </p>
   </div>
   <div class='ocr_carea' id='block_1_60' title="bbox 2184 3018 3802 3090">
    <p class='ocr_par' dir='ltr' id='par_1_60' title="bbox 2184 3018 3802 3090">
     <span class='ocr_line' id='line_1_60' title="bbox 2184 3018 3802 3090; baseline 0.001 -16"><span class='ocrx_word' id='word_1_426' title='bbox 2184 3034 2282 3090; x_wconf 89' lang='lat' dir='ltr'><strong>per</strong></span> <span class='ocrx_word' id='word_1_427' title='bbox 2310 3018 2667 3075; x_wconf 89' lang='lat' dir='ltr'><strong>fortitudinis</strong></span> <span class='ocrx_word' id='word_1_428' title='bbox 2700 3020 2956 3090; x_wconf 88' lang='lat' dir='ltr'><strong>spiritum</strong></span> <span class='ocrx_word' id='word_1_429' title='bbox 2999 3019 3200 3090; x_wconf 83' lang='lat' dir='ltr'><strong>potuit,</strong></span> <span class='ocrx_word' id='word_1_430' title='bbox 3246 3035 3465 3074; x_wconf 88' lang='lat' dir='ltr'><strong>necesse</strong></span> <span class='ocrx_word' id='word_1_431' title='bbox 3494 3026 3577 3074; x_wconf 87' lang='lat' dir='ltr'><strong>est</strong></span> <span class='ocrx_word' id='word_1_432' title='bbox 3616 3027 3680 3074; x_wconf 92' lang='lat' dir='ltr'><strong>ut</strong></span> <span class='ocrx_word' id='word_1_433' title='bbox 3726 3020 3802 3076; x_wconf 87' lang='lat' dir='ltr'><strong>ad</strong></span> 
     </span>
    </p>
   </div>
   <div class='ocr_carea' id='block_1_61' title="bbox 2184 3110 3803 3183">
    <p class='ocr_par' dir='ltr' id='par_1_61' title="bbox 2184 3110 3803 3183">
     <span class='ocr_line' id='line_1_61' title="bbox 2184 3110 3803 3183; baseline 0.001 -18"><span class='ocrx_word' id='word_1_434' title='bbox 2184 3110 2443 3166; x_wconf 89' lang='lat' dir='ltr'><strong>mandata</strong></span> <span class='ocrx_word' id='word_1_435' title='bbox 2474 3117 2621 3174; x_wconf 83' lang='lat'><strong>515</strong></span> <span class='ocrx_word' id='word_1_436' title='bbox 2649 3110 2940 3183; x_wconf 87' lang='lat' dir='ltr'><strong>Evangelii</strong></span> <span class='ocrx_word' id='word_1_437' title='bbox 2991 3110 3109 3182; x_wconf 82' lang='lat'>(32)</span> <span class='ocrx_word' id='word_1_438' title='bbox 3162 3110 3569 3183; x_wconf 88' lang='lat' dir='ltr'><strong>perscrutanda,</strong></span> <span class='ocrx_word' id='word_1_439' title='bbox 3623 3120 3803 3183; x_wconf 87' lang='lat' dir='ltr'><strong>atque</strong></span> 
     </span>
    </p>
   </div>
   <div class='ocr_carea' id='block_1_62' title="bbox 550 3205 3799 3283">
    <p class='ocr_par' dir='ltr' id='par_1_62' title="bbox 550 3205 3799 3283">
     <span class='ocr_line' id='line_1_62' title="bbox 550 3205 3799 3283; baseline -0.001 -17"><span class='ocrx_word' id='word_1_440' title='bbox 550 3210 787 3283; x_wconf 91' lang='lat' dir='ltr'><strong>Spiritus</strong></span> <span class='ocrx_word' id='word_1_441' title='bbox 807 3226 939 3266; x_wconf 93' lang='lat' dir='ltr'><strong>vero</strong></span> <span class='ocrx_word' id='word_1_442' title='bbox 959 3207 1179 3280; x_wconf 89' lang='lat' dir='ltr'><strong>pietatis</strong></span> <span class='ocrx_word' id='word_1_443' title='bbox 1206 3223 1368 3280; x_wconf 91' lang='lat' dir='ltr'><strong>super</strong></span> <span class='ocrx_word' id='word_1_444' title='bbox 1396 3205 1698 3279; x_wconf 89' lang='lat' dir='ltr'><strong>quemlibet</strong></span> <span class='ocrx_word' id='word_1_445' title='bbox 1725 3213 2068 3278; x_wconf 84' lang='lat' dir='ltr'><strong>peccatorum</strong></span> <span class='ocrx_word' id='word_1_446' title='bbox 2108 3223 2151 3283; x_wconf 71' lang='grc' dir='ltr'>ο</span> <span class='ocrx_word' id='word_1_447' title='bbox 2187 3210 2243 3263; x_wconf 89' lang='lat' dir='ltr'><strong>in</strong></span> <span class='ocrx_word' id='word_1_448' title='bbox 2279 3208 2442 3265; x_wconf 90' lang='lat' dir='ltr'><strong>corde</strong></span> <span class='ocrx_word' id='word_1_449' title='bbox 2472 3225 2572 3265; x_wconf 92' lang='lat' dir='ltr'><strong>suo</strong></span> <span class='ocrx_word' id='word_1_450' title='bbox 2616 3207 2962 3265; x_wconf 90' lang='lat' dir='ltr'><strong>recondenda</strong></span> <span class='ocrx_word' id='word_1_451' title='bbox 3007 3215 3288 3277; x_wconf 87' lang='lat' dir='ltr'><strong>transeat;</strong></span> <span class='ocrx_word' id='word_1_452' title='bbox 3342 3208 3439 3264; x_wconf 91' lang='lat' dir='ltr'><strong>ubi</strong></span> <span class='ocrx_word' id='word_1_453' title='bbox 3490 3207 3799 3264; x_wconf 89' lang='lat' dir='ltr'><strong>consilium</strong></span> 
     </span>
    </p>
   </div>
   <div class='ocr_carea' id='block_1_63' title="bbox 483 3293 2073 3372">
    <p class='ocr_par' dir='ltr' id='par_1_63' title="bbox 483 3293 2073 3372">
     <span class='ocr_line' id='line_1_63' title="bbox 483 3293 2073 3372; baseline -0.005 -16"><span class='ocrx_word' id='word_1_454' title='bbox 483 3299 796 3372; x_wconf 90' lang='lat' dir='ltr'><strong>requiescit,</strong></span> <span class='ocrx_word' id='word_1_455' title='bbox 863 3298 995 3354; x_wconf 92' lang='lat' dir='ltr'><strong>dum</strong></span> <span class='ocrx_word' id='word_1_456' title='bbox 1057 3296 1288 3353; x_wconf 90' lang='lat' dir='ltr'><strong>audiens</strong></span> <span class='ocrx_word' id='word_1_457' title='bbox 1349 3296 1686 3367; x_wconf 89' lang='lat' dir='ltr'><strong>Scripturam</strong></span> <span class='ocrx_word' id='word_1_458' title='bbox 1753 3293 2073 3350; x_wconf 90' lang='lat' dir='ltr'><strong>dicentem:</strong></span> 
     </span>
    </p>
   </div>
   <div class='ocr_carea' id='block_1_64' title="bbox 496 3383 2081 3462">
    <p class='ocr_par' dir='ltr' id='par_1_64' title="bbox 496 3383 2081 3462">
     <span class='ocr_line' id='line_1_64' title="bbox 496 3383 2081 3462; baseline -0.005 -17"><span class='ocrx_word' id='word_1_459' title='bbox 496 3413 514 3438; x_wconf 73' lang='grc' dir='ltr'><strong>α</strong></span> <span class='ocrx_word' id='word_1_460' title='bbox 552 3389 707 3446; x_wconf 88' lang='lat' dir='ltr'><strong>Sicut</strong></span> <span class='ocrx_word' id='word_1_461' title='bbox 758 3404 898 3462; x_wconf 86' lang='lat' dir='ltr'><strong>aqua</strong></span> <span class='ocrx_word' id='word_1_462' title='bbox 954 3386 1261 3459; x_wconf 81' lang='lat' dir='ltr'><strong>exstinguit</strong></span> <span class='ocrx_word' id='word_1_463' title='bbox 1313 3385 1531 3457; x_wconf 88' lang='lat' dir='ltr'><strong>ignem,</strong></span> <span class='ocrx_word' id='word_1_464' title='bbox 1602 3384 1680 3440; x_wconf 91' lang='lat' dir='ltr'><strong>ita</strong></span> <span class='ocrx_word' id='word_1_465' title='bbox 1731 3383 2081 3455; x_wconf 89' lang='lat' dir='ltr'><strong>eleemosyna</strong></span> 
     </span>
    </p>
   </div>
   <div class='ocr_carea' id='block_1_65' title="bbox 481 3471 2079 3552">
    <p class='ocr_par' dir='ltr' id='par_1_65' title="bbox 481 3471 2079 3552">
     <span class='ocr_line' id='line_1_65' title="bbox 481 3471 2079 3552; baseline -0.005 -17"><span class='ocrx_word' id='word_1_466' title='bbox 481 3478 786 3552; x_wconf 87' lang='lat' dir='ltr'><strong>exstinguit</strong></span> <span class='ocrx_word' id='word_1_467' title='bbox 817 3484 1100 3551; x_wconf 88' lang='lat' dir='ltr'><strong>peccatum</strong></span> <span class='ocrx_word' id='word_1_468' title='bbox 1135 3476 1331 3549; x_wconf 83' lang='lat' dir='ltr'><strong>(Eccli,</strong></span> <span class='ocrx_word' id='word_1_469' title='bbox 1362 3491 1447 3543; x_wconf 89' lang='lat' dir='ltr'><strong>III,</strong></span> <span class='ocrx_word' id='word_1_470' title='bbox 1478 3473 1570 3546; x_wconf 89' lang='lat'><strong>33)</strong></span> <span class='ocrx_word' id='word_1_471' title='bbox 1597 3490 1611 3541; x_wconf 92' lang='lat'><strong>;</strong></span> <span class='ocrx_word' id='word_1_472' title='bbox 1634 3497 1652 3520; x_wconf 74' lang='grc' dir='ltr'><strong><em>ι</em></strong></span> <span class='ocrx_word' id='word_1_473' title='bbox 1695 3480 1750 3529; x_wconf 92' lang='lat' dir='ltr'><strong>et</strong></span> <span class='ocrx_word' id='word_1_474' title='bbox 1777 3471 2079 3528; x_wconf 91' lang='lat' dir='ltr'><strong>Dominum</strong></span> 
     </span>
    </p>
   </div>
   <div class='ocr_carea' id='block_1_66' title="bbox 481 3560 2081 3636">
    <p class='ocr_par' dir='ltr' id='par_1_66' title="bbox 481 3560 2081 3636">
     <span class='ocr_line' id='line_1_66' title="bbox 481 3560 2081 3636; baseline -0.006 -11"><span class='ocrx_word' id='word_1_475' title='bbox 481 3567 807 3625; x_wconf 90' lang='lat' dir='ltr'><strong>dicentem:</strong></span> <span class='ocrx_word' id='word_1_476' title='bbox 869 3593 887 3615; x_wconf 77' lang='grc' dir='ltr'>ι</span> <span class='ocrx_word' id='word_1_477' title='bbox 936 3569 1074 3623; x_wconf 89' lang='lat' dir='ltr'><strong>Date</strong></span> <span class='ocrx_word' id='word_1_478' title='bbox 1129 3565 1554 3636; x_wconf 79' lang='lat' dir='ltr'><strong>eleemosynam,</strong></span> <span class='ocrx_word' id='word_1_479' title='bbox 1612 3570 1667 3618; x_wconf 92' lang='lat' dir='ltr'><strong>et</strong></span> <span class='ocrx_word' id='word_1_480' title='bbox 1715 3577 1838 3618; x_wconf 92' lang='lat' dir='ltr'><strong>ecce</strong></span> <span class='ocrx_word' id='word_1_481' title='bbox 1894 3560 2081 3616; x_wconf 90' lang='lat' dir='ltr'><strong>omnia</strong></span> 
     </span>
    </p>
   </div>
   <div class='ocr_carea' id='block_1_67' title="bbox 483 3649 2077 3723">
    <p class='ocr_par' dir='ltr' id='par_1_67' title="bbox 483 3649 2077 3723">
     <span class='ocr_line' id='line_1_67' title="bbox 483 3649 2077 3723; baseline -0.005 -12"><span class='ocrx_word' id='word_1_482' title='bbox 483 3656 694 3712; x_wconf 88' lang='lat' dir='ltr'><strong>munda</strong></span> <span class='ocrx_word' id='word_1_483' title='bbox 736 3665 866 3712; x_wconf 90' lang='lat' dir='ltr'><strong>sunt</strong></span> <span class='ocrx_word' id='word_1_484' title='bbox 906 3654 1066 3711; x_wconf 89' lang='lat' dir='ltr'><strong>vobis</strong></span> <span class='ocrx_word' id='word_1_485' title='bbox 1108 3654 1259 3723; x_wconf 82' lang='lat' dir='ltr'><strong>(Luc.</strong></span> <span class='ocrx_word' id='word_1_486' title='bbox 1287 3669 1366 3720; x_wconf 68' lang='grc' dir='ltr'><strong>χι,</strong></span> <span class='ocrx_word' id='word_1_487' title='bbox 1406 3652 1524 3722; x_wconf 61' lang='lat' dir='ltr'><strong>hi),</strong></span> <span class='ocrx_word' id='word_1_488' title='bbox 1566 3673 1586 3697; x_wconf 78' lang='grc' dir='ltr'>ι</span> <span class='ocrx_word' id='word_1_489' title='bbox 1646 3649 1791 3705; x_wconf 89' lang='lat' dir='ltr'><strong>alere</strong></span> <span class='ocrx_word' id='word_1_490' title='bbox 1838 3655 2077 3721; x_wconf 88' lang='lat' dir='ltr'><strong>egentes,</strong></span> 
     </span>
    </p>
   </div>
   <div class='ocr_carea' id='block_1_68' title="bbox 483 3738 2080 3814">
    <p class='ocr_par' dir='ltr' id='par_1_68' title="bbox 483 3738 2080 3814">
     <span class='ocr_line' id='line_1_68' title="bbox 483 3738 2080 3814; baseline -0.005 -14"><span class='ocrx_word' id='word_1_491' title='bbox 483 3744 686 3802; x_wconf 90' lang='lat' dir='ltr'><strong>vestire</strong></span> <span class='ocrx_word' id='word_1_492' title='bbox 713 3745 912 3813; x_wconf 90' lang='lat' dir='ltr'><strong>nudos,</strong></span> <span class='ocrx_word' id='word_1_493' title='bbox 953 3752 1006 3800; x_wconf 90' lang='lat' dir='ltr'><strong>et</strong></span> <span class='ocrx_word' id='word_1_494' title='bbox 1035 3752 1231 3800; x_wconf 81' lang='lat' dir='ltr'><strong>caetera</strong></span> <span class='ocrx_word' id='word_1_495' title='bbox 1259 3741 1479 3814; x_wconf 89' lang='lat' dir='ltr'><strong>pietatis</strong></span> <span class='ocrx_word' id='word_1_496' title='bbox 1512 3755 1676 3812; x_wconf 89' lang='lat' dir='ltr'><strong>opera</strong></span> <span class='ocrx_word' id='word_1_497' title='bbox 1703 3738 1901 3810; x_wconf 91' lang='lat' dir='ltr'><strong>incipit</strong></span> <span class='ocrx_word' id='word_1_498' title='bbox 1927 3753 2080 3793; x_wconf 86' lang='lat' dir='ltr'><strong>exer-</strong></span> 
     </span>
    </p>
   </div>
   <div class='ocr_carea' id='block_1_69' title="bbox 483 3829 2078 3905">
    <p class='ocr_par' dir='ltr' id='par_1_69' title="bbox 483 3829 2078 3905">
     <span class='ocr_line' id='line_1_69' title="bbox 483 3829 2078 3905; baseline -0.006 -12"><span class='ocrx_word' id='word_1_499' title='bbox 483 3852 647 3905; x_wconf 91' lang='lat' dir='ltr'><strong>cere;</strong></span> <span class='ocrx_word' id='word_1_500' title='bbox 705 3844 769 3892; x_wconf 91' lang='lat' dir='ltr'><strong>ut</strong></span> <span class='ocrx_word' id='word_1_501' title='bbox 823 3838 997 3892; x_wconf 91' lang='lat' dir='ltr'><strong>Deum</strong></span> <span class='ocrx_word' id='word_1_502' title='bbox 1055 3835 1193 3891; x_wconf 89' lang='lat' dir='ltr'><strong>alios</strong></span> <span class='ocrx_word' id='word_1_503' title='bbox 1250 3831 1561 3889; x_wconf 90' lang='lat' dir='ltr'><strong>miserando</strong></span> <span class='ocrx_word' id='word_1_504' title='bbox 1613 3830 1912 3903; x_wconf 91' lang='lat' dir='ltr'><strong>propitium</strong></span> <span class='ocrx_word' id='word_1_505' title='bbox 1971 3829 2078 3885; x_wconf 88' lang='lat' dir='ltr'><strong>sibi</strong></span> 
     </span>
    </p>
   </div>
   <div class='ocr_carea' id='block_1_70' title="bbox 484 3917 2075 3998">
    <p class='ocr_par' dir='ltr' id='par_1_70' title="bbox 484 3917 2075 3998">
     <span class='ocr_line' id='line_1_70' title="bbox 484 3917 2075 3998; baseline -0.004 -18"><span class='ocrx_word' id='word_1_506' title='bbox 484 3925 670 3994; x_wconf 86' lang='lat' dir='ltr'><strong>faciat,</strong></span> <span class='ocrx_word' id='word_1_507' title='bbox 711 3941 875 3998; x_wconf 91' lang='lat' dir='ltr'><strong>quem</strong></span> <span class='ocrx_word' id='word_1_508' title='bbox 921 3922 1199 3997; x_wconf 90' lang='lat' dir='ltr'><strong>peccando</strong></span> <span class='ocrx_word' id='word_1_509' title='bbox 1244 3921 1564 3978; x_wconf 82' lang='lat' dir='ltr'><strong>offenderat.</strong></span> <span class='ocrx_word' id='word_1_510' title='bbox 1610 3918 1764 3975; x_wconf 91' lang='lat' dir='ltr'><strong>Unde</strong></span> <span class='ocrx_word' id='word_1_511' title='bbox 1802 3927 1856 3974; x_wconf 93' lang='lat' dir='ltr'><strong>et</strong></span> <span class='ocrx_word' id='word_1_512' title='bbox 1884 3917 2075 3974; x_wconf 90' lang='lat' dir='ltr'><strong>Daniel</strong></span> 
     </span>
    </p>
   </div>
   <div class='ocr_carea' id='block_1_71' title="bbox 482 4008 2077 4086">
    <p class='ocr_par' dir='ltr' id='par_1_71' title="bbox 482 4008 2077 4086">
     <span class='ocr_line' id='line_1_71' title="bbox 482 4008 2077 4086; baseline -0.005 -16"><span class='ocrx_word' id='word_1_513' title='bbox 482 4013 749 4086; x_wconf 86' lang='lat' dir='ltr'><strong>propheta</strong></span> <span class='ocrx_word' id='word_1_514' title='bbox 784 4029 967 4086; x_wconf 89' lang='lat' dir='ltr'><strong>regem</strong></span> <span class='ocrx_word' id='word_1_515' title='bbox 1015 4012 1429 4085; x_wconf 88' lang='lat' dir='ltr'><strong>impiissimum,</strong></span> <span class='ocrx_word' id='word_1_516' title='bbox 1478 4018 1540 4065; x_wconf 93' lang='lat' dir='ltr'><strong>ut</strong></span> <span class='ocrx_word' id='word_1_517' title='bbox 1569 4016 1791 4082; x_wconf 88' lang='lat' dir='ltr'><strong>peccata</strong></span> <span class='ocrx_word' id='word_1_518' title='bbox 1817 4024 1915 4063; x_wconf 89' lang='lat' dir='ltr'><strong>sua</strong></span> <span class='ocrx_word' id='word_1_519' title='bbox 1941 4008 2077 4063; x_wconf 83' lang='lat' dir='ltr'><strong>elee-</strong></span> 
     </span>
    </p>
   </div>
   <div class='ocr_carea' id='block_1_72' title="bbox 483 4097 2077 4175">
    <p class='ocr_par' dir='ltr' id='par_1_72' title="bbox 483 4097 2077 4175">
     <span class='ocr_line' id='line_1_72' title="bbox 483 4097 2077 4175; baseline -0.003 -17"><span class='ocrx_word' id='word_1_520' title='bbox 483 4103 732 4175; x_wconf 85' lang='lat' dir='ltr'><strong>mosynis</strong></span> <span class='ocrx_word' id='word_1_521' title='bbox 776 4101 1073 4158; x_wconf 90' lang='lat' dir='ltr'><strong>redimeret</strong></span> <span class='ocrx_word' id='word_1_522' title='bbox 1116 4109 1171 4157; x_wconf 91' lang='lat' dir='ltr'><strong>et</strong></span> <span class='ocrx_word' id='word_1_523' title='bbox 1216 4098 1611 4156; x_wconf 89' lang='lat' dir='ltr'><strong>misericordiis</strong></span> <span class='ocrx_word' id='word_1_524' title='bbox 1654 4112 1955 4170; x_wconf 90' lang='lat' dir='ltr'><strong>pauperum</strong></span> <span class='ocrx_word' id='word_1_525' title='bbox 1985 4097 2077 4154; x_wconf 87' lang='lat' dir='ltr'><strong>ad-</strong></span> 
     </span>
    </p>
   </div>
   <div class='ocr_carea' id='block_1_73' title="bbox 485 4190 971 4249">
    <p class='ocr_par' dir='ltr' id='par_1_73' title="bbox 485 4190 971 4249">
     <span class='ocr_line' id='line_1_73' title="bbox 485 4190 971 4249; baseline -0.008 0"><span class='ocrx_word' id='word_1_526' title='bbox 485 4208 709 4249; x_wconf 91' lang='lat' dir='ltr'><strong>monere</strong></span> <span class='ocrx_word' id='word_1_527' title='bbox 737 4190 971 4247; x_wconf 88' lang='lat' dir='ltr'><strong>studuit.</strong></span> 
     </span>
    </p>
   </div>
   <div class='ocr_carea' id='block_1_74' title="bbox 556 4284 2072 4362">
    <p class='ocr_par' dir='ltr' id='par_1_74' title="bbox 556 4284 2072 4362">
     <span class='ocr_line' id='line_1_74' title="bbox 556 4284 2072 4362; baseline -0.003 -16"><span class='ocrx_word' id='word_1_528' title='bbox 556 4293 605 4346; x_wconf 85' lang='lat' dir='ltr'><strong>A</strong></span> <span class='ocrx_word' id='word_1_529' title='bbox 659 4290 859 4362; x_wconf 90' lang='lat' dir='ltr'><strong>pietate</strong></span> <span class='ocrx_word' id='word_1_530' title='bbox 913 4288 982 4344; x_wconf 89' lang='lat' dir='ltr'><strong>ad</strong></span> <span class='ocrx_word' id='word_1_531' title='bbox 1034 4286 1278 4343; x_wconf 86' lang='lat' dir='ltr'><strong>scientiae</strong></span> <span class='ocrx_word' id='word_1_532' title='bbox 1342 4285 1596 4357; x_wconf 90' lang='lat' dir='ltr'><strong>spiritum</strong></span> <span class='ocrx_word' id='word_1_533' title='bbox 1649 4284 2072 4354; x_wconf 90' lang='lat' dir='ltr'><strong>conscenditur;</strong></span> 
     </span>
    </p>
   </div>
   <div class='ocr_carea' id='block_1_75' title="bbox 486 4372 2073 4451">
    <p class='ocr_par' dir='ltr' id='par_1_75' title="bbox 486 4372 2073 4451">
     <span class='ocr_line' id='line_1_75' title="bbox 486 4372 2073 4451; baseline -0.004 -16"><span class='ocrx_word' id='word_1_534' title='bbox 486 4395 634 4448; x_wconf 89' lang='lat' dir='ltr'><strong>nam,</strong></span> <span class='ocrx_word' id='word_1_535' title='bbox 668 4376 923 4451; x_wconf 88' lang='lat' dir='ltr'><strong>quamvis</strong></span> <span class='ocrx_word' id='word_1_536' title='bbox 954 4375 1207 4431; x_wconf 88' lang='lat' dir='ltr'><strong>videatur</strong></span> <span class='ocrx_word' id='word_1_537' title='bbox 1236 4374 1435 4447; x_wconf 91' lang='lat' dir='ltr'><strong>aliquis</strong></span> <span class='ocrx_word' id='word_1_538' title='bbox 1461 4372 1746 4429; x_wconf 89' lang='lat' dir='ltr'><strong>scientiam</strong></span> <span class='ocrx_word' id='word_1_539' title='bbox 1777 4373 2073 4445; x_wconf 91' lang='lat' dir='ltr'><strong>possidere,</strong></span> 
     </span>
    </p>
   </div>
   <div class='ocr_carea' id='block_1_76' title="bbox 486 4462 2075 4536">
    <p class='ocr_par' dir='ltr' id='par_1_76' title="bbox 486 4462 2075 4536">
     <span class='ocr_line' id='line_1_76' title="bbox 486 4462 2075 4536; baseline -0.004 -11"><span class='ocrx_word' id='word_1_540' title='bbox 486 4470 687 4526; x_wconf 89' lang='lat' dir='ltr'><strong>stultus</strong></span> <span class='ocrx_word' id='word_1_541' title='bbox 715 4477 814 4535; x_wconf 91' lang='lat' dir='ltr'><strong>est,</strong></span> <span class='ocrx_word' id='word_1_542' title='bbox 846 4468 893 4523; x_wconf 88' lang='lat' dir='ltr'><strong>si</strong></span> <span class='ocrx_word' id='word_1_543' title='bbox 924 4467 1065 4521; x_wconf 91' lang='lat' dir='ltr'><strong>male</strong></span> <span class='ocrx_word' id='word_1_544' title='bbox 1094 4464 1255 4521; x_wconf 90' lang='lat' dir='ltr'><strong>vivit.</strong></span> <span class='ocrx_word' id='word_1_545' title='bbox 1287 4463 1431 4532; x_wconf 87' lang='lat' dir='ltr'><strong>Quid</strong></span> <span class='ocrx_word' id='word_1_546' title='bbox 1460 4462 1608 4518; x_wconf 90' lang='lat' dir='ltr'><strong>enim</strong></span> <span class='ocrx_word' id='word_1_547' title='bbox 1639 4464 1880 4531; x_wconf 89' lang='lat' dir='ltr'><strong>stultius,</strong></span> <span class='ocrx_word' id='word_1_548' title='bbox 1912 4480 2075 4536; x_wconf 89' lang='lat' dir='ltr'><strong>quam</strong></span> 
     </span>
    </p>
   </div>
   <div class='ocr_carea' id='block_1_77' title="bbox 2189 3296 3803 3371">
    <p class='ocr_par' dir='ltr' id='par_1_77' title="bbox 2189 3296 3803 3371">
     <span class='ocr_line' id='line_1_77' title="bbox 2189 3296 3803 3371; baseline 0 -19"><span class='ocrx_word' id='word_1_549' title='bbox 2189 3299 2442 3368; x_wconf 89' lang='lat' dir='ltr'><strong>reperiet,</strong></span> <span class='ocrx_word' id='word_1_550' title='bbox 2490 3298 2733 3371; x_wconf 86' lang='lat' dir='ltr'><strong>qualiter</strong></span> <span class='ocrx_word' id='word_1_551' title='bbox 2759 3296 2828 3353; x_wconf 91' lang='lat' dir='ltr'><strong>ad</strong></span> <span class='ocrx_word' id='word_1_552' title='bbox 2869 3296 3223 3369; x_wconf 88' lang='lat' dir='ltr'><strong>perfectionis</strong></span> <span class='ocrx_word' id='word_1_553' title='bbox 3265 3297 3485 3354; x_wconf 90' lang='lat' dir='ltr'><strong>culmen</strong></span> <span class='ocrx_word' id='word_1_554' title='bbox 3528 3312 3803 3354; x_wconf 87' lang='lat' dir='ltr'><strong>conscen-</strong></span> 
     </span>
    </p>
   </div>
   <div class='ocr_carea' id='block_1_78' title="bbox 2189 3386 2546 3445">
    <p class='ocr_par' dir='ltr' id='par_1_78' title="bbox 2189 3386 2546 3445">
     <span class='ocr_line' id='line_1_78' title="bbox 2189 3386 2546 3445; baseline 0.006 -2"><span class='ocrx_word' id='word_1_555' title='bbox 2189 3386 2316 3444; x_wconf 91' lang='lat' dir='ltr'><strong>dere</strong></span> <span class='ocrx_word' id='word_1_556' title='bbox 2345 3388 2546 3445; x_wconf 91' lang='lat' dir='ltr'><strong>valeat.</strong></span> 
     </span>
    </p>
   </div>
   <div class='ocr_carea' id='block_1_79' title="bbox 2257 3474 3800 3551">
    <p class='ocr_par' dir='ltr' id='par_1_79' title="bbox 2257 3474 3800 3551">
     <span class='ocr_line' id='line_1_79' title="bbox 2257 3474 3800 3551; baseline 0.002 -19"><span class='ocrx_word' id='word_1_557' title='bbox 2257 3478 2327 3534; x_wconf 89' lang='lat' dir='ltr'><strong>Et</strong></span> <span class='ocrx_word' id='word_1_558' title='bbox 2360 3477 2501 3551; x_wconf 92' lang='lat' dir='ltr'><strong>quia</strong></span> <span class='ocrx_word' id='word_1_559' title='bbox 2530 3475 2788 3533; x_wconf 89' lang='lat' dir='ltr'><strong>mandata</strong></span> <span class='ocrx_word' id='word_1_560' title='bbox 2815 3474 3102 3548; x_wconf 88' lang='lat' dir='ltr'><strong>Evangelii</strong></span> <span class='ocrx_word' id='word_1_561' title='bbox 3130 3475 3249 3532; x_wconf 89' lang='lat' dir='ltr'><strong>sine</strong></span> <span class='ocrx_word' id='word_1_562' title='bbox 3274 3476 3577 3532; x_wconf 88' lang='lat' dir='ltr'><strong>virtutibus</strong></span> <span class='ocrx_word' id='word_1_563' title='bbox 3602 3486 3800 3535; x_wconf 84' lang='lat' dir='ltr'><strong>custo-</strong></span> 
     </span>
    </p>
   </div>
   <div class='ocr_carea' id='block_1_80' title="bbox 2187 3566 3800 3641">
    <p class='ocr_par' dir='ltr' id='par_1_80' title="bbox 2187 3566 3800 3641">
     <span class='ocr_line' id='line_1_80' title="bbox 2187 3566 3800 3641; baseline 0.001 -17"><span class='ocrx_word' id='word_1_564' title='bbox 2187 3567 2295 3624; x_wconf 91' lang='lat' dir='ltr'><strong>diri</strong></span> <span class='ocrx_word' id='word_1_565' title='bbox 2326 3585 2437 3624; x_wconf 89' lang='lat' dir='ltr'><strong>non</strong></span> <span class='ocrx_word' id='word_1_566' title='bbox 2473 3576 2724 3641; x_wconf 88' lang='lat' dir='ltr'><strong>possunt,</strong></span> <span class='ocrx_word' id='word_1_567' title='bbox 2767 3585 2799 3624; x_wconf 83' lang='lat' dir='ltr'><strong>a</strong></span> <span class='ocrx_word' id='word_1_568' title='bbox 2842 3567 3042 3640; x_wconf 91' lang='lat' dir='ltr'><strong>spiritu</strong></span> <span class='ocrx_word' id='word_1_569' title='bbox 3079 3566 3297 3622; x_wconf 89' lang='lat' dir='ltr'><strong>consilii</strong></span> <span class='ocrx_word' id='word_1_570' title='bbox 3344 3566 3413 3622; x_wconf 87' lang='lat' dir='ltr'><strong>ad</strong></span> <span class='ocrx_word' id='word_1_571' title='bbox 3442 3566 3800 3626; x_wconf 90' lang='lat' dir='ltr'><strong>intellectum</strong></span> 
     </span>
    </p>
   </div>
   <div class='ocr_carea' id='block_1_81' title="bbox 2186 3655 3802 3731">
    <p class='ocr_par' dir='ltr' id='par_1_81' title="bbox 2186 3655 3802 3731">
     <span class='ocr_line' id='line_1_81' title="bbox 2186 3655 3802 3731; baseline -0.001 -15"><span class='ocrx_word' id='word_1_572' title='bbox 2186 3658 2606 3726; x_wconf 87' lang='lat' dir='ltr'><strong>conscenditur,</strong></span> <span class='ocrx_word' id='word_1_573' title='bbox 2660 3657 2718 3713; x_wconf 93' lang='lat' dir='ltr'><strong>in</strong></span> <span class='ocrx_word' id='word_1_574' title='bbox 2750 3673 2858 3731; x_wconf 94' lang='lat' dir='ltr'><strong>quo</strong></span> <span class='ocrx_word' id='word_1_575' title='bbox 2886 3655 3148 3729; x_wconf 90' lang='lat' dir='ltr'><strong>perfectio</strong></span> <span class='ocrx_word' id='word_1_576' title='bbox 3193 3656 3463 3729; x_wconf 77' lang='lat' dir='ltr'><strong>virtutjim</strong></span> <span class='ocrx_word' id='word_1_577' title='bbox 3495 3664 3611 3714; x_wconf 90' lang='lat' dir='ltr'><strong>tota</strong></span> <span class='ocrx_word' id='word_1_578' title='bbox 3659 3675 3802 3715; x_wconf 89' lang='lat' dir='ltr'><strong>con-</strong></span> 
     </span>
    </p>
   </div>
   <div class='ocr_carea' id='block_1_82' title="bbox 2185 3747 3803 3818">
    <p class='ocr_par' dir='ltr' id='par_1_82' title="bbox 2185 3747 3803 3818">
     <span class='ocr_line' id='line_1_82' title="bbox 2185 3747 3803 3818; baseline 0.001 -14"><span class='ocrx_word' id='word_1_579' title='bbox 2185 3748 2350 3805; x_wconf 89' lang='lat' dir='ltr'><strong>sistit.</strong></span> <span class='ocrx_word' id='word_1_580' title='bbox 2381 3749 2699 3806; x_wconf 89' lang='lat' dir='ltr'><strong>Intellectus</strong></span> <span class='ocrx_word' id='word_1_581' title='bbox 2728 3763 2860 3803; x_wconf 90' lang='lat' dir='ltr'><strong>vero</strong></span> <span class='ocrx_word' id='word_1_582' title='bbox 2879 3747 3086 3803; x_wconf 91' lang='lat' dir='ltr'><strong>donum</strong></span> <span class='ocrx_word' id='word_1_583' title='bbox 3107 3763 3139 3801; x_wconf 91' lang='lat' dir='ltr'><strong>a</strong></span> <span class='ocrx_word' id='word_1_584' title='bbox 3158 3747 3366 3818; x_wconf 91' lang='lat' dir='ltr'><strong>Spiritu</strong></span> <span class='ocrx_word' id='word_1_585' title='bbox 3381 3757 3571 3804; x_wconf 88' lang='lat' dir='ltr'><strong>sancto</strong></span> <span class='ocrx_word' id='word_1_586' title='bbox 3596 3747 3803 3806; x_wconf 91' lang='lat' dir='ltr'><strong>ﬁdeles</strong></span> 
     </span>
    </p>
   </div>
   <div class='ocr_carea' id='block_1_83' title="bbox 2187 3838 3796 3912">
    <p class='ocr_par' dir='ltr' id='par_1_83' title="bbox 2187 3838 3796 3912">
     <span class='ocr_line' id='line_1_83' title="bbox 2187 3838 3796 3912; baseline 0.001 -16"><span class='ocrx_word' id='word_1_587' title='bbox 2187 3840 2496 3912; x_wconf 90' lang='lat' dir='ltr'><strong>accipiunt,</strong></span> <span class='ocrx_word' id='word_1_588' title='bbox 2526 3858 2650 3897; x_wconf 92' lang='lat' dir='ltr'><strong>cum</strong></span> <span class='ocrx_word' id='word_1_589' title='bbox 2675 3839 2933 3895; x_wconf 91' lang='lat' dir='ltr'><strong>omnibus</strong></span> <span class='ocrx_word' id='word_1_590' title='bbox 2954 3838 3255 3896; x_wconf 86' lang='lat' dir='ltr'><strong>virtutibus</strong></span> <span class='ocrx_word' id='word_1_591' title='bbox 3280 3840 3446 3896; x_wconf 90' lang='lat' dir='ltr'><strong>ditari</strong></span> <span class='ocrx_word' id='word_1_592' title='bbox 3469 3849 3796 3909; x_wconf 90' lang='lat' dir='ltr'><strong>merentur;</strong></span> 
     </span>
    </p>
   </div>
   <div class='ocr_carea' id='block_1_84' title="bbox 2187 3928 3799 4002">
    <p class='ocr_par' dir='ltr' id='par_1_84' title="bbox 2187 3928 3799 4002">
     <span class='ocr_line' id='line_1_84' title="bbox 2187 3928 3799 4002; baseline 0.001 -18"><span class='ocrx_word' id='word_1_593' title='bbox 2187 3929 2281 3985; x_wconf 91' lang='lat' dir='ltr'><strong>ille</strong></span> <span class='ocrx_word' id='word_1_594' title='bbox 2303 3931 2452 4002; x_wconf 84' lang='lat' dir='ltr'><strong>enim</strong></span> <span class='ocrx_word' id='word_1_595' title='bbox 2472 3946 2665 3986; x_wconf 90' lang='lat' dir='ltr'><strong>verum</strong></span> <span class='ocrx_word' id='word_1_596' title='bbox 2683 3929 3023 3985; x_wconf 89' lang='lat' dir='ltr'><strong>intellectum</strong></span> <span class='ocrx_word' id='word_1_597' title='bbox 3052 3928 3309 4000; x_wconf 91' lang='lat' dir='ltr'><strong>possidet,</strong></span> <span class='ocrx_word' id='word_1_598' title='bbox 3334 3929 3426 4001; x_wconf 91' lang='lat' dir='ltr'><strong>qui</strong></span> <span class='ocrx_word' id='word_1_599' title='bbox 3451 3928 3559 3985; x_wconf 85' lang='lat' dir='ltr'><strong>ﬁde</strong></span> <span class='ocrx_word' id='word_1_600' title='bbox 3581 3930 3799 3994; x_wconf 71' lang='lat' dir='ltr'><strong>illumi,</strong></span> 
     </span>
    </p>
   </div>
   <div class='ocr_carea' id='block_1_85' title="bbox 2186 4017 3796 4091">
    <p class='ocr_par' dir='ltr' id='par_1_85' title="bbox 2186 4017 3796 4091">
     <span class='ocr_line' id='line_1_85' title="bbox 2186 4017 3796 4091; baseline 0.001 -17"><span class='ocrx_word' id='word_1_601' title='bbox 2186 4027 2371 4086; x_wconf 89' lang='lat' dir='ltr'><strong>natur,</strong></span> <span class='ocrx_word' id='word_1_602' title='bbox 2399 4019 2495 4091; x_wconf 90' lang='lat' dir='ltr'><strong>qui</strong></span> <span class='ocrx_word' id='word_1_603' title='bbox 2520 4018 2653 4090; x_wconf 90' lang='lat' dir='ltr'><strong>pudi</strong></span> <span class='ocrx_word' id='word_1_604' title='bbox 2682 4019 2819 4074; x_wconf 88' lang='lat' dir='ltr'><strong>citia</strong></span> <span class='ocrx_word' id='word_1_605' title='bbox 2840 4017 3163 4086; x_wconf 88' lang='lat' dir='ltr'><strong>mundatur,</strong></span> <span class='ocrx_word' id='word_1_606' title='bbox 3194 4018 3459 4089; x_wconf 90' lang='lat' dir='ltr'><strong>patientia</strong></span> <span class='ocrx_word' id='word_1_607' title='bbox 3474 4018 3796 4090; x_wconf 86' lang='lat' dir='ltr'><strong>decoratur,</strong></span> 
     </span>
    </p>
   </div>
   <div class='ocr_carea' id='block_1_86' title="bbox 2186 4106 3796 4181">
    <p class='ocr_par' dir='ltr' id='par_1_86' title="bbox 2186 4106 3796 4181">
     <span class='ocr_line' id='line_1_86' title="bbox 2186 4106 3796 4181; baseline 0.001 -18"><span class='ocrx_word' id='word_1_608' title='bbox 2186 4108 2280 4179; x_wconf 91' lang='lat' dir='ltr'><strong>qui</strong></span> <span class='ocrx_word' id='word_1_609' title='bbox 2309 4107 2625 4163; x_wconf 91' lang='lat' dir='ltr'><strong>humilitate</strong></span> <span class='ocrx_word' id='word_1_610' title='bbox 2655 4107 2928 4175; x_wconf 90' lang='lat' dir='ltr'><strong>munitur,</strong></span> <span class='ocrx_word' id='word_1_611' title='bbox 2972 4107 3069 4180; x_wconf 94' lang='lat' dir='ltr'><strong>qui</strong></span> <span class='ocrx_word' id='word_1_612' title='bbox 3097 4106 3363 4164; x_wconf 88' lang='lat' dir='ltr'><strong>charitate</strong></span> <span class='ocrx_word' id='word_1_613' title='bbox 3393 4107 3649 4181; x_wconf 88' lang='lat' dir='ltr'><strong>refulget,</strong></span> <span class='ocrx_word' id='word_1_614' title='bbox 3691 4125 3796 4165; x_wconf 73' lang='lat' dir='ltr'><strong>cae-</strong></span> 
     </span>
    </p>
   </div>
   <div class='ocr_carea' id='block_1_87' title="bbox 2186 4201 3224 4274">
    <p class='ocr_par' dir='ltr' id='par_1_87' title="bbox 2186 4201 3224 4274">
     <span class='ocr_line' id='line_1_87' title="bbox 2186 4201 3224 4274; baseline 0.001 -17"><span class='ocrx_word' id='word_1_615' title='bbox 2186 4202 2426 4274; x_wconf 91' lang='lat' dir='ltr'><strong>terisque</strong></span> <span class='ocrx_word' id='word_1_616' title='bbox 2455 4201 2756 4257; x_wconf 87' lang='lat' dir='ltr'><strong>virtutibus</strong></span> <span class='ocrx_word' id='word_1_617' title='bbox 2790 4210 3224 4258; x_wconf 89' lang='lat' dir='ltr'><strong>consummatur.</strong></span> 
     </span>
    </p>
   </div>
   <div class='ocr_carea' id='block_1_88' title="bbox 2256 4294 3797 4368">
    <p class='ocr_par' dir='ltr' id='par_1_88' title="bbox 2256 4294 3797 4368">
     <span class='ocr_line' id='line_1_88' title="bbox 2256 4294 3797 4368; baseline 0.003 -18"><span class='ocrx_word' id='word_1_618' title='bbox 2256 4297 2327 4351; x_wconf 89' lang='lat' dir='ltr'><strong>Et</strong></span> <span class='ocrx_word' id='word_1_619' title='bbox 2347 4295 2476 4368; x_wconf 92' lang='lat' dir='ltr'><strong>quia</strong></span> <span class='ocrx_word' id='word_1_620' title='bbox 2502 4312 2599 4367; x_wconf 92' lang='lat' dir='ltr'><strong>per</strong></span> <span class='ocrx_word' id='word_1_621' title='bbox 2628 4295 3000 4367; x_wconf 86' lang='lat' dir='ltr'><strong>operationem</strong></span> <span class='ocrx_word' id='word_1_622' title='bbox 3026 4295 3141 4368; x_wconf 87' lang='lat'><strong>(33)</strong></span> <span class='ocrx_word' id='word_1_623' title='bbox 3165 4296 3436 4352; x_wconf 87' lang='lat' dir='ltr'><strong>virtutum</strong></span> <span class='ocrx_word' id='word_1_624' title='bbox 3468 4294 3536 4352; x_wconf 88' lang='lat' dir='ltr'><strong>ad</strong></span> <span class='ocrx_word' id='word_1_625' title='bbox 3562 4296 3797 4354; x_wconf 89' lang='lat' dir='ltr'><strong>culmen</strong></span> 
     </span>
    </p>
   </div>
   <div class='ocr_carea' id='block_1_89' title="bbox 2185 4384 3795 4457">
    <p class='ocr_par' dir='ltr' id='par_1_89' title="bbox 2185 4384 3795 4457">
     <span class='ocr_line' id='line_1_89' title="bbox 2185 4384 3795 4457; baseline 0.002 -16"><span class='ocrx_word' id='word_1_626' title='bbox 2185 4384 2542 4456; x_wconf 88' lang='lat' dir='ltr'><strong>perfectionis</strong></span> <span class='ocrx_word' id='word_1_627' title='bbox 2572 4384 2966 4441; x_wconf 90' lang='lat' dir='ltr'><strong>conscenditur</strong></span> <span class='ocrx_word' id='word_1_628' title='bbox 3002 4385 3274 4457; x_wconf 89' lang='lat' dir='ltr'><strong>sapientia</strong></span> <span class='ocrx_word' id='word_1_629' title='bbox 3303 4385 3611 4442; x_wconf 83' lang='lat' dir='ltr'><strong>intellectui</strong></span> <span class='ocrx_word' id='word_1_630' title='bbox 3654 4401 3795 4457; x_wconf 74' lang='lat' dir='ltr'><strong>pra:-</strong></span> 
     </span>
    </p>
   </div>
   <div class='ocr_carea' id='block_1_90' title="bbox 2185 4474 3799 4548">
    <p class='ocr_par' dir='ltr' id='par_1_90' title="bbox 2185 4474 3799 4548">
     <span class='ocr_line' id='line_1_90' title="bbox 2185 4474 3799 4548; baseline 0.003 -18"><span class='ocrx_word' id='word_1_631' title='bbox 2185 4474 2434 4547; x_wconf 91' lang='lat' dir='ltr'><strong>ponitur,</strong></span> <span class='ocrx_word' id='word_1_632' title='bbox 2491 4475 2548 4529; x_wconf 90' lang='lat' dir='ltr'><strong>in</strong></span> <span class='ocrx_word' id='word_1_633' title='bbox 2598 4491 2704 4548; x_wconf 89' lang='lat' dir='ltr'><strong>qua</strong></span> <span class='ocrx_word' id='word_1_634' title='bbox 2752 4482 2865 4531; x_wconf 89' lang='lat' dir='ltr'><strong>tota</strong></span> <span class='ocrx_word' id='word_1_635' title='bbox 2911 4474 3179 4547; x_wconf 91' lang='lat' dir='ltr'><strong>perfectio</strong></span> <span class='ocrx_word' id='word_1_636' title='bbox 3223 4475 3497 4532; x_wconf 88' lang='lat' dir='ltr'><strong>consistit.</strong></span> <span class='ocrx_word' id='word_1_637' title='bbox 3554 4477 3635 4532; x_wconf 93' lang='lat' dir='ltr'><strong>De</strong></span> <span class='ocrx_word' id='word_1_638' title='bbox 3689 4476 3799 4535; x_wconf 86' lang='lat' dir='ltr'><strong>hac</strong></span> 
     </span>
    </p>
   </div>
   <div class='ocr_carea' id='block_1_91' title="bbox 485 4550 3800 4640">
    <p class='ocr_par' dir='ltr' id='par_1_91' title="bbox 485 4550 3800 4640">
     <span class='ocr_line' id='line_1_91' title="bbox 485 4550 3800 4640; baseline -0.001 -27"><span class='ocrx_word' id='word_1_639' title='bbox 485 4557 741 4613; x_wconf 89' lang='lat' dir='ltr'><strong>timorem</strong></span> <span class='ocrx_word' id='word_1_640' title='bbox 772 4555 872 4612; x_wconf 91' lang='lat' dir='ltr'><strong>Dei</strong></span> <span class='ocrx_word' id='word_1_641' title='bbox 901 4572 932 4611; x_wconf 90' lang='lat' dir='ltr'><strong>a</strong></span> <span class='ocrx_word' id='word_1_642' title='bbox 961 4562 1142 4610; x_wconf 90' lang='lat' dir='ltr'><strong>mente</strong></span> <span class='ocrx_word' id='word_1_643' title='bbox 1169 4551 1426 4624; x_wconf 90' lang='lat' dir='ltr'><strong>abjicere,</strong></span> <span class='ocrx_word' id='word_1_644' title='bbox 1458 4552 1613 4608; x_wconf 89' lang='lat' dir='ltr'><strong>vitiis</strong></span> <span class='ocrx_word' id='word_1_645' title='bbox 1640 4552 1916 4640; x_wconf 77' lang='lat' dir='ltr'><strong>deservire</strong></span> <span class='ocrx_word' id='word_1_646' title='bbox 1934 4550 2075 4624; x_wconf 78' lang='grc'>(30),</span> <span class='ocrx_word' id='word_1_647' title='bbox 2106 4582 2153 4640; x_wconf 86' lang='lat' dir='ltr'>D</span> <span class='ocrx_word' id='word_1_648' title='bbox 2189 4563 2520 4635; x_wconf 77' lang='lat' dir='ltr'><strong>perfectione</strong></span> <span class='ocrx_word' id='word_1_649' title='bbox 2566 4563 2836 4619; x_wconf 81' lang='lat' dir='ltr'><strong>Dominus</strong></span> <span class='ocrx_word' id='word_1_650' title='bbox 2876 4563 3013 4619; x_wconf 72' lang='lat' dir='ltr'><strong>dicit</strong></span> <span class='ocrx_word' id='word_1_651' title='bbox 3059 4564 3118 4619; x_wconf 84' lang='lat' dir='ltr'><strong>in</strong></span> <span class='ocrx_word' id='word_1_652' title='bbox 3148 4564 3451 4635; x_wconf 75' lang='lat' dir='ltr'><strong>Evangelia</strong></span> <span class='ocrx_word' id='word_1_653' title='bbox 3485 4583 3497 4620; x_wconf 88' lang='grc'>;</span> <span class='ocrx_word' id='word_1_654' title='bbox 3558 4589 3576 4610; x_wconf 77' lang='grc' dir='ltr'>ι</span> <span class='ocrx_word' id='word_1_655' title='bbox 3616 4564 3675 4620; x_wconf 90' lang='lat' dir='ltr'><strong>Si</strong></span> <span class='ocrx_word' id='word_1_656' title='bbox 3710 4567 3800 4623; x_wconf 78' lang='lat' dir='ltr'><strong>vis</strong></span> 
     </span>
    </p>
   </div>
   <div class='ocr_carea' id='block_1_92' title="bbox 490 4634 2080 4719">
    <p class='ocr_par' dir='ltr' id='par_1_92' title="bbox 490 4634 2080 4719">
     <span class='ocr_line' id='line_1_92' title="bbox 490 4634 2080 4719; baseline -0.005 -16"><span class='ocrx_word' id='word_1_657' title='bbox 490 4646 793 4719; x_wconf 87' lang='lat' dir='ltr'><strong>rapidoque</strong></span> <span class='ocrx_word' id='word_1_658' title='bbox 826 4659 991 4701; x_wconf 91' lang='lat' dir='ltr'><strong>cursu</strong></span> <span class='ocrx_word' id='word_1_659' title='bbox 1019 4642 1088 4699; x_wconf 91' lang='lat' dir='ltr'><strong>ad</strong></span> <span class='ocrx_word' id='word_1_660' title='bbox 1115 4641 1400 4697; x_wconf 87' lang='lat' dir='ltr'><strong>interitum</strong></span> <span class='ocrx_word' id='word_1_661' title='bbox 1437 4642 1769 4712; x_wconf 80' lang='lat' dir='ltr'><strong>properare?</strong></span> <span class='ocrx_word' id='word_1_662' title='bbox 1810 4641 1867 4697; x_wconf 91' lang='lat' dir='ltr'><strong>Si</strong></span> <span class='ocrx_word' id='word_1_663' title='bbox 1900 4634 2080 4713; x_wconf 87' lang='lat' dir='ltr'><strong>igitur</strong></span> 
     </span>
    </p>
   </div>
   <div class='ocr_carea' id='block_1_93' title="bbox 487 4729 2080 4801">
    <p class='ocr_par' dir='ltr' id='par_1_93' title="bbox 487 4729 2080 4801">
     <span class='ocr_line' id='line_1_93' title="bbox 487 4729 2080 4801; baseline -0.004 -9"><span class='ocrx_word' id='word_1_664' title='bbox 487 4735 725 4792; x_wconf 89' lang='lat' dir='ltr'><strong>stultitia</strong></span> <span class='ocrx_word' id='word_1_665' title='bbox 752 4741 834 4790; x_wconf 90' lang='lat' dir='ltr'><strong>est</strong></span> <span class='ocrx_word' id='word_1_666' title='bbox 862 4733 1018 4789; x_wconf 88' lang='lat' dir='ltr'><strong>vitiis</strong></span> <span class='ocrx_word' id='word_1_667' title='bbox 1067 4730 1362 4797; x_wconf 87' lang='lat' dir='ltr'><strong>deservire,</strong></span> <span class='ocrx_word' id='word_1_668' title='bbox 1413 4738 1466 4785; x_wconf 91' lang='lat' dir='ltr'><strong>et</strong></span> <span class='ocrx_word' id='word_1_669' title='bbox 1497 4729 1727 4786; x_wconf 89' lang='lat' dir='ltr'><strong>scientia</strong></span> <span class='ocrx_word' id='word_1_670' title='bbox 1763 4730 1972 4801; x_wconf 88' lang='lat' dir='ltr'><strong>optima</strong></span> <span class='ocrx_word' id='word_1_671' title='bbox 1998 4737 2080 4787; x_wconf 89' lang='lat' dir='ltr'><strong>est</strong></span> 
     </span>
    </p>
   </div>
   <div class='ocr_carea' id='block_1_94' title="bbox 490 4824 2076 4897">
    <p class='ocr_par' dir='ltr' id='par_1_94' title="bbox 490 4824 2076 4897">
     <span class='ocr_line' id='line_1_94' title="bbox 490 4824 2076 4897; baseline -0.002 -15"><span class='ocrx_word' id='word_1_672' title='bbox 490 4826 627 4884; x_wconf 88' lang='lat' dir='ltr'><strong>vitia</strong></span> <span class='ocrx_word' id='word_1_673' title='bbox 654 4824 919 4892; x_wconf 88' lang='lat' dir='ltr'><strong>deserere,</strong></span> <span class='ocrx_word' id='word_1_674' title='bbox 950 4832 1110 4897; x_wconf 90' lang='lat' dir='ltr'><strong>atque</strong></span> <span class='ocrx_word' id='word_1_675' title='bbox 1138 4824 1208 4882; x_wconf 89' lang='lat' dir='ltr'><strong>ad</strong></span> <span class='ocrx_word' id='word_1_676' title='bbox 1233 4827 1408 4881; x_wconf 91' lang='lat' dir='ltr'><strong>Deum</strong></span> <span class='ocrx_word' id='word_1_677' title='bbox 1440 4832 1554 4880; x_wconf 85' lang='lat' dir='ltr'><strong>tota</strong></span> <span class='ocrx_word' id='word_1_678' title='bbox 1583 4832 1764 4881; x_wconf 90' lang='lat' dir='ltr'><strong>mente</strong></span> <span class='ocrx_word' id='word_1_679' title='bbox 1796 4825 2076 4892; x_wconf 88' lang='lat' dir='ltr'><strong>converti;</strong></span> 
     </span>
    </p>
   </div>
   <div class='ocr_carea' id='block_1_95' title="bbox 490 4917 2081 4992">
    <p class='ocr_par' dir='ltr' id='par_1_95' title="bbox 490 4917 2081 4992">
     <span class='ocr_line' id='line_1_95' title="bbox 490 4917 2081 4992; baseline -0.001 -19"><span class='ocrx_word' id='word_1_680' title='bbox 490 4918 810 4992; x_wconf 89' lang='lat' dir='ltr'><strong>quicunque</strong></span> <span class='ocrx_word' id='word_1_681' title='bbox 829 4932 924 4988; x_wconf 93' lang='lat' dir='ltr'><strong>per</strong></span> <span class='ocrx_word' id='word_1_682' title='bbox 946 4917 1164 4973; x_wconf 90' lang='lat' dir='ltr'><strong>timoris</strong></span> <span class='ocrx_word' id='word_1_683' title='bbox 1184 4918 1438 4990; x_wconf 90' lang='lat' dir='ltr'><strong>spiritum</strong></span> <span class='ocrx_word' id='word_1_684' title='bbox 1459 4925 1675 4989; x_wconf 90' lang='lat' dir='ltr'><strong>peccata</strong></span> <span class='ocrx_word' id='word_1_685' title='bbox 1707 4932 1804 4972; x_wconf 92' lang='lat' dir='ltr'><strong>sua</strong></span> <span class='ocrx_word' id='word_1_686' title='bbox 1826 4917 2081 4989; x_wconf 90' lang='lat' dir='ltr'><strong>plangere</strong></span> 
     </span>
    </p>
   </div>
   <div class='ocr_carea' id='block_1_96' title="bbox 493 5006 2079 5080">
    <p class='ocr_par' dir='ltr' id='par_1_96' title="bbox 493 5006 2079 5080">
     <span class='ocr_line' id='line_1_96' title="bbox 493 5006 2079 5080; baseline -0.001 -17"><span class='ocrx_word' id='word_1_687' title='bbox 493 5008 714 5080; x_wconf 90' lang='lat' dir='ltr'><strong>incipit,</strong></span> <span class='ocrx_word' id='word_1_688' title='bbox 736 5016 793 5063; x_wconf 94' lang='lat' dir='ltr'><strong>et</strong></span> <span class='ocrx_word' id='word_1_689' title='bbox 817 5024 913 5080; x_wconf 92' lang='lat' dir='ltr'><strong>per</strong></span> <span class='ocrx_word' id='word_1_690' title='bbox 940 5010 1158 5080; x_wconf 90' lang='lat' dir='ltr'><strong>pietatis</strong></span> <span class='ocrx_word' id='word_1_691' title='bbox 1179 5009 1436 5080; x_wconf 90' lang='lat' dir='ltr'><strong>spiritum</strong></span> <span class='ocrx_word' id='word_1_692' title='bbox 1458 5008 1768 5065; x_wconf 89' lang='lat' dir='ltr'><strong>misericors</strong></span> <span class='ocrx_word' id='word_1_693' title='bbox 1792 5023 1916 5079; x_wconf 86' lang='lat' dir='ltr'><strong>erga</strong></span> <span class='ocrx_word' id='word_1_694' title='bbox 1939 5006 2079 5061; x_wconf 87' lang='lat' dir='ltr'><strong>indi-</strong></span> 
     </span>
    </p>
   </div>
   <div class='ocr_carea' id='block_1_97' title="bbox 494 5095 2081 5168">
    <p class='ocr_par' dir='ltr' id='par_1_97' title="bbox 494 5095 2081 5168">
     <span class='ocr_line' id='line_1_97' title="bbox 494 5095 2081 5168; baseline 0 -17"><span class='ocrx_word' id='word_1_695' title='bbox 494 5105 681 5168; x_wconf 89' lang='lat' dir='ltr'><strong>gentes</strong></span> <span class='ocrx_word' id='word_1_696' title='bbox 709 5111 824 5151; x_wconf 90' lang='lat' dir='ltr'><strong>esse</strong></span> <span class='ocrx_word' id='word_1_697' title='bbox 865 5095 1066 5163; x_wconf 87' lang='lat' dir='ltr'><strong>studet,</strong></span> <span class='ocrx_word' id='word_1_698' title='bbox 1112 5104 1174 5151; x_wconf 92' lang='lat' dir='ltr'><strong>ut</strong></span> <span class='ocrx_word' id='word_1_699' title='bbox 1201 5098 1375 5152; x_wconf 92' lang='lat' dir='ltr'><strong>Deum</strong></span> <span class='ocrx_word' id='word_1_700' title='bbox 1407 5097 1544 5153; x_wconf 92' lang='lat' dir='ltr'><strong>alios</strong></span> <span class='ocrx_word' id='word_1_701' title='bbox 1574 5096 1886 5152; x_wconf 89' lang='lat' dir='ltr'><strong>miserando</strong></span> <span class='ocrx_word' id='word_1_702' title='bbox 1920 5095 2081 5151; x_wconf 90' lang='lat' dir='ltr'><strong>mise-</strong></span> 
     </span>
    </p>
   </div>
   <div class='ocr_carea' id='block_1_98' title="bbox 495 5181 2083 5257">
    <p class='ocr_par' dir='ltr' id='par_1_98' title="bbox 495 5181 2083 5257">
     <span class='ocr_line' id='line_1_98' title="bbox 495 5181 2083 5257; baseline -0.003 -15"><span class='ocrx_word' id='word_1_703' title='bbox 495 5184 766 5242; x_wconf 90' lang='lat' dir='ltr'><strong>ricordem</strong></span> <span class='ocrx_word' id='word_1_704' title='bbox 789 5183 893 5238; x_wconf 90' lang='lat' dir='ltr'><strong>sibi</strong></span> <span class='ocrx_word' id='word_1_705' title='bbox 936 5181 1122 5247; x_wconf 89' lang='lat' dir='ltr'><strong>faciat,</strong></span> <span class='ocrx_word' id='word_1_706' title='bbox 1154 5199 1370 5240; x_wconf 91' lang='lat' dir='ltr'><strong>necesse</strong></span> <span class='ocrx_word' id='word_1_707' title='bbox 1394 5193 1476 5239; x_wconf 89' lang='lat' dir='ltr'><strong>est</strong></span> <span class='ocrx_word' id='word_1_708' title='bbox 1513 5195 1574 5240; x_wconf 89' lang='lat' dir='ltr'><strong>ut</strong></span> <span class='ocrx_word' id='word_1_709' title='bbox 1604 5202 1699 5257; x_wconf 90' lang='lat' dir='ltr'><strong>per</strong></span> <span class='ocrx_word' id='word_1_710' title='bbox 1728 5184 1935 5240; x_wconf 91' lang='lat' dir='ltr'><strong>donum</strong></span> <span class='ocrx_word' id='word_1_711' title='bbox 1962 5199 2083 5238; x_wconf 90' lang='lat' dir='ltr'><strong>san-</strong></span> 
     </span>
    </p>
   </div>
   <div class='ocr_carea' id='block_1_99' title="bbox 495 5271 2086 5346">
    <p class='ocr_par' dir='ltr' id='par_1_99' title="bbox 495 5271 2086 5346">
     <span class='ocr_line' id='line_1_99' title="bbox 495 5271 2086 5346; baseline -0.002 -16"><span class='ocrx_word' id='word_1_712' title='bbox 495 5280 572 5331; x_wconf 88' lang='lat' dir='ltr'><strong>cti</strong></span> <span class='ocrx_word' id='word_1_713' title='bbox 599 5273 836 5346; x_wconf 90' lang='lat' dir='ltr'><strong>Spiritus</strong></span> <span class='ocrx_word' id='word_1_714' title='bbox 865 5271 1107 5328; x_wconf 77' lang='lat' dir='ltr'><strong>scientiae</strong></span> <span class='ocrx_word' id='word_1_715' title='bbox 1135 5272 1392 5344; x_wconf 89' lang='lat' dir='ltr'><strong>spiritum</strong></span> <span class='ocrx_word' id='word_1_716' title='bbox 1427 5272 1720 5344; x_wconf 88' lang='lat' dir='ltr'><strong>possideat.</strong></span> <span class='ocrx_word' id='word_1_717' title='bbox 1762 5273 2086 5345; x_wconf 88' lang='lat' dir='ltr'><strong>Quicunque</strong></span> 
     </span>
    </p>
   </div>
   <div class='ocr_carea' id='block_1_100' title="bbox 498 5362 2088 5432">
    <p class='ocr_par' dir='ltr' id='par_1_100' title="bbox 498 5362 2088 5432">
     <span class='ocr_line' id='line_1_100' title="bbox 498 5362 2088 5432; baseline -0.001 -11"><span class='ocrx_word' id='word_1_718' title='bbox 498 5366 646 5421; x_wconf 89' lang='lat' dir='ltr'><strong>enim</strong></span> <span class='ocrx_word' id='word_1_719' title='bbox 694 5362 944 5421; x_wconf 88' lang='lat' dir='ltr'><strong>converti</strong></span> <span class='ocrx_word' id='word_1_720' title='bbox 991 5362 1059 5418; x_wconf 92' lang='lat' dir='ltr'><strong>ad</strong></span> <span class='ocrx_word' id='word_1_721' title='bbox 1091 5364 1267 5419; x_wconf 90' lang='lat' dir='ltr'><strong>Deum</strong></span> <span class='ocrx_word' id='word_1_722' title='bbox 1316 5363 1608 5432; x_wconf 90' lang='lat' dir='ltr'><strong>desiderat,</strong></span> <span class='ocrx_word' id='word_1_723' title='bbox 1652 5379 1871 5419; x_wconf 86' lang='lat' dir='ltr'><strong>necesse</strong></span> <span class='ocrx_word' id='word_1_724' title='bbox 1915 5370 1998 5419; x_wconf 90' lang='lat' dir='ltr'><strong>est</strong></span> <span class='ocrx_word' id='word_1_725' title='bbox 2025 5370 2088 5419; x_wconf 89' lang='lat' dir='ltr'><strong>ut</strong></span> 
     </span>
    </p>
   </div>
   <div class='ocr_carea' id='block_1_101' title="bbox 571 5521 2086 5595">
    <p class='ocr_par' dir='ltr' id='par_1_101' title="bbox 571 5521 2086 5595">
     <span class='ocr_line' id='line_1_101' title="bbox 571 5521 2086 5595; baseline -0.001 -15"><span class='ocrx_word' id='word_1_726' title='bbox 571 5523 686 5595; x_wconf 90' lang='lat'><strong>(30)</strong></span> <span class='ocrx_word' id='word_1_727' title='bbox 726 5523 900 5591; x_wconf 88' lang='lat' dir='ltr'><strong>Edit.,</strong></span> <span class='ocrx_word' id='word_1_728' title='bbox 931 5523 1075 5579; x_wconf 78' lang='lat' dir='ltr'><strong>vitiis</strong></span> <span class='ocrx_word' id='word_1_729' title='bbox 1103 5524 1362 5579; x_wconf 75' lang='lat' dir='ltr'><strong>deservire</strong></span> <span class='ocrx_word' id='word_1_730' title='bbox 1381 5525 1408 5579; x_wconf 77' lang='lat'><strong><em>?</em></strong></span> <span class='ocrx_word' id='word_1_731' title='bbox 1438 5521 1665 5579; x_wconf 82' lang='lat' dir='ltr'><strong>Scientia</strong></span> <span class='ocrx_word' id='word_1_732' title='bbox 1698 5541 1820 5579; x_wconf 86' lang='lat' dir='ltr'><strong>vero</strong></span> <span class='ocrx_word' id='word_1_733' title='bbox 1849 5522 2086 5580; x_wconf 67' lang='lat' dir='ltr'><strong>maxima</strong></span> 
     </span>
    </p>
   </div>
   <div class='ocr_carea' id='block_1_102' title="bbox 503 5596 1427 5661">
    <p class='ocr_par' dir='ltr' id='par_1_102' title="bbox 503 5596 1427 5661">
     <span class='ocr_line' id='line_1_102' title="bbox 503 5596 1427 5661; baseline 0.002 -14"><span class='ocrx_word' id='word_1_734' title='bbox 503 5601 596 5661; x_wconf 84' lang='lat' dir='ltr'><strong>est,</strong></span> <span class='ocrx_word' id='word_1_735' title='bbox 629 5603 731 5649; x_wconf 90' lang='lat' dir='ltr'><strong>etc.</strong></span> <span class='ocrx_word' id='word_1_736' title='bbox 758 5614 772 5654; x_wconf 84' lang='lat'><strong>:</strong></span> <span class='ocrx_word' id='word_1_737' title='bbox 808 5612 937 5651; x_wconf 89' lang='lat' dir='ltr'><strong>mss.</strong></span> <span class='ocrx_word' id='word_1_738' title='bbox 967 5604 1030 5650; x_wconf 92' lang='lat' dir='ltr'><strong>ut</strong></span> <span class='ocrx_word' id='word_1_739' title='bbox 1058 5596 1113 5649; x_wconf 90' lang='lat' dir='ltr'><strong>in</strong></span> <span class='ocrx_word' id='word_1_740' title='bbox 1145 5602 1427 5650; x_wconf 87' lang='lat' dir='ltr'><strong>contextu.</strong></span> 
     </span>
    </p>
   </div>
   <div class='ocr_carea' id='block_1_103' title="bbox 576 5664 2086 5746">
    <p class='ocr_par' dir='ltr' id='par_1_103' title="bbox 576 5664 2086 5746">
     <span class='ocr_line' id='line_1_103' title="bbox 576 5664 2086 5746; baseline 0.003 -27"><span class='ocrx_word' id='word_1_741' title='bbox 576 5664 692 5734; x_wconf 83' lang='grc'>(31)</span> <span class='ocrx_word' id='word_1_742' title='bbox 739 5666 966 5745; x_wconf 37' lang='lat' dir='ltr'><strong>Ut&#39;vitia</strong></span> <span class='ocrx_word' id='word_1_743' title='bbox 1011 5666 1450 5746; x_wconf 57' lang='lat' dir='ltr'><strong>derelinquat“...</strong></span> <span class='ocrx_word' id='word_1_744' title='bbox 1493 5683 1688 5723; x_wconf 78' lang='lat' dir='ltr'><strong>necesse</strong></span> <span class='ocrx_word' id='word_1_745' title='bbox 1728 5673 1822 5733; x_wconf 88' lang='lat' dir='ltr'><strong>est,</strong></span> <span class='ocrx_word' id='word_1_746' title='bbox 1869 5684 1940 5723; x_wconf 87' lang='lat' dir='ltr'><strong>ex</strong></span> <span class='ocrx_word' id='word_1_747' title='bbox 1977 5666 2086 5724; x_wconf 82' lang='lat' dir='ltr'><strong>fide</strong></span> 
     </span>
    </p>
   </div>
   <div class='ocr_carea' id='block_1_104' title="bbox 506 5749 1312 5807">
    <p class='ocr_par' dir='ltr' id='par_1_104' title="bbox 506 5749 1312 5807">
     <span class='ocr_line' id='line_1_104' title="bbox 506 5749 1312 5807; baseline 0.004 -18"><span class='ocrx_word' id='word_1_748' title='bbox 506 5749 635 5791; x_wconf 86' lang='lat' dir='ltr'><strong>mss.</strong></span> <span class='ocrx_word' id='word_1_749' title='bbox 669 5750 916 5790; x_wconf 84' lang='lat' dir='ltr'><strong>omnium</strong></span> <span class='ocrx_word' id='word_1_750' title='bbox 945 5751 1312 5807; x_wconf 83' lang='lat' dir='ltr'><strong>reposuimus.</strong></span> 
     </span>
    </p>
   </div>
   <div class='ocr_carea' id='block_1_105' title="bbox 2192 4653 3802 4726">
    <p class='ocr_par' dir='ltr' id='par_1_105' title="bbox 2192 4653 3802 4726">
     <span class='ocr_line' id='line_1_105' title="bbox 2192 4653 3802 4726; baseline 0.002 -17"><span class='ocrx_word' id='word_1_751' title='bbox 2192 4653 2463 4725; x_wconf 89' lang='lat' dir='ltr'><strong>perfectus</strong></span> <span class='ocrx_word' id='word_1_752' title='bbox 2506 4670 2639 4721; x_wconf 89' lang='lat' dir='ltr'><strong>esse,</strong></span> <span class='ocrx_word' id='word_1_753' title='bbox 2683 4654 2843 4721; x_wconf 90' lang='lat' dir='ltr'><strong>vade,</strong></span> <span class='ocrx_word' id='word_1_754' title='bbox 2880 4653 3058 4709; x_wconf 89' lang='lat' dir='ltr'><strong>vende</strong></span> <span class='ocrx_word' id='word_1_755' title='bbox 3097 4656 3290 4709; x_wconf 92' lang='lat' dir='ltr'><strong>omnia</strong></span> <span class='ocrx_word' id='word_1_756' title='bbox 3336 4671 3455 4726; x_wconf 62' lang='lat' dir='ltr'><strong>quae</strong></span> <span class='ocrx_word' id='word_1_757' title='bbox 3502 4653 3695 4724; x_wconf 89' lang='lat' dir='ltr'><strong>habes,</strong></span> <span class='ocrx_word' id='word_1_758' title='bbox 3741 4665 3802 4712; x_wconf 90' lang='lat' dir='ltr'><strong>et</strong></span> 
     </span>
    </p>
   </div>
   <div class='ocr_carea' id='block_1_106' title="bbox 2187 4740 3799 4814">
    <p class='ocr_par' dir='ltr' id='par_1_106' title="bbox 2187 4740 3799 4814">
     <span class='ocr_line' id='line_1_106' title="bbox 2187 4740 3799 4814; baseline 0.001 -15"><span class='ocrx_word' id='word_1_759' title='bbox 2187 4742 2257 4799; x_wconf 89' lang='lat' dir='ltr'><strong>da</strong></span> <span class='ocrx_word' id='word_1_760' title='bbox 2286 4741 2642 4814; x_wconf 90' lang='lat' dir='ltr'><strong>pauperibus,</strong></span> <span class='ocrx_word' id='word_1_761' title='bbox 2687 4750 2739 4798; x_wconf 88' lang='lat' dir='ltr'><strong>et</strong></span> <span class='ocrx_word' id='word_1_762' title='bbox 2784 4740 3010 4797; x_wconf 91' lang='lat' dir='ltr'><strong>habebis</strong></span> <span class='ocrx_word' id='word_1_763' title='bbox 3059 4741 3375 4797; x_wconf 90' lang='lat' dir='ltr'><strong>thesaurum</strong></span> <span class='ocrx_word' id='word_1_764' title='bbox 3422 4742 3481 4797; x_wconf 92' lang='lat' dir='ltr'><strong>in</strong></span> <span class='ocrx_word' id='word_1_765' title='bbox 3511 4743 3692 4810; x_wconf 72' lang='lat' dir='ltr'><strong>cmlo;</strong></span> <span class='ocrx_word' id='word_1_766' title='bbox 3741 4754 3799 4801; x_wconf 91' lang='lat' dir='ltr'><strong>et</strong></span> 
     </span>
    </p>
   </div>
   <div class='ocr_carea' id='block_1_107' title="bbox 2187 4830 3799 4905">
    <p class='ocr_par' dir='ltr' id='par_1_107' title="bbox 2187 4830 3799 4905">
     <span class='ocr_line' id='line_1_107' title="bbox 2187 4830 3799 4905; baseline 0.002 -19"><span class='ocrx_word' id='word_1_767' title='bbox 2187 4831 2334 4898; x_wconf 83' lang='lat' dir='ltr'><strong>veni,</strong></span> <span class='ocrx_word' id='word_1_768' title='bbox 2368 4846 2591 4902; x_wconf 89' lang='lat' dir='ltr'><strong>sequere</strong></span> <span class='ocrx_word' id='word_1_769' title='bbox 2622 4847 2707 4887; x_wconf 92' lang='lat' dir='ltr'><strong>me</strong></span> <span class='ocrx_word' id='word_1_770' title='bbox 2755 4830 2969 4901; x_wconf 82' lang='lat' dir='ltr'><strong>(Matth.</strong></span> <span class='ocrx_word' id='word_1_771' title='bbox 3001 4846 3122 4899; x_wconf 75' lang='lat' dir='ltr'><strong>xxx,</strong></span> <span class='ocrx_word' id='word_1_772' title='bbox 3155 4831 3274 4902; x_wconf 77' lang='lat' dir='ltr'><strong>2i).</strong></span> <span class='ocrx_word' id='word_1_773' title='bbox 3307 4856 3325 4880; x_wconf 74' lang='grc' dir='ltr'><strong>ι</strong></span> <span class='ocrx_word' id='word_1_774' title='bbox 3385 4831 3524 4887; x_wconf 90' lang='lat' dir='ltr'><strong>Sunt</strong></span> <span class='ocrx_word' id='word_1_775' title='bbox 3551 4848 3799 4905; x_wconf 89' lang='lat' dir='ltr'><strong>namque</strong></span> 
     </span>
    </p>
   </div>
   <div class='ocr_carea' id='block_1_108' title="bbox 2190 4919 3799 4992">
    <p class='ocr_par' dir='ltr' id='par_1_108' title="bbox 2190 4919 3799 4992">
     <span class='ocr_line' id='line_1_108' title="bbox 2190 4919 3799 4992; baseline 0.002 -17"><span class='ocrx_word' id='word_1_776' title='bbox 2190 4920 2374 4987; x_wconf 90' lang='lat' dir='ltr'><strong>multi,</strong></span> <span class='ocrx_word' id='word_1_777' title='bbox 2416 4921 2510 4992; x_wconf 89' lang='lat' dir='ltr'><strong>qui</strong></span> <span class='ocrx_word' id='word_1_778' title='bbox 2540 4920 2608 4975; x_wconf 90' lang='lat' dir='ltr'><strong>ad</strong></span> <span class='ocrx_word' id='word_1_779' title='bbox 2656 4919 3009 4992; x_wconf 79' lang='lat' dir='ltr'><strong>perfectionis</strong></span> <span class='ocrx_word' id='word_1_780' title='bbox 3051 4919 3273 4976; x_wconf 91' lang='lat' dir='ltr'><strong>culmen</strong></span> <span class='ocrx_word' id='word_1_781' title='bbox 3305 4919 3489 4976; x_wconf 91' lang='lat' dir='ltr'><strong>subito</strong></span> <span class='ocrx_word' id='word_1_782' title='bbox 3530 4936 3799 4978; x_wconf 86' lang='lat' dir='ltr'><strong>conscen-</strong></span> 
     </span>
    </p>
   </div>
   <div class='ocr_carea' id='block_1_109' title="bbox 2190 5008 3795 5081">
    <p class='ocr_par' dir='ltr' id='par_1_109' title="bbox 2190 5008 3795 5081">
     <span class='ocr_line' id='line_1_109' title="bbox 2190 5008 3795 5081; baseline 0.003 -18"><span class='ocrx_word' id='word_1_783' title='bbox 2190 5008 2316 5063; x_wconf 91' lang='lat' dir='ltr'><strong>dere</strong></span> <span class='ocrx_word' id='word_1_784' title='bbox 2345 5017 2613 5064; x_wconf 89' lang='lat' dir='ltr'><strong>conantur</strong></span> <span class='ocrx_word' id='word_1_785' title='bbox 2646 5027 2657 5064; x_wconf 92' lang='lat'>:</span> <span class='ocrx_word' id='word_1_786' title='bbox 2709 5008 2803 5064; x_wconf 90' lang='lat' dir='ltr'><strong>sed</strong></span> <span class='ocrx_word' id='word_1_787' title='bbox 2832 5008 2962 5081; x_wconf 91' lang='lat' dir='ltr'><strong>quia</strong></span> <span class='ocrx_word' id='word_1_788' title='bbox 2991 5025 3086 5080; x_wconf 92' lang='lat' dir='ltr'><strong>per</strong></span> <span class='ocrx_word' id='word_1_789' title='bbox 3132 5008 3331 5081; x_wconf 88' lang='lat' dir='ltr'><strong>gradus</strong></span> <span class='ocrx_word' id='word_1_790' title='bbox 3369 5010 3643 5065; x_wconf 90' lang='lat' dir='ltr'><strong>virtutum</strong></span> <span class='ocrx_word' id='word_1_791' title='bbox 3679 5028 3795 5069; x_wconf 88' lang='lat' dir='ltr'><strong>non</strong></span> 
     </span>
    </p>
   </div>
   <div class='ocr_carea' id='block_1_110' title="bbox 2190 5096 3797 5170">
    <p class='ocr_par' dir='ltr' id='par_1_110' title="bbox 2190 5096 3797 5170">
     <span class='ocr_line' id='line_1_110' title="bbox 2190 5096 3797 5170; baseline 0.001 -15"><span class='ocrx_word' id='word_1_792' title='bbox 2190 5096 2583 5166; x_wconf 88' lang='lat' dir='ltr'><strong>conscendunt,</strong></span> <span class='ocrx_word' id='word_1_793' title='bbox 2632 5097 2792 5153; x_wconf 90' lang='lat' dir='ltr'><strong>facile</strong></span> <span class='ocrx_word' id='word_1_794' title='bbox 2841 5105 3127 5153; x_wconf 89' lang='lat' dir='ltr'><strong>corruunt.</strong></span> <span class='ocrx_word' id='word_1_795' title='bbox 3183 5096 3327 5165; x_wconf 92' lang='lat' dir='ltr'><strong>Quid</strong></span> <span class='ocrx_word' id='word_1_796' title='bbox 3374 5098 3523 5152; x_wconf 91' lang='lat' dir='ltr'><strong>enim</strong></span> <span class='ocrx_word' id='word_1_797' title='bbox 3570 5102 3797 5170; x_wconf 85' lang='lat' dir='ltr'><strong>prodest</strong></span> 
     </span>
    </p>
   </div>
   <div class='ocr_carea' id='block_1_111' title="bbox 2191 5187 3791 5259">
    <p class='ocr_par' dir='ltr' id='par_1_111' title="bbox 2191 5187 3791 5259">
     <span class='ocr_line' id='line_1_111' title="bbox 2191 5187 3791 5259; baseline 0.001 -16"><span class='ocrx_word' id='word_1_798' title='bbox 2191 5187 2551 5244; x_wconf 83' lang='lat' dir='ltr'><strong>substantiam</strong></span> <span class='ocrx_word' id='word_1_799' title='bbox 2581 5187 2912 5259; x_wconf 90' lang='lat' dir='ltr'><strong>relinquere,</strong></span> <span class='ocrx_word' id='word_1_800' title='bbox 2938 5188 2983 5243; x_wconf 92' lang='lat' dir='ltr'><strong>si</strong></span> <span class='ocrx_word' id='word_1_801' title='bbox 3017 5187 3174 5255; x_wconf 91' lang='lat' dir='ltr'><strong>iram,</strong></span> <span class='ocrx_word' id='word_1_802' title='bbox 3207 5187 3419 5258; x_wconf 91' lang='lat' dir='ltr'><strong>odium,</strong></span> <span class='ocrx_word' id='word_1_803' title='bbox 3443 5187 3791 5259; x_wconf 82' lang='lat' dir='ltr'><strong>ebrietatem,</strong></span> 
     </span>
    </p>
   </div>
   <div class='ocr_carea' id='block_1_112' title="bbox 2193 5276 3795 5354">
    <p class='ocr_par' dir='ltr' id='par_1_112' title="bbox 2193 5276 3795 5354">
     <span class='ocr_line' id='line_1_112' title="bbox 2193 5276 3795 5354; baseline 0.002 -22"><span class='ocrx_word' id='word_1_804' title='bbox 2193 5276 2483 5346; x_wconf 89' lang='lat' dir='ltr'><strong>invidiam,</strong></span> <span class='ocrx_word' id='word_1_805' title='bbox 2536 5276 2868 5349; x_wconf 87' lang='lat' dir='ltr'><strong>superbiam,</strong></span> <span class='ocrx_word' id='word_1_806' title='bbox 2925 5292 3124 5331; x_wconf 90' lang='lat' dir='ltr'><strong>vanam</strong></span> <span class='ocrx_word' id='word_1_807' title='bbox 3177 5278 3429 5350; x_wconf 89' lang='lat' dir='ltr'><strong>gloriam,</strong></span> <span class='ocrx_word' id='word_1_808' title='bbox 3484 5286 3795 5354; x_wconf 78' lang='lat' dir='ltr'><strong>caeteraque</strong></span> 
     </span>
    </p>
   </div>
   <div class='ocr_carea' id='block_1_113' title="bbox 2193 5364 3793 5439">
    <p class='ocr_par' dir='ltr' id='par_1_113' title="bbox 2193 5364 3793 5439">
     <span class='ocr_line' id='line_1_113' title="bbox 2193 5364 3793 5439; baseline 0.003 -18"><span class='ocrx_word' id='word_1_809' title='bbox 2193 5367 2350 5434; x_wconf 90' lang='lat' dir='ltr'><strong>vitia,</strong></span> <span class='ocrx_word' id='word_1_810' title='bbox 2391 5382 2511 5439; x_wconf 83' lang='lat' dir='ltr'><strong>quae</strong></span> <span class='ocrx_word' id='word_1_811' title='bbox 2542 5365 2806 5422; x_wconf 90' lang='lat' dir='ltr'><strong>occidunt</strong></span> <span class='ocrx_word' id='word_1_812' title='bbox 2850 5364 3116 5434; x_wconf 86' lang='lat' dir='ltr'><strong>animam,</strong></span> <span class='ocrx_word' id='word_1_813' title='bbox 3162 5383 3193 5422; x_wconf 89' lang='lat' dir='ltr'><strong>a</strong></span> <span class='ocrx_word' id='word_1_814' title='bbox 3222 5376 3403 5424; x_wconf 88' lang='lat' dir='ltr'><strong>mente</strong></span> <span class='ocrx_word' id='word_1_815' title='bbox 3432 5384 3531 5424; x_wconf 90' lang='lat' dir='ltr'><strong>sua</strong></span> <span class='ocrx_word' id='word_1_816' title='bbox 3555 5384 3671 5424; x_wconf 91' lang='lat' dir='ltr'><strong>non</strong></span> <span class='ocrx_word' id='word_1_817' title='bbox 3703 5371 3793 5427; x_wconf 52' lang='lat' dir='ltr'><strong>ab.</strong></span> 
     </span>
    </p>
   </div>
   <div class='ocr_carea' id='block_1_114' title="bbox 2268 5523 3797 5608">
    <p class='ocr_par' dir='ltr' id='par_1_114' title="bbox 2268 5523 3797 5608">
     <span class='ocr_line' id='line_1_114' title="bbox 2268 5523 3797 5608; baseline 0.001 -26"><span class='ocrx_word' id='word_1_818' title='bbox 2268 5523 2385 5608; x_wconf 52' lang='grc' dir='ltr'>(ἐξῇ)</span> <span class='ocrx_word' id='word_1_819' title='bbox 2426 5526 2816 5608; x_wconf 68' lang='lat' dir='ltr'><strong>Fragmentum</strong></span> <span class='ocrx_word' id='word_1_820' title='bbox 2850 5525 2976 5583; x_wconf 90' lang='lat' dir='ltr'><strong>cod.</strong></span> <span class='ocrx_word' id='word_1_821' title='bbox 3010 5525 3257 5597; x_wconf 80' lang='lat' dir='ltr'><strong>Aud.,ut</strong></span> <span class='ocrx_word' id='word_1_822' title='bbox 3284 5528 3356 5583; x_wconf 79' lang='lat' dir='ltr'><strong>ad</strong></span> <span class='ocrx_word' id='word_1_823' title='bbox 3386 5529 3643 5584; x_wconf 82' lang='lat' dir='ltr'><strong>mandata</strong></span> <span class='ocrx_word' id='word_1_824' title='bbox 3668 5530 3797 5602; x_wconf 71' lang='lat' dir='ltr'><strong>legis</strong></span> 
     </span>
    </p>
   </div>
   <div class='ocr_carea' id='block_1_115' title="bbox 2193 5600 3793 5741">
    <p class='ocr_par' dir='ltr' id='par_1_115' title="bbox 2193 5600 3793 5741">
     <span class='ocr_line' id='line_1_115' title="bbox 2193 5600 3733 5665; baseline 0.003 -13"><span class='ocrx_word' id='word_1_825' title='bbox 2193 5600 2273 5653; x_wconf 81' lang='lat' dir='ltr'><strong>vel</strong></span> <span class='ocrx_word' id='word_1_826' title='bbox 2302 5600 2596 5665; x_wconf 74' lang='lat' dir='ltr'><strong>Evangelii.</strong></span> <span class='ocrx_word' id='word_1_827' title='bbox 3719 5600 3733 5602; x_wconf 57' lang='grc'>⁷</span> 
     </span>
     <span class='ocr_line' id='line_1_116' title="bbox 2269 5668 3793 5741; baseline 0.004 -17"><span class='ocrx_word' id='word_1_828' title='bbox 2269 5668 2547 5739; x_wconf 82' lang='lat' dir='ltr'><strong>(33),Gill.</strong></span> <span class='ocrx_word' id='word_1_829' title='bbox 2576 5686 2670 5740; x_wconf 80' lang='lat' dir='ltr'><strong>per</strong></span> <span class='ocrx_word' id='word_1_830' title='bbox 2687 5670 2978 5727; x_wconf 83' lang='lat' dir='ltr'><strong>orationem</strong></span> <span class='ocrx_word' id='word_1_831' title='bbox 3005 5671 3297 5737; x_wconf 75' lang='lat' dir='ltr'><strong>virtutum;</strong></span> <span class='ocrx_word' id='word_1_832' title='bbox 3327 5671 3511 5738; x_wconf 83' lang='lat' dir='ltr'><strong>Rom.,</strong></span> <span class='ocrx_word' id='word_1_833' title='bbox 3538 5686 3642 5741; x_wconf 82' lang='lat' dir='ltr'><strong>per</strong></span> <span class='ocrx_word' id='word_1_834' title='bbox 3669 5690 3793 5730; x_wconf 85' lang='lat' dir='ltr'><strong>ora-</strong></span> 
     </span>
    </p>
   </div>
   <div class='ocr_carea' id='block_1_116' title="bbox 2198 5741 3575 5819">
    <p class='ocr_par' dir='ltr' id='par_1_116' title="bbox 2198 5741 3575 5819">
     <span class='ocr_line' id='line_1_117' title="bbox 2198 5741 3575 5819; baseline 0.004 -26"><span class='ocrx_word' id='word_1_835' title='bbox 2198 5741 2398 5796; x_wconf 83' lang='lat' dir='ltr'><strong>tionum</strong></span> <span class='ocrx_word' id='word_1_836' title='bbox 2426 5741 2711 5807; x_wconf 76' lang='lat' dir='ltr'><strong>virtutem;</strong></span> <span class='ocrx_word' id='word_1_837' title='bbox 2739 5758 2868 5798; x_wconf 88' lang='lat' dir='ltr'><strong>mss.</strong></span> <span class='ocrx_word' id='word_1_838' title='bbox 2897 5757 3029 5801; x_wconf 91' lang='lat' dir='ltr'><strong>vero</strong></span> <span class='ocrx_word' id='word_1_839' title='bbox 3056 5742 3219 5800; x_wconf 89' lang='lat' dir='ltr'><strong>nobis</strong></span> <span class='ocrx_word' id='word_1_840' title='bbox 3245 5750 3575 5819; x_wconf 86' lang='lat' dir='ltr'><strong>congruunt.</strong></span> 
     </span>
    </p>
   </div>
  </div>
