3970 6380
208 407 339 462 881

1137 411 1597 467 BERENGAUDI
1636 411 2010 469 EXPOSITIO
2049 414 2118 469 IN
2157 413 2658 473 APOCALYPSIN.

3447 420 3552 476 882

207 531 448 604 jiciat?
477 533 595 588 Non
641 533 785 589 enim
819 533 1036 606 prodest
1062 535 1310 592 arborem
1340 536 1725 603 conscendere,
1771 544 1832 591 ut
1861 539 1911 598 A
1947 546 2054 593 tem
2111 537 2427 595 intellectus
2475 540 2720 597 ﬁdelium
2779 543 3088 600 intellectui
3149 545 3374 616 Christi,
3420 563 3546 604 cum

219 623 463 677 leonem
495 621 714 692 evadat,
743 624 789 679 si
820 633 1125 694 serpentem
1163 626 1221 681 in
1268 625 1394 682 sinu
1450 635 1639 698 gestet,
1686 624 1845 696 cujus

219 731 462 770 veneno
494 723 696 786 pereat.
733 717 840 770 Nec
866 715 1000 772 dicit
1036 717 1306 772 Dominus
1344 717 1506 772 illum
1540 717 1840 787 perfectum

220 819 383 872 esse,
434 805 529 877 qui
578 805 939 860 substantiam
983 807 1363 862 tantummodo
1393 807 1702 872 dimiserit;
1745 807 1842 862 sed

221 909 371 948 eum
405 894 498 966 qui
531 903 583 949 et
615 893 973 950 substantiam
997 895 1290 964 dimiserit,
1325 905 1380 952 et
1408 897 1586 968 ipsum
1619 904 1841 952 secutus

223 981 434 1037 fuerit.
485 983 777 1054 Sequimur
827 993 1007 1039 autem
1048 985 1230 1050 illum,
1278 986 1499 1058 quando
1530 986 1834 1042 imitamur.

222 1073 325 1128 Ad
361 1073 467 1129 hoc
497 1073 664 1144 igitur
711 1074 1064 1145 perfectionis
1098 1076 1316 1130 culmen
1365 1075 1462 1129 ille
1504 1075 1837 1147 competenti

222 1162 415 1232 gradu
444 1162 780 1230 conscendit,
813 1163 906 1235 qui
937 1163 1088 1234 prius
1113 1163 1266 1218 vitiis
1292 1163 1717 1231 abrenuntiatis,
1743 1179 1838 1235 per

219 1251 509 1306 actualem
559 1251 727 1306 vitam
777 1268 898 1323 quas
944 1251 1247 1310 virtutibus
1281 1251 1564 1324 perﬁcitur
1594 1252 1736 1324 (34),
1767 1252 1836 1309 ad

219 1341 722 1412 contemplativam
780 1342 1132 1409 conscendit,
1183 1342 1239 1396 in
1295 1359 1403 1414 qua
1455 1342 1557 1397 soli
1614 1341 1833 1398 Christo

219 1432 614 1504 conjungitur,
646 1432 741 1505 qui
769 1441 850 1490 est
875 1435 1139 1507 sapientia
1162 1435 1358 1502 Patris,
1398 1435 1680 1508 Filiusque
1711 1436 1829 1505 Dei,

217 1527 284 1576 et
317 1521 458 1577 civis
482 1522 780 1578 Jerusalem
813 1524 1048 1579 caelestis
1075 1524 1331 1580 efﬁcitur.

304 1614 465 1668 Nunc
514 1614 750 1685 qualiter
819 1614 1164 1670 descensioni
1220 1613 1426 1670 Christi
1486 1633 1580 1688 per
1635 1616 1832 1687 gradus

217 1709 439 1773 septem
484 1701 755 1758 donorum
802 1702 1040 1773 Spiritus
1086 1702 1260 1758 sancti
1300 1703 1551 1759 ascensio
1582 1703 1828 1760 ﬁdelium

217 1790 547 1857 conveniat,
598 1791 840 1846 breviter
901 1791 1380 1847 demonstremus.
1433 1793 1672 1849 Ultimus
1725 1794 1830 1850 de-

1954 628 2169 683 easdem
2209 629 2442 684 virtutes
2476 646 2608 702 quas
2655 631 2766 702 ipse
2800 648 2831 686 a
2874 632 3082 703 Spiritu
3136 651 3234 688 suo
3283 637 3546 709 percepit,

1953 717 2166 772 easdem
2191 725 2242 772 et
2268 719 2440 774 sancti
2472 720 2588 790 ejus
2614 721 2682 775 ab
2718 721 2835 792 ipso
2864 721 3140 793 percipere
3171 733 3467 782 merentur.

2024 804 2240 861 Primus
2281 807 2650 862 descensionis
2699 809 2905 866 Christi
2949 809 3146 879 gradus
3194 821 3274 867 est
3318 813 3546 883 sapien-

1950 893 2048 960 tia,
2107 903 2160 948 et
2205 895 2471 965 septimus
2513 897 2848 952 ascensionis
2904 898 3191 964 ﬁdelium;
3223 901 3351 972 quia
3389 902 3544 959 Chri-

1950 989 2066 1036 stus
2117 991 2198 1038 est
2253 983 2521 1054 sapientia
2551 985 2746 1052 Patris,
2784 994 2837 1040 et
2876 985 2943 1041 ab
2972 985 3092 1058 ipso
3123 989 3302 1044 omnis
3333 991 3542 1062 sapien-

1949 1070 2021 1126 tia
2053 1071 2249 1126 oritur.
2281 1073 2466 1128 Sancti
2496 1073 2668 1145 igitur
2705 1075 2798 1146 qui
2831 1090 2928 1146 per
2956 1077 3328 1146 operationem
3371 1079 3543 1135 virtu-

1948 1166 2066 1213 tum
2114 1161 2353 1215 Domino
2408 1164 2758 1232 copulantur,
2803 1163 2872 1219 ab
2918 1163 3038 1235 ipso
3084 1165 3429 1236 sapientiam,
3482 1167 3541 1223 in

1947 1264 2054 1321 qua
2109 1249 2279 1305 totius
2309 1250 2576 1308 bonitatis
2621 1269 2837 1308 summa
2887 1255 3159 1323 consistit,
3207 1256 3536 1328 percipiunt.

1944 1337 2158 1404 Quibus
2216 1340 2329 1411 ipse
2377 1357 2472 1412 per
2518 1343 2863 1399 Salomonem
2913 1344 3177 1416 loquitur,
3223 1345 3447 1402 dicens:
3481 1349 3537 1404 Si

1945 1429 2068 1499 quis
2112 1429 2296 1500 diligit
2344 1431 2688 1504 sapientiam,
2722 1433 2788 1488 ad
2815 1449 2900 1488 me
2933 1434 3190 1503 declinet,
3230 1445 3283 1492 et
3307 1453 3424 1492 eam
3457 1438 3537 1493 in-

1945 1517 2162 1574 veniet:
2199 1527 2250 1573 et
2278 1535 2396 1575 eam
2430 1538 2554 1577 cum
2586 1522 2878 1591 invenerit,
2915 1523 3105 1580 beatus
3143 1532 3244 1594 est,
3275 1525 3320 1581 si
3349 1535 3535 1584 tenue-

1943 1606 2014 1661 rit
2045 1623 2161 1662 eam
2197 1608 2382 1679 (Prov.
2417 1627 2498 1677 ιιι,
2538 1611 2649 1681 13).
2944 1596 2949 1603 ’

2015 1697 2196 1766 (Vers.
2229 1699 2309 1769 6.)
2364 1700 2653 1772 Sequitur:
2703 1704 2775 1758 Et
2829 1702 2886 1756 in
2922 1710 3193 1775 conspectu
3238 1705 3373 1760 sedis
3420 1714 3532 1761 tan-

1939 1801 2099 1855 quam
2130 1802 2276 1842 mare
2303 1788 2548 1856 vitreum,
2598 1787 2767 1843 simile
2793 1790 3065 1860 crystallo.
3118 1791 3179 1846 In
3210 1791 3412 1862 templo
3441 1792 3532 1847 Sa-

216 1878 534 1934 scensionis
577 1878 782 1934 Christi
831 1879 1028 1950 gradus
1057 1889 1138 1935 est
1181 1881 1348 1936 timor
1394 1880 1515 1948 Dei,
1547 1898 1640 1953 per
1665 1898 1827 1954 quem
1863 1895 1909 1955 Β
1942 1873 2180 1928 Ῐοιηοῐιίδ
2233 1891 2378 1930 mare
2415 1892 2626 1931 aeneum
2656 1877 2824 1932 ἷιιίεεθ
2858 1877 3110 1949 legimus,
3150 1878 3207 1933 in
3237 1896 3343 1952 quo
3373 1880 3533 1935 13νᾶ-

218 1968 539 2038 passionem
571 1975 624 2023 et
657 1976 887 2023 mortem
922 1967 1038 2039 ejus
1066 1968 1314 2024 diximus
1354 1969 1522 2025 fuisse
1565 1970 1827 2042 designa-

219 2065 366 2123 tam,
396 2065 451 2112 et
479 2057 1041 2128 primusascensionis
1069 2057 1135 2112 ad
1163 2060 1334 2113 Deum
1357 2060 1822 2116 convertentium.

216 2146 498 2216 Congruit
528 2155 708 2202 autem
744 2164 888 2202 mors
927 2147 1150 2203 Domini
1180 2147 1269 2214 iis,
1305 2148 1398 2218 qui
1430 2164 1524 2218 per
1566 2147 1823 2220 spiritum

215 2235 447 2292 timoris
477 2236 697 2291 Domini
744 2243 962 2307 peccata
991 2252 1088 2291 sua
1116 2235 1356 2299 deﬂent;
1391 2235 1520 2308 quia
1549 2236 1605 2289 in
1647 2244 1823 2292 morte

217 2325 450 2380 Domini
512 2325 760 2380 remissio
814 2323 1066 2380 consistit
1121 2324 1368 2380 omnium
1423 2332 1816 2396 peccatorum;

217 2431 326 2471 nec
354 2415 592 2487 perfecta
620 2415 868 2470 remissio
895 2423 1237 2486 peccatorum
1269 2431 1385 2470 esse
1415 2422 1616 2486 posset,
1648 2414 1695 2470 si
1724 2415 1820 2471 ille

217 2520 322 2575 pro
359 2505 517 2559 nobis
553 2512 802 2558 mortuus
830 2520 941 2558 non
973 2503 1183 2558 fuisset.

295 2592 494 2649 Sextus
547 2592 918 2648 descensionis
957 2591 1162 2649 Christi
1194 2589 1391 2662 gradus
1435 2597 1516 2646 est
1545 2591 1735 2662 pietas,
1765 2600 1818 2648 et

215 2687 495 2742 secundus
521 2687 855 2743 ascensionis
885 2686 1294 2758 pmnitentium.
1338 2685 1604 2757 Congruit
1633 2692 1814 2740 autem

211 2777 393 2851 pietas
424 2777 667 2832 ﬁdelium
695 2795 818 2834 cum
854 2778 1052 2848 pietate
1072 2776 1291 2831 Domini
1318 2795 1331 2843 ;
1361 2777 1489 2848 quia
1512 2777 1604 2831 ille
1633 2774 1700 2829 iis
1720 2775 1814 2847 qui

210 2867 523 2924 secundum
546 2869 783 2924 animam
802 2878 959 2924 erant
977 2867 1183 2935 miseri,
1204 2866 1635 2932 misericordiam
1658 2881 1810 2921 suam

213 2964 509 3038 impendit,
561 2963 626 3018 ah
671 2973 875 3020 aeterna
905 2972 1078 3019 morte
1107 2981 1204 3018 sua
1237 2973 1411 3020 morte
1434 2980 1526 3019 eos
1551 2963 1808 3030 liberans,

209 3067 269 3113 et
300 3057 388 3112 isti
424 3057 492 3110 iis
527 3057 619 3128 qui
647 3056 949 3111 secundum
990 3073 1187 3127 corpus
1227 3063 1356 3111 sunt
1396 3056 1604 3123 miseri,
1637 3055 1812 3110 mise-

212 3145 509 3201 ricordiam
560 3145 676 3216 (35)
707 3144 1052 3216 impendunt,
1097 3144 1374 3216 largiendo
1404 3145 1481 3200 eis
1514 3160 1806 3216 corporum

1939 1963 2142 2018 bantur
2178 1964 2506 2032 sacerdotes,
2556 1973 2847 2038 antequam
2893 1968 3214 2024 accederent
3242 1968 3311 2023 ad
3337 1970 3526 2036 altare,

1933 2052 2003 2106 ad
2055 2051 2262 2108 hostias
2308 2054 2612 2109 offerendas
2661 2056 2750 2125 (II
2784 2056 2977 2112 Paral.
3011 2073 3088 2124 Iv,
3119 2059 3211 2128 6):
3247 2058 3370 2114 teris
3397 2075 3528 2114 vero

1933 2140 2192 2211 splendor
2240 2141 2471 2213 quadam
2513 2142 2798 2214 nigredine
2841 2143 2952 2200 cito
2995 2144 3371 2201 obnubilatur.
3428 2148 3532 2202 Per

1933 2246 2081 2285 mare
2133 2231 2317 2304 itaque
2371 2249 2582 2288 ameum
2636 2234 2725 2288 lex
2783 2235 2962 2306 Moysi
3019 2235 3356 2308 designatur,
3406 2254 3527 2310 quae

1929 2319 2193 2391 fulgerem
2246 2321 2510 2393 spiritalis
2559 2322 2939 2395 intelligentia
2998 2323 3185 2380 littero
3239 2325 3525 2397 nigredine

1931 2409 2210 2466 obscurat.
2241 2411 2312 2466 Et
2333 2411 2474 2468 sicut
2503 2429 2596 2480 aes,
2630 2413 2675 2467 si
2699 2413 2831 2468 lima
2860 2422 3088 2478 teratur,
3119 2414 3380 2486 splendor
3407 2414 3523 2486 ejus

1927 2501 2210 2571 aperitur;
2259 2500 2337 2555 ita
2365 2509 2418 2556 et
2443 2502 2708 2574 spiritalis
2737 2503 3124 2574 intelligentia,
3161 2521 3279 2576 quae
3326 2504 3520 2560 litteras

1926 2591 2212 2662 superﬁcie
2253 2591 2576 2648 obscuratur
2626 2593 2682 2648 in
2731 2595 2865 2664 lege,
2916 2595 2960 2648 si
3007 2611 3038 2649 a
3071 2594 3326 2651 fidelibus
3383 2597 3518 2652 viris

1925 2677 2217 2750 diligenter
2265 2680 2612 2748 discutiatur,
2659 2697 2755 2752 per
2795 2683 3021 2753 gratiam
3061 2685 3158 2739 Dei
3191 2685 3517 2741 manifesta—

1923 2773 2033 2821 tur.
2066 2769 2127 2822 In
2158 2767 2264 2824 hoc
2294 2768 2462 2840 igitur
2492 2769 2626 2824 mari
2658 2771 2966 2827 sacerdotes
2993 2771 3353 2842 lavabantur;
3385 2775 3516 2847 quia

1923 2871 2019 2926 per
2040 2856 2308 2912 sacriﬁcia
2347 2866 2399 2913 et
2428 2875 2525 2930 per
2552 2859 2809 2931 quasdam
2859 2859 3266 2918 observationes
3318 2865 3514 2936 legales

1922 2947 2167 3018 quaedam
2193 2955 2408 3018 peccata
2432 2950 2632 3005 veteris
2652 2951 2838 3022 populi
2871 2951 3212 3008 delebantur.
3245 2954 3346 3008 Per
3366 2970 3512 3010 mare

1920 3051 2047 3107 ergo
2091 3036 2328 3093 vitreum
2360 3045 2521 3110 atque
2551 3041 2873 3112 crystallum
2907 3059 3016 3098 non
3064 3043 3514 3102 inconvenienter

1916 3124 2132 3179 Novum
2151 3125 2556 3183 Testamentum
2586 3129 2932 3200 intelligitur.
2954 3132 3014 3186 In
3046 3130 3150 3187 hoc
3170 3140 3350 3190 autem
3375 3137 3511 3192 mari

210 3237 537 3303 necessaria,
593 3236 791 3308 quibus
846 3237 902 3290 in
945 3235 1157 3306 judicio
1208 3237 1321 3306 ipse
1389 3236 1638 3292 dicturus
1685 3242 1803 3291 est:
1845 3221 2021 3311 εἴπ’ίό
2064 3221 2402 3291 ίηνθηίιηιιει
2455 3241 2626 3294 mare,
2674 3228 2903 3294 "illum:
2955 3236 3116 3302 atque
3160 3233 3504 3302 crystallum.

225 3351 243 3372 ε
283 3327 439 3393 Quod
466 3327 559 3382 uni
593 3344 660 3382 ex
708 3327 954 3382 minimis
984 3326 1118 3381 meis
1153 3325 1378 3390 fecistis,
1418 3325 1555 3380 mihi
1599 3325 1806 3382 fecistis

214 3419 426 3489 (Matth.
460 3435 593 3486 xxv,
624 3417 738 3488 40).
772 3442 789 3465 ι

286 3509 523 3576 Quintus
571 3506 944 3564 descensionis
971 3506 1176 3564 Christi
1220 3505 1417 3577 gradus
1445 3513 1525 3560 est
1553 3506 1800 3570 scientia,

212 3607 269 3654 et
324 3598 518 3653 tertius
578 3598 914 3653 ascensionis
979 3596 1245 3650 ﬁdelium.
1301 3595 1572 3650 Convenit
1622 3605 1801 3652 autem

213 3683 442 3756 spiritus
495 3684 736 3739 scientia:
791 3683 885 3756 qui
942 3683 1198 3740 ﬁdelibus
1233 3681 1414 3749 datur,
1449 3699 1572 3739 cum
1605 3682 1804 3754 spiritu

213 3773 480 3841 scientiae,
514 3772 610 3845 qui
641 3771 854 3827 homini
894 3771 1114 3830 Christo
1143 3771 1358 3828 oblatus
1389 3779 1498 3838 est;
1541 3771 1670 3844 quia
1711 3773 1804 3828 ille

215 3868 277 3916 ut
305 3870 615 3932 peccatores
649 3862 832 3916 salvos
862 3861 1082 3926 faceret,
1120 3861 1471 3932 semetipsum
1514 3860 1626 3916 illis
1660 3877 1804 3917 con-

213 3948 449 4005 formare
505 3966 617 4005 non
676 3957 756 4005 est
809 3948 1170 4020 dedignatus:
1227 3958 1281 4005 et
1335 3948 1448 4017 isti,
1493 3958 1551 4005 ut
1587 3957 1804 4021 peccata

213 4039 466 4108 evadant,
500 4040 566 4096 ad
594 4057 717 4096 eum
750 4056 845 4111 per
892 4040 1146 4112 spiritum
1178 4039 1420 4095 scientia:
1450 4039 1801 4112 confugiunt,

214 4128 308 4200 qui
337 4136 655 4200 potestatem
687 4127 853 4184 habet
881 4127 1197 4184 dimittendi
1234 4134 1470 4198 peccata.

285 4216 521 4282 Quartus
565 4217 937 4273 descensionis
983 4217 1189 4273 Christi
1227 4215 1424 4288 gradus
1461 4222 1542 4271 est
1570 4215 1803 4271 fortitu-

215 4307 306 4374 do,
347 4315 401 4360 et
428 4316 657 4378 quartus
686 4307 949 4361 similiter
986 4306 1320 4362 ascensionis
1349 4306 1614 4362 ﬁdelium.
1649 4306 1804 4362 Con-

217 4395 360 4468 gruit
386 4403 566 4450 autem
608 4395 879 4450 fortitudo
919 4395 1164 4450 ﬁdelium
1215 4395 1528 4450 fortitudini
1559 4393 1797 4462 Christi;

217 4484 340 4557 quia
373 4501 438 4539 ea
471 4483 795 4539 fortitudine
842 4483 933 4538 isti
984 4483 1217 4538 vincunt
1261 4484 1566 4548 diabolum,
1614 4501 1720 4556 qua
1747 4490 1802 4538 et

1915 3329 2010 3384 per
2039 3329 2186 3369 mare
2215 3315 2384 3386 igitur
2414 3315 2664 3386 historia,
2706 3335 2802 3390 per
2831 3321 3040 3376 vitrum
3075 3324 3297 3378 moralis
3337 3325 3510 3380 intel-

1915 3403 2161 3474 ligentia,
2194 3421 2288 3476 per
2315 3407 2637 3478 crystallum
2679 3417 2858 3464 autem
2900 3411 3164 3482 spiritalis
3194 3411 3508 3485 intelligen-

1914 3491 2001 3546 tia‘
2037 3491 2369 3563 designatur.
2417 3497 2520 3550 Per
2573 3498 2781 3552 vitrum
2831 3516 2980 3570 ergo,
3024 3516 3094 3555 ex
3132 3518 3240 3572 quo
3288 3505 3509 3574 specula

1914 3580 2076 3650 ﬁunt,
2108 3599 2220 3638 non
2251 3585 2550 3656 incongrue
2584 3589 2807 3644 moralis
2829 3589 3194 3661 intelligentia
3215 3591 3503 3664 accipitur,

1912 3673 2042 3744 quia
2075 3673 2218 3730 sicut
2259 3674 2424 3731 homo
2462 3677 2733 3751 quidquid
2784 3687 2939 3752 turpe
2978 3681 3037 3736 in
3077 3681 3215 3738 facie
3258 3681 3416 3754 gerit,
3448 3684 3504 3739 in

1912 3762 2134 3834 speculo
2168 3763 2574 3835 deprehendere
2613 3776 2821 3840 potest:
2866 3769 2942 3826 ita
2963 3777 3015 3826 et
3045 3770 3314 3844 quidquid
3345 3772 3506 3828 vitio-

1911 3869 2032 3907 sum
2064 3853 2119 3909 in
2143 3856 2430 3912 animabus
2470 3857 2756 3914 hominum
2788 3875 2903 3916 esse
2940 3868 3145 3932 potest,
3175 3861 3400 3918 moralis
3424 3863 3504 3918 in-

1911 3941 2214 4013 telligentia
2263 3946 2539 4015 patefacit.
2600 3948 2701 4004 Per
2757 3949 3080 4020 crystallum
3129 3957 3336 4018 autem,
3384 3967 3506 4023 quae

1911 4029 2112 4086 clarior
2141 4039 2222 4087 est
2264 4035 2524 4091 omnibus
2553 4037 2800 4108 gemmis,
2834 4045 2886 4094 et
2913 4056 3032 4111 quae
3062 4039 3308 4096 ﬂammas
3327 4043 3504 4113 splen-

1911 4117 2080 4188 doris,
2111 4138 2250 4194 szepe
2267 4123 2430 4178 etiam
2469 4133 2523 4180 et
2553 4125 2731 4197 ignem
2764 4127 2830 4182 de
2851 4143 2908 4182 se
2937 4127 3186 4183 emittere
3216 4131 3376 4198 solet,
3397 4130 3504 4203 spi-

1911 4206 2088 4264 ritalis
2139 4211 2502 4284 intelligentia
2537 4216 2890 4288 exprimitur,
2935 4235 3055 4291 quae
3081 4218 3313 4276 obscura
3346 4237 3506 4292 quae-

1911 4316 2014 4372 que
2063 4299 2120 4355 in
2167 4301 2375 4358 divinis
2405 4303 2702 4375 Scripturis
2731 4307 2991 4372 elucidat,
3039 4317 3247 4366 mentes
3276 4311 3505 4382 spirita—

1913 4387 2049 4443 lium
2080 4405 2338 4446 sensuum
2360 4391 2597 4447 ﬂammis
2629 4393 2928 4464 illuminat,
2961 4398 3226 4469 quosdam
3249 4399 3412 4455 etiam
3446 4400 3504 4456 in

1909 4495 2149 4535 amorem
2175 4479 2273 4534 Dei
2303 4497 2654 4553 amoremque
2698 4485 2934 4541 coelestis
2988 4487 3175 4558 patriae
3231 4488 3499 4545 accendit.

218 4573 467 4632 Christus
486 4573 642 4641 vicit,
667 4572 990 4630 fortitudine
1014 4572 1268 4628 videlicet
1291 4573 1650 4640 Christi,non
1679 4589 1794 4641 sua;
1830 4607 1878 4666 D
1979 4579 2049 4632 Et
2104 4578 2158 4631 in
2215 4580 2384 4635 medio
2435 4582 2568 4636 sedis
2612 4589 2657 4637 et
2702 4583 2758 4636 in
2807 4583 3030 4638 circuitu
3077 4584 3218 4661 sedis
3273 4593 3504 4655 quatuor

217 4663 355 4719 sicut
410 4667 526 4735 ipse
569 4662 746 4720 dicit:
812 4687 828 4709 ι
863 4661 992 4717 Sine
1023 4677 1107 4716 me
1154 4661 1295 4716 nihil
1352 4661 1577 4734 potestis
1623 4662 1798 4718 facere

221 4754 394 4823 (Joan.
435 4770 532 4821 xv,
563 4752 644 4822 5).
688 4777 706 4800 ι

285 4853 496 4907 Tertius
537 4851 910 4907 descensionis
955 4849 1162 4908 Christi
1216 4851 1412 4922 gradus
1453 4859 1535 4907 est
1577 4850 1804 4922 spiritus

217 4941 451 5008 consilii,
501 4949 555 4997 et
607 4942 834 5014 quintus
879 4941 1215 4996 ascensionis
1259 4941 1526 4996 ﬁdelium.
1563 4941 1801 5012 Conjun-

220 5032 356 5103 gitur
411 5040 591 5088 autem
645 5031 938 5088 consilium
1004 5031 1248 5086 ﬁdelium
1298 5031 1530 5087 consilio
1573 5031 1800 5101 Christi,

219 5140 335 5180 cum
383 5123 448 5179 ad
498 5131 766 5196 praecepta
815 5122 1101 5192 Evangelii
1147 5123 1414 5179 servanda
1473 5141 1529 5180 se
1573 5125 1801 5181 transfe-

221 5218 363 5279 runt,
411 5212 466 5266 in
499 5212 699 5284 quibus
747 5212 1048 5283 perfectum
1081 5211 1376 5268 consilium
1407 5211 1660 5270 consistit
1687 5229 1800 5269 om-

222 5301 361 5357 nium
388 5310 720 5356 sanctorum.

286 5397 565 5453 Secundus
589 5397 958 5454 descensionis
990 5397 1196 5454 Christi
1229 5397 1427 5470 gradus
1456 5405 1538 5454 est
1571 5397 1804 5454 intelle-

220 5495 348 5555 ctus,
391 5494 445 5542 et
484 5494 673 5543 sextus
733 5486 1068 5544 ascensionis
1111 5486 1381 5544 ﬁdelium.
1413 5487 1684 5560 Congruit
1707 5503 1802 5544 au-

284 5685 418 5764 (3h)_
439 5687 822 5764 Fragmentum
852 5688 1020 5764 And,
1053 5707 1169 5761 qua:
1197 5690 1487 5746 virtutibus
1511 5690 1797 5764 proﬁcit...

219 5760 498 5818 Jerusalem
522 5759 734 5815 catastis
759 5761 1054 5833 perﬁcitur.

1907 4668 2169 4724 animalia
2205 4671 2367 4741 plena
2410 4671 2574 4726 oculis
2619 4677 2741 4726 ante
2787 4678 2834 4726 et
2861 4678 3025 4728 retro.
3056 4673 3171 4728 Hoc
3199 4673 3501 4732 secundum

1912 4764 2200 4822 historiam
2249 4777 2390 4824 stare
2435 4783 2542 4822 non
2592 4775 2770 4840 potest
2795 4785 2807 4834 ;
2839 4785 3014 4840 neque
3043 4769 3188 4826 enim
3216 4768 3298 4824 51
3317 4769 3360 4826 6
3387 4779 3501 4830 tam

1911 4871 2113 4926 parvus
2143 4875 2404 4914 numerus
2446 4868 2498 4914 et
2535 4859 2802 4915 ambitum
2847 4859 3012 4927 sedis,
3057 4868 3110 4916 et
3157 4862 3500 4920 medietatem

1912 4945 2160 5001 obtinere
2201 4956 2446 5019 poterat:
2479 4949 2572 5003 sed
2612 4948 3369 5022 spiritaliterintelligendum
3399 4961 3499 5009 est.

1913 5035 2158 5102 Quatuor
2198 5037 2366 5107 igitur
2407 5037 2670 5092 animalia
2700 5055 2810 5093 non
2848 5040 3026 5095 solum
3071 5050 3305 5113 quatuor
3342 5059 3503 5099 evan-

1911 5125 2148 5194 gelistas,
2187 5126 2279 5180 sed
2309 5135 2362 5182 et
2388 5142 2580 5182 omnes
2609 5127 2863 5182 doctores
2892 5129 3168 5198 Ecclesiae,
3198 5133 3290 5204 qui
3313 5149 3504 5190 eorum

1914 5214 2221 5269 doctrinam
2270 5223 2596 5287 sequuntur,
2639 5215 2943 5288 designant.
3003 5221 3065 5275 ln
3101 5221 3337 5278 circuitu
3375 5238 3505 5280 vero

1912 5307 2057 5363 sedis
2089 5314 2324 5379 quatuor
2364 5307 2626 5364 animalia
2664 5317 2846 5376 stant;
2883 5311 3013 5384 quia
3041 5311 3290 5369 doctores
3319 5316 3505 5371 Eccle-

1911 5396 2003 5453 siae
2036 5397 2301 5468 populum
2331 5397 2437 5452 sibi
2468 5399 2823 5455 commissum
2853 5408 2907 5455 et
2944 5417 2975 5455 a
3005 5402 3318 5459 visibilibus
3355 5413 3409 5460 et
3437 5406 3506 5462 ab

1912 5485 2289 5544 invisibilibus
2326 5486 2600 5556 hostibus,
2645 5499 2850 5561 quanta
2891 5489 3097 5548 virtute
3125 5500 3375 5564 possunt,
3415 5493 3505 5551 de-

1985 5689 2113 5764 (35)
2132 5687 2281 5744 Edit.
2314 5694 2360 5744 et
2393 5687 2480 5742 isti
2505 5688 2598 5758 qui
2625 5689 2907 5764 secundum
2947 5707 3137 5764 corpus
3166 5699 3309 5761 sunt,
3339 5693 3503 5749 mise-

1914 5759 2201 5818 ricordiam
2223 5778 2242 5827 ;
2285 5777 2412 5816 mss.
2452 5769 2512 5816 ut
2541 5776 2641 5816 nos
2670 5759 2728 5816 in
2757 5777 3002 5836 corpore.
