3970 6376
517 414 619 470 883
1521 421 1618 475 AD
1657 419 1889 476 OPERA
1927 418 1982 474 S.
2023 417 2353 476 AMBROSII
2391 419 2769 475 APPENDIX.
3733 413 3861 470 884

513 541 766 597 fendunt.
827 543 888 596 In
941 543 1121 598 medio
1162 543 1304 598 sedis
1359 551 1685 611 consistunt,
1737 543 1866 615 quia
1910 559 2106 598 unum-
2139 543 2185 603 A
2289 542 2468 612 (Vers.
2519 542 2600 612 8.)
2651 543 2724 598 Et
2778 549 3010 614 quatuor
3053 543 3334 608 animalia,
3379 543 3598 612 singula
3640 557 3859 595 eorum

515 647 785 703 quemque
806 647 994 687 eorum
1033 641 1092 688 ut
1125 633 1183 688 in
1223 633 1524 689 virtutibus
1556 633 1919 704 omnibusque
1947 633 2108 688 bonis
2214 630 2471 686 habebant
2517 633 2635 686 alas
2687 648 2860 697 senas,
2902 637 2950 686 et
3002 631 3057 686 iu
3108 631 3334 686 circuitu
3375 635 3425 685 et
3468 630 3620 684 intus
3664 630 3858 701 plena

516 720 774 792 operibus
802 722 1111 794 proficiant,
1159 724 1452 780 admonere
1498 741 1609 779 non
1651 725 1931 780 desinunt.
1967 725 2104 791 Qua-
2215 725 2336 774 sunt
2363 721 2546 776 oculis.
2595 721 2698 776 Per
2737 720 3013 776 senarium
3045 736 3336 776 numerum
3391 718 3486 793 qui
3539 719 3858 791 perfectus

514 819 642 866 tuor
688 829 814 883 ergo
860 813 977 870 hmc
1021 815 1281 870 animalia
1321 825 1446 872 ante
1501 825 1554 871 et
1591 825 1736 872 retro
1766 817 1955 873 oculos
2013 816 2105 872 ha-
2215 815 2315 863 θεῖ.
2357 809 2620 880 perfectio
2671 819 2984 866 sanctorum
3015 809 3348 882 deSigﬂaml'.
3396 808 3465 864 ad
3495 824 3672 882 quam
3711 809 3857 863 mll-

515 902 696 958 buisse
736 904 852 960 visa
899 912 1044 973 sunt,
1105 907 1234 978 quia
1288 906 1667 977 praedicatores
1710 907 1884 963 sancti
1930 915 1982 962 et
2016 905 2104 962 fu.
2216 900 2302 954 lus
2343 899 2448 954 nisi
2502 917 2596 971 per
2633 900 2940 956 doctrinam
2972 901 3259 972 Evangelii
3299 900 3448 956 valet
3486 915 3852 969 assurgere:

517 999 638 1046 tura
683 1001 734 1047 et
782 994 1053 1064 praeterita
1101 993 1421 1065 inspiciunt.
1464 995 1606 1050 Ante
1658 997 1846 1050 oculos
1877 994 2100 1062 habent,
2231 1014 2248 1036 ε
2287 991 2398 1046 Lex
2455 989 2599 1045 enim
2645 991 2860 1044 nullum
2895 990 2964 1046 ad
3007 991 3305 1062 perfectum
3351 989 3592 1045 adduxit
3627 988 3852 1056 (Hebr.

517 1080 647 1152 quia
720 1081 866 1136 diem
934 1081 1154 1152 judicii,
1208 1083 1724 1155 damnationemque
1779 1083 2102 1155 impiorum,
2215 1078 2514 1148 ν11,19).ι
2577 1079 2744 1134 Senas
2788 1095 2919 1134 vero
2951 1081 3062 1134 alas
3112 1087 3348 1152 quatuor
3400 1077 3755 1133 animalium
3801 1077 3854 1131 si

518 1169 854 1240 gloriamque
891 1168 1166 1241 justorum
1215 1171 1345 1227 dum
1385 1172 1705 1243 inspiciunt,
1759 1173 2106 1228 auditoribus
2216 1169 2380 1224 81111111
2405 1169 2681 1241 junxeris,
2710 1169 2909 1242 viginti
2957 1177 3191 1241 quatuor
3219 1169 3488 1223 invenies.
3534 1167 3856 1223 Videntur

516 1258 629 1313 suis
673 1259 806 1330 quid
851 1275 1041 1316 cavere
1089 1267 1142 1316 et
1168 1261 1301 1332 quid
1339 1270 1591 1334 appetere
1633 1262 1886 1328 debeant,
1928 1271 2104 1318 osten-
2216 1274 2343 1330 ergo
2394 1258 2532 1314 mihi
2587 1258 2831 1314 eamdem
2874 1256 3334 1329 signiﬁcationem
3391 1255 3620 1321 habere,
3659 1270 3854 1326 quam

515 1355 673 1410 dunt.
717 1356 881 1412 Retro
927 1358 1114 1412 oculos
1169 1357 1390 1428 habent,
1428 1360 1555 1432 quia
1583 1361 1752 1414 vitam
1799 1358 2105 1430 praecedet}.
2216 1358 2268 1406 et
2288 1350 2485 1422 viginti
2517 1357 2754 1422 quatuor
2781 1349 3134 1422 sedilia,quas
3162 1348 3362 1420 viginti
3385 1346 3859 1420 quatuorlibros

516 1447 653 1502 tium
681 1448 905 1504 Patrum
946 1449 1077 1504 dum
1113 1449 1416 1518 intuentur,
1447 1458 1498 1505 et
1532 1449 1634 1522 ipsi
1667 1450 1724 1504 in
1762 1465 1952 1504 eorum
1985 1449 2106 1503 imi-
2216 1439 2430 1495 Veteris
2459 1438 2792 1494 Τθεῐαῐηθηῐί
2821 1437 3155 1509 Signiﬁcasse
3183 1435 3451 1492 diXimus-
3486 1433 3714 1490 δθάίιίό
3746 1450 3858 1489 30'

515 1535 721 1592 tatione
745 1538 1059 1608 proficiunt,
1092 1527 1390 1611 eorumque
1419 1539 1588 1593 vitam
1618 1544 1780 1609 atque
1800 1536 2106 1592 doctrinam
2216 1535 2452 1584 temcum
2494 1544 2707 1600 semper
2735 1535 2892 1582 terra
2939 1527 3204 1592 timeam,
3249 1541 3344 1581 003
3371 1524 3464 1596 qui
3496 1523 3551 1578 ίη
3593 1523 3684 1579 Bis
3755 1538 3858 1579 ι’θ·

515 1626 858 1682 auditoribus
899 1627 1013 1683 suis
1054 1636 1433 1700 anteponunt;
1475 1637 1537 1684 ut
1582 1635 1636 1684 et
1674 1626 1777 1699 ipsi
1811 1626 1866 1681 in
1914 1642 2106 1682 eorum
2217 1617 2527 1690 quiescunt,
2558 1615 2625 1672 ad
2653 1623 2852 1672 terram
2889 1615 3292 1687 aliquantulum
3341 1613 3642 1669 incurvant
3675 1628 3691 1667 :
3735 1613 3858 1668 alae

515 1713 826 1772 imitatione
857 1715 1149 1786 proficiant
1182 1716 1319 1788 (36),
2216 1722 2347 1762 vero
2380 1722 2470 1762 eos
2501 1705 2699 1779 quibus
2728 1705 2942 1760 innexae
2968 1711 3115 1771 sunt,
3147 1703 3216 1759 ad
3247 1703 3466 1764 excelsa
3494 1702 3854 1758 sublevant.

589 1813 770 1881 (Vers.
813 1813 892 1883 7.)
932 1816 1005 1869 Et
1035 1815 1238 1870 animal
1270 1815 1506 1886 primum
1537 1817 1706 1872 simile
1750 1817 1902 1886 leoni,
1953 1823 2108 1872 etse-
2217 1794 2375 1886 Livi,
2417 1795 2585 1886 igitur
2630 1794 2842 1886 veteri?
2872 1793 3229 1886 Tes‘amenti_
3259 1793 3507 1886 "tignis
3559 1789 3856 1886 patribu}

515 1879 739 1956 cundum
785 1879 992 1958 animal
1039 1905 1208 1958 samtle
1236 1879 1426 1971 vitulo,
1457 1912 1504 1960 et
1535 1907 1741 1961 tertium
1769 1879 1973 1962 animal
1999 1909 2108 1962 ha-
2137 1889 2184 1950 Β
2221 1885 2416 1940 sedilia
2445 1884 2698 1951 ῐαθτῐιηῐς
2750 1883 2879 1956 qnia
2907 1899 3000 1938 eos
3029 1882 3331 1938 secundum
3364 1882 3614 1971 "quem?"
3657 1879 3854 1971 in‘e!‘

517 1993 636 2046 bons
663 1991 850 2061 fmricm
881 1993 1034 2063 quasi
1057 1994 1302 2067 hominis,
1336 2001 1383 2050 el
1410 2002 1660 2066 quartum
1687 1997 1892 2052 animal
1935 1997 2107 2052 simile
2217 1973 2464 2044 “gemes,
2501 1988 2844 2046 nequaquam
2891 1973 2958 2028 ad
2997 1987 3188 2028 eorum
3231 1969 3663 2067 intelligentian
3711 1969 3852 2067 PPi-

516 2082 711 2151 aquila?
739 2083 956 2138 volanti.
984 2083 1210 2156 Figuras
1239 2093 1472 2157 quatuor
1502 2086 1824 2140 animalium
1857 2103 1966 2141 non
1993 2103 2082 2141 om

2291 2067 2432 2122 alem
2489 2082 2544 2122 se
2597 2067 2803 2137 erigere
2859 2067 3099 2137 perfecte
3160 2069 3490 2138 potuerunt:
3553 2059 3650 2116 sed
3711 2057 3853 2114 haec

518 2186 614 2225 nes
633 2179 882 2228 auctores
911 2189 1020 2227 uno
1055 2151 1225 2228 ‘modo
1254 2151 1681 2244 exposuerunt;
1733 2173 1827 2229 sed
1873 2173 1941 2230 ab
1969 2173 2108 2228 anti-
2215 2155 2409 2210 sedilia
2462 2154 2718 2244 Patrihlls
2762 2155 2904 2210 NOVi
2935 2153 3272 2212 Τθδίδωθηῖί
3305 2153 3362 2206 in
3394 2151 3508 2244 ³111⁵

517 2261 802 2334 quioribus
837 2261 998 2317 nobis
1040 2261 1305 2316 traditum
1343 2235 1443 2329 est,
1490 2270 1551 2317 ut
1579 2235 1676 2334 per
1712 2263 1923 2318 leonem
1953 2263 2108 2318 Mar—
2215 2249 2389 2334 _sumui‘
2430 2243 2560 2314 quia
2617 2243 2792 2298 libros
2847 2243 3091 2334 Veteris;
3124 2235 3854 2334 Teslamemi_spirit?litj‘?r

517 2367 643 2405 cum
675 2350 1122 2422 intelligeremus,
1156 2367 1252 2422 per
1277 2351 1515 2406 vitulum
1546 2351 1772 2420 Lucam,
1806 2367 1899 2423 per
1927 2350 2081 2408 homi

2285 2330 2604 2402 telligentes,
2667 2347 2764 2403 per
2812 2347 3004 2387 eorum
3061 2329 3372 2387 doctrinam
3427 2328 3500 2384 ad
3574 2326 3853 2384 caelestia

517 2455 639 2494 nem
670 2421 1009 2508 Matthaaum,
1039 2457 1135 2512 per
1160 2421 1403 2512 aquilam
1436 2441 1710 2496 volantem
1733 2421 2014 2507 Joannem;
2041 2456 2106 2498 eo
2213 2421 2460 2495 (ἶυοῖίάίθ
2498 2421 2874 2477 sublevantur-

517 2527 664 2600 quod
697 2529 912 2584 Marcus
947 2545 977 2584 a
1005 2528 1234 2585 desertis
1264 2529 1512 2602 incipiat,
1543 2530 1716 2585 Lucas
1743 2547 1771 2584 a
1801 2529 2105 2586 sacerdotio
2271 2519 2472 2575 verum
2506 2519 2635 2592 (ΙΠίᾶ
2663 2518 2754 2574 hic
2782 2532 3065 2585 numerus:
3095 2515 3153 2572 id
3181 2523 3262 2572 est
3310 2515 3512 2587 viginti
3555 2522 3847 2586 quatuor.

517 2617 854 2684 Judzeorum,
903 2617 1191 2673 Matthreus
1241 2618 1310 2674 ab
1339 2601 1582 2686 homine,
1617 2617 1673 2672 id
1713 2626 1813 2685 est,
1844 2635 1875 2672 a
1898 2617 2083 2676 Christ

2299 2608 2404 2664 hoc
2442 2608 2586 2664 libro
2623 2624 2763 2680 saepe
2801 2606 3108 2672 invenitur,
3147 2603 3351 2678 placuit
3399 2612 3460 2658 ut
3514 2601 3582 2656 de
3637 2617 3843 2657 sacra-

519 2708 884 2780 generatione,
915 2707 1149 2764 Joannes
1177 2723 1309 2763 vero
1337 2724 1368 2763 a
1394 2707 1685 2764 divinitate
1712 2706 1941 2766 Christi.
1975 2707 2105 2776 Qui-
2215 2699 2414 2754 mentis
2453 2696 2619 2770 hujus
2659 2696 2874 2752 numeri
2903 2712 3076 2768 pauca
3113 2693 3380 2750 dicamus.
3433 2693 3626 2747 Partes
3657 2706 3842 2746 nam-

518 2795 642 2852 dam
663 2812 792 2851 vero
812 2795 978 2852 alium
999 2795 1250 2852 ordinem
1280 2805 1586 2869 sequentes,
1617 2813 1712 2868 per
1740 2797 1952 2852 leonem
1974 2797 2105 2853 Mat-
2215 2803 2319 2861 que
2347 2785 2514 2858 huius
2551 2785 2767 2841 numeri
2804 2792 2952 2852 311m.
3003 2800 3166 2850 unus.
3197 2781 3328 2849 (1αο,
3371 2789 3504 2878 ῐνίξει,
3546 2787 3836 2878 (ἰυᾶῐξιοΐ,

518 2885 746 2952 thmum,
788 2902 882 2956 per
905 2885 1142 2942 vitulum
1169 2868 1434 2952 Marcum,
1467 2903 1560 2956 per
1581 2885 1861 2940 hominem
1881 2886 2106 2955 Lucam,
2215 2892 2332 2944 88X,
2363 2883 2510 2944 οθῐοι
2552 2873 2866 2931 ἀυοάθθίω·
2911 2874 3064 2930 Unus
3094 2871 3188 2944 qui
3221 2871 3278 2926 in
3329 2868 3511 2941 capite
3560 2868 3839 2940 Ροοίιιπο

520 2995 614 3051 per
642 2977 880 3050 aquilam
911 2995 1042 3034 vero
1057 2979 1322 3033 Joannem
1345 2977 1686 3048 designatum
1707 2977 1874 3034 fuisse
1891 2985 2103 3050 putant.
2214 2981 2386 3020 unum
2418 2968 2590 3021 Deum
2633 2964 2945 3051 Signiﬁcat}
2995 2962 3107 3018 duo
3153 2977 3298 3051 vel?
3328 2959 3425 3051 (lupi
3482 2965 3831 3051 sequuntur.

518 3045 656 3126 Nam
691 3045 815 3138 φρει
860 3068 1092 3136 leonem,
1153 3068 1247 3140 qui
1303 3084 1400 3122 rex
1453 3045 1533 3122 έει
1594 3045 1916 3136 bestiarum;
1984 3067 2107 3123 ideo
2215 3054 2325 3110 duo
2351 3063 2672 3110 testamenta
2697 3045 2949 3110 indican't
2984 3069 2995 3107 :
3028 3060 3138 3108 tres
3167 3050 3234 3140 ad
3261 3047 3590 3105 Trinitatem
3633 3047 3831 3118 perti—

517 3155 837 3213 Mattbaeum
881 3139 1223 3228 designatum
1257 3153 1425 3208 fuisse
1463 3153 1676 3221 dicunt,
1713 3169 1776 3209 eo
1814 3154 1961 3227 quod
1991 3155 2085 3226 ipsv

2255 3150 2382 3198 ent:
2439 3149 2560 3214 post
2615 3150 2725 3198 tres
2771 3157 2884 3196 non
2937 3139 3394 3196 inconvenienter
3448 3144 3686 3210 quatuor
3717 3151 3823 3192 se-

521 3244 803 3303 Christum
849 3245 1148 3301 secundum
1207 3241 1502 3296 humanam
1561 3247 1810 3298 naturam
1851 3259 1921 3298 ex
1959 3247 2089 3316 regis

2253 3239 2448 3301 juntur,
2479 3229 2608 3302 quia
2633 3243 2726 3300 per
2757 3229 3063 3285 doctrinam
3116 3236 3355 3300 quatuor
3383 3225 3821 3297 Evangeliorum

519 3335 688 3408 stirpe
729 3335 1074 3391 descendisse
1111 3331 1441 3388 narraverit:
1493 3331 1610 3404 ipse
1657 3333 1822 3389 etiam
1862 3343 2106 3407 tempore
2217 3320 2352 3376 ﬁdes
2417 3320 2578 3376 Doms
2649 3327 2847 3376 εεωοῑεθ
2913 3317 3219 3408 Τι’ῖῐὶξιτειῑίθΔ
3269 3316 3621 3372 manifestata
3667 3322 3756 3371 est
3807 3333 3819 3370 ε

521 3405 828 3482 nativitatis
865 3425 982 3496 ejus
1019 3423 1233 3480 stellam
1263 3423 1574 3494 apparuisse
1622 3423 1758 3480 dicit
1799 3405 2010 3496 (Matth.
2043 3443 2084 3482 11

2253 3416 2338 3464 ost
2367 3417 2602 3482 quatuor
2630 3424 2759 3463 vero
2807 3423 2924 3476 sex,
2973 3406 3067 3479 qui
3101 3405 3374 3478 perfectus
3401 3411 3482 3459 est
3526 3419 3819 3471 numerus,

520 3514 604 3586 2),
657 3530 777 3587 quae
831 3529 953 3569 eum
1007 3513 1206 3582 Regem
1263 3491 1388 3567 coeli
1435 3519 1488 3568 et
1535 3521 1714 3582 terrae,
1767 3491 2082 3586 angelorum

2252 3505 2548 3570 equuntur;
2611 3497 2741 3570 quia
2803 3495 2922 3551 sine
2969 3494 3221 3552 doctrina
3275 3491 3568 3564 Evangelii
3623 3491 3820 3546 nullus

521 3603 921 3673 hominumque
975 3600 1144 3656 fuisse
1199 3600 1643 3660 demonstravit:
1704 3605 1886 3677 Magos
1942 3608 2089 3662 etian

2253 3586 2283 3642 d
2312 3585 2662 3658 perfectionis
2717 3585 2936 3642 culmen
2975 3582 3347 3641 conscendere
3406 3582 3625 3654 potuit;
3684 3582 3821 3652 quia

521 3693 697 3748 veluti
734 3670 931 3762 Regem
965 3691 1155 3748 mundi
1186 3693 1254 3748 ad
1283 3693 1622 3750 adorandum
1657 3670 1878 3752 eumvab
1919 3697 2108 3754 Orien-
2229 3699 2248 3721 ί
2263 3675 2445 3769 ἕπιῇ
2483 3675 2779 3769 §i_(_3‘_1f{li°it
2799 3675 3118 3746 ΑΡοδῑοῙιιεν
3156 3671 3486 3728 mum"le
3507 3670 3814 3769 ρθτῖθοῑιιξη

521 3790 574 3838 te
626 3780 912 3854 perduxit:
961 3781 1054 3838 sed
1104 3791 1157 3840 et
1200 3799 1380 3856 regem
1411 3793 1588 3852 terrae,
1621 3783 1678 3840 id
1703 3793 1784 3841 est
1813 3785 2081 3842 Herodem

2249 3763 2447 3820 dduxit
2481 3763 2672 3835 (Ibid.)
2700 3781 2714 3830 ;
2744 3787 2764 3812 ι
2830 3772 2952 3836 post
3002 3779 3100 3819 sex
3147 3769 3270 3818 octo
3311 3768 3636 3858 sequuntur,
3678 3763 3814 3832 quia

520 3851 764 3943 tempore
817 3871 1124 3928 nativitatis
1181 3851 1297 3944 ejus
1343 3890 1469 3930 cum
1523 3851 1781 3930 omnibus
1840 3851 2109 3932 ministris
2217 3864 2340 3912 σοῖο
2368 3861 2497 3910 sum
2535 3854 2791 3944 “mites:
2823 3869 2942 3944 (In?
2971 3851 3460 3944 dimlcflnt_°9“"3
3483 3851 3814 3944 νίτξ³ῃ³¹¹ξθ

519 3939 933 4017 8111811111111111111
963 3962 1130 4018 fuisse
1161 3939 1331 4029 dicit;
1373 3963 1502 4036 quia
1540 3963 1684 4019 sicut
1731 3963 1964 4035 quilibet
2013 3979 2087 4019 re:

2245 3960 2449 4018 marum
2477 3942 2790 4015 operatione
2824 3942 3012 3998 nullus
3040 3941 3108 3998 ad
3141 3941 3420 4013 fastigium
3455 3939 3813 4012 perfectionis

519 4049 614 4122 qui
646 4067 823 4122 parvae
857 4051 1114 4121 potentiae
1159 4059 1258 4119 est,
1303 4027 1348 4107 si
1387 4027 1619 4108 alterum
1649 4027 1829 4124 regem
1859 4053 1952 4125 qui
1986 4069 2112 4108 ma-
2219 4033 2364 4125 valet
2389 4031 2788 4125 θοηὲθθηάἒτθε
2823 4038 2946 4103 Ροεῐ
2983 4038 3108 4125 00-ῖο
3133 4037 3462 4125 sequam“:
3485 4027 3809 4096 ἀιιοάθοίων

520 4155 636 4210 gnte
686 4140 942 4210 potentiae
990 4149 1092 4206 est,
1132 4151 1323 4198 contra
1367 4158 1442 4210 se,
1505 4149 1567 4197 ut
1613 4159 1839 4214 regnum
1879 4141 1998 4214 ejus
2029 4142 2086 4198 in

2237 4123 2346 4195 [uia
2373 4137 2470 4194 per
2495 4121 2805 4178 doctrinam
2847 4121 3221 4192 apostolorum
3273 4119 3343 4176 ad
3391 4118 3560 4175 ﬁdem
3615 4133 3805 4192 perve-

519 4229 702 4297 vadat,
735 4227 923 4283 venire
952 4231 1294 4300 cognoverit,
1320 4231 1696 4286 contremiscit
1730 4239 1783 4287 et
1821 4231 2111 4289 conturba-
2217 4215 2421 4278 nimus:
2462 4226 2583 4284 (111³⁵
2626 4218 2800 4267 mater
2827 4218 2908 4268 θεῖ
2937 4215 3186 4266 omnium
3218 4215 3514 4266 Virtutum-

518 4325 610 4373 tur
639 4318 805 4388 (Ibid.
838 4317 928 4390 3):
963 4318 1039 4374 ita
1067 4326 1120 4373 et
1149 4317 1366 4376 Christo
1397 4319 1455 4374 in
1498 4335 1659 4375 carne
1707 4319 1980 4388 veniente,
2013 4319 2109 4393 qui
2286 4321 2532 4388 Quatuor
2559 4336 2688 4392 ergo
2717 4318 2979 4376 animalia
3009 4319 3066 4374 in
3104 4318 3342 4376 circuitu
3371 4323 3426 4374 et
3454 4317 3606 4373 intus
3642 4315 3805 4389 plena

517 4406 634 4463 Rex
664 4407 882 4462 futurus
911 4415 1026 4462 erat
1062 4407 1275 4476 mundi,
1319 4408 1559 4464 Herodes
1602 4408 1853 4464 turbatus
1906 4416 2008 4477 est,
2058 4417 2112 4471 et
2215 4426 2330 4466 esse
2359 4409 2534 4466 oculis
2587 4409 2868 4466 dicuntur.
2897 4409 3000 4464 Per
3051 4407 3346 4465 circuitum
3381 4413 3562 4462 totum
3605 4421 3803 4477 corpus

517 4497 698 4553 omnis
741 4496 1122 4569 Hierosolyma
1165 4513 1289 4553 cum
1321 4496 1418 4552 illo
1451 4516 1464 4565 ;
1498 4514 1622 4552 nam
1653 4504 1706 4552 et
1736 4513 1961 4552 munera
1987 4513 2107 4570 qua}
2216 4499 2520 4572 intelligere
2534 4499 2815 4565 debemus;
2841 4515 2968 4554 nam
2999 4497 3251 4554 Ezechiel
3273 4513 3400 4554 cum
3427 4495 3494 4552 de
3511 4495 3582 4552 iis
3596 4495 3800 4551 anima-

516 4587 698 4659 Magos
719 4586 938 4643 Christo
966 4586 1228 4643 obtulisse
1272 4594 1476 4655 narrat,
1505 4604 1629 4644 eum
1657 4588 1876 4659 Regem,
1908 4589 2104 4655 Deum,
2139 4600 2188 4660 ι)
2216 4590 2362 4646 libus
2391 4591 2724 4663 loqueretur,
2749 4588 2888 4645 dicit
2915 4595 3091 4645 totum
3131 4603 3330 4660 corpus
3355 4603 3548 4644 eorum
3576 4586 3796 4658 plenum

515 4684 569 4733 et
622 4677 921 4734 Dominum
986 4694 1102 4733 esse
1158 4663 1407 4733 omnium
1459 4686 1832 4733 creaturarum
1880 4676 2102 4733 demon-
2211 4679 2380 4736 fuisse
2443 4678 2619 4736 oculis
2673 4679 2890 4751 (Ezech.
2953 4694 2991 4746 1,
3043 4677 3155 4748 18).
3203 4676 3388 4733 Sancti
3449 4676 3620 4748 igitur
3655 4685 3798 4734 retro

513 4776 708 4826 strant.
750 4771 990 4826 Marcum
1019 4786 1150 4826 vero
1182 4777 1402 4842 propter
1431 4769 1839 4842 simplicitatem
1892 4771 2099 4844 eloquii
2216 4769 2403 4824 oculos
2457 4767 2680 4835 habent,
2713 4765 2931 4840 quando
2978 4765 3264 4822 audientes
3312 4765 3794 4824 comminationem

513 4873 608 4930 per
629 4858 869 4914 vitulum
898 4859 1172 4931 signatum
1201 4859 1370 4915 fuisse
1398 4859 1592 4915 dicunt
1616 4875 1627 4913 :
1661 4859 1862 4917 Lucam
1888 4877 1982 4932 per
2002 4859 2100 4916 ho-
2213 4857 2435 4914 Domini
2462 4857 2698 4914 dicentis
2727 4875 2739 4913 :
2787 4880 2807 4905 ι
2834 4857 3004 4913 Nemo
3034 4856 3261 4912 mittens
3283 4871 3505 4912 manum
3547 4871 3701 4912 suam
3737 4855 3796 4912 in

512 4947 740 5017 minem,
779 4964 842 5004 eo
869 4949 1015 5022 quod
1054 4950 1168 5022 ipse
1215 4949 1620 5022 generationem
1652 4949 1860 5008 Christi
1907 4967 2099 5007 secun-
2212 4956 2474 5016 aratrum,
2526 4954 2581 5002 et
2635 4946 2905 5020 aspiciens
2956 4953 3121 5013 retro,
3175 4953 3334 5018 aptus
3376 4952 3459 5001 est
3499 4961 3666 5015 regno
3694 4947 3786 5003 Dei

511 5036 642 5092 dum
681 5035 1078 5094 humanitatem
1109 5040 1324 5110 plenius
1353 5056 1516 5112 quam
1555 5039 1736 5096 cateri
1770 5047 2096 5112 prosecutus
2213 5036 2365 5108 (Luc.
2400 5054 2480 5106 111,
2506 5037 2638 5110 62);
2681 5061 2700 5085 ι
2745 5043 2861 5093 tota
2904 5037 3111 5094 virtute
3155 5035 3422 5104 laborant,
3457 5051 3525 5091 ne
3555 5035 3612 5090 in
3657 5036 3794 5092 mala

509 5135 615 5194 est;
667 5142 902 5198 namque
933 5127 1002 5182 ab
1049 5127 1167 5200 ipso
1216 5129 1449 5202 qualiter
1485 5129 1554 5185 ab
1582 5131 1776 5202 angelo
1804 5129 2098 5186 annuntia-
2209 5143 2330 5200 quae
2365 5143 2422 5182 se
2450 5126 2744 5199 aliquando
2795 5127 2968 5198 egisse
3000 5126 3392 5194 meminerunt,
3434 5125 3784 5182 relabantur:

507 5224 600 5274 tus
644 5217 735 5286 sit,
785 5215 1102 5286 didicimus,
1153 5219 1388 5290 qualiter
1438 5227 1598 5274 natus
1647 5219 1790 5290 (37),
1859 5217 2097 5292 qualiter
2209 5218 2461 5291 quamvis
2489 5233 2553 5274 ea
2581 5225 2706 5274 ante
2735 5218 2936 5273 mentis
2983 5219 3174 5273 oculos
3217 5216 3286 5272 ad
3315 5217 3653 5274 humilitatis
3681 5234 3786 5274 sum

506 5305 580 5362 sit
637 5305 691 5360 in
722 5304 984 5377 praesepio
1023 5304 1252 5376 positus,
1283 5305 1520 5379 qualiter
1547 5307 1924 5375 circumcisus,
1963 5322 2095 5380 qua-
2208 5307 2510 5364 custodiam
2543 5323 2742 5380 ponere
2799 5323 2907 5362 non
2952 5305 3245 5363 desistunt.
3302 5309 3447 5364 Ante
3493 5323 3551 5363 se
3605 5309 3787 5365 oculos

506 5393 632 5450 liter
683 5395 741 5449 in
788 5394 992 5466 templo
1045 5401 1418 5465 praesentatus,
1487 5396 1724 5467 qualiter
1789 5411 1963 5468 usque
2019 5394 2088 5451 ad
2207 5396 2432 5463 habent,
2462 5397 2680 5471 quando
2718 5396 3003 5453 audientes
3029 5414 3219 5454 vocem
3250 5396 3476 5454 Domini
3505 5395 3780 5454 dicentis:

505 5490 774 5538 maturam
804 5491 1020 5540 aetatem
1040 5482 1332 5540 crescendo
1352 5485 1682 5556 pervenerit.
1713 5485 1978 5542 Joannem
2000 5501 2095 5558 per
2219 5510 2238 5536 ι
2277 5488 2474 5544 Beatus
2519 5487 2615 5543 ille
2641 5502 2852 5553 servus,
2883 5502 3046 5558 quem
3099 5503 3224 5542 cum
3253 5487 3472 5542 venerit
3499 5487 3782 5558 Dominus,

504 5570 743 5641 aquilam
773 5572 1115 5645 designatum
1154 5573 1324 5630 fuisse
1351 5573 1538 5630 nullus
1557 5582 1660 5642 est,
1687 5575 1782 5647 qui
1819 5583 1998 5647 neget.
2206 5577 2481 5636 invenerit
2507 5579 3068 5652 vigilantem,(Matth.
3101 5595 3260 5648 xxrv,
3291 5578 3358 5636 46
3381 5597 3395 5648 ;
3417 5606 3434 5628 ι
3452 5579 3624 5651 )bona
3649 5598 3780 5656 qure-

543 5698 694 5784 1311)
726 5699 911 5757 Codex
939 5700 1118 5767 Gem.,
1147 5701 1438 5758 imitatione
1464 5708 1620 5775 atque
1646 5703 1888 5760 doctrina
1909 5706 2092 5778 proﬁ-
2210 5704 2394 5784 __(37)
2424 5707 2660 5784 Deerant
2688 5705 2756 5784 in_
2790 5703 2948 5774 edit.,
2995 5707 3227 5778 qualiter
3249 5707 3342 5784 Aab
3377 5711 3632 5781 angelo...
3659 5727 3778 5784 qua-

507 5775 669 5826 ciunt.
1912 5775 1928 5777 ⁷
2016 5775 2025 5778 ⁷
2206 5775 2326 5835 liter
2351 5775 2556 5845 natus;
2591 5792 2712 5852 quae
2741 5777 2800 5834 in
2838 5792 2967 5836 mss.
2999 5775 3113 5836 non
3151 5775 3506 5839 omittuntur.
