3970 6366
150 378 284 436 885

1058 384 1519 443 BERENGAUDI
1557 386 1933 445 EXPOSITIO
1972 387 2043 445 IN
2083 389 2586 449 APOCALYPSIN.

3368 397 3476 455 886

153 518 391 579 cunque
421 514 670 578 possunt,
713 508 928 580 operari
980 523 1092 565 non
1120 508 1399 580 desinunt,
1435 520 1493 568 ut
1522 521 1765 585 tempore
1792 514 1844 574 A
1876 513 2123 587 Cumque
2152 515 2247 571 ille
2282 517 2523 573 secundo
2570 518 2637 573 ad
2681 519 2983 575 eruendum
3018 537 3240 576 manum
3269 530 3473 578 exten-

154 596 371 651 mortis
417 612 549 665 suae,
598 597 838 652 Domino
866 597 1142 667 veniente,
1183 600 1357 672 parati
1390 600 1764 661 inveniantur.

153 683 212 739 A
268 684 511 741 sinistris
552 686 741 742 oculos
788 685 1009 755 habent,
1047 704 1173 743 cum
1220 689 1408 744 omnia
1440 697 1773 749 tentamenta

153 771 486 831 daemonum
525 783 682 832 scuto
713 775 842 831 ﬁdei
875 793 907 832 a
936 778 1214 834 mentibus
1240 780 1354 835 suis
1381 781 1691 851 repellunt:
1742 798 1775 839 a

155 863 387 921 dextris
415 868 605 922 oculos
634 866 858 935 habent,
886 884 1013 923 cum
1043 869 1280 926 sollicite
1332 880 1529 927 cavent
1568 889 1637 928 ne
1676 890 1772 945 pro

156 953 334 1011 bonis
360 956 619 1027 operibus
642 959 1002 1015 extollantur.
1043 959 1169 1016 Sive
1199 977 1234 1016 a
1260 961 1471 1018 dextris
1501 970 1554 1018 et
1582 980 1613 1018 a
1640 964 1771 1021 sini-

154 1045 303 1100 stris
331 1046 522 1101 oculos
554 1045 778 1113 habent,
819 1063 945 1103 cum
994 1064 1086 1102 eos
1120 1064 1221 1104 nec
1249 1066 1506 1122 prospera
1543 1052 1767 1123 erigere,

158 1150 278 1190 nec
299 1134 530 1190 adversa
566 1142 793 1207 possunt
822 1134 1109 1192 inclinare.
1144 1137 1382 1193 Inferius
1410 1145 1555 1200 517
1581 1142 1769 1197 oculos

156 1229 398 1301 habent,
442 1249 568 1289 cum
617 1232 888 1289 desideria
940 1236 1180 1291 carnalia
1222 1236 1621 1308 exstinguendo
1648 1237 1769 1293 cal-

153 1331 331 1378 cant:
364 1322 615 1394 superius
644 1324 834 1379 oculos
864 1323 1085 1391 habent,
1109 1341 1235 1380 cum
1266 1324 1334 1380 ad
1363 1326 1637 1381 caelestem
1666 1342 1771 1397 pa—

152 1411 333 1466 triam
368 1420 483 1468 toto
514 1412 712 1469 mentis
741 1412 1015 1468 desiderio
1044 1413 1307 1468 anhelant
1333 1431 1345 1469 :
1389 1414 1543 1469 intus
1579 1414 1769 1470 oculos

154 1497 394 1569 habent,
427 1501 560 1558 dum
591 1502 757 1559 corda
781 1519 879 1559 sua
901 1519 932 1558 a
952 1502 1190 1560 sordidis
1216 1502 1645 1575 cogitationibus
1674 1519 1768 1560 cu-

151 1591 439 1648 stodiunt.

234 1683 315 1737 Et
342 1682 572 1752 requiem
615 1698 721 1736 non
765 1681 1022 1736 habebant
1075 1682 1161 1737 die
1216 1699 1279 1737 ac
1314 1688 1458 1737 nocte
1503 1682 1768 1737 dicentia:

156 1768 413 1837 Sanctus,
447 1776 677 1839 sanctus,
708 1776 920 1824 sanctus
949 1771 1208 1826 Dominus
1255 1772 1397 1826 Deus
1423 1772 1767 1843 omnipotens,

151 1857 259 1926 qui
280 1865 416 1925 erat,
447 1864 495 1913 et
534 1858 626 1928 qui
654 1864 746 1927 est,
772 1865 822 1912 et
858 1858 949 1928 qui
976 1864 1226 1913 venturus
1264 1865 1355 1916 est.
1386 1858 1526 1926 Quia
1554 1857 1767 1930 requies
1802 1876 1847 1936 Β

151 1946 548 2018 reproboruln,
574 1948 690 2001 vita
719 1962 957 2018 praesens
986 1954 1094 2016 est;
1127 1947 1377 2020 sequitur
1401 1963 1495 2003 eos
1523 1946 1766 2003 tribula—

150 2041 268 2110 tio,
299 2059 420 2115 qua:
461 2041 625 2098 ﬁnem
674 2058 786 2097 non
813 2042 1012 2098 habet:
1040 2042 1176 2115 justi
1212 2050 1396 2099 autem
1434 2042 1493 2098 in
1522 2041 1629 2098 hoc
1654 2057 1766 2097 sa:-

149 2130 291 2186 culo
333 2131 694 2200 tribulantur,
728 2140 788 2188 ut
833 2132 1077 2204 requiem
1119 2140 1377 2187 mternam
1428 2129 1760 2203 possideant,

149 2219 382 2276 dicente
410 2220 579 2275 Paulo
606 2221 892 2292 apostolo:
944 2245 961 2267 ο
991 2221 1093 2275 Per
1139 2221 1341 2275 multas
1373 2218 1766 2276 tribulationes

151 2317 380 2381 oportet
411 2325 510 2364 nos
539 2308 770 2365 introire
799 2309 855 2363 in
886 2325 1113 2381 regnum
1144 2310 1243 2365 Dei
1278 2309 1558 2381 (Act.x1v,
1589 2307 1704 2376 21).
1730 2332 1750 2356 ι

150 2398 377 2454 Aliter:
415 2399 590 2454 sancti
622 2399 867 2472 requiem
898 2414 1011 2453 non
1040 2397 1264 2464 habent,
1288 2396 1416 2469 quia
1448 2412 1479 2451 a
1511 2394 1764 2452 laudibus

149 2486 261 2543 Dei
310 2492 364 2542 et
410 2486 752 2542 orationibus
785 2502 897 2542 non
944 2492 1176 2553 cessant,
1217 2485 1433 2541 dicente
1484 2483 1758 2540 Domino:

165 2598 186 2620 ι
222 2574 457 2646 Oportet
485 2593 699 2648 semper
726 2592 901 2643 orare,
935 2582 988 2630 et
1018 2592 1126 2631 non
1159 2575 1390 2631 deﬁcere
1414 2574 1564 2645 (Luc.
1597 2589 1759 2641 xvm,

157 2664 217 2735 1)
247 2682 263 2732 ;
295 2688 315 2711 ι
357 2671 411 2720 et
437 2665 640 2721 Paulus
662 2666 943 2738 apostolus
964 2665 1211 2737 loquitur
1240 2665 1465 2721 dicens:
1501 2660 1760 2717 «Sinein-

154 2754 515 2811 termissione
545 2763 715 2821 orate,
747 2756 805 2810 in
822 2755 1081 2811 omnibus
1102 2755 1301 2826 gratias
1329 2755 1471 2825 agite
1503 2756 1561 2825 (Ι
1585 2758 1759 2811 Thess.

166 2861 228 2913 v,
265 2846 380 2916 17).
413 2870 433 2894 ι
473 2845 575 2902 Sed
604 2845 958 2919 quaerendum
990 2844 1151 2900 nobis
1203 2853 1305 2912 est,
1336 2845 1612 2916 quomodo
1642 2844 1760 2901 sine

155 2934 576 2991 intermissione
602 2950 757 2990 orare
787 2934 1081 3006 possimus.
1110 2933 1272 2990 Multi
1302 2933 1450 2989 enim
1481 2941 1629 3003 sunt,
1665 2933 1760 3006 qui

149 3041 283 3081 cum
330 3024 443 3079 sint
487 3023 695 3080 assidui
744 3023 799 3079 in
830 3021 1193 3090 orationibus,
1228 3021 1284 3077 in
1316 3021 1659 3093 psalmodiis,
1701 3022 1761 3079 in

150 3115 453 3171 missarum
505 3112 988 3181 celebrationibus,
1039 3121 1094 3167 et
1133 3111 1510 3183 eleemosynas
1560 3112 1761 3168 multas

150 3204 492 3275 largiantur;
569 3211 750 3259 tamen
825 3201 1080 3274 superbia
1153 3201 1439 3268 inﬂantur,
1515 3201 1760 3258 avaritiae
1789 3233 1832 3295 ρ

147 3292 380 3348 aestibus
420 3291 635 3360 ardent,
693 3292 951 3364 pecunias
996 3306 1325 3365 quacunque
1365 3298 1480 3346 arte
1526 3296 1757 3361 possunt

145 3389 523 3453 congregant;
569 3381 626 3436 in
679 3389 890 3438 tantum
950 3387 1012 3436 ut
1066 3379 1232 3435 etiam
1283 3378 1429 3451 ipsos
1468 3395 1751 3452 pauperes,

147 3485 390 3542 quorum
422 3470 669 3526 misereri
698 3469 1022 3534 debuerant,
1062 3468 1387 3541 quibusdam
1419 3468 1756 3541 argumentis

148 3559 516 3630 insectentur,
538 3569 600 3615 ut
629 3576 698 3616 ex
727 3576 916 3616 eorum
950 3574 1118 3631 parva
1147 3557 1452 3614 substantia
1480 3574 1610 3629 opes
1629 3574 1754 3613 suas

148 3659 413 3725 augeant,
447 3652 694 3709 dicentes
737 3651 843 3707 hoc
887 3667 944 3707 se
993 3650 1240 3722 legaliter
1266 3649 1465 3716 facere,
1493 3665 1618 3705 cum
1650 3648 1755 3705 ista

150 3747 248 3803 lex
276 3764 389 3804 non
420 3748 493 3804 sit
514 3746 635 3813 Dei,
658 3745 753 3802 sed
782 3743 1010 3816 stropha
1034 3743 1262 3799 diaboli.
1287 3743 1393 3800 Sed
1415 3750 1469 3799 et
1491 3743 1549 3799 in
1569 3760 1755 3801 mona-

149 3835 338 3891 steriis
364 3837 525 3891 multi
558 3834 945 3901 inveniuntur,
969 3832 1064 3905 qui
1088 3832 1146 3887 in
1168 3831 1399 3904 vigiliis,
1417 3831 1476 3887 in
1506 3832 1751 3904 psalmis,

151 3923 213 3979 in
260 3924 633 3993 orationibus,
680 3932 734 3980 et
780 3922 1073 3978 missarum
1117 3921 1581 3978 celebrationibus
1626 3928 1756 3977 sunt

150 4013 352 4082 dediti,
380 4021 435 4069 et
463 4021 645 4070 tamen
673 4013 755 4068 ira
787 4012 1088 4083 smpissime
1117 4017 1172 4067 et
1200 4011 1361 4068 facile
1391 4010 1752 4067 inﬂamman-

151 4110 246 4158 tur
270 4118 281 4156 :
316 4103 539 4175 quidam
562 4119 693 4159 vero
722 4101 976 4159 ebrietati
998 4109 1052 4157 et
1070 4102 1210 4173 gulae
1231 4099 1551 4157 deserviunt
1575 4118 1587 4156 :
1617 4099 1755 4173 qui-

151 4191 279 4247 dam
310 4191 473 4246 etiam
502 4190 691 4247 odium
724 4192 783 4247 in
819 4191 983 4248 corde
1013 4193 1177 4263 longo
1212 4198 1460 4264 tempore
1490 4197 1749 4263 portant:

152 4284 378 4356 quidam
432 4285 490 4339 in
532 4284 715 4352 bonis,
746 4300 867 4356 quae
910 4300 1067 4356 agere
1113 4284 1394 4353 videntur,
1440 4285 1656 4342 favores
1702 4293 1757 4342 et

156 4372 344 4429 laudes
373 4371 662 4426 hominum
692 4380 947 4444 quaerunt
973 4390 983 4428 :
1018 4371 1241 4443 quidam
1272 4373 1505 4441 invidia,
1529 4373 1755 4445 quidam

154 4462 613 4530 detractionibus,
662 4471 759 4517 aut
795 4461 1008 4516 caeteris
1032 4460 1187 4516 vitiis
1232 4460 1635 4532 deprimuntur.
1683 4464 1756 4518 Et
1796 4484 1799 4487 ·

154 4552 290 4626 quid
324 4551 529 4624 plura?
577 4552 807 4608 Omnem
838 4550 1183 4606 sanctitatem
1215 4567 1378 4623 quam
1407 4552 1754 4609 sermonibus
1782 4586 1831 4646 D

154 4654 444 4719 usurpant,
477 4645 721 4718 indignis
752 4644 1000 4702 moribus
1028 4644 1324 4718 deturpant
1361 4655 1524 4719 atque
1578 4645 1754 4703 deve-

154 4743 401 4792 nustant.
1616 4734 1643 4807 ,ἶ

227 4825 313 4881 Ad
336 4824 566 4881 istorum
587 4840 716 4896 ergo
726 4823 1027 4881 caecitatem
1050 4822 1536 4879 demonstrandam
1566 4840 1752 4896 quam-

155 4912 281 4969 dam
312 4913 736 4969 similitudinem
769 4929 1088 4986 proponam.
1113 4913 1288 4969 Homo
1318 4912 1545 4985 quidam
1582 4930 1753 4986 usque

157 5003 225 5060 ad
251 5005 456 5060 collum
486 5003 703 5061 deﬁxus
728 5003 785 5058 in
822 5003 956 5058 limo
987 5001 1307 5069 tenebatur;
1332 5018 1568 5074 cumque
1591 5002 1753 5059 vidis-

158 5101 241 5149 set
308 5092 601 5165 quemdam
641 5099 1083 5165 praetereuntem,
1148 5091 1448 5148 extendens
1503 5109 1748 5163 manum,

159 5184 427 5241 clamabat
441 5186 630 5241 dicens
655 5203 666 5241 :
699 5184 956 5241 Miserere
985 5183 1112 5251 mei,
1132 5191 1186 5239 et
1207 5182 1435 5239 extrahe
1452 5200 1537 5239 me
1557 5183 1625 5240 ab
1647 5184 1753 5241 hoc

161 5273 295 5331 luto.
340 5274 587 5349 Cumque
611 5291 835 5330 manum
863 5273 1218 5342 extendisset,
1242 5280 1304 5328 ut
1331 5289 1457 5328 eum
1487 5273 1754 5331 extrahe-

161 5369 262 5429 ret,
292 5362 395 5419 iste
424 5380 646 5420 manum
678 5379 840 5436 quam
869 5362 1210 5431 extenderat,
1242 5361 1344 5418 sub
1384 5361 1501 5418 luto
1529 5362 1754 5418 demer-

158 5453 247 5508 sit.
279 5451 526 5525 Cumque
556 5452 649 5508 ille
679 5451 773 5525 qui
801 5449 870 5507 ad
902 5450 1307 5507 extrahendum
1338 5459 1585 5521 venerat,
1609 5466 1754 5509 rece-

159 5540 284 5599 dere
327 5541 515 5610 vellet,
562 5540 663 5598 iste
706 5539 906 5597 iterum
952 5547 1014 5597 ut
1038 5596 1045 5603 ,
1071 5548 1374 5611 emeretur,
1416 5540 1749 5615 postulabat.

1881 603 2051 672 deret,
2107 603 2209 660 iste
2258 605 2401 662 sicut
2442 607 2598 689 prius
2629 624 2851 664 nanum
2900 610 3002 665 sub
3032 611 3150 667 luto
3192 611 3469 670 demersit.

1883 690 2129 766 Cumque
2158 694 2402 749 crebrius
2429 694 2535 752 hoc
2577 695 2797 766 faceret,
2827 698 2920 753 ille
2952 700 3123 755 iratus
3150 699 3329 756 dixit:
3363 702 3475 759 Cur

1880 782 2022 853 petis
2050 790 2112 838 ut
2136 784 2365 851 eruaris,
2392 801 2517 839 cum
2549 784 2607 840 in
2644 794 2736 841 tuo
2766 788 3013 858 periculo
3055 788 3341 860 persistere
3368 807 3474 846 ve-

1883 870 1999 927 lis?
2028 872 2100 926 Et
2128 872 2257 944 quia
2295 874 2579 931 interitum
2626 883 2779 932 tuum
2809 877 3015 948 diligis,
3066 878 3283 949 posside
3327 881 3473 952 quod

1880 960 2115 1030 elegisti.
2148 961 2418 1018 Similiter
2448 972 2502 1019 et
2534 964 2626 1020 isti
2651 966 2825 1021 Deum
2850 966 3211 1037 deprecantur
3236 967 3470 1036 assidue,

1878 1056 1943 1103 ut
1967 1064 1998 1103 a
2028 1049 2180 1105 vitiis
2209 1060 2506 1118 eruantur;
2532 1061 2584 1109 et
2614 1060 2799 1109 tamen
2831 1054 2948 1125 ipsa
2988 1054 3124 1110 vitia
3153 1055 3230 1110 ita
3257 1057 3475 1128 ample-

1879 1146 2125 1207 ctuntur,
2157 1147 2218 1194 ut
2244 1140 2311 1196 ab
2336 1141 2416 1197 eis
2445 1143 2601 1197 nullo
2624 1143 2786 1199 modo
2806 1143 2999 1200 divelli
3027 1145 3259 1216 possint.
3286 1146 3472 1201 Pona-

1882 1244 2004 1285 mus
2033 1245 2159 1301 ergo
2188 1238 2315 1287 ante
2343 1232 2552 1300 oculos,
2583 1232 2755 1289 duos:
2801 1250 2974 1289 unum
3005 1234 3228 1291 doctum
3258 1236 3475 1292 assidue

1878 1327 2146 1388 orantem,
2177 1322 2524 1393 psallentem,
2556 1322 2750 1380 missas
2777 1324 3166 1392 celebrantem,
3200 1333 3254 1382 et
3283 1334 3467 1383 tamen

1878 1407 2207 1479 quibusdam
2237 1410 2390 1466 vitiis
2410 1411 2693 1468 subditum
2720 1430 2732 1467 :
2756 1413 2990 1469 alterum
3013 1430 3142 1469 vero
3164 1413 3470 1483 indoctum,

1877 1496 2129 1567 idiotam,
2186 1509 2428 1558 attamen
2476 1502 2718 1571 ﬁdelem,
2755 1504 2929 1558 Deum
2980 1503 3263 1559 timentem
3311 1511 3473 1576 atque

1877 1595 2173 1659 amantem,
2207 1591 2522 1662 proximum
2552 1591 2896 1663 diligentem,
2927 1593 3244 1665 patientem,
3277 1592 3473 1650 humi-

1878 1677 2007 1735 lem.
2054 1678 2189 1746 Quis
2234 1680 2434 1736 horum
2482 1680 2587 1736 tibi
2616 1680 2837 1737 videtur
2863 1674 3115 1752 Apostoli
3145 1682 3471 1739 sententiam

1877 1782 2142 1837 servasse,
2198 1784 2308 1841 qua
2362 1768 2535 1825 dicit:
2597 1793 2615 1815 ι
2668 1769 2798 1825 Sine
2852 1769 3258 1827 intermissione
3321 1779 3472 1827 orate

1884 1854 2074 1929 (Ibid.)
2101 1877 2115 1927 ;
2148 1883 2167 1908 ι
2204 1858 2299 1916 ille
2327 1860 2421 1932 qui
2469 1858 2684 1916 assidue
2713 1867 2852 1929 orat,
2881 1867 2935 1916 et
2963 1856 3288 1933 quibusdam
3318 1862 3473 1919 vitiis

1877 1946 2154 2018 subjacet:
2186 1964 2255 2003 an
2278 1949 2381 2005 iste
2409 1949 2505 2022 qui
2535 1948 2711 2007 nescit
2739 1966 2914 2018 orare,
2940 1956 2994 2005 et
3021 1957 3203 2006 tamen
3232 1951 3473 2009 mundus

1874 2044 1955 2093 est
2001 2053 2033 2092 a
2068 2038 2249 2107 vitiis,
2275 2046 2329 2094 et
2376 2038 2635 2110 operibus
2681 2039 2843 2096 bonis
2898 2039 3155 2096 deditus?
3201 2039 3472 2098 Omnibus

1873 2124 2042 2180 claret
2075 2125 2238 2181 istius
2284 2127 2660 2183 innocentiam
2703 2136 2867 2200 atque
2910 2127 3057 2184 bona
3094 2144 3258 2200 opera
3300 2131 3473 2202 magis

1873 2214 2138 2270 exaudire
2182 2217 2379 2285 Deum,
2412 2232 2577 2289 quam
2608 2216 2761 2273 illius
2789 2233 2971 2285 voces,
3019 2216 3182 2290 cujus
3210 2217 3326 2275 vita
3352 2221 3471 2293 qui-

1873 2307 2105 2365 busdam
2143 2310 2300 2366 vitiis
2349 2309 2634 2368 sordescit.
2684 2311 2783 2368 Ille
2832 2311 3001 2384 igitur
3037 2311 3154 2368 sine
3196 2312 3470 2371 intermis-

1872 2396 2027 2454 sione
2068 2406 2207 2469 orat,
2241 2399 2335 2472 qui
2381 2399 2638 2472 congruis
2683 2400 3024 2472 temporibus
3062 2410 3244 2458 mente
3276 2411 3330 2459 et
3368 2403 3470 2459 lin-

1873 2505 1977 2561 gua
2004 2493 2180 2547 Deum
2210 2491 2551 2562 deprecatur,
2585 2498 2639 2547 et
2668 2491 2727 2547 in
2747 2491 2907 2547 bonis
2936 2492 3192 2563 operibus
3219 2493 3470 2550 assiduus

1872 2588 1975 2635 est.
2008 2579 2114 2647 Qui
2146 2580 2365 2653 quando
2391 2580 2618 2648 dormit,
2650 2588 2745 2636 aut
2773 2580 3051 2653 aliquibus
3080 2580 3336 2652 operibus
3368 2580 3468 2637 hu-

1873 2685 2046 2724 manae
2070 2670 2197 2725 vitae
2229 2669 2547 2725 necessariis
2577 2677 2658 2725 est
2681 2677 2998 2741 occupatus,
3044 2686 3206 2741 opera
3241 2669 3359 2742 ejus
3386 2686 3468 2727 re-

1871 2755 2084 2829 fulgent
2110 2757 2166 2813 in
2196 2765 2495 2829 conspectu
2524 2757 2645 2826 Dei,
2675 2766 2730 2813 et
2758 2758 2877 2829 ipsa
2925 2765 3054 2813 sunt
3082 2758 3467 2816 intercessores

1871 2843 1990 2915 ejus
2027 2844 2171 2916 apud
2198 2846 2395 2914 Deum,
2425 2846 2569 2901 sicut
2588 2845 2656 2901 ad
2689 2845 3006 2903 Cornelium
3037 2846 3281 2919 loquitur
3308 2863 3466 2919 ange-

1872 2932 1980 3002 lus,
2044 2934 2269 2990 dicens:
2318 2960 2337 2982 σ
2367 2934 2654 2991 Orationes
2699 2941 2808 2991 tuae
2847 2942 2901 2991 et
2944 2935 3304 3008 eleemosynaa
3356 2943 3465 2993 tuae

1870 3031 2315 3080 commemoratae
2345 3032 2476 3080 sunt
2510 3024 2568 3080 in
2598 3030 2894 3097 conspectu
2923 3023 3020 3080 Dei
3050 3023 3193 3094 (Act.
3226 3041 3284 3093 χ,
3317 3023 3397 3096 4).
3430 3048 3449 3071 ι

1943 3112 2088 3180 Quid.
2108 3122 2289 3169 autem
2311 3120 2548 3187 quatuor
2567 3113 2829 3169 animalia
2856 3111 3231 3169 indesinenter
3250 3112 3456 3183 dicant,

1866 3202 2179 3259 audiamus:
2216 3203 2460 3271 Sanctus,
2502 3209 2734 3270 sanctus,
2765 3208 2996 3271 sanctus,
3030 3201 3284 3257 Dominus
3323 3203 3465 3259 Deus

1862 3294 2208 3365 omnipotens,
2245 3293 2339 3364 qui
2378 3298 2515 3361 erat,
2562 3298 2610 3348 et
2636 3290 2728 3361 qui
2757 3297 2852 3358 est,
2883 3296 2931 3345 et
2958 3291 3050 3361 qui
3086 3297 3334 3346 venturus
3363 3298 3456 3356 ast.

1863 3384 1967 3438 Ter
1992 3392 2244 3439 sanctum
2288 3383 2462 3438 Deum
2493 3387 2752 3437 vocantes
2778 3378 2917 3451 (38),
2947 3378 3325 3435 demonstrant
3365 3380 3459 3436 Pa-

1867 3480 2005 3528 trem
2054 3480 2107 3528 et
2157 3470 2362 3527 Filium
2413 3478 2469 3525 et
2497 3468 2763 3541 Spiritum
2796 3474 3066 3523 sanctum.
3097 3466 3253 3534 Quod
3279 3475 3456 3524 autem

1862 3560 2094 3618 dicunt:
2152 3561 2413 3616 Dominus
2475 3562 2611 3614 Deus
2666 3557 3009 3630 omnipotens,
3061 3573 3091 3613 a
3145 3557 3460 3629 pluralitate

1861 3656 2208 3707 transeuntes
2251 3648 2322 3705 ad
2377 3647 2835 3721 singularitatem,
2895 3647 3195 3704 ostendunt
3243 3646 3458 3705 Patrem

1863 3748 1917 3797 et
1947 3740 2151 3797 Filium
2183 3748 2238 3797 et
2283 3739 2552 3812 Spiritum
2581 3746 2830 3795 sanctum
2857 3737 3025 3793 unius
3052 3752 3168 3793 esse
3211 3736 3458 3793 domina-

1862 3829 2056 3896 tionis,
2114 3828 2282 3885 unius
2332 3827 2574 3896 deitatis,
2638 3826 2805 3883 unius
2864 3826 3300 3899 omnipotentiae.
3354 3827 3460 3886 Sed

1862 3916 2220 3991 quaerendum
2252 3915 2413 3972 nobis
2441 3922 2544 3984 est,
2575 3915 2621 3970 si
2653 3924 2890 3989 quatuor
2918 3914 3179 3971 animalia
3216 3932 3328 3971 non
3376 3932 3460 3973 so-

1863 4007 1978 4062 lum
2022 4012 2258 4078 quatuor
2305 4004 2691 4078 evangelistas,
2736 4004 2828 4061 sed
2872 4012 2930 4061 et
2972 4021 3162 4061 omnes
3210 4005 3462 4062 doctores

1860 4095 2120 4151 Ecclesiae
2162 4093 2487 4166 designant;
2537 4110 2637 4149 cur
2664 4100 2907 4150 sanctam
2936 4093 3262 4151 Trinitatem
3290 4093 3461 4150 inde-

1863 4187 2109 4246 sinenter
2164 4185 2420 4241 invocare
2472 4182 2748 4252 dicantur,
2792 4199 2919 4240 cum
2964 4184 3141 4240 sancti
3199 4183 3300 4240 Dei
3348 4182 3462 4239 ali-

1864 4279 2086 4355 quando
2116 4278 2174 4333 in
2216 4276 2584 4345 orationibus,
2633 4275 2930 4349 aliquando
2958 4275 3015 4331 in
3045 4275 3299 4344 lectione,
3348 4275 3462 4331 ali—

1863 4367 2083 4443 quando
2118 4366 2175 4422 in
2203 4366 2616 4439 prmdicatione,
2645 4373 2739 4420 aut
2781 4364 3013 4421 diversis
3042 4363 3463 4422 necessitatibus

1864 4465 2226 4530 occupentur.
2278 4455 2668 4512 Praedicatores
2718 4470 2845 4526 ergo
2880 4453 3054 4510 sancti
3110 4453 3243 4509 dum
3294 4452 3458 4509 ﬁdem

1862 4557 2062 4605 sanctae
2100 4546 2388 4603 Trinitatis
2435 4554 2490 4601 et
2537 4552 2718 4601 mente
2762 4544 3022 4611 retinent,
3069 4551 3123 4600 et
3175 4560 3267 4601 ore
3296 4542 3458 4615 proﬁ-

1863 4643 2072 4705 tentur,
2103 4635 2237 4691 dum
2270 4650 2436 4707 opera
2461 4633 2593 4690 ﬁdei
2619 4633 2944 4705 adimplent,
2966 4631 3099 4687 dum
3119 4630 3367 4687 eamdem
3397 4630 3458 4687 ﬁ-

1814 4792 1819 4797 ,
1863 4726 1987 4783 dem
2016 4734 2070 4782 et
2085 4743 2250 4799 opera
2280 4724 2409 4781 ﬁdei
2430 4724 2850 4798 quibuscunque
2879 4728 3109 4794 possunt
3137 4719 3457 4793 praedicant,

1861 4817 1994 4874 dum
2027 4817 2190 4871 etiam
2213 4816 2271 4871 in
2301 4814 2646 4870 orationibus
2672 4820 2725 4868 et
2748 4813 2802 4867 in
2828 4811 3127 4884 gratiarum
3148 4811 3459 4871 actionibus

1862 4905 2041 4978 ipsum
2097 4906 2191 4977 qui
2239 4913 2321 4960 est
2363 4903 2546 4958 trinus
2605 4911 2658 4956 et
2710 4917 2854 4957 unus
2909 4904 3078 4966 Deus,
3126 4910 3357 4958 exorant
3404 4910 3461 4958 et

1862 4995 2111 5063 laudant,
2128 4995 2258 5051 dum
2278 4991 2580 5049 secundum
2603 4991 2946 5062 Apostolum,
2964 4990 3078 5047 sive
3102 4990 3454 5061 manducant,

1863 5085 1980 5141 sive
2012 5084 2231 5149 bibunt,
2278 5081 2464 5137 omnia
2504 5080 2563 5137 in
2594 5080 2819 5136 nomine
2845 5079 3068 5136 Domini
3097 5080 3223 5136 Jesu
3251 5079 3457 5138 Christi

1859 5174 2071 5231 faciunt
2120 5173 2177 5245 (Ι
2206 5173 2332 5229 Cor.
2362 5188 2419 5239 ιι,
2451 5171 2560 5240 31;
2605 5172 2799 5229 Coloss.
2842 5188 2926 5236 ιιι,
2969 5172 3081 5243 17),
3131 5171 3455 5228 Trinitatem

1860 5271 2104 5319 sanctam
2135 5259 2512 5317 indesinenter
2539 5260 2822 5317 invocant.
2855 5260 3013 5329 Quod
3040 5267 3220 5317 autem
3264 5259 3459 5334 sequi-

1861 5360 1989 5411 tur:
2028 5351 2130 5419 Qui
2175 5357 2312 5418 erat,
2360 5356 2407 5405 et
2431 5349 2524 5421 qui
2551 5356 2645 5420 est,
2687 5356 2736 5405 et
2777 5350 2871 5423 qui
2899 5356 3148 5407 venturus
3186 5356 3303 5416 est;
3340 5348 3456 5422 jam

1861 5442 2116 5514 superius
2141 5440 2354 5498 dictum
2385 5448 2484 5497 est.

1936 5540 2118 5612 (Vers.
2152 5540 2207 5609 9,
2242 5538 2356 5612 10.)
2404 5540 2479 5596 Et
2521 5556 2638 5595 cum
2679 5539 2869 5595 darent
2909 5539 3010 5595 illa
3035 5537 3298 5596 animiin
3332 5540 3460 5612 glo-

233 5758 349 5833 (38)
378 5758 553 5829 Edit.,
588 5759 687 5816 Ter
730 5757 982 5832 spiritum
1018 5758 1237 5818 Domini
1273 5765 1511 5817 vocantes
1541 5776 1558 5830 ;
1592 5776 1747 5830 mss.,
1789 5761 1891 5819 Ter
1914 5766 2153 5818 sanctum
2179 5759 2349 5817 Deum
2375 5764 2634 5817 vocantes.
