3970 6368
543 379 650 437 887

1543 381 1640 438 ΑΒ
1677 382 1913 439 ΟΡΕΒΑ
1949 381 2005 438 S.
2047 381 2379 441 AMBROSII
2415 382 2796 440 APPENDIX.

3751 383 3856 442 888

543 507 686 564 riam
715 513 762 562 et
787 507 1036 562 honorem
1066 511 1115 560 et
1144 504 1544 562 benedictionem
1571 506 1766 562 sedenti
1799 523 1956 579 super
1981 507 2137 579 ;thro-
2164 509 2216 569 Α
2248 507 2469 580 quando
2511 508 2569 563 in
2609 507 2869 566 omnibus
2905 525 3027 583 qua
3055 516 3244 583 agunt,
3278 509 3542 564 honorem
3573 508 3678 568 Dei
3710 526 3854 583 qure-

542 613 692 663 num,
736 595 932 652 viventi
981 595 1038 650 in
1071 596 1264 652 saecula
1293 596 1606 651 saeculorum
1628 614 1650 662 ;
1679 597 2026 668 procedebant
2051 596 2146 652 oi-
2253 604 2404 652 runt.
2435 612 2545 652 non
2565 597 3024 670 suum.Superius
3054 597 3370 656 benedictio
3390 597 3557 654 tertio
3588 599 3714 656 loco
3744 616 3856 672 po-

541 686 676 758 ginti
702 691 934 757 quatuor
959 685 1188 739 seniores
1207 690 1328 739 ante
1345 685 1596 740 sedentem
1619 685 1678 739 in
1707 687 1911 753 throno,
1939 691 1988 740 et
2013 685 2140 741 ado-

542 781 740 837 rabunt
768 780 1018 834 viventem
1038 779 1095 833 in
1121 779 1314 834 saecula
1339 781 1739 835 smeulorumJn
1770 779 1876 835 hoc
1906 780 2026 836 loco
2047 796 2143 852 per

543 879 782 945 quatuor
837 870 1118 939 animalia,
1149 877 1386 944 quatuor
1417 870 1543 926 libri
1572 871 2000 944 Evangeliorum
2037 871 2140 927 de-

543 963 849 1034 signantur:
893 978 990 1034 per
1016 961 1098 1031 vi.
1115 961 1220 1018 inti
1250 970 1486 1034 quatuor
1511 961 1772 1030 seniores,
1806 963 1992 1018 Patres
2021 963 2142 1017 Νο-

541 1051 598 1106 vi
629 1050 960 1107 Testamenti
981 1051 1153 1124 accipi
1185 1059 1430 1124 possunt.
1464 1050 1710 1118 Quatuor
1728 1067 1855 1122 ergo
1881 1050 2141 1106 animalia

543 1144 771 1216 gloriam
819 1151 874 1200 et
918 1141 1183 1199 honorem
1219 1152 1273 1200 et
1311 1143 1752 1200 benedictionem
1791 1143 2003 1200 sedenti
2035 1161 2138 1200 su-

542 1253 638 1308 per
686 1235 973 1303 thronum,
1033 1235 1244 1290 viventi
1288 1234 1344 1290 in
1375 1236 1573 1292 saecula
1597 1237 1922 1294 saculorum
1954 1235 2090 1292 dant
2120 1255 2134 1304 ;

543 1325 674 1400 quia
707 1324 959 1382 doctrina
1000 1325 1286 1398 Evangelii
1317 1325 1374 1380 in
1404 1325 1663 1382 universo
1692 1326 1824 1383 orbe
1853 1327 2056 1398 legitur
2084 1332 2138 1381 et

540 1413 889 1487 praedicatur,
935 1430 1032 1486 per
1071 1430 1233 1487 quam
1274 1415 1450 1486 gloria
1467 1422 1522 1470 et
1547 1415 1726 1470 honor
1745 1424 1796 1472 et
1823 1414 2137 1472 benedictio

539 1504 689 1561 Patri
725 1511 779 1560 et
832 1503 978 1560 Filio
1009 1511 1062 1559 et
1111 1503 1342 1575 Spiritui
1381 1511 1570 1559 sancto
1613 1503 1794 1560 datur.
1826 1505 1914 1560 Ad
1943 1521 2133 1561 vocem

540 1595 712 1667 igitur
753 1602 989 1668 quatuor
1031 1593 1378 1662 animalium,
1411 1594 1610 1667 viginti
1633 1603 1869 1668 quatuor
1893 1595 2136 1653 seniores

537 1683 855 1740 ceciderunt
909 1689 1036 1738 ante
1093 1681 1370 1739 sedentem
1401 1683 1460 1739 in
1489 1683 1714 1753 throno,
1759 1693 1812 1740 et
1862 1684 2134 1742 adorave—

2249 686 2423 751 nitur,
2447 685 2541 742 hic
2567 693 2750 742 autem
2781 685 2982 742 virtus:
3019 694 3074 743 et
3102 687 3231 760 quia
3258 686 3458 754 sancti,
3481 687 3615 742 dum
3656 704 3858 759 magna

2249 775 2482 842 faciunt,
2533 775 2938 833 benedicuntur
2971 777 3040 833 ab
3071 777 3414 845 hominibus,
3446 777 3713 834 convenit
3742 777 3853 832 vir-

2249 875 2339 923 tus
2384 882 2512 927 cum
2541 865 2946 922 benedictione.
2977 866 3080 922 Sed
3111 873 3378 938 quantum
3403 864 3578 921 sancti
3609 881 3711 936 pro
3743 881 3854 920 ma-

2246 955 2375 1028 gnis
2419 954 2678 1027 operibus
2707 971 2828 1028 quin
2867 955 3102 1022 faciunt,
3134 954 3322 1010 laudes
3364 954 3653 1010 hominum
3707 953 3854 1009 dete-

2245 1053 2484 1112 stantur,
2518 1045 2660 1102 liber
2687 1047 2928 1101 Actuum
2975 1044 3349 1117 apostolorum
3404 1041 3565 1099 nobis
3617 1041 3852 1098 indicat.

2245 1135 2380 1190 Nam
2437 1135 2626 1190 Petrus
2679 1141 2734 1190 et
2791 1134 3035 1189 Joannes
3081 1149 3206 1188 cum
3255 1130 3514 1187 claudum
3539 1139 3852 1199 sanassent,

2245 1229 2300 1277 et
2349 1223 2599 1278 omnium
2647 1222 2793 1278 oculi
2853 1229 3034 1278 essent
3065 1219 3414 1276 intendentes
3441 1219 3499 1275 in
3542 1235 3658 1287 eos,
3692 1219 3852 1292 quasi

2243 1327 2342 1366 sua
2397 1308 2605 1367 virtute
2671 1310 2778 1366 hoc
2832 1309 3085 1378 fecerint,
3132 1309 3324 1365 Petrus
3370 1310 3654 1365 oculorum
3687 1307 3854 1364 bene-

2242 1397 2516 1457 dictiones
2553 1399 2986 1468 devitans,dixit
3008 1398 3076 1455 ad
3106 1413 3214 1454 eos:
3263 1423 3281 1445 ι
3314 1397 3434 1455 Viri
3464 1398 3680 1464 fratres,
3715 1395 3853 1469 quid

2243 1505 2344 1545 nos
2389 1487 2709 1556 intuemini,
2759 1487 2915 1561 quasi
2962 1487 3021 1543 in
3051 1496 3236 1544 nostra
3275 1486 3481 1543 virtute
3509 1495 3606 1543 aut
3645 1485 3855 1558 pietate

2243 1577 2536 1634 fecerimus
2565 1576 2686 1650 (42)
2723 1577 2871 1633 hunc
2898 1576 3180 1632 ambulare
3211 1577 3239 1632 ‘I
3268 1577 3413 1632 Deus
3441 1574 3747 1644 Abraham,
3798 1583 3855 1629 et

2242 1667 2388 1723 Deus
2429 1667 2599 1734 Isaac,
2645 1673 2700 1721 et
2732 1667 2880 1722 Deus
2917 1665 3083 1722 Iacob
3113 1665 3402 1722 suscitavit
3429 1664 3632 1721 Filium
3681 1679 3852 1720 suum

537 1778 670 1827 runt
710 1770 992 1828 viventem
1047 1771 1104 1827 in
1154 1773 1354 1829 saecula
1407 1773 1756 1841 saeculorum,
1788 1775 1918 1847 quia
1956 1775 2132 1832 sancti

2249 1761 2426 1817 Iesum
2459 1761 2604 1832 (Act.
2635 1777 2721 1829 ιιι,
2759 1761 2849 1829 12,
2886 1760 3004 1832 13).
3038 1785 3056 1809 ν
3098 1760 3171 1814 Et
3201 1759 3258 1814 in
3294 1759 3684 1831 sequentibus:
3743 1781 3762 1804 ι
3786 1759 3852 1814 In

535 1859 634 1916 Dei
661 1876 757 1932 per
784 1860 1101 1916 universum
1142 1860 1328 1917 orbem
1377 1862 1686 1930 constituti,
1731 1862 2014 1918 audientes
2038 1863 2132 1918 do-
2238 1850 2398 1922 cuius
2436 1852 2664 1908 nomine
2697 1859 2842 1907 astat
2871 1850 2965 1906 hic
2993 1867 3175 1907 coram
3206 1848 3365 1905 vobis
3401 1865 3584 1905 sanus.
3619 1873 3638 1896 ι
3682 1848 3854 1905 Simi-

535 1950 771 2007 ctrinam
825 1951 1136 2022 Evangelii,
1185 1949 1487 2006 humiliant
1513 1968 1569 2006 se
1599 1951 1656 2007 in
1686 1960 1984 2024 conspectu
2011 1951 2132 2020 Dei,

537 2045 600 2094 ut
629 2055 755 2094 cum
787 2038 907 2110 ipso
933 2039 1128 2094 vivant
1161 2037 1217 2092 in
1248 2038 1448 2094 saecula
1473 2039 1824 2095 saeculorum.
1855 2041 1928 2096 Et
1956 2040 2136 2095 mitte-

537 2130 664 2184 bant
703 2144 928 2183 coronas
963 2131 1110 2190 518
1157 2143 1283 2182 suas
1311 2134 1432 2182 ante
1461 2129 1736 2193 thronum,
1761 2129 2004 2185 dicentes.
2035 2129 2138 2186 Per

534 2239 766 2282 coronas
819 2240 986 2296 Opera
1039 2223 1186 2279 bona
1215 2223 1384 2280 fuisse
1409 2223 1690 2296 designata
1713 2224 1964 2296 superius
1991 2227 2130 2297 (cap.

537 2331 615 2381 IV,
645 2328 780 2368 vers.
813 2312 870 2384 4)
902 2312 1180 2368 diximus:
1210 2312 1385 2369 sancti
1418 2328 1546 2384 ergo
1579 2329 1810 2369 coronas
1835 2330 1963 2369 suas
2010 2323 2135 2371 ante

537 2404 802 2461 thronum
857 2403 1136 2470 mittunt,
1201 2403 1336 2460 dum
1399 2403 1673 2477 quidquid
1724 2404 1856 2460 boni
1915 2414 2131 2478 agunt,

535 2495 650 2550 Deo
703 2492 977 2562 tribuunt,
1024 2509 1136 2550 non
1183 2493 1310 2562 sibi,
1359 2493 1661 2550 secundum
1704 2495 1955 2566 Apostoli
1985 2511 2134 2566 prae-

535 2591 800 2654 ceptum:
875 2606 896 2630 ‹
949 2581 1054 2650 Qui
1111 2582 1379 2654 gloriatur
1409 2625 1425 2652 ,
1475 2582 1532 2638 in
1592 2584 1828 2639 Domino
1871 2584 2136 2656 glorietur

539 2673 630 2745 (II
655 2673 779 2728 Cor.
813 2688 872 2740 χ,
909 2672 1021 2744 17).
1055 2696 1073 2719 ι

609 2763 792 2836 (Vers.
832 2761 945 2834 11.)
985 2761 1131 2829 Quid
1185 2769 1368 2819 autem
1419 2761 1630 2829 dicant,
1687 2761 2008 2818 audiamus:
2040 2762 2135 2818 Di-

537 2870 671 2926 gnus
725 2871 796 2923 es,
858 2853 1080 2908 Domine
1132 2853 1272 2908 Deus
1317 2857 1516 2920 noster,
1563 2852 1795 2924 accipere
1831 2853 2062 2924 gloriam
2088 2861 2139 2909 et

536 2945 787 2999 honorem
809 2949 858 2997 et
891 2944 1159 2997 virtutem.
1183 2941 1446 3014 Superius
1475 2941 1621 2997 dixit
1649 2950 1885 3014 quatuor
1913 2943 2137 2998 anima-

538 3035 613 3090 lia
667 3034 891 3106 gloriam
949 3042 1002 3090 et
1034 3032 1300 3090 honorem
1329 3043 1383 3090 et
1411 3032 1850 3092 benedictionem
1882 3036 1996 3091 Deo
2029 3035 2136 3091 de-

535 3123 717 3179 disse:
767 3121 860 3178 hic
899 3129 1080 3178 autem
1135 3121 1334 3194 viginti
1393 3129 1629 3194 quatuor
1669 3121 1912 3178 seniores
1941 3122 2135 3178 dicunt

2245 1939 2372 1994 liter
2410 1940 2611 1995 Paulus
2648 1947 2703 1995 et
2753 1939 3035 1996 Barnabas
3085 1955 3210 1996 cum
3233 1946 3518 2011 .zrgrotum
3540 1937 3599 1994 in
3629 1938 3854 2011 Lystris

2243 2036 2546 2098 sanassent,
2574 2036 2630 2084 et
2667 2029 2858 2101 populi
2888 2030 3092 2084 vellent
3121 2028 3199 2084 eis
3227 2026 3854 2094 sacriﬁcare,sciderunt

2243 2117 2572 2173 vestimenta
2601 2134 2718 2184 sua,
2750 2115 2996 2172 dicentes
3020 2133 3032 2172 :
3081 2141 3100 2165 ι
3130 2116 3271 2186 Viri,
3301 2116 3435 2188 quid
3467 2116 3584 2172 haec
3617 2115 3852 2174 facitis?

2242 2211 2298 2259 et
2325 2219 2426 2259 nos
2446 2203 2699 2260 homines
2725 2221 2938 2272 sumus,
2967 2205 3176 2261 similes
3199 2205 3357 2262 vobis
3387 2206 3529 2276 (Act.
3561 2205 3836 2276 x1v,14).»

2243 2293 2538 2349 Possumus
2585 2301 2640 2348 et
2685 2292 2792 2348 hoc
2819 2295 2888 2350 de
2919 2294 3141 2352 Christo
3195 2296 3525 2368 intelligere,
3555 2312 3722 2369 quem
3766 2312 3852 2351 se-

2241 2383 2488 2440 cundum
2529 2381 2956 2451 humanitatem,
3007 2391 3061 2438 et
3106 2384 3356 2456 gloriam,
3389 2394 3443 2442 et
3471 2385 3766 2453 honorem,
3795 2393 3853 2442 et

2242 2469 2507 2528 virtutem
2545 2471 2816 2544 accepisse
2854 2472 3204 2528 manifestum
3237 2481 3338 2530 est.

2313 2557 2607 2632 Sequitur:
2662 2559 2801 2628 Quia
2848 2565 2904 2615 tu
2944 2561 3134 2616 creasti
3178 2562 3379 2630 omnia,
3411 2568 3460 2616 et
3488 2569 3717 2633 propter
3743 2581 3860 2618 υο-

2245 2651 2493 2704 luntatem
2553 2655 2700 2704 tuam
2752 2657 2924 2718 erant,
2981 2657 3028 2705 et
3079 2657 3256 2705 creata
3308 2657 3450 2706 sunt.
3509 2651 3565 2706 Si
3613 2651 3725 2708 hoc
3788 2671 3862 2710 eo

2242 2754 2406 2794 sensu
2431 2735 2850 2811 intelligendum
2879 2747 2980 2807 est,
3009 2754 3121 2811 quo
3147 2746 3202 2795 et
3230 2739 3388 2795 illud:
3429 2739 3532 2807 Qui
3559 2739 3705 2809 fecit,
3726 2758 3860 2810 quae

2242 2827 2432 2898 futura
2475 2833 2640 2892 sunt;
2667 2843 2857 2883 omnes
2885 2843 3010 2899 ergo
3043 2825 3160 2897 (43)
3189 2835 3450 2884 creaturae
3479 2835 3636 2884 erant
3666 2829 3728 2884 in
3753 2847 3854 2901 po-

2244 2927 2448 2976 testate
2486 2927 2540 2975 et
2587 2919 2870 2974 voluntate
2925 2917 3068 2986 Dei,
3124 2925 3418 2990 antequam
3475 2927 3847 2975 crearentur:

2243 3018 2428 3066 creata
2473 3025 2605 3064 vero
2645 3016 2772 3064 sunt
2819 3026 2882 3065 eo
2929 3016 3190 3080 tempore,
3223 3024 3332 3080 quo
3371 3007 3642 3078 disposuit
3670 3009 3848 3064 Deus.

2243 3100 2361 3172 Ipse
2416 3099 2586 3170 igitur
2615 3099 2710 3171 qui
2742 3107 2944 3154 cuncta
2977 3098 3186 3154 creavit
3213 3114 3282 3154 ex
3312 3097 3511 3166 nihilo,
3545 3113 3731 3153 creare
3762 3096 3850 3152 di-

535 3211 766 3283 gloriam
789 3218 840 3268 et
871 3210 1134 3266 honorem
1160 3215 1214 3266 et
1243 3211 1508 3266 virtutem
1539 3212 1656 3266 Deo
1684 3210 1974 3283 accepisse,
2007 3211 2132 3266 vir—

2249 3195 2439 3260 gnetur
2461 3187 2520 3243 in
2559 3187 2724 3244 nobis
2753 3203 2850 3244 cor
2878 3187 3168 3255 mundum,
3201 3188 3292 3262 qui
3316 3187 3458 3243 vivit
3487 3195 3541 3242 et
3570 3193 3765 3258 regnat
3784 3186 3850 3241 in

533 3279 708 3358 tutem
767 3317 866 3373 pro
919 3299 1302 3357 benedictione
1355 3307 1756 3356 commutantes
1813 3279 1956 3372 (39).
1988 3299 2135 3368 Quid
2179 3279 2211 3283 ᾖ
2242 3279 2441 3335 smul“
2467 3279 2820 3347 “culorum:
2849 3293 3030 3334 amen-

535 3409 666 3448 vero
695 3392 895 3466 aliquis
923 3394 1036 3448 Deo
1065 3391 1194 3448 dare
1223 3398 1420 3464 potest,
1451 3399 1552 3448 aut
1577 3391 1713 3464 quid
1751 3393 1897 3448 Deus
1923 3391 1993 3446 ab
2021 3391 2134 3446 ali-

534 3499 644 3556 quo
689 3483 934 3555 accipere
981 3490 1191 3554 potest;
1231 3496 1357 3538 cum
1399 3480 1514 3554 ipse
1589 3480 1854 3537 creaverit
1908 3481 2130 3548 omnia;

535 3577 591 3628 et
640 3571 758 3627 sine
783 3587 892 3643 quo
917 3570 1060 3626 nihil
1089 3586 1205 3626 esse
1225 3575 1402 3642 potest
1431 3577 1486 3625 et
1506 3569 1600 3642 qui
1625 3569 1762 3626 dicit
1798 3569 1856 3624 in
1888 3569 2133 3640 Evange-

536 3661 614 3718 lio
642 3677 654 3715 :
703 3684 722 3708 ι
753 3660 882 3716 Sine
911 3677 998 3716 me
1027 3661 1170 3716 nihil
1199 3660 1430 3732 potestis
1465 3660 1643 3716 facere
1665 3660 1949 3732 (Joan.xv,
1977 3659 2071 3731 5)?
2102 3686 2121 3708 ι

535 3749 594 3806 Si
633 3749 780 3806 enim
809 3749 986 3806 sancti
1017 3750 1137 3808 sine
1165 3751 1280 3806 Deo
1307 3749 1450 3806 nihil
1481 3756 1712 3822 possunt
1742 3748 1940 3818 facere,
1999 3747 2132 3822 quid

536 3852 768 3920 possunt
813 3843 944 3900 dare
985 3843 1120 3900 illi?
1171 3843 1346 3916 Igitur
1394 3843 1524 3918 quia
1562 3842 1854 3900 hominum
1899 3841 2026 3898 talis
2053 3847 2135 3897 est

539 3942 759 4004 natura,
803 3940 866 3990 ut
919 3933 1062 3990 nihil
1107 3933 1240 3990 boni
1291 3949 1322 3989 a
1352 3950 1408 3989 se
1437 3932 1636 3990 habere
1668 3932 1898 4005 possint,
1929 3931 2036 3988 nisi
2065 3932 2134 3989 ab

539 4027 660 4100 ipso
716 4026 1009 4100 accipiant,
1069 4025 1163 4098 qui
1201 4035 1284 4083 est
1331 4041 1547 4082 summe
1601 4024 1817 4094 bonus;
1867 4024 1961 4080 dat
1990 4027 2135 4080 Deus

540 4117 746 4174 sanctis
787 4118 924 4186 suis,
978 4115 1126 4173 unde
1175 4115 1282 4188 ipsi
1308 4131 1434 4171 eum
1463 4122 1814 4171 remanerent
1849 4115 1989 4186 (40).
2022 4115 2136 4171 Re-
2200 4185 2206 4192 _

539 4224 709 4282 gnum
747 4223 985 4281 namque
1022 4206 1290 4262 caelorum
1311 4206 1458 4261 Deus
1478 4204 1736 4276 promisit
1765 4204 1970 4260 sanctis
1997 4203 2132 4273 suis,

539 4303 782 4353 attamen
829 4295 874 4350 si
907 4293 1145 4366 pretium
1194 4293 1468 4348 bonorum
1500 4307 1724 4364 operum
1757 4308 1856 4363 pro
1885 4308 1948 4348 eo
1977 4291 2136 4348 dede-

541 4385 690 4442 rint:
751 4392 805 4440 et
851 4381 980 4456 quia
1021 4381 1182 4439 electi
1227 4381 1333 4438 hoc
1358 4380 1596 4454 pretium
1626 4397 1739 4436 non
1770 4379 1992 4450 habent,
2026 4381 2134 4437 nisi

539 4475 608 4532 ab
646 4475 765 4548 ipso
799 4472 1073 4546 accipiant
1104 4490 1118 4540 ;
1171 4471 1286 4544 ipse
1327 4471 1422 4528 dat
1452 4470 1712 4543 pretium,
1740 4472 1886 4528 unde
1914 4471 1982 4528 ab
2015 4471 2134 4544 ipso

2685 3425 2780 3480 DE
2806 3423 3088 3481 VISIONE
3117 3423 3396 3480 TERTIA.

2315 3553 2428 3626 (44)
2479 3553 2600 3610 Non
2649 3553 3104 3610 inconvenienter
3132 3559 3255 3626 post
3276 3551 3605 3624 descriptam
3637 3552 3850 3608 Eccle—

2241 3643 2336 3699 siae
2373 3643 2604 3698 formam
2634 3641 2843 3714 apertio
2874 3642 3003 3697 libri
3047 3641 3292 3714 ponitur,
3322 3657 3416 3712 per
3439 3656 3599 3712 quam
3629 3640 3849 3714 apertio

2242 3733 2558 3792 divinarum
2581 3732 2994 3805 Scripturarum
3023 3731 3359 3804 designatur;
3384 3731 3514 3804 quia
3549 3739 3846 3805 postquam

2242 3839 2275 3879 a
2301 3822 2505 3878 sanctis
2525 3820 2792 3894 apostolis
2821 3820 3140 3893 ceterisque
3170 3817 3622 3892 praedicatoribus
3653 3820 3847 3877 Eccle-

2242 3917 2324 3974 sia
2377 3917 2436 3972 in
2489 3915 2744 3989 gentibus
2783 3915 3014 3972 fundata
3066 3923 3168 3983 est,
3199 3914 3327 3971 libri
3359 3914 3576 3972 Veteris
3602 3930 3670 3972 ac
3699 3913 3845 3970 Novi

2243 4008 2578 4064 Testamenti
2616 4006 2923 4064 secundum
2977 4007 3333 4080 apostolicam
3380 4005 3546 4064 ﬁdem
3576 4021 3609 4062 a
3633 4005 3846 4064 sanctis

2243 4105 2562 4163 doctoribus
2589 4103 2830 4178 expositi
2865 4111 3016 4161 sunt.

2315 4203 2544 4263 CAPUT
2563 4203 2708 4262 V.—
2721 4203 2905 4274 (Vers.
2941 4203 3020 4276 1.)
3051 4203 3124 4260 Et
3150 4202 3262 4258 uidi
3288 4202 3347 4258 in
3373 4201 3594 4258 dextera
3615 4202 3844 4258 sedentis

2241 4311 2400 4367 super
2430 4295 2679 4349 thronum
2710 4293 2905 4348 librum
2923 4293 3178 4365 scriptum
3200 4293 3344 4348 intus
3371 4297 3422 4347 et
3447 4291 3608 4363 foris,
3648 4292 3844 4364 signa—

2245 4393 2355 4440 tum
2401 4383 2598 4455 sigillis
2649 4389 2858 4454 septem.
2901 4383 2982 4439 De
3006 4381 3233 4439 dextera
3255 4390 3310 4440 et
3333 4381 3530 4455 sigillis
3554 4381 3703 4454 quod
3735 4383 3841 4438 Do-

2243 4477 2429 4532 minus
2466 4473 2701 4541 dederit,
2735 4473 2794 4529 in
2835 4471 3192 4548 sequentibus
3219 4471 3502 4529 dicemus:
3536 4470 3681 4528 liber
3706 4488 3843 4528 vero

539 4571 726 4623 emant
778 4563 949 4619 vitam
999 4568 1278 4618 aeternam.
1311 4561 1456 4616 Dant
1487 4560 1670 4632 itaque
1698 4561 1871 4616 sancti
1903 4560 2129 4630 gloriam
2157 4589 2206 4648 Β
2242 4563 2480 4636 scriptus
2528 4565 2678 4620 intus
2705 4571 2758 4620 et
2793 4563 2932 4620 loris
2960 4579 3072 4619 non
3101 4563 3280 4619 solum
3324 4562 3496 4619 Vetus
3523 4561 3840 4618 Testamen-

537 4656 652 4712 Deo
673 4653 892 4728 quando
912 4649 1184 4724 quidquid
1205 4649 1337 4705 boni
1354 4649 1588 4713 faciunt,
1618 4665 1682 4704 eo
1714 4648 1899 4704 studio
1920 4648 2130 4705 faciunt

537 4750 601 4800 ut
634 4741 972 4816 gloriﬁcatur
1017 4741 1166 4797 Deus
1215 4755 1313 4812 per
1368 4738 1538 4810 ipsos,
1595 4738 1738 4795 sicut
1767 4739 1882 4811 ipse
1907 4739 2046 4796 dicit
2070 4739 2130 4796 in

536 4829 876 4904 Evangelio:
937 4851 956 4875 ι
1012 4826 1250 4885 Videant
1312 4825 1429 4898 (41)
1469 4834 1654 4882 vestra
1691 4827 1834 4882 bona
1863 4843 2049 4900 opera,
2079 4834 2135 4883 et

539 4919 846 4994 gloriﬁcent
867 4917 1084 4976 Patrem
1117 4925 1384 4986 vestrum,
1407 4917 1503 4990 qui
1535 4917 1592 4972 in
1620 4917 1774 4974 coelis
1799 4925 1881 4974 est
1915 4920 2129 4990 (Matth.

538 5029 596 5084 v,
631 5012 745 5086 16).
784 5035 803 5061 ι
851 5013 986 5068 Nam
1038 5019 1092 5068 et
1144 5012 1380 5068 Joannes
1409 5012 1632 5068 Petrum
1663 5011 1800 5069 dicit
1830 5021 2006 5069 morte
2033 5029 2132 5070 sua

535 5102 712 5160 Deum
757 5099 1083 5159 clariﬁcasse
1132 5100 1314 5173 (Joan.
1362 5117 1485 5172 nr,
1524 5101 1638 5174 19).
1669 5102 1814 5158 Dant
1839 5101 2129 5174 honorem,

609 5247 726 5320 (39)
774 5247 1051 5320 Ita‘ms‘sq
1081 5242 1215 5301 edit.
1248 5261 1400 5320 vero,
1437 5252 1488 5320 et
1502 5244 1913 5320 (benedictionem
1948 5265 1984 5302 a
2008 5248 2129 5320 (Deo

533 5315 804 5387 accepisse,
827 5315 908 5371 hic
935 5315 1180 5370 virtutem
1206 5333 1305 5387 pro
1334 5316 1676 5372 benedictione
1699 5319 2056 5375 commutavit.

543 5336 649 5376 accc
686 5336 804 5386 isse,
827 5336 908 5371 nw
935 5336 1180 5370 virtutem
1206 5336 1305 5387 pro
1334 5336 1676 5372 aeneatCttone
1699 5336 2056 5375 commutavit.

543 5461 554 5472 .
609 5336 726 5472 (ﬁl)
782 5387 958 5455 Edit.,
1006 5387 1142 5472 unde
1182 5387 1290 5458 ipse
1317 5405 1402 5442 eos
1430 5393 1724 5444 remuneret
1753 5405 1772 5442 :
1803 5405 1957 5458 mss.,
1990 5391 2127 5446 unde

533 5464 637 5532 ipsi
663 5478 780 5516 eum
805 5464 1156 5515 remanerent.

543 5603 583 5613 ﬁ
607 5531 726 5604 (41)
746 5531 875 5613 _Sic
923 5545 1113 5610 omnes
1149 5545 1324 5613 Amisi;
1561 5547 1714 5613 vero,
1751 5533 2131 5613 utgloriﬁcent

533 5601 711 5658 Deum
743 5604 973 5666 Patrem,
1029 5601 1164 5656 sicut
1215 5601 1388 5657 Filius
1431 5602 1528 5658 Dei
1571 5602 1764 5660 dicit...
1803 5601 1866 5662 Ut
1893 5601 2126 5673 videant,

535 5680 726 5816 eu:(42)
766 5741 942 5811 Edit.,
989 5743 1185 5802 virtute
1217 5749 1313 5800 aut
1334 5748 1590 5818 potestate
1615 5743 1912 5817 fecerimus.
1941 5748 2016 5806 Et
2043 5746 2126 5806 in-

2240 4664 2380 4722 tum,
2401 4653 2496 4710 sed
2524 4660 2579 4708 et
2595 4653 2812 4709 Novum
2839 4652 3134 4726 signiﬁcat,
3169 4652 3265 4725 qui
3296 4651 3448 4708 intus
3486 4651 3726 4724 scriptus
3758 4660 3843 4707 est

2240 4742 2542 4799 secundum
2581 4740 2898 4815 allegoriam
2921 4784 2937 4810 ,
2981 4741 3117 4798 foris
3168 4742 3471 4799 secundum
3519 4740 3839 4797 historiam.

2242 4832 2344 4889 Hic
2372 4831 2542 4904 igitur
2562 4831 2704 4887 liber
2738 4839 2901 4888 vetus
2927 4839 2982 4888 et
3009 4847 3218 4887 novum
3249 4831 3658 4888 Testamentum
3689 4833 3752 4888 in
3783 4849 3842 4890 se

2240 4923 2520 4990 continet;
2569 4921 2700 4995 quia
2739 4921 3012 4995 spiritalis
3037 4921 3404 4996 intelligentia
3427 4923 3486 4979 in
3517 4923 3708 4980 Veteri
3738 4924 3838 4981 Te-

2241 5018 2510 5068 stamento
2556 5010 2699 5068 nihil
2746 5017 2828 5068 est
2856 5009 3028 5078 aliud,
3071 5026 3234 5084 quam
3262 5011 3480 5067 Novum
3523 5011 3838 5069 Testamen-

2239 5109 2380 5158 tum.

2239 5250 2343 5319 fra,
2398 5249 2598 5316 Iesum,
2643 5250 2700 5305 in
2741 5250 2892 5320 cujus
2916 5249 3124 5306 nomine
3167 5250 3250 5306 hic
3300 5255 3405 5305 stat
3433 5267 3614 5306 coram
3641 5249 3839 5317 vobis;

2238 5339 2372 5378 mss.
2397 5330 2576 5378 autem
2598 5329 2660 5377 ut
2688 5321 2746 5378 in
2773 5329 3060 5378 contextu.

2312 5392 2429 5464 (43)
2465 5393 2685 5448 Eaedem
2743 5393 2898 5460 edit.,
2952 5399 3001 5447 et
3036 5397 3212 5448 creata
3258 5393 3432 5448 sunt?
3475 5393 3663 5449 Omnes
3691 5409 3835 5464 ergo,

2238 5471 2368 5536 etc.;
2427 5465 2678 5536 lacunam
2719 5481 2850 5520 vero
2899 5472 3152 5534 reparant
3177 5480 3368 5520 omnes
3418 5479 3547 5519 mss.
3600 5475 3834 5536 excepto

2238 5535 2336 5592 ubi
2369 5535 2624 5608 legimus,
2665 5536 2724 5592 Si
2768 5541 2942 5602 erant,
2973 5535 3232 5606 quomodo
3262 5541 3440 5591 creata
3467 5542 3611 5591 sunt.
3647 5535 3834 5592 Omnes

2236 5615 2623 5760 Ἵῖᾏῖῐῗίᾳω.
2655 5676 2789 5734 edit.
2821 5677 3044 5760 proprio
3055 5685 3257 5760 marte
3273 5676 3625 5760 jugulaverat
3652 5685 3831 5736 totum

2237 5747 2388 5808 hunc
2409 5747 2727 5825 prologum,
2747 5747 3018 5824 usque—ad
3044 5751 3120 5808 Et
3145 5747 3291 5820 vidi,
3307 5747 3414 5812 etc.
