3970 6380
499 427 602 485 891

1526 425 1622 480 ΑΙ)
1661 421 1896 480 OPEBA
1931 421 1988 478 S.
2023 420 2357 479 AMBROSII
2395 422 2776 480 APPENDIX.

3719 423 3850 480 892

500 550 617 606 haec
645 550 833 606 omnia
885 549 1393 622 praeﬁguraverunt.
1447 546 1700 605 Christus
1728 563 1860 603 vero
1888 545 2108 621 quando
2142 548 2194 607 A
2221 555 2540 615 sueverunt,
2573 547 2718 605 sicut
2745 545 2883 604 dicit
2910 545 3231 602 Psalmista:
3277 567 3296 592 ι
3327 544 3676 603 Sacriﬁcium
3705 548 3846 603 Deo

499 659 569 699 ex
600 643 830 715 Virgine
857 649 1019 698 natus
1047 649 1148 710 est,
1197 638 1416 712 quando
1444 654 1634 710 passus
1665 645 1767 706 est,
1816 644 1868 693 et
1915 653 2107 693 resur-

501 733 668 801 rexit,
703 738 757 788 et
811 731 868 787 in
915 731 1116 788 coelum
1146 727 1414 794 ascendit,
1470 726 1670 782 librum
1719 725 1934 782 Veteris
1979 727 2104 781 Tes-

500 821 729 876 tamenti
784 820 1040 893 aperuit;
1111 819 1243 892 quia
1302 835 1421 890 quae
1479 817 1556 872 ibi
1627 815 2100 886 signiﬁcabantur,

497 924 660 981 opere
688 910 940 982 implevit
967 928 978 966 :
1001 916 1186 982 postea
1216 924 1348 963 vero
1376 923 1438 962 ea
1463 923 1582 980 quae
1613 906 1671 961 in
1701 906 1884 962 Veteri
1907 906 2103 961 Testa-

499 1009 687 1056 mento
715 1001 946 1056 obscura
963 1006 1121 1055 erant
1147 1005 1200 1053 et
1231 997 1289 1052 in
1316 996 1826 1063 Novo,doctoribus
1843 997 2101 1052 Ecclesia)

499 1107 595 1163 per
628 1089 1044 1160 inspirationem
1078 1087 1320 1160 Spiritus
1335 1087 1507 1142 sancti
1527 1085 1911 1157 aperuitQuaa
1941 1103 2112 1157 aper-,

499 1179 578 1235 tio
614 1179 874 1236 reseratio
903 1188 984 1234 est
1016 1178 1349 1250 sigillorum.
1385 1175 1543 1244 Quod
1597 1183 1779 1230 autem
1825 1177 2092 1258 sequitur,

497 1269 645 1342 quod
675 1277 912 1342 quatuor
939 1267 1200 1324 animalia
1238 1273 1292 1323 et
1337 1264 1538 1338 viginti
1575 1275 1812 1338 quatuor
1857 1265 2100 1321 seniores

497 1358 822 1416 ceciderunt
835 1375 1018 1416 coram
1043 1360 1222 1430 Agno,
1241 1356 1306 1413 ad
1331 1355 1551 1412 eosdem
1573 1355 1824 1412 doctores
1840 1356 2098 1412 Ecclesia)

497 1447 764 1520 pertinet;
807 1449 1023 1520 quoties
1060 1446 1210 1502 enim
1260 1444 1629 1511 nativitatem,
1674 1444 2006 1516 passionem,
2045 1451 2100 1500 et

496 1537 953 1594 resurrectionem
1001 1534 1226 1592 Domini
1256 1535 1324 1590 ad
1372 1533 1692 1590 memoriam
1726 1533 2018 1602 reducunt,
2045 1543 2099 1591 et

495 1625 916 1700 quibuscunque
943 1625 1121 1681 modis
1169 1625 1288 1680 haec
1317 1641 1348 1679 a
1376 1623 1580 1680 sanctis
1628 1623 1877 1696 patribus
1923 1623 2098 1696 praeﬁ-

499 1723 712 1788 gurata,
742 1723 794 1770 et
823 1731 855 1770 a
888 1715 1172 1787 prophetis
1193 1713 1452 1786 praedicta
1481 1721 1631 1782 sunt,
1659 1715 1940 1770 recolunt:
1965 1730 2096 1788 quo-

497 1805 815 1877 tiescunque
870 1803 986 1860 haec
1029 1820 1150 1877 quae
1193 1804 1252 1860 in
1311 1805 1616 1876 Evangelio
1655 1803 1886 1860 obscure
1917 1805 2095 1875 posita

2211 635 2440 708 Spiritus
2469 637 2876 693 contribulatus
2909 638 3082 709 (Psal.
3117 654 3176 706 ι,
3217 637 3354 708 19).»
3399 637 3530 693 Sive
3559 638 3841 696 sacerdo-

2210 733 2291 782 tes
2320 727 2419 783 Dei
2449 725 2733 795 dicuntur,
2757 743 2820 784 eo
2841 732 2984 789 520
3007 726 3154 800 quod
3184 727 3429 783 membra
3458 727 3572 786 sint
3603 736 3841 792 summi

2211 821 2520 878 Sacerdotis
2565 822 2633 878 de
2677 839 2787 896 quo
2823 823 2960 880 dicit
2989 825 3278 880 Psalmista
3311 841 3322 880 :
3371 849 3390 870 ι
3423 825 3504 880 Tu
3535 841 3594 882 es
3624 825 3840 882 Sacer-

2209 907 2306 964 dos
2349 911 2408 966 in
2459 918 2746 981 aeternum,
2785 913 3085 974 secundum
3117 912 3368 970 ordinem
3400 913 3837 972 Melchisedech

2212 997 2526 1069 (Psal..c1x,
2559 1000 2640 1072 4).
2677 1026 2694 1049 ι

2279 1087 2460 1156 (Vers.
2497 1091 2581 1157 11,
2617 1089 2728 1162 i2.)
2761 1093 2834 1146 Et
2861 1091 2969 1146 vidi
2996 1097 3045 1146 et
3070 1091 3255 1145 audivi
3283 1109 3454 1146 vocem
3477 1095 3832 1164 angelorum

2205 1178 2494 1232 multorum
2521 1179 2575 1233 in
2617 1179 2842 1233 circuitu
2869 1181 3064 1250 throni,
3095 1188 3142 1235 et
3162 1183 3454 1250 seniorum,
3491 1189 3539 1237 et
3568 1190 3837 1253 quatuor

2205 1266 2520 1321 animalium
2551 1283 2570 1322 .'
2601 1273 2649 1322 et
2693 1275 2808 1323 erat
2844 1286 3094 1323 numerus
3123 1286 3304 1324 eorum
3330 1269 3504 1325 millia
3544 1270 3834 1338 millium,

2205 1354 2484 1409 dicentium
2514 1372 2630 1410 voce
2657 1373 2850 1429 magna
2881 1374 2899 1412 :
2939 1358 3141 1428 Dignus
3187 1365 3261 1412 est
3290 1376 3478 1430 agnus,
3509 1361 3608 1430 qui
3654 1360 3835 1414 occi—

2205 1461 2294 1499 sus
2322 1451 2413 1513 est,
2437 1445 2668 1516 accipere
2710 1451 2975 1519 virtutem,
3027 1455 3076 1505 et
3124 1450 3473 1519 divinitatem,
3521 1458 3570 1507 et
3597 1451 3834 1522 sapien-

2206 1537 2355 1605 tiam,
2373 1542 2421 1591 et
2437 1535 2826 1610 fortitudinem,
2847 1548 2896 1597 et
2922 1542 3191 1609 honorem,
3211 1547 3259 1597 et
3283 1543 3534 1613 gloriam,
3565 1549 3616 1598 et
3645 1543 3838 1598 bene-

2205 1633 2608 1692 dictionem.Per
2625 1635 2908 1705 thronum,
2926 1645 2980 1694 et
2999 1644 3235 1710 quatuor
3247 1637 3528 1706 animalia,
3541 1645 3596 1694 et
3624 1638 3834 1695 senio-

2203 1740 2290 1780 res
2319 1727 2578 1782 universa
2600 1727 2846 1783 Ecclesia
2881 1745 3005 1784 cum
3036 1729 3148 1786 suis
3175 1728 3492 1786 doctoribus
3549 1729 3831 1803 designa-

2203 1821 2294 1870 tur
2326 1832 2338 1870 :
2372 1817 2552 1888 angeli
2585 1833 2718 1873 vero
2751 1861 2766 1886 ,
2799 1817 2894 1891 qui
2923 1817 3212 1888 thronum,
3243 1819 3300 1875 id
3343 1827 3425 1876 est
3470 1819 3828 1888 Ecclesiam,

493 1902 644 1962 sunt,
693 1893 1020 1966 investigare
1060 1910 1171 1950 non
1203 1893 1482 1962 desinunt,
1511 1894 1675 1950 toties
1713 1894 1792 1950 eis
1838 1893 1978 1949 liber
2023 1893 2083 1949 si-

2199 1902 2441 1960 cinxisse
2471 1905 2576 1961 visi
2625 1914 2774 1976 sunt,
2816 1908 2997 1980 angeli
3051 1917 3180 1964 sunt
3231 1908 3327 1982 qui
3371 1908 3440 1964 ad
3487 1909 3827 1965 custodiam

495 1989 689 2055 gnatus
714 1981 974 2054 aperitur.
1013 1982 1231 2040 Cadunt
1260 1999 1391 2039 vero
1413 1998 1596 2038 coram
1625 1983 1800 2054 Agno,
1832 1998 1957 2040 cum
1989 1997 2086 2053 per

495 2071 908 2128 meditationem
945 2071 1260 2129 divinarum
1299 2073 1706 2144 Scripturarum
1737 2071 2084 2126 consideran-

493 2170 574 2218 tes
626 2163 952 2220 immensam
1005 2162 1352 2220 clementiam
1409 2161 1532 2229 Dei,
1589 2160 1889 2216 humiliant
1927 2175 1983 2216 se
2025 2161 2084 2216 in

493 2272 519 2309 ρ
549 2261 789 2324 aspectu
845 2253 1106 2310 creatoris
1157 2251 1243 2307 sui
1281 2268 1292 2306 :
1337 2259 1392 2306 et
1447 2256 1652 2322 quanto
1681 2265 1738 2304 se
1767 2264 1862 2320 per
1888 2247 2085 2304 humi-

493 2342 706 2398 litatem
738 2341 1027 2414 dejiciunt,
1071 2343 1252 2398 tantbt
1279 2338 1517 2410 amplius
1575 2337 1634 2392 in
1693 2353 1936 2392 amorem
1967 2335 2086 2408 ejus

491 2433 860 2490 exardescunt
891 2449 905 2498 ;
937 2431 1067 2504 quia
1120 2428 1407 2485 humilitas
1448 2443 1568 2499 qua;
1599 2425 1661 2480 ﬁt
1700 2425 1758 2480 in
1787 2433 2084 2498 conspectu

491 2521 610 2590 Dei,
643 2521 820 2577 nutrit
863 2535 1106 2576 amorem
1135 2517 1255 2574 Dei.
1313 2517 1416 2573 Per
1465 2514 1704 2572 citharas
1750 2525 1932 2572 autem
1963 2531 2084 2588 quae

491 2608 751 2666 animalia
777 2616 832 2664 et
861 2608 1104 2664 seniores
1132 2604 1388 2661 habuisse
1415 2603 1698 2671 dicuntur,
1730 2604 2084 2662 mortiﬁcatio

491 2699 672 2756 carnis
713 2697 1052 2769 designatur,
1083 2695 1226 2750 sicut
1266 2692 1404 2750 dicit
1450 2694 1786 2766 Apostolus:
1848 2717 1866 2742 ε
1897 2692 2082 2749 Morti-

491 2789 649 2845 ﬁcate
681 2785 926 2842 membra
961 2793 1142 2839 vestra
1176 2799 1296 2856 quae
1325 2790 1454 2839 sunt
1481 2799 1644 2856 super
1657 2791 1882 2851 terram,
1913 2781 2081 2838 forni-

493 2877 788 2942 cationem,
820 2871 1254 2939 immunditiam,
1277 2872 1612 2940 avaritiam;
1653 2878 1709 2927 et
1735 2878 1930 2928 caetera
1957 2871 2082 2943 (Co.

495 2965 615 3022 loss.
651 2982 734 3032 ιιι,
767 2964 848 3033 5).
896 2961 1100 3018 Pbialze
1140 2977 1270 3017 vero
1298 2978 1474 3018 aureae
1511 2962 1675 3019 corda
1703 2971 1833 3019 sunt
1869 2969 2080 3019 sancto-

491 3069 635 3120 rum,
694 3053 931 3123 spiritali
973 3051 1246 3124 sapientia
1274 3053 1502 3125 repleta,
1549 3068 1669 3124 quat
1706 3052 2082 3108 odoramentis

492 3141 651 3213 plena
678 3140 848 3197 fuisse
877 3140 1160 3198 dicuntur.
1191 3141 1336 3210 Quid
1362 3141 1474 3197 sint
1493 3149 1675 3196 autem
1703 3140 2078 3210 odoramenta,

490 3230 603 3302 ipse
631 3232 880 3302 exponit,
937 3248 1065 3288 cum
1104 3230 1411 3304 subjungit,
1471 3249 1589 3304 qua:
1633 3238 1758 3288 sunt
1815 3232 2081 3288 orationes
2110 3256 2152 3316 α

489 3325 811 3376 sanctorum.
843 3321 914 3377 Et
931 3327 994 3376 ut
1017 3319 1134 3378 haec
1162 3320 1520 3377 odoramenta
1561 3320 1631 3376 ad
1669 3321 1842 3376 Deum
1891 3335 2073 3376 ascen-

488 3407 641 3478 dant,
682 3410 942 3466 Palmista
990 3417 1266 3482 precatur,
1319 3419 1446 3466 eum
1499 3408 1684 3466 dicit:
1733 3434 1754 3458 ε
1793 3409 2078 3482 Dirigatur

485 3498 661 3554 oratio
699 3515 840 3568 mea,
871 3500 1012 3556 sicut
1034 3484 1420 3568 incensum,in
1451 3505 1747 3572 conspectu
1771 3507 1867 3556 tuo
1898 3499 2072 3581 (Psal.

484 3603 610 3656 cn,
638 3587 718 3659 2).
754 3612 774 3637 ι

559 3685 742 3756 (Vers.
773 3686 855 3757 9.)
879 3687 952 3742 Et
977 3687 1262 3744 cantabant
1295 3687 1558 3743 canticum
1603 3703 1796 3742 novum
1831 3687 2073 3743 dicentes.

484 3773 729 3845 Populus
756 3791 936 3832 novus
972 3776 1249 3834 canticum
1289 3793 1497 3833 novum
1537 3786 1758 3844 cantat;
1797 3775 2076 3833 canticum

485 3877 692 3918 novum
723 3863 999 3921 canticum
1029 3873 1112 3922 est
1137 3866 1448 3938 Evangelii,
1479 3867 1717 3939 «Dignus
1745 3883 1822 3936 es,
1841 3865 2075 3922 Domine

482 3955 648 4022 Deus,
681 3955 927 4028 accipere
972 3957 1197 4026 librum,
1226 3967 1282 4014 et
1307 3957 1518 4030 aperire
1557 3957 1836 4030 signacula
1871 3955 2010 4028 ejus.
2042 3978 2061 4004 ι

405 4100 416 4114 ν
485 4041 602 4098 Hoc
648 4044 794 4116 quod
841 4045 997 4113 dicit,
1051 4046 1120 4102 ad
1171 4045 1572 4122 hu_manitatem
1629 4045 1748 4118 ejus
1793 4044 2071 4118 pertinet;

484 4145 615 4186 nam
647 4133 947 4190 secundum
987 4134 1335 4192 divinitatem
1384 4133 1530 4190 nihil
1577 4133 1824 4206 accipere
1871 4133 2071 4205 potuit,

483 4219 616 4291 quia
643 4223 830 4278 omnia
856 4239 1070 4296 semper
1088 4223 1302 4280 habuit.
1337 4223 1449 4281 Cur
1475 4233 1659 4280 autem
1686 4223 1888 4294 dignus
1908 4222 2076 4279 fuerit

481 4306 730 4379 accipere
759 4309 985 4380 librum,
1022 4321 1075 4368 et
1103 4314 1317 4369 solvere
1363 4311 1643 4382 signacula
1671 4311 1810 4382 ejus,
1840 4312 2074 4368 subden-

483 4393 556 4452 do
603 4399 957 4458 manifestat:
1020 4402 1282 4470 Quoniam
1321 4401 1520 4456 occisus
1568 4419 1640 4469 es,
1699 4407 1747 4456 et
1808 4402 2074 4456 redemisti

481 4503 578 4541 nos
606 4487 712 4544 Deo
740 4489 798 4544 in
824 4491 1078 4562 sanguine
1109 4498 1195 4546 tuo
1220 4508 1285 4546 ea:
1313 4490 1456 4546 omni
1487 4489 1646 4558 tribu,
1689 4496 1737 4544 et
1775 4492 1996 4562 populo,
2027 4497 2074 4546 et

481 4576 714 4674 natione.
735 4579 837 4635 Hic
861 4579 1199 4637 demonstrat
1223 4598 1293 4636 ex
1321 4580 1580 4636 omnibus
1611 4579 1864 4653 gentibus
1887 4581 2072 4649 Eccle-
2098 4615 2146 4674 D

481 4663 619 4721 siam
649 4666 818 4725 fuisse
847 4669 1166 4739 collectam;
1223 4685 1352 4726 nam
1379 4669 1604 4726 fuerunt
1633 4669 1858 4742 quidam
1903 4669 2072 4726 haere-

483 4753 604 4824 tici,
634 4755 730 4828 qui
761 4757 867 4815 hoc
895 4767 1256 4831 negaverunt.

555 4853 737 4924 (Vers.
774 4856 888 4928 10.)
936 4859 1011 4914 Et
1036 4857 1206 4929 fecisti
1255 4876 1352 4916 nos
1400 4859 1508 4916 Deo
1556 4865 1740 4914 nostro
1787 4876 2006 4932 regnum
2030 4867 2078 4916 et

480 4944 792 5012 sacerdotes,
819 4951 868 5000 et
894 4949 1190 5018 regnabant
1227 4966 1386 5022 super
1431 4955 1628 5005 terram
1675 4947 1812 5020 (46).
1869 4949 1926 5006 Si
1956 4965 2075 5005 san-

479 5032 555 5088 cti
589 5034 688 5090 Dei
718 5050 947 5106 regnum
978 5037 1080 5094 Dei
1107 5045 1257 5107 sunt,
1287 5038 1563 5112 quomodo
1583 5055 1744 5111 super
1765 5047 1987 5108 terram,
2018 5039 2075 5096 id

479 5131 581 5194 est,
613 5133 858 5182 sanctam
905 5127 1208 5184 Ecclesiam
1264 5145 1491 5201 regnare
1527 5129 1840 5186 dicuntur?
1889 5129 2072 5186 Sancti

481 5231 609 5288 ergo
631 5216 732 5273 Dei
777 5233 1004 5290 regnum
1055 5217 1156 5273 Dei
1208 5227 1357 5286 sunt,
1408 5219 1538 5292 quia
1601 5219 1660 5275 in
1713 5220 1848 5292 ipsis
1885 5227 2074 5292 regnat

479 5306 627 5362 Deus
657 5324 669 5362 :
703 5315 759 5364 et
787 5323 941 5380 reges
966 5315 1118 5377 sunt,
1151 5309 1280 5381 quia
1308 5326 1365 5366 se
1393 5318 1448 5366 et
1478 5311 1616 5367 alios
1652 5311 1860 5383 optime
1889 5327 2072 5384 regere

479 5403 754 5452 noverunt
787 5413 802 5452 :
857 5397 953 5470 qui
1000 5397 1163 5454 etiam
1193 5407 1248 5454 et
1275 5401 1581 5456 sacerdotes
1629 5400 1910 5470 dicuntur,
1943 5400 2072 5474 quia

480 5485 800 5558 semetipsos
842 5485 1088 5560 quotidie
1139 5487 1264 5560 igne
1307 5487 1596 5546 cbaritatis
1651 5489 1920 5560 succensi,
1977 5505 2073 5562 per

480 5576 966 5648 compunctionem
997 5577 1178 5634 cordis
1205 5585 1261 5634 et
1280 5579 1552 5652 lacrymas
1577 5579 1692 5636 Deo
1721 5582 1916 5638 oﬂ'erre
1943 5595 2072 5638 con-

2194 1994 2452 2050 Ecclesiae
2469 1998 2624 2057 aDeo
2652 1997 2910 2055 destinati
2941 1999 3251 2067 sunt,sicut
3281 1999 3483 2054 Paulus
3515 2001 3830 2071 apostolus

2189 2081 2460 2152 loquitur,
2499 2083 2690 2140 dicens
2725 2102 2738 2140 :
2786 2111 2803 2133 ι
2835 2087 3030 2143 Nonne
3087 2102 3276 2142 omnes
3333 2087 3826 2145 administratorii

2192 2179 2324 2226 sunt
2354 2173 2603 2243 spiritus,
2639 2175 2697 2230 in
2731 2177 3104 2232 ministerium
3138 2177 3290 2233 missi
3316 2187 3538 2251 propter
3567 2195 3685 2248 eos,
3707 2181 3821 2253 qui

2193 2256 2573 2318 hiereditatem
2621 2265 2851 2336 capiunt
2908 2267 3103 2322 salutis
3135 2268 3318 2338 (Hebr.
3368 2285 3406 2336 ι,
3451 2268 3575 2334 Us)?
3620 2294 3638 2317 ι
3700 2272 3826 2327 Per

2192 2348 2498 2405 maximum
2527 2359 2710 2408 autem
2741 2370 3031 2410 numerum
3062 2370 3252 2411 eorum
3284 2357 3586 2414 multitudo
3616 2359 3826 2416 inuu-

2192 2441 2474 2498 merabilis
2501 2443 2820 2516 designatur
2847 2445 2942 2516 qui
2972 2447 3190 2517 Agnum
3223 2464 3418 2521 magna
3447 2465 3580 2506 voce
3610 2450 3816 2508 bene—

2191 2531 2374 2588 dicere
2402 2532 2695 2602 dicuntur;
2756 2535 2887 2607 quia
2915 2535 2981 2590 ad
3014 2550 3356 2608 quaecunque
3397 2538 3578 2594 ofﬁcia
3606 2543 3819 2613 angeli

2193 2619 2467 2690 explenda
2491 2619 2858 2690 destinantur,
2891 2639 2924 2678 a
2953 2621 3208 2678 laudibus
3227 2623 3326 2678 Dei
3358 2639 3639 2700 nunquam
3674 2645 3814 2684 ces-

2195 2717 2346 2764 sant:
2389 2717 2443 2764 et
2471 2709 2613 2766 sicut
2646 2710 2738 2768 hic
2769 2712 2908 2768 liber
2938 2712 2996 2767 in
3025 2713 3332 2783 septenario
3373 2729 3604 2770 numero
3640 2722 3816 2772 totus

2190 2796 2466 2866 consistit,
2511 2799 2704 2872 utique
2749 2809 2956 2873 septem
3004 2801 3148 2856 dona
3185 2799 3420 2872 Spiritus
3462 2803 3638 2858 sancti
3668 2819 3811 2875 pro-

2191 2886 2356 2958 pheta
2385 2887 2444 2942 in
2474 2887 2754 2945 Christum
2786 2889 3116 2962 requievisse
3157 2888 3330 2956 dicit;
3367 2889 3442 2944 ita
3470 2897 3524 2946 et
3575 2899 3803 2963 septem

2188 2975 2598 3034 benedictiones
2632 2978 2691 3032 in
2713 2976 2820 3033 hoc
2847 2978 2969 3033 loco
3001 2983 3308 3050 ponuntur,
3331 2978 3534 3050 quibus
3569 2981 3802 3040 assidue

2189 3065 2369 3138 angeli
2399 3067 2574 3122 Deum
2605 3065 2826 3122 laudare
2859 3066 3141 3123 dicuntur.

2262 3155 2446 3226 (Vers.
2482 3155 2596 3227 13.)
2628 3156 2702 3211 Et
2729 3172 2930 3211 omnem
2957 3161 3258 3212 creaturam
3285 3175 3400 3228 qua
3451 3157 3506 3214 in
3535 3160 3660 3214 creto
3691 3167 3791 3229 est,

2186 3247 2236 3297 et
2261 3259 2377 3312 quae
2415 3243 2469 3296 in
2499 3249 2662 3310 terra,
2693 3249 2741 3298 et
2781 3260 2898 3314 qua:
2923 3245 3104 3298 subtus
3153 3251 3371 3314 terram,
3437 3253 3484 3302 et
3511 3264 3630 3318 qum
3657 3255 3791 3302 sunt

2185 3330 2243 3386 in
2270 3332 2432 3400 mari,
2463 3339 2512 3388 et
2537 3351 2653 3404 qua:
2675 3333 2733 3388 in
2761 3351 2818 3388 eo
2849 3341 2994 3401 sunt,
3025 3352 3200 3390 omnes
3223 3337 3410 3391 audivi
3441 3337 3662 3392 dicentes
3689 3356 3787 3393 se-

2189 3422 2332 3478 denti
2359 3423 2418 3478 in
2445 3423 2631 3478 throno
2651 3429 2700 3480 et
2727 3425 2898 3494 Agno.
2932 3426 3034 3481 Per
3062 3435 3368 3483 creaturam
3400 3443 3521 3500 quae
3551 3426 3606 3482 in
3638 3429 3787 3486 coelo

2186 3521 2322 3582 erat,
2366 3515 2581 3585 angeli:
2629 3531 2728 3588 per
2757 3531 2874 3572 eam
2907 3532 3040 3572 vero
3087 3533 3206 3590 quae
3254 3525 3370 3572 erat
3399 3517 3457 3572 in
3491 3526 3653 3586 terra,
3683 3517 3787 3575 ho-

2186 3602 2399 3660 mines:
2442 3619 2538 3675 per
2565 3619 2684 3660 eam
2717 3611 2896 3661 autem
2929 3620 3048 3677 quae
3087 3613 3202 3662 erat
3231 3606 3426 3662 subtus
3477 3614 3705 3675 terram,
3742 3607 3785 3662 ii

2185 3692 2282 3766 qui
2335 3691 2451 3764 jam
2510 3692 2758 3748 debitum
2790 3694 2985 3750 mortis
3039 3695 3340 3762 solverant,
3397 3694 3782 3768 designantur.

2188 3783 2348 3852 Quod
2376 3799 2508 3838 vero
2537 3783 2675 3840 dicit
2708 3800 2722 3838 :
2755 3786 2828 3840 Et
2855 3801 2973 3856 quae
2997 3792 3119 3840 sunt
3145 3785 3202 3840 in
3231 3787 3394 3852 mari,
3425 3802 3592 3859 aquas
3611 3787 3786 3844 maris

2185 3873 2496 3946 intelligere
2553 3873 2862 3930 debemus:
2915 3891 3012 3948 per
3068 3893 3215 3932 mare
3273 3885 3455 3933 autem
3497 3877 3680 3932 locum
3719 3877 3783 3933 in

2187 3979 2296 4036 quo
2325 3980 2480 4036 aqum
2509 3963 2882 4021 continentur.
2909 3963 3066 4032 Quod
3084 3981 3212 4020 vero
3243 3963 3546 4038 subjungit:
3569 3969 3642 4022 Et
3661 3982 3784 4036 quae

2185 4051 2242 4108 in
2271 4069 2326 4107 eo
2355 4059 2496 4121 sunt,
2527 4052 2706 4124 pisces
2732 4053 2827 4124 qui
2871 4050 2930 4106 in
2984 4050 3141 4124 aquis
3171 4061 3475 4121 morantur,
3507 4052 3780 4124 intellige-

2184 4155 2242 4197 re
2274 4127 2584 4212 possumus.
2617 4140 2721 4196 Sed
2751 4140 2798 4195 si
2828 4155 2924 4210 per
2949 4155 3169 4195 omnem
3203 4147 3527 4208 creaturam,
3560 4157 3681 4214 qua:
3715 4141 3776 4198 in

2183 4237 2329 4286 terra
2383 4239 2486 4297 est,
2533 4247 2726 4288 omnes
2777 4229 3032 4286 homines
3074 4231 3384 4303 intelligere
3439 4247 3774 4304 possumus;

2183 4322 2460 4394 quomodo
2484 4337 2674 4378 omnes
2693 4321 2946 4377 homines
2965 4322 3139 4376 Deum
3163 4321 3406 4389 laudant,
3423 4338 3549 4378 cum
3583 4322 3776 4394 pagani

2181 4419 2236 4466 et
2272 4409 2445 4466 Judaei
2492 4409 2958 4482 blasphematores
3005 4409 3106 4465 Dei
3156 4409 3340 4482 potius
3375 4409 3597 4466 dicendi
3641 4409 3772 4480 sint,

2182 4514 2344 4572 quam
2404 4498 2712 4554 laudatores
2744 4499 2772 4556 7
2821 4500 3144 4556 Invenimus
3192 4499 3360 4555 etiam
3407 4507 3460 4555 et
3509 4499 3774 4572 quosdam

2181 4588 2504 4660 ﬂagitiosos,
2545 4589 2641 4662 qui
2689 4587 2993 4647 Christiani
3024 4595 3313 4657 vocantur,
3347 4589 3468 4661 qui,
3519 4589 3774 4662 quamvis

2181 4679 2357 4736 Deum
2388 4677 2610 4734 laudare
2637 4676 2962 4744 videantur,
2993 4679 3164 4734 Deum
3203 4692 3316 4732 non
3347 4675 3575 4734 laudant
3596 4695 3618 4743 ;
3647 4679 3774 4752 quia

2180 4766 2326 4823 sicut
2361 4765 2498 4823 dicit
2547 4766 2829 4839 Scriptura
2863 4784 2876 4823 :
2941 4791 2959 4814 ι
2987 4767 3107 4822 Non
3157 4773 3239 4822 est
3277 4765 3522 4838 speciosa
3568 4765 3685 4822 laus
3711 4767 3770 4824 in

2181 4873 2275 4912 ore
2325 4857 2627 4928 peccatoris
2667 4855 2860 4928 (Eccli.
2907 4873 3006 4926 xv,
3049 4857 3129 4929 9).
3161 4881 3181 4904 ι
3226 4857 3298 4912 Et
3338 4857 3386 4912 si
3430 4872 3526 4928 per
3553 4873 3770 4916 omnem

2181 4955 2483 5002 creaturam
2512 4962 2632 5018 quae
2663 4945 2718 5000 in
2750 4953 2894 5001 terra
2923 4952 3023 5014 est,
3053 4961 3244 5002 omnes
3272 4945 3484 5001 animas
3511 4944 3770 5004 debemus

2182 5037 2490 5108 intelligere
2573 5053 2810 5110 quorum
2895 5053 3124 5110 corpora
3187 5037 3246 5093 in
3311 5045 3456 5093 terra
3534 5037 3768 5109 requies-

2179 5135 2335 5196 cunt,
2395 5128 2672 5200 quomodo
2729 5126 2770 5182 ii
2829 5126 2923 5200 qui
2979 5127 3124 5202 apud
3178 5127 3386 5184 inferos
3431 5127 3767 5199 cruciantur,

2181 5219 2355 5274 Deum
2406 5218 2626 5274 laudare
2684 5216 2943 5273 credendi
3001 5217 3184 5274 sunt?
3237 5216 3343 5274 Sed
3400 5233 3498 5290 per
3551 5235 3763 5276 omnem

2179 5315 2483 5364 creaturam
2545 5323 2667 5380 quae
2719 5306 2777 5362 in
2834 5315 2980 5364 terra
3035 5316 3090 5364 et
3143 5323 3264 5379 qua)
3318 5307 3516 5364 subtus
3569 5315 3760 5366 terram

2180 5406 2282 5465 est,
2315 5399 2460 5454 solos
2489 5399 2692 5454 electos
2711 5396 2972 5453 debemus
2991 5397 3317 5468 intelligere:
3346 5397 3442 5470 qui
3464 5405 3518 5454 et
3549 5397 3606 5452 iu
3628 5405 3766 5457 terra

2180 5487 2440 5560 cperibus
2480 5494 2536 5543 et
2576 5487 2762 5543 verbis
2811 5488 2985 5544 Deum
3038 5485 3260 5543 laudare
3304 5502 3420 5543 non
3473 5485 3761 5559 desistunt,

2179 5585 2234 5636 et
2296 5577 2354 5634 in
2423 5576 2574 5633 caelis
2647 5592 2772 5632 cum
2838 5575 3075 5632 Domino
3139 5575 3346 5650 positi,
3414 5593 3448 5633 a
3511 5576 3762 5636 laudibus

555 5703 673 5775 (46)
703 5703 900 5780 _Edit.,
931 5707 1334 5780 et_regnabimus
1371 5723 1532 5780 super
1569 5713 1787 5765 terram.
1841 5710 1976 5767 Sunt
2004 5707 2223 5780 quidam
2266 5705 2360 5780 qui
2397 5723 2450 5762 se
2488 5711 2539 5762 et
2581 5705 2743 5774 alios,
2785 5713 2914 5772 etc.;
2957 5719 3088 5763 mss.
3128 5720 3260 5762 vero
3287 5702 3359 5762 ad
3395 5705 3758 5780 supplendum

495 5774 674 5836 totum
703 5774 916 5832 hiatum
954 5774 1119 5834 simul
1146 5774 1480 5851 conspirant.
