3970 6362
181 435 290 494 893

1077 429 1535 487 BERENGAUDI
1573 427 1946 486 EXPOSITIO
1984 428 2055 483 IN
2092 426 2601 485 APOCALYPSIN.

3389 430 3495 489 894

177 562 300 634 ejus
343 575 627 632 nunquam
667 564 899 613 cessant.
951 557 1052 612 Per
1098 573 1245 612 mare
1283 572 1415 611 vero
1444 555 1774 624 Ecclesiam,
1813 558 1860 616 A
1890 570 2100 611 camus.
2155 554 2214 610 ln
2263 552 2462 608 Genesi
2507 553 2779 625 scriptum
2827 562 2908 609 est
2956 554 3104 626 quod
3152 555 3491 626 plantaverat

179 668 280 725 per
323 666 490 723 aquas
521 647 687 703 maris
719 646 1134 702 multitudinem
1169 645 1437 714 ﬁdelium,
1484 662 1579 717 per
1606 646 1781 718 pisces

178 741 277 815 qui
322 741 381 797 in
427 738 583 812 aquis
613 745 1025 794 commorantur
1061 737 1313 793 doctores
1340 736 1598 793 Ecclesia
1645 753 1783 808 pos-

180 848 375 888 sumus
405 829 732 901 intelligere.
780 828 1039 900 Sequitur
1067 826 1400 894 benedictio,
1445 843 1552 899 qua
1594 826 1783 882 ﬁdeles

180 923 357 977 Deum
414 920 630 974 assidue
686 917 1010 973 benedicere
1065 917 1370 972 dicuntur:
1434 917 1732 971 Benedictio
1765 960 1780 985 ,

180 1011 391 1077 honor,
446 1008 622 1079 gloria
668 1014 715 1062 et
775 1013 1003 1077 potestas
1061 1006 1169 1060 Deo
1228 1010 1408 1059 nostro
1476 1006 1533 1059 in
1589 1008 1781 1061 saecula

180 1102 497 1155 mentorum
524 1098 885 1161 ;benedicunt
907 1113 1141 1169 namque
1162 1097 1320 1153 electi
1350 1096 1565 1153 assidue
1580 1099 1780 1166 Deum,

180 1206 310 1246 cum
342 1189 524 1244 verbis
549 1204 716 1260 opera
748 1185 1115 1258 conjungunt.

259 1287 441 1358 (Vers.
479 1286 591 1357 14.)
624 1289 698 1342 Et
729 1294 961 1357 quatuor
988 1285 1249 1341 animalia
1279 1285 1550 1343 dicebant:
1592 1286 1778 1343 Amen.

182 1380 363 1432 Amen
419 1375 767 1432 conﬁrmatio
819 1376 1087 1431 sermonis
1143 1384 1269 1431 est:
1335 1383 1570 1447 quatuor
1615 1376 1784 1447 igitur

183 1464 447 1521 animalia
491 1465 704 1533 dicunt,
762 1481 941 1533 amen,
990 1481 1115 1521 cum
1170 1464 1342 1520 sancti
1399 1464 1784 1537 pradicalores

186 1562 379 1627 optant
407 1555 643 1624 assidue,
695 1563 756 1611 ut
785 1555 1065 1611 auditores
1102 1570 1291 1609 eorum
1323 1553 1380 1609 in
1410 1555 1572 1611 bonis
1602 1557 1781 1627 operi-

186 1644 291 1699 bus
329 1645 499 1716 magis
536 1661 597 1700 ac
644 1645 815 1716 magis
854 1644 1164 1716 proﬁciant.
1220 1646 1295 1699 Et
1330 1644 1514 1713 viginti
1552 1652 1785 1715 quatuor

185 1734 414 1788 seniores
462 1734 753 1788 ceciderunt
800 1738 847 1788 et
873 1734 1253 1787 adoravernnt.
1295 1733 1509 1804 Viginti
1550 1740 1785 1805 quatuor

186 1824 429 1879 seniores
459 1823 514 1877 in
537 1820 643 1877 hoc
671 1822 793 1877 loco
823 1823 1066 1877 eamdem
1100 1821 1303 1877 habent
1326 1821 1781 1894 signiﬁcationem

1888 647 2034 701 Deus
2073 643 2392 716 paradisum
2425 644 2748 714 voluptatis,
2780 643 2835 698 in
2867 660 2976 716 quo
3006 644 3189 715 posuit
3210 645 3493 702 hominem

1893 750 2057 807 quem
2088 734 2425 789 formaverat
2449 732 2603 804 (Gen.
2627 733 2761 802 11,8)
2784 750 2796 799 ;
2817 732 2913 805 qui
2944 733 3177 790 viversis
3205 734 3494 791 arboribus

1890 824 2135 881 consitus
2165 838 2280 877 esse
2326 820 2677 879 describitur.
2708 822 2810 876 Per
2839 821 3151 892 paradisum
3198 822 3366 894 igitur
3393 825 3496 881 Ec-

1890 914 2079 981 clesia,
2135 929 2231 984 per
2266 910 2487 967 arbores
2533 926 2664 965 vero
2716 910 2953 981 paradisi
3007 910 3256 967 doctores
3307 913 3493 968 Eccle-

1890 1002 1985 1059 sia
2031 1002 2411 1073 designantur.
2444 1001 2515 1055 Et
2544 999 2687 1055 sicut
2731 1000 2953 1056 arbores
2999 1000 3234 1071 paradisi
3284 1002 3492 1058 victum

1890 1106 2178 1163 pomorum
2223 1089 2538 1163 prabebant
2585 1089 2780 1161 primis
2811 1089 3154 1158 hominibus,
3204 1090 3281 1147 ita
3318 1099 3372 1147 et
3401 1090 3493 1147 do-

1889 1188 2066 1237 ctores
2088 1179 2343 1235 Ecclesia
2381 1179 2591 1234 victum
2621 1179 2915 1233 verborum
2945 1179 3265 1235 divinorum
3288 1179 3493 1235 anima-

1890 1267 1994 1324 bus
2018 1269 2264 1324 ﬁdelium
2294 1268 2348 1323 in
2377 1268 2624 1324 Ecclesia
2648 1269 3079 1323 constitutorum
3111 1269 3350 1341 praebere
3381 1285 3492 1324 non

1891 1359 2181 1416 desistunt.
2216 1362 2295 1417 De
2318 1360 2468 1432 ligno
2497 1369 2679 1417 autem
2711 1360 2861 1425 vita,
2894 1368 2947 1415 et
2976 1359 3043 1415 de
3070 1361 3221 1431 ligno
3251 1359 3493 1416 scientia

1891 1450 2022 1506 boni
2054 1460 2106 1507 et
2146 1451 2274 1507 mali
2312 1451 2565 1522 superius
2594 1450 2859 1506 diximus.
2895 1452 3038 1507 Fons
3067 1468 3197 1507 vero
3223 1453 3316 1524 qui
3349 1468 3494 1523 egre-

1891 1539 2145 1595 diebatur
2180 1539 2248 1594 de
2294 1538 2475 1594 medio
2508 1539 2764 1609 paradisi,
2808 1540 3169 1611 Evangelium
3206 1540 3496 1611 signiﬁca-

1891 1628 2007 1697 bat,
2053 1629 2149 1701 qui
2191 1629 2249 1683 in
2296 1627 2479 1682 medio
2523 1636 2723 1683 sanctae
2771 1629 3028 1683 Ecclesia
3073 1630 3340 1685 exoritur.
3387 1630 3493 1696 Qui

1894 1718 2022 1774 inde
2065 1719 2124 1774 in
2153 1726 2389 1792 quatuor
2426 1718 2605 1789 capita
2645 1717 3031 1785 di\idebatur;
3079 1718 3207 1789 quia
3242 1717 3496 1773 doctrina

1891 1808 2179 1880 Evangelii
2212 1809 2269 1864 in
2289 1816 2524 1881 quatuor
2554 1808 2723 1864 libros
2742 1806 3037 1874 dividitur,
3065 1817 3119 1864 et
3148 1807 3348 1865 circuit
3377 1823 3492 1864 om-

185 1929 351 1986 quam
398 1919 451 1967 et
500 1919 741 1984 quatuor
779 1911 1069 1967 animalia:
1120 1911 1362 1967 seniores
1404 1928 1532 1984 ergo
1578 1911 1782 1967 cadunt
1815 1918 1861 1979 B
1891 1913 1989 1953 1193
2019 1898 2284 1953 ῐθτιηίηοε
2310 1905 2490 1952 term-

186 2011 242 2059 et
286 2002 538 2069 adorant,
586 2017 711 2058 cum
760 2001 1144 2074 pradicatores
1189 2001 1386 2070 sancti,
1423 2009 1627 2074 quanto
1673 2019 1785 2058 am-

188 2090 335 2163 plius
387 2089 666 2145 auditores
743 2107 871 2145 suos
937 2090 1130 2145 vident
1197 2089 1253 2144 in
1318 2090 1480 2145 bonis
1528 2090 1787 2161 operibus

189 2181 503 2254 profecisse,
551 2189 705 2237 tanto
752 2180 923 2253 magis
968 2197 1024 2236 se
1054 2180 1354 2236 humiliant
1400 2181 1458 2236 in
1489 2188 1786 2252 conspectu

188 2271 311 2337 Dei,
358 2271 500 2326 sicut
544 2270 679 2326 dicit
728 2271 1048 2343 Scriptura:
1104 2296 1121 2316 ι
1162 2270 1379 2338 Quanto
1430 2286 1660 2342 magnus
1706 2286 1783 2339 es,

188 2359 425 2415 humilia
458 2369 510 2416 te
541 2359 599 2415 in
628 2360 905 2427 omnibus,
937 2369 991 2415 et
1020 2376 1201 2415 coram
1232 2362 1346 2416 Deo
1390 2360 1640 2415 invenies
1670 2376 1784 2431 gra-

192 2452 323 2506 tiam
359 2450 549 2519 (Eccli.
577 2466 660 2517 ιιι,
695 2450 810 2521 20).
833 2473 852 2495 ›
905 2449 1166 2521 Sequitur
1214 2448 1520 2521 sigillorum
1552 2448 1781 2520 apertie,

189 2556 314 2613 qua
360 2539 581 2595 nonnisi
619 2537 687 2593 ad
732 2538 1067 2611 apertionem
1115 2537 1432 2593 divinarum
1465 2538 1787 2609 Scriptura-

189 2646 315 2685 rum
364 2629 480 2700 (47)
530 2628 802 2700 pertinere
841 2627 1113 2683 credenda
1141 2636 1240 2683 est.
1297 2628 1431 2683 Nam
1477 2635 1531 2683 et
1560 2644 1623 2683 ea
1664 2643 1784 2699 qua

188 2718 294 2774 sub
324 2718 628 2790 sigillorum
673 2717 1049 2789 apertionibus
1087 2717 1227 2773 facta
1257 2733 1371 2772 esse
1401 2717 1683 2784 dicuntur,
1716 2716 1785 2773 ad

187 2808 528 2879 apertionem
558 2805 774 2864 Veteris
796 2822 859 2861 ac
906 2805 1049 2862 Novi
1091 2805 1427 2861 Testamenti
1470 2804 1780 2876 pertinent:

185 2904 244 2953 et
274 2896 417 2953 sicut
448 2912 609 2951 omne
638 2912 835 2967 corpus
861 2894 1158 2951 electorum
1191 2911 1259 2949 ex
1300 2901 1503 2965 septem
1536 2894 1785 2965 partibus

186 2984 462 3051 consistit,
495 2983 571 3038 ita
593 2990 722 3039 sunt
750 2993 805 3039 et
834 2991 1041 3055 septem
1080 2982 1280 3053 sigilla,
1332 2998 1451 3054 qua
1481 2980 1783 3053 unicuique

187 3073 332 3146 parti
381 3073 741 3141 conveniunt,
773 3072 841 3128 ad
871 3071 1297 3128 demonstranda
1343 3087 1405 3127 ea
1433 3088 1554 3144 qua
1604 3071 1660 3126 in
1702 3068 1783 3125 di-

186 3162 337 3218 vinis
362 3162 662 3234 Scripturis
709 3161 943 3217 obscure
989 3160 1165 3232 posita
1194 3166 1342 3227 sunt,
1386 3159 1474 3213 vel
1503 3160 1636 3232 quid
1664 3175 1785 3214 san-

1964 1996 2100 2052 Nam
2140 2003 2194 2051 et
2224 1995 2400 2051 Adam
2441 1994 2725 2052 Christum
2757 1994 3032 2066 ﬁguravit,
3072 1996 3189 2051 Eva
3217 2010 3350 2050 vero
3377 1996 3493 2051 Ec-

1894 2085 2149 2141 clesiam:
2197 2094 2250 2142 et
2305 2086 2449 2141 sicut
2495 2087 2613 2140 Eva
2667 2100 2736 2140 ex
2783 2085 2948 2139 latere
3005 2084 3114 2139 viri
3163 2084 3494 2141 dormientis

1894 2174 2037 2229 facta
2067 2181 2167 2242 est,
2204 2174 2278 2229 ita
2307 2181 2361 2228 et
2400 2172 2644 2228 Ecclesia
2689 2189 2758 2227 ex
2794 2172 2958 2227 latere
2998 2171 3205 2229 Christi
3233 2173 3290 2227 in
3333 2188 3494 2229 cruce

1895 2263 2185 2335 pendentis
2240 2262 2503 2319 fabricata
2555 2269 2675 2329 est;
2734 2262 2865 2335 quia
2920 2261 3039 2333 ejus
3086 2262 3351 2334 sanguine
3408 2279 3494 2318 re-

1894 2352 2114 2424 dempta
2160 2360 2214 2408 et
2254 2352 2517 2408 mundata
2556 2360 2639 2408 est
2682 2357 2820 2414 521
2864 2368 2895 2406 a
2925 2352 3198 2409 sordibus.
3238 2355 3361 2409 Duo
3390 2352 3494 2409 ﬁlii

1895 2450 2009 2507 nati
2038 2458 2168 2506 sunt
2198 2450 2349 2518 Ada,
2375 2450 2509 2507 Cain
2528 2458 2582 2506 et
2612 2450 2777 2506 Abel:
2807 2451 2944 2508 Cain
2970 2452 3233 2522 populum
3265 2450 3494 2507 Judao-

1895 2557 2041 2605 rum,
2072 2541 2208 2595 Abel
2250 2556 2380 2594 vero
2411 2538 2694 2597 Christum
2728 2539 3079 2609 signiﬁcavit.
3116 2538 3329 2594 Obtulit
3358 2538 3493 2597 Cain

1894 2628 1960 2684 de
1992 2628 2263 2684 fructibus
2292 2635 2449 2683 terra
2506 2644 2734 2683 munera
2764 2628 3030 2692 Domino;
3080 2627 3211 2699 quia
3256 2629 3493 2699 populus

1893 2718 2208 2774 Judaorum
2247 2717 2342 2789 qui
2389 2726 2641 2771 terrenus
2679 2723 2814 2784 erat,
2854 2724 3071 2771 terrena
3112 2733 3339 2772 munera
3372 2717 3489 2789 (48)

1894 2807 2174 2874 offerebat,
2206 2806 2264 2861 id
2306 2813 2408 2873 est,
2458 2805 2749 2877 primitias,
2799 2805 3058 2873 decimas,
3101 2804 3392 2871 sacriﬁcia,
3441 2815 3495 2862 et

1894 2902 2090 2951 catera
2138 2910 2259 2968 qua
2288 2894 2345 2948 in
2389 2894 2505 2964 lege
2540 2892 2911 2965 jubebantur:
2945 2894 3081 2950 Abel
3117 2910 3249 2950 vero
3288 2894 3494 2951 obtulit

1893 2983 1962 3039 de
2000 2983 2382 3056 primogenitis
2430 2984 2607 3055 gregis
2643 2984 2754 3051 sui,
2804 2991 2858 3040 et
2889 2983 2956 3039 de
2998 2983 3251 3056 adipibus
3280 3000 3490 3040 eorum.

1893 3075 2253 3146 Primogeniti
2300 3074 2475 3145 gregis
2505 3082 2636 3130 sunt
2684 3074 2939 3147 apostoli,
2974 3090 3111 3147 quos
3154 3074 3363 3147 primos
3391 3090 3493 3146 ge—

1894 3163 2019 3219 nuit
2068 3162 2335 3228 Ecclesia,
2393 3170 2447 3217 et
2501 3178 2570 3218 ex
2628 3162 2829 3235 quibus
2882 3162 3130 3219 Ecclesia
3186 3170 3314 3219 nata
3373 3170 3489 3220 est:

184 3259 403 3309 ctorum
432 3253 654 3308 Patrum
685 3252 828 3307 facta
856 3250 1188 3323 signiﬁcent.
1224 3248 1450 3320 Apertio
1480 3248 1649 3318 igitur
1678 3249 1761 3320 pri
1818 3273 1861 3334 C
1892 3252 2061 3322 adeps
2099 3267 2230 3307 vero
2274 3250 2410 3307 ﬁdes
2454 3258 2534 3307 est
2596 3252 2992 3324 apostolorum.
3054 3250 3271 3307 Obtulit
3325 3252 3495 3324 igitur

186 3340 266 3397 mi
291 3340 461 3412 sigilli
489 3340 557 3396 ad
588 3357 651 3396 ea
678 3356 803 3412 qua
835 3347 960 3395 ante
1005 3338 1281 3395 diluvium
1312 3337 1457 3393 facta
1485 3346 1632 3404 sunt,
1665 3353 1786 3408 per-

185 3428 357 3484 tinet:
402 3428 703 3485 secundum
732 3444 864 3483 vero
902 3428 1148 3499 sigillum
1176 3426 1245 3482 ad
1274 3426 1645 3498 patriarchas:
1680 3434 1783 3481 ter-

184 3518 327 3573 tium
360 3515 427 3570 ad
457 3532 549 3571 eos
593 3516 687 3589 qui
715 3515 817 3571 sub
854 3517 969 3586 lege
1008 3516 1263 3571 fuerunt:
1299 3524 1555 3588 quartum
1601 3524 1784 3571 autem

182 3604 256 3661 ad
303 3604 626 3677 prophetas:
676 3610 785 3659 tres
836 3620 967 3659 vero
1006 3604 1337 3674 apertiones,
1386 3620 1506 3675 qua
1555 3602 1784 3658 residua

182 3700 337 3762 sunt,
388 3693 456 3749 ad
505 3694 720 3749 Novum
775 3693 1187 3747 Testamentum
1232 3693 1528 3763 pertinent.
1582 3691 1787 3759 Quinta

182 3782 397 3856 apertio
427 3784 663 3856 pertinet
708 3783 774 3839 ad
805 3791 1114 3855 martyres:
1170 3791 1326 3838 sexta
1370 3782 1439 3838 ad
1469 3782 1783 3837 Judaorum

181 3874 568 3945 dejectionem,
627 3883 680 3929 et
721 3874 965 3945 gentium
1006 3871 1353 3929 vocationem
1386 3890 1397 3928 :
1448 3872 1679 3944 septima
1718 3870 1786 3927 ad

180 3962 482 4019 adventum
513 3963 719 4020 Christi
771 3962 1039 4033 pertinet:
1078 3969 1131 4017 et
1169 3978 1268 4017 cur
1298 3961 1356 4017 in
1399 3961 1633 4033 septimo
1665 3962 1786 4016 loco

180 4053 453 4110 adventus
483 4053 705 4109 Domini
742 4059 998 4125 ponatur,
1032 4052 1091 4107 in
1120 4052 1476 4125 sequentibus
1514 4051 1781 4107 dicemus.

181 4142 291 4198 Sed
339 4142 694 4215 quarendum
730 4142 891 4198 nobis
933 4149 1045 4211 est,
1073 4158 1171 4197 cur
1214 4158 1310 4213 per
1347 4141 1616 4196 visionem
1657 4156 1785 4212 qua-

182 4240 312 4287 tuor
336 4231 606 4302 equitum,
631 4231 841 4302 apertio
877 4231 1094 4288 Veteris
1123 4231 1454 4287 Testamenti
1488 4230 1780 4302 ﬁguretur;

180 4334 349 4389 eques
403 4333 640 4389 namque
688 4335 757 4373 ex
810 4327 961 4389 parte
1010 4320 1176 4390 equi,
1236 4319 1665 4376 irrationabilis:
1715 4334 1784 4374 ex

181 4415 341 4482 parte
383 4424 513 4463 vero
560 4408 924 4479 prasidentis,
966 4408 1310 4465 rationabilis
1353 4426 1467 4465 esse
1514 4410 1783 4482 dignosci-

180 4507 295 4555 tur.
331 4496 599 4553 Similiter
626 4504 681 4552 et
708 4497 954 4569 quaedam
1001 4504 1269 4568 praecepta
1308 4498 1500 4568 legalia
1537 4514 1605 4553 ex
1636 4506 1784 4569 parte

1892 3340 2030 3395 Abel
2059 3339 2128 3396 de
2160 3339 2541 3411 primogenitis
2573 3340 2751 3412 gregis
2792 3340 2901 3409 sui,
2932 3349 2985 3397 et
3012 3340 3078 3395 de
3106 3339 3362 3411 adipibus
3390 3357 3494 3397 eo-

1893 3444 2016 3483 rum
2042 3446 2055 3495 ;
2091 3428 2220 3501 quia
2248 3427 2502 3485 Christus
2525 3429 2823 3500 apostolos,
2846 3444 2981 3500 quos
3006 3428 3072 3483 de
3095 3428 3301 3484 mundo
3321 3430 3490 3501 elege-

1893 3530 1997 3588 rat,
2029 3520 2303 3592 ﬁdemque
2347 3520 2568 3575 illorum
2599 3522 2712 3576 Deo
2740 3519 2886 3575 Patri
2933 3519 3155 3575 obtulit.
3187 3520 3321 3577 Cain
3351 3521 3491 3577 invi-

1893 3608 1986 3665 dia
2030 3609 2250 3677 ductus,
2301 3626 2364 3665 eo
2395 3608 2541 3681 quod
2588 3608 2917 3679 respexisset
2944 3607 3214 3664 Dominus
3243 3608 3313 3665 ad
3352 3608 3487 3675 Abe]

1894 3706 1948 3755 et
1988 3697 2057 3753 ad
2088 3712 2313 3753 munera
2341 3697 2480 3770 ejus,
2512 3697 2790 3754 interfecit
2824 3715 2951 3753 eum
2980 3716 2991 3753 :
3027 3697 3283 3753 similiter
3313 3706 3367 3754 et
3395 3698 3485 3753 Ju-

1894 3785 2024 3854 dai,
2058 3786 2313 3843 videntes
2343 3788 2496 3859 signa
2521 3803 2641 3860 qua
2673 3803 2770 3843 sua
2797 3796 2850 3844 et
2878 3788 3052 3843 Patris
3080 3788 3287 3843 virtute
3323 3786 3495 3844 Chri-

1894 3885 2012 3932 stus
2042 3877 2391 3948 operabatur,
2436 3877 2832 3933 interfecerunt
2867 3894 3014 3945 eum,
3047 3876 3141 3949 qui
3175 3877 3344 3932 frater
3373 3877 3493 3932 illo-

1894 3983 2016 4023 rum
2050 3974 2164 4022 erat
2213 3968 2515 4024 secundum
2559 3985 2797 4025 carnem.
2829 3969 3115 4025 Maledixit
3160 3970 3304 4025 Deus
3334 3968 3489 4036 Cain,

1895 4073 1959 4113 eo
1989 4056 2135 4129 quod
2166 4057 2530 4113 interfecisset
2568 4057 2708 4113 Abel
2747 4057 2970 4113 fratrem
3009 4074 3204 4112 suum:
3238 4056 3492 4129 dixitque

1894 4149 1944 4204 ei
1974 4148 2121 4220 quod
2149 4164 2319 4219 vagus
2349 4154 2401 4202 et
2430 4146 2693 4218 profugus
2724 4155 2863 4203 esset
2888 4163 3051 4218 super
3080 4154 3303 4201 terram.
3329 4144 3491 4202 Simi-

1895 4236 2023 4295 liter
2063 4246 2117 4293 et
2162 4237 2337 4293 Judai
2385 4253 2494 4292 non
2532 4237 2710 4291 solum
2741 4252 2773 4291 a
2816 4237 2952 4301 Deo,
2983 4234 3075 4303 sed
3106 4251 3137 4290 a
3181 4235 3490 4307 semetipsis

1894 4325 2173 4384 maledicti
2202 4333 2352 4394 sunt,
2382 4325 2601 4398 quando
2627 4324 2892 4382 dixerunt
2920 4324 2987 4381 de
3015 4325 3267 4382 Christo:
3316 4349 3333 4372 ι
3361 4325 3491 4381 San-

1894 4417 2015 4488 guis
2044 4414 2161 4487 ejus
2207 4430 2369 4486 super
2400 4431 2519 4482 nos,
2548 4423 2604 4469 et
2645 4430 2809 4485 super
2851 4414 2997 4469 ﬁlios
3026 4420 3242 4469 nostros
3274 4413 3487 4481 (Matth.

1893 4522 2074 4573 xxvu,
2104 4505 2220 4575 25).
2244 4528 2262 4552 ι
2306 4503 2551 4575 Suntque
2579 4503 2702 4574 vagi
2728 4512 2783 4558 et
2810 4503 3026 4574 profugi
3057 4518 3219 4573 super
3250 4510 3484 4568 terram;

182 4588 401 4653 littera,
454 4585 889 4641 irrationabilia:
942 4601 1011 4640 ex
1060 4592 1211 4657 parte
1264 4578 1449 4641 autem
1488 4587 1781 4659 allegoria,
1814 4624 1862 4684 D
1894 4593 2024 4665 quia
2054 4594 2327 4665 propriam
2359 4592 2542 4648 sedem
2570 4592 2778 4647 nullam
2811 4589 3096 4654 habentes,
3128 4605 3223 4660 per
3268 4588 3487 4643 univer-

180 4675 345 4731 valde
375 4673 725 4730 rationabilia
754 4690 869 4729 esse
903 4672 1353 4746 comprobantur.

202 4796 210 4802 '
256 4772 482 4831 CAPUT
522 4772 616 4829 VI.
645 4801 715 4811 —
747 4772 928 4843 (Vers.
972 4772 1049 4845 1.)
1082 4775 1155 4829 Ει
1191 4774 1301 4829 vidi
1329 4790 1446 4828 cum
1492 4774 1785 4845 aperuisset

178 4866 365 4936 Agnus
418 4880 582 4918 unum
630 4863 691 4918 de
745 4870 933 4934 septem
989 4864 1294 4935 signaculis.
1348 4864 1575 4936 Apertio
1615 4863 1781 4936 primi

179 4953 475 5025 signaculi,
501 4960 563 5009 ut
592 4970 757 5026 supra
783 4953 996 5024 dictum
1030 4962 1131 5023 est,
1162 4953 1229 5009 ad
1253 4968 1313 5009 ea
1341 4969 1461 5025 qua
1491 4962 1616 5009 ante
1637 4953 1780 5009 dilu-

178 5041 337 5097 vium
368 5041 512 5097 facta
539 5050 687 5110 sunt,
720 5042 976 5114 pertinet.
1010 5045 1201 5115 Agnus
1233 5042 1402 5114 igitur
1443 5042 1681 5114 primum
1712 5042 1782 5097 si-

179 5130 375 5204 gillum
403 5131 635 5203 aperuit,
659 5130 880 5204 quando
906 5148 968 5187 ea
996 5148 1117 5205 qua
1146 5141 1272 5188 ante
1302 5133 1576 5189 diluvium
1635 5140 1781 5204 gesta

176 5221 330 5287 sunt,
358 5219 676 5277 doctoribus
716 5221 977 5277 Ecclesia
1027 5222 1266 5294 qualiter
1304 5222 1668 5294 spiritualiter
1697 5221 1779 5277 in-

179 5302 559 5374 telligerentur
607 5302 846 5376 Spiritus
889 5304 1063 5361 sancti
1096 5304 1270 5377 gratia
1304 5304 1584 5376 patefecit.
1619 5306 1687 5360 Et
1720 5310 1781 5360 ut

176 5390 315 5464 quid
357 5391 431 5446 sit
462 5392 670 5463 apertio
716 5392 1025 5465 sigillorum
1067 5393 1286 5466 plenius
1340 5394 1776 5463 manifestemus,

175 5481 250 5538 de
312 5480 591 5553 apertione
668 5481 1014 5555 singulorum
1084 5482 1397 5555 sigillorum
1472 5500 1643 5556 pauca
1698 5482 1780 5539 di-

256 5646 372 5721 (li7)
413 5645 871 5721 Eadem_ed_it.,
927 5650 999 5705 ad
1051 5649 1419 5721 perfectio-nem
1472 5652 1781 5706 divinarum

179 5718 608 5793 scripturarum.
653 5718 729 5793 Et
769 5719 933 5789 infra,
980 5718 1444 5793 ad'perfectionem
1492 5722 1684 5781 Veteris
1721 5740 1784 5779 ac

174 5789 319 5850 Novi
353 5789 694 5860 Testamenti;
727 5807 856 5849 mss.
888 5789 1204 5879 utrobique,
1232 5794 1305 5852 ad
1329 5794 1671 5871 apmionem.

1892 4698 1977 4737 sas
2008 4692 2191 4753 gentes
2212 4690 2498 4752 vagantur.
2531 4681 2609 4735 De
2628 4679 2911 4751 apertione
2939 4678 3108 4750 igitur
3128 4677 3292 4749 primi
3316 4676 3486 4749 sigilli

1892 4779 2105 4828 tantum
2137 4771 2343 4828 dixisse
2374 4768 2629 4825 sufﬁciat.

1959 4870 2160 4926 Audivi
2186 4886 2351 4924 unum
2374 4885 2439 4922 ea:
2467 4872 2697 4937 quatuor
2725 4863 3066 4931 animalibus,
3102 4866 3307 4921 dicens:
3340 4864 3486 4931 Veni,

1889 4965 1937 5014 et
1985 4959 2122 5014 vide.
2194 4956 2460 5013 Eamdem
2508 4953 2967 5024 signiﬁcationem
3027 4953 3192 5010 habet
3243 4953 3483 5026 primum

1888 5048 2115 5113 animal,
2147 5062 2307 5119 quam
2330 5052 2384 5099 et
2412 5042 2734 5110 secundum,
2758 5053 2812 5099 et
2844 5044 3088 5110 tertium,
3107 5053 3161 5100 et
3189 5051 3482 5117 quartum;

1887 5136 2200 5208 signiﬁcant
2254 5132 2401 5190 enim
2459 5132 2710 5188 doctores
2766 5133 3045 5189 Ecclesia.
3097 5132 3254 5200 Quod
3300 5140 3484 5189 autem

1886 5226 2065 5285 dicit:
2130 5226 2253 5285 Veni
2290 5231 2337 5279 et
2383 5224 2517 5288 vide,
2564 5222 2631 5277 ad
2680 5222 3104 5294 intelligentiam
3141 5222 3484 5294 spiritualem

1889 5335 1989 5375 nos
2015 5322 2295 5389 provocat,
2328 5331 2391 5371 ac
2417 5314 2463 5369 si
2491 5313 2698 5369 diceret
2728 5331 2739 5369 :
2775 5313 2914 5369 Veni
2946 5329 3056 5369 non
3090 5312 3339 5384 passibus
3367 5330 3484 5370 cor-

1888 5407 2059 5479 poris,
2085 5404 2181 5462 sed
2212 5404 2457 5476 passibus
2503 5402 2711 5469 menti;
2763 5410 2817 5458 et
2846 5402 3092 5474 intellige
3120 5401 3485 5474 spiritualiter

1887 5512 1952 5553 ea
1996 5513 2117 5570 qua
2163 5495 2342 5569 primo
2387 5500 2633 5564 tempore
2677 5492 3039 5550 historialiter
3088 5491 3232 5548 facta
3276 5492 3481 5564 legisti-

1965 5648 2082 5719 (48)
2114 5648 2193 5704 Ita
2218 5664 2353 5703 mss.
2380 5664 2393 5713 ;
2444 5645 2578 5702 edit.
2612 5649 2815 5709 autem,
2856 5644 3011 5701 terra:
3038 5660 3281 5717 munera,
3314 5642 3370 5701 id
3407 5648 3483 5705 est

1884 5720 2176 5798 primitias,
2208 5719 2451 5789 decimas,
2492 5725 2597 5775 etc.
