  <div class='ocr_page' id='page_1' title='image "/cluster/home/n/w/nwhite01/storage/ocr_20150623/17/umn.31951002477311b/455.png"; bbox 0 0 3970 6370; ppageno 0'>
   <div class='ocr_carea' id='block_1_1' title="bbox 526 416 633 474">
    <p class='ocr_par' dir='ltr' id='par_1_1' title="bbox 526 416 633 474">
     <span class='ocr_line' id='line_1_1' title="bbox 526 416 633 474; baseline -0.019 -1"><span class='ocrx_word' id='word_1_1' title='bbox 526 416 633 474; x_wconf 80' lang='grc'><strong>895</strong></span> 
     </span>
    </p>
   </div>
   <div class='ocr_carea' id='block_1_2' title="bbox 1545 407 2794 467">
    <p class='ocr_par' dir='ltr' id='par_1_2' title="bbox 1545 407 2794 467">
     <span class='ocr_line' id='line_1_2' title="bbox 1545 407 2794 467; baseline -0.002 -1"><span class='ocrx_word' id='word_1_2' title='bbox 1545 413 1639 467; x_wconf 84' lang='lat' dir='ltr'><strong>AD</strong></span> <span class='ocrx_word' id='word_1_3' title='bbox 1676 410 1911 466; x_wconf 81' lang='lat' dir='ltr'><strong>OPERA</strong></span> <span class='ocrx_word' id='word_1_4' title='bbox 1947 408 2002 464; x_wconf 89' lang='lat' dir='ltr'><strong>S.</strong></span> <span class='ocrx_word' id='word_1_5' title='bbox 2044 407 2376 466; x_wconf 79' lang='lat' dir='ltr'><strong>AMBROSII</strong></span> <span class='ocrx_word' id='word_1_6' title='bbox 2413 407 2794 464; x_wconf 83' lang='lat' dir='ltr'><strong>APPENDIX.</strong></span> 
     </span>
    </p>
   </div>
   <div class='ocr_carea' id='block_1_3' title="bbox 3739 410 3850 468">
    <p class='ocr_par' dir='ltr' id='par_1_3' title="bbox 3739 410 3850 468">
     <span class='ocr_line' id='line_1_3' title="bbox 3739 410 3850 468; baseline 0.009 -1"><span class='ocrx_word' id='word_1_7' title='bbox 3739 410 3850 468; x_wconf 88' lang='lat'><strong>896</strong></span> 
     </span>
    </p>
   </div>
   <div class='ocr_carea' id='block_1_4' title="bbox 603 528 3854 611">
    <p class='ocr_par' dir='ltr' id='par_1_4' title="bbox 603 528 3854 611">
     <span class='ocr_line' id='line_1_4' title="bbox 603 528 3854 611; baseline -0.001 -17"><span class='ocrx_word' id='word_1_8' title='bbox 603 538 786 611; x_wconf 86' lang='lat' dir='ltr'><strong>(Vers.</strong></span> <span class='ocrx_word' id='word_1_9' title='bbox 815 537 898 608; x_wconf 82' lang='lat'><strong>2.)</strong></span> <span class='ocrx_word' id='word_1_10' title='bbox 926 538 1001 593; x_wconf 90' lang='lat' dir='ltr'><strong>Et</strong></span> <span class='ocrx_word' id='word_1_11' title='bbox 1044 553 1150 592; x_wconf 83' lang='lat' dir='ltr'><strong>ecce</strong></span> <span class='ocrx_word' id='word_1_12' title='bbox 1176 551 1339 607; x_wconf 76' lang='lat' dir='ltr'><strong>equus</strong></span> <span class='ocrx_word' id='word_1_13' title='bbox 1366 535 1539 604; x_wconf 81' lang='lat' dir='ltr'><strong>albus,</strong></span> <span class='ocrx_word' id='word_1_14' title='bbox 1587 540 1633 590; x_wconf 89' lang='lat' dir='ltr'><strong>et</strong></span> <span class='ocrx_word' id='word_1_15' title='bbox 1668 534 1761 605; x_wconf 82' lang='lat' dir='ltr'><strong>qui</strong></span> <span class='ocrx_word' id='word_1_16' title='bbox 1797 533 2003 589; x_wconf 80' lang='lat' dir='ltr'><strong>sedebat</strong></span> <span class='ocrx_word' id='word_1_17' title='bbox 2028 549 2129 588; x_wconf 82' lang='lat' dir='ltr'><strong>su—</strong></span> <span class='ocrx_word' id='word_1_18' title='bbox 2155 533 2202 594; x_wconf 83' lang='lat' dir='ltr'><strong>A</strong></span> <span class='ocrx_word' id='word_1_19' title='bbox 2237 530 2368 604; x_wconf 84' lang='lat' dir='ltr'><strong>quia</strong></span> <span class='ocrx_word' id='word_1_20' title='bbox 2394 545 2604 602; x_wconf 88' lang='lat' dir='ltr'><strong>aquam</strong></span> <span class='ocrx_word' id='word_1_21' title='bbox 2637 528 3031 602; x_wconf 79' lang='lat' dir='ltr'><strong>perfectionem</strong></span> <span class='ocrx_word' id='word_1_22' title='bbox 3077 529 3241 587; x_wconf 82' lang='lat' dir='ltr'><strong>habet</strong></span> <span class='ocrx_word' id='word_1_23' title='bbox 3283 531 3444 587; x_wconf 90' lang='lat' dir='ltr'><strong>Pater</strong></span> <span class='ocrx_word' id='word_1_24' title='bbox 3469 539 3524 588; x_wconf 90' lang='lat' dir='ltr'><strong>et</strong></span> <span class='ocrx_word' id='word_1_25' title='bbox 3561 531 3741 589; x_wconf 86' lang='lat' dir='ltr'><strong>Filius</strong></span> <span class='ocrx_word' id='word_1_26' title='bbox 3793 543 3854 591; x_wconf 89' lang='lat' dir='ltr'><strong>et</strong></span> 
     </span>
    </p>
   </div>
   <div class='ocr_carea' id='block_1_5' title="bbox 523 625 2127 700">
    <p class='ocr_par' dir='ltr' id='par_1_5' title="bbox 523 625 2127 700">
     <span class='ocr_line' id='line_1_5' title="bbox 523 625 2127 700; baseline -0.001 -18"><span class='ocrx_word' id='word_1_27' title='bbox 523 645 622 700; x_wconf 85' lang='lat' dir='ltr'><strong>per</strong></span> <span class='ocrx_word' id='word_1_28' title='bbox 663 645 802 696; x_wconf 86' lang='lat' dir='ltr'><strong>eum,</strong></span> <span class='ocrx_word' id='word_1_29' title='bbox 858 626 1077 682; x_wconf 81' lang='lat' dir='ltr'><strong>habebat</strong></span> <span class='ocrx_word' id='word_1_30' title='bbox 1120 642 1329 692; x_wconf 84' lang='lat' dir='ltr'><strong>arcum,</strong></span> <span class='ocrx_word' id='word_1_31' title='bbox 1376 632 1425 680; x_wconf 88' lang='lat' dir='ltr'><strong>et</strong></span> <span class='ocrx_word' id='word_1_32' title='bbox 1461 627 1590 681; x_wconf 88' lang='lat' dir='ltr'><strong>data</strong></span> <span class='ocrx_word' id='word_1_33' title='bbox 1627 630 1702 680; x_wconf 85' lang='lat' dir='ltr'><strong>est</strong></span> <span class='ocrx_word' id='word_1_34' title='bbox 1742 625 1788 679; x_wconf 85' lang='lat' dir='ltr'><strong>ei</strong></span> <span class='ocrx_word' id='word_1_35' title='bbox 1821 640 2038 689; x_wconf 85' lang='lat' dir='ltr'><strong>corona,</strong></span> <span class='ocrx_word' id='word_1_36' title='bbox 2081 632 2127 681; x_wconf 86' lang='lat' dir='ltr'><strong>et</strong></span> 
     </span>
    </p>
   </div>
   <div class='ocr_carea' id='block_1_6' title="bbox 527 719 2128 793">
    <p class='ocr_par' dir='ltr' id='par_1_6' title="bbox 527 719 2128 793">
     <span class='ocr_line' id='line_1_6' title="bbox 527 719 2128 793; baseline -0.001 -15"><span class='ocrx_word' id='word_1_37' title='bbox 527 724 691 779; x_wconf 71' lang='lat' dir='ltr'><strong>exivit</strong></span> <span class='ocrx_word' id='word_1_38' title='bbox 737 723 962 790; x_wconf 85' lang='lat' dir='ltr'><strong>vincens,</strong></span> <span class='ocrx_word' id='word_1_39' title='bbox 1017 727 1076 776; x_wconf 86' lang='lat' dir='ltr'><strong>ut</strong></span> <span class='ocrx_word' id='word_1_40' title='bbox 1116 721 1357 778; x_wconf 80' lang='lat' dir='ltr'><strong>vinceret.</strong></span> <span class='ocrx_word' id='word_1_41' title='bbox 1408 723 1598 793; x_wconf 83' lang='lat' dir='ltr'><strong>Equus</strong></span> <span class='ocrx_word' id='word_1_42' title='bbox 1647 720 1804 778; x_wconf 90' lang='lat' dir='ltr'><strong>albus</strong></span> <span class='ocrx_word' id='word_1_43' title='bbox 1821 719 2001 791; x_wconf 89' lang='lat' dir='ltr'><strong>justos</strong></span> <span class='ocrx_word' id='word_1_44' title='bbox 2031 720 2128 792; x_wconf 90' lang='lat' dir='ltr'><strong>qui</strong></span> 
     </span>
    </p>
   </div>
   <div class='ocr_carea' id='block_1_7' title="bbox 528 809 2127 884">
    <p class='ocr_par' dir='ltr' id='par_1_7' title="bbox 528 809 2127 884">
     <span class='ocr_line' id='line_1_7' title="bbox 528 809 2127 884; baseline -0.001 -16"><span class='ocrx_word' id='word_1_45' title='bbox 528 820 656 868; x_wconf 86' lang='lat' dir='ltr'><strong>ante</strong></span> <span class='ocrx_word' id='word_1_46' title='bbox 702 811 977 868; x_wconf 88' lang='lat' dir='ltr'><strong>diluvium</strong></span> <span class='ocrx_word' id='word_1_47' title='bbox 1010 810 1268 878; x_wconf 74' lang='lat' dir='ltr'><strong>fuerunt,’</strong></span> <span class='ocrx_word' id='word_1_48' title='bbox 1286 811 1555 884; x_wconf 85' lang='lat' dir='ltr'><strong>designat,</strong></span> <span class='ocrx_word' id='word_1_49' title='bbox 1588 812 1681 884; x_wconf 91' lang='lat' dir='ltr'><strong>qui</strong></span> <span class='ocrx_word' id='word_1_50' title='bbox 1724 817 1945 882; x_wconf 80' lang='lat' dir='ltr'><strong>propter</strong></span> <span class='ocrx_word' id='word_1_51' title='bbox 1969 809 2127 866; x_wconf 86' lang='lat' dir='ltr'><strong>inno-</strong></span> 
     </span>
    </p>
   </div>
   <div class='ocr_carea' id='block_1_8' title="bbox 528 899 2127 972">
    <p class='ocr_par' dir='ltr' id='par_1_8' title="bbox 528 899 2127 972">
     <span class='ocr_line' id='line_1_8' title="bbox 528 899 2127 972; baseline -0.003 -13"><span class='ocrx_word' id='word_1_52' title='bbox 528 901 766 960; x_wconf 80' lang='lat' dir='ltr'><strong>centiam</strong></span> <span class='ocrx_word' id='word_1_53' title='bbox 818 901 930 956; x_wconf 86' lang='lat' dir='ltr'><strong>albi</strong></span> <span class='ocrx_word' id='word_1_54' title='bbox 979 901 1258 959; x_wconf 90' lang='lat' dir='ltr'><strong>dicuntur.</strong></span> <span class='ocrx_word' id='word_1_55' title='bbox 1296 900 1485 956; x_wconf 86' lang='lat' dir='ltr'><strong>Sessor</strong></span> <span class='ocrx_word' id='word_1_56' title='bbox 1531 917 1662 956; x_wconf 90' lang='lat' dir='ltr'><strong>vero</strong></span> <span class='ocrx_word' id='word_1_57' title='bbox 1703 899 1827 972; x_wconf 87' lang='lat' dir='ltr'><strong>equi</strong></span> <span class='ocrx_word' id='word_1_58' title='bbox 1857 899 2127 956; x_wconf 88' lang='lat' dir='ltr'><strong>Dominus</strong></span> 
     </span>
    </p>
   </div>
   <div class='ocr_carea' id='block_1_9' title="bbox 527 989 2126 1064">
    <p class='ocr_par' dir='ltr' id='par_1_9' title="bbox 527 989 2126 1064">
     <span class='ocr_line' id='line_1_9' title="bbox 527 989 2126 1064; baseline -0.003 -16"><span class='ocrx_word' id='word_1_59' title='bbox 527 999 629 1060; x_wconf 91' lang='lat' dir='ltr'><strong>est,</strong></span> <span class='ocrx_word' id='word_1_60' title='bbox 655 991 750 1064; x_wconf 89' lang='lat' dir='ltr'><strong>qui</strong></span> <span class='ocrx_word' id='word_1_61' title='bbox 781 991 986 1046; x_wconf 78' lang='lat' dir='ltr'><strong>sanctis</strong></span> <span class='ocrx_word' id='word_1_62' title='bbox 1017 990 1130 1046; x_wconf 88' lang='lat' dir='ltr'><strong>suis</strong></span> <span class='ocrx_word' id='word_1_63' title='bbox 1151 991 1484 1046; x_wconf 81' lang='lat' dir='ltr'><strong>aternaliter</strong></span> <span class='ocrx_word' id='word_1_64' title='bbox 1504 989 1774 1062; x_wconf 88' lang='lat' dir='ltr'><strong>prasidet.</strong></span> <span class='ocrx_word' id='word_1_65' title='bbox 1810 991 1912 1044; x_wconf 90' lang='lat' dir='ltr'><strong>Per</strong></span> <span class='ocrx_word' id='word_1_66' title='bbox 1938 1004 2126 1044; x_wconf 88' lang='lat' dir='ltr'><strong>arcum</strong></span> 
     </span>
    </p>
   </div>
   <div class='ocr_carea' id='block_1_10' title="bbox 527 1079 2124 1154">
    <p class='ocr_par' dir='ltr' id='par_1_10' title="bbox 527 1079 2124 1154">
     <span class='ocr_line' id='line_1_10' title="bbox 527 1079 2124 1154; baseline -0.002 -17"><span class='ocrx_word' id='word_1_67' title='bbox 527 1089 734 1151; x_wconf 91' lang='lat' dir='ltr'><strong>autem,</strong></span> <span class='ocrx_word' id='word_1_68' title='bbox 782 1080 878 1154; x_wconf 90' lang='lat' dir='ltr'><strong>qui</strong></span> <span class='ocrx_word' id='word_1_69' title='bbox 924 1083 1116 1152; x_wconf 84' lang='lat' dir='ltr'><strong>procul</strong></span> <span class='ocrx_word' id='word_1_70' title='bbox 1155 1080 1379 1153; x_wconf 78' lang='lat' dir='ltr'><strong>sagittas</strong></span> <span class='ocrx_word' id='word_1_71' title='bbox 1416 1097 1447 1136; x_wconf 89' lang='lat' dir='ltr'><strong>a</strong></span> <span class='ocrx_word' id='word_1_72' title='bbox 1484 1097 1540 1136; x_wconf 90' lang='lat' dir='ltr'><strong>se</strong></span> <span class='ocrx_word' id='word_1_73' title='bbox 1569 1080 1742 1136; x_wconf 84' lang='lat' dir='ltr'><strong>mittit</strong></span> <span class='ocrx_word' id='word_1_74' title='bbox 1769 1087 1822 1134; x_wconf 91' lang='lat' dir='ltr'><strong>et</strong></span> <span class='ocrx_word' id='word_1_75' title='bbox 1850 1079 2124 1148; x_wconf 81' lang='lat' dir='ltr'><strong>vulnerat,</strong></span> 
     </span>
    </p>
   </div>
   <div class='ocr_carea' id='block_1_11' title="bbox 527 1169 2127 1242">
    <p class='ocr_par' dir='ltr' id='par_1_11' title="bbox 527 1169 2127 1242">
     <span class='ocr_line' id='line_1_11' title="bbox 527 1169 2127 1242; baseline -0.001 -14"><span class='ocrx_word' id='word_1_76' title='bbox 527 1171 780 1228; x_wconf 81' lang='lat' dir='ltr'><strong>vindicta</strong></span> <span class='ocrx_word' id='word_1_77' title='bbox 828 1169 1052 1226; x_wconf 91' lang='lat' dir='ltr'><strong>Domini</strong></span> <span class='ocrx_word' id='word_1_78' title='bbox 1103 1178 1280 1242; x_wconf 82' lang='lat' dir='ltr'><strong>potest</strong></span> <span class='ocrx_word' id='word_1_79' title='bbox 1325 1169 1639 1241; x_wconf 89' lang='lat' dir='ltr'><strong>designari;</strong></span> <span class='ocrx_word' id='word_1_80' title='bbox 1671 1185 1778 1241; x_wconf 90' lang='lat' dir='ltr'><strong>qua</strong></span> <span class='ocrx_word' id='word_1_81' title='bbox 1823 1176 1878 1225; x_wconf 90' lang='lat' dir='ltr'><strong>et</strong></span> <span class='ocrx_word' id='word_1_82' title='bbox 1917 1169 2127 1240; x_wconf 89' lang='lat' dir='ltr'><strong>primos</strong></span> 
     </span>
    </p>
   </div>
   <div class='ocr_carea' id='block_1_12' title="bbox 527 1258 2128 1332">
    <p class='ocr_par' dir='ltr' id='par_1_12' title="bbox 527 1258 2128 1332">
     <span class='ocr_line' id='line_1_12' title="bbox 527 1258 2128 1332; baseline -0.001 -16"><span class='ocrx_word' id='word_1_83' title='bbox 527 1259 780 1316; x_wconf 87' lang='lat' dir='ltr'><strong>homines</strong></span> <span class='ocrx_word' id='word_1_84' title='bbox 812 1267 1040 1332; x_wconf 90' lang='lat' dir='ltr'><strong>propter</strong></span> <span class='ocrx_word' id='word_1_85' title='bbox 1059 1259 1448 1315; x_wconf 88' lang='lat' dir='ltr'><strong>inobedientia</strong></span> <span class='ocrx_word' id='word_1_86' title='bbox 1488 1259 1701 1332; x_wconf 89' lang='lat' dir='ltr'><strong>culpam</strong></span> <span class='ocrx_word' id='word_1_87' title='bbox 1735 1258 2038 1328; x_wconf 85' lang='lat' dir='ltr'><strong>damnavit,</strong></span> <span class='ocrx_word' id='word_1_88' title='bbox 2075 1266 2128 1314; x_wconf 91' lang='lat' dir='ltr'><strong>et</strong></span> 
     </span>
    </p>
   </div>
   <div class='ocr_carea' id='block_1_13' title="bbox 526 1347 2119 1422">
    <p class='ocr_par' dir='ltr' id='par_1_13' title="bbox 526 1347 2119 1422">
     <span class='ocr_line' id='line_1_13' title="bbox 526 1347 2119 1422; baseline 0.001 -19"><span class='ocrx_word' id='word_1_89' title='bbox 526 1347 660 1404; x_wconf 88' lang='lat' dir='ltr'><strong>Cain</strong></span> <span class='ocrx_word' id='word_1_90' title='bbox 692 1357 916 1422; x_wconf 84' lang='lat' dir='ltr'><strong>propter</strong></span> <span class='ocrx_word' id='word_1_91' title='bbox 961 1349 1256 1406; x_wconf 89' lang='lat' dir='ltr'><strong>fratricidii</strong></span> <span class='ocrx_word' id='word_1_92' title='bbox 1287 1359 1502 1406; x_wconf 87' lang='lat' dir='ltr'><strong>reatum</strong></span> <span class='ocrx_word' id='word_1_93' title='bbox 1535 1349 1847 1421; x_wconf 90' lang='lat' dir='ltr'><strong>septuplum</strong></span> <span class='ocrx_word' id='word_1_94' title='bbox 1882 1349 2119 1420; x_wconf 83' lang='lat' dir='ltr'><strong>punivit.</strong></span> 
     </span>
    </p>
   </div>
   <div class='ocr_carea' id='block_1_14' title="bbox 526 1437 2125 1512">
    <p class='ocr_par' dir='ltr' id='par_1_14' title="bbox 526 1437 2125 1512">
     <span class='ocr_line' id='line_1_14' title="bbox 526 1437 2125 1512; baseline 0.001 -20"><span class='ocrx_word' id='word_1_95' title='bbox 526 1437 628 1494; x_wconf 91' lang='lat' dir='ltr'><strong>Per</strong></span> <span class='ocrx_word' id='word_1_96' title='bbox 673 1454 930 1494; x_wconf 86' lang='lat' dir='ltr'><strong>coronam</strong></span> <span class='ocrx_word' id='word_1_97' title='bbox 968 1438 1358 1507; x_wconf 89' lang='lat' dir='ltr'><strong>nihilominus,</strong></span> <span class='ocrx_word' id='word_1_98' title='bbox 1395 1440 1540 1495; x_wconf 88' lang='lat' dir='ltr'><strong>sicut</strong></span> <span class='ocrx_word' id='word_1_99' title='bbox 1573 1447 1628 1496; x_wconf 91' lang='lat' dir='ltr'><strong>et</strong></span> <span class='ocrx_word' id='word_1_100' title='bbox 1665 1456 1761 1512; x_wconf 89' lang='lat' dir='ltr'><strong>per</strong></span> <span class='ocrx_word' id='word_1_101' title='bbox 1806 1455 2006 1511; x_wconf 89' lang='lat' dir='ltr'><strong>equum</strong></span> <span class='ocrx_word' id='word_1_102' title='bbox 2035 1439 2125 1494; x_wconf 90' lang='lat' dir='ltr'><strong>al-</strong></span> 
     </span>
    </p>
   </div>
   <div class='ocr_carea' id='block_1_15' title="bbox 525 1527 2120 1601">
    <p class='ocr_par' dir='ltr' id='par_1_15' title="bbox 525 1527 2120 1601">
     <span class='ocr_line' id='line_1_15' title="bbox 525 1527 2120 1601; baseline 0 -17"><span class='ocrx_word' id='word_1_103' title='bbox 525 1528 682 1597; x_wconf 89' lang='lat' dir='ltr'><strong>bum,</strong></span> <span class='ocrx_word' id='word_1_104' title='bbox 706 1527 842 1598; x_wconf 88' lang='lat' dir='ltr'><strong>justi</strong></span> <span class='ocrx_word' id='word_1_105' title='bbox 883 1529 976 1601; x_wconf 87' lang='lat' dir='ltr'><strong>qui</strong></span> <span class='ocrx_word' id='word_1_106' title='bbox 1009 1537 1133 1585; x_wconf 90' lang='lat' dir='ltr'><strong>ante</strong></span> <span class='ocrx_word' id='word_1_107' title='bbox 1153 1527 1428 1584; x_wconf 86' lang='lat' dir='ltr'><strong>diluvium</strong></span> <span class='ocrx_word' id='word_1_108' title='bbox 1466 1528 1710 1595; x_wconf 88' lang='lat' dir='ltr'><strong>fuerunt,</strong></span> <span class='ocrx_word' id='word_1_109' title='bbox 1749 1528 2120 1600; x_wconf 78' lang='lat' dir='ltr'><strong>designantur.</strong></span> 
     </span>
    </p>
   </div>
   <div class='ocr_carea' id='block_1_16' title="bbox 523 1617 2128 1690">
    <p class='ocr_par' dir='ltr' id='par_1_16' title="bbox 523 1617 2128 1690">
     <span class='ocr_line' id='line_1_16' title="bbox 523 1617 2128 1690; baseline -0.001 -15"><span class='ocrx_word' id='word_1_110' title='bbox 523 1619 716 1675; x_wconf 70' lang='lat' dir='ltr'><strong>Exivit</strong></span> <span class='ocrx_word' id='word_1_111' title='bbox 737 1619 914 1690; x_wconf 86' lang='lat' dir='ltr'><strong>(vero)</strong></span> <span class='ocrx_word' id='word_1_112' title='bbox 935 1619 1162 1684; x_wconf 80' lang='lat' dir='ltr'><strong>vincens,</strong></span> <span class='ocrx_word' id='word_1_113' title='bbox 1181 1626 1240 1673; x_wconf 85' lang='lat' dir='ltr'><strong>ut</strong></span> <span class='ocrx_word' id='word_1_114' title='bbox 1259 1618 1496 1680; x_wconf 51' lang='lat' dir='ltr'><strong>vinceret,</strong></span> <span class='ocrx_word' id='word_1_115' title='bbox 1515 1617 1731 1690; x_wconf 87' lang='lat' dir='ltr'><strong>quando</strong></span> <span class='ocrx_word' id='word_1_116' title='bbox 1745 1619 1938 1675; x_wconf 85' lang='lat' dir='ltr'><strong>statuit</strong></span> <span class='ocrx_word' id='word_1_117' title='bbox 1957 1628 2018 1676; x_wconf 91' lang='lat' dir='ltr'><strong>ut</strong></span> <span class='ocrx_word' id='word_1_118' title='bbox 2035 1635 2128 1690; x_wconf 92' lang='lat' dir='ltr'><strong>per</strong></span> 
     </span>
    </p>
   </div>
   <div class='ocr_carea' id='block_1_17' title="bbox 522 1708 2122 1782">
    <p class='ocr_par' dir='ltr' id='par_1_17' title="bbox 522 1708 2122 1782">
     <span class='ocr_line' id='line_1_17' title="bbox 522 1708 2122 1782; baseline 0.001 -18"><span class='ocrx_word' id='word_1_119' title='bbox 522 1725 691 1782; x_wconf 88' lang='lat' dir='ltr'><strong>aquas</strong></span> <span class='ocrx_word' id='word_1_120' title='bbox 709 1708 911 1764; x_wconf 90' lang='lat' dir='ltr'><strong>diluvii</strong></span> <span class='ocrx_word' id='word_1_121' title='bbox 937 1709 1119 1765; x_wconf 90' lang='lat' dir='ltr'><strong>omnis</strong></span> <span class='ocrx_word' id='word_1_122' title='bbox 1143 1708 1442 1766; x_wconf 86' lang='lat' dir='ltr'><strong>multitudo</strong></span> <span class='ocrx_word' id='word_1_123' title='bbox 1458 1709 1816 1781; x_wconf 90' lang='lat' dir='ltr'><strong>reproborum</strong></span> <span class='ocrx_word' id='word_1_124' title='bbox 1830 1709 2122 1767; x_wconf 86' lang='lat' dir='ltr'><strong>deleretur.</strong></span> 
     </span>
    </p>
   </div>
   <div class='ocr_carea' id='block_1_18' title="bbox 594 1785 2126 1878">
    <p class='ocr_par' dir='ltr' id='par_1_18' title="bbox 594 1785 2126 1878">
     <span class='ocr_line' id='line_1_18' title="bbox 594 1785 2126 1878; baseline 0.001 -18"><span class='ocrx_word' id='word_1_125' title='bbox 594 1785 778 1872; x_wconf 65' lang='lat' dir='ltr'><strong>(Vera.</strong></span> <span class='ocrx_word' id='word_1_126' title='bbox 813 1803 867 1872; x_wconf 88' lang='lat'><strong>3,</strong></span> <span class='ocrx_word' id='word_1_127' title='bbox 923 1805 1005 1875; x_wconf 78' lang='grc'><strong>4.)</strong></span> <span class='ocrx_word' id='word_1_128' title='bbox 1051 1805 1124 1860; x_wconf 88' lang='lat' dir='ltr'><strong>Et</strong></span> <span class='ocrx_word' id='word_1_129' title='bbox 1161 1822 1278 1860; x_wconf 88' lang='lat' dir='ltr'><strong>cum</strong></span> <span class='ocrx_word' id='word_1_130' title='bbox 1318 1805 1610 1876; x_wconf 75' lang='lat' dir='ltr'><strong>aperuisset</strong></span> <span class='ocrx_word' id='word_1_131' title='bbox 1663 1808 1895 1878; x_wconf 70' lang='lat' dir='ltr'><strong>sigillum</strong></span> <span class='ocrx_word' id='word_1_132' title='bbox 1935 1823 2126 1862; x_wconf 82' lang='lat' dir='ltr'><strong>secun-</strong></span> 
     </span>
    </p>
   </div>
   <div class='ocr_carea' id='block_1_19' title="bbox 2235 620 3852 695">
    <p class='ocr_par' dir='ltr' id='par_1_19' title="bbox 2235 620 3852 695">
     <span class='ocr_line' id='line_1_19' title="bbox 2235 620 3852 695; baseline 0.004 -20"><span class='ocrx_word' id='word_1_133' title='bbox 2235 620 2474 693; x_wconf 89' lang='lat' dir='ltr'><strong>Spiritus</strong></span> <span class='ocrx_word' id='word_1_134' title='bbox 2547 631 2793 690; x_wconf 87' lang='lat' dir='ltr'><strong>sanctus,</strong></span> <span class='ocrx_word' id='word_1_135' title='bbox 2863 622 3008 679; x_wconf 88' lang='lat' dir='ltr'><strong>sicut</strong></span> <span class='ocrx_word' id='word_1_136' title='bbox 3072 622 3337 695; x_wconf 86' lang='lat' dir='ltr'><strong>scripturn</strong></span> <span class='ocrx_word' id='word_1_137' title='bbox 3406 631 3526 680; x_wconf 88' lang='lat' dir='ltr'><strong>est:</strong></span> <span class='ocrx_word' id='word_1_138' title='bbox 3577 643 3606 676; x_wconf 80' lang='grc' dir='ltr'>(ι</span> <span class='ocrx_word' id='word_1_139' title='bbox 3656 625 3852 692; x_wconf 83' lang='lat' dir='ltr'><strong>Qualis</strong></span> 
     </span>
    </p>
   </div>
   <div class='ocr_carea' id='block_1_20' title="bbox 2237 711 3849 787">
    <p class='ocr_par' dir='ltr' id='par_1_20' title="bbox 2237 711 3849 787">
     <span class='ocr_line' id='line_1_20' title="bbox 2237 711 3849 787; baseline 0.004 -20"><span class='ocrx_word' id='word_1_140' title='bbox 2237 712 2416 780; x_wconf 84' lang='lat' dir='ltr'><strong>Pater,</strong></span> <span class='ocrx_word' id='word_1_141' title='bbox 2462 713 2589 768; x_wconf 88' lang='lat' dir='ltr'><strong>talis</strong></span> <span class='ocrx_word' id='word_1_142' title='bbox 2647 712 2844 780; x_wconf 88' lang='lat' dir='ltr'><strong>Filius,</strong></span> <span class='ocrx_word' id='word_1_143' title='bbox 2894 711 3024 768; x_wconf 89' lang='lat' dir='ltr'><strong>talis</strong></span> <span class='ocrx_word' id='word_1_144' title='bbox 3069 711 3306 784; x_wconf 88' lang='lat' dir='ltr'><strong>Spiritus</strong></span> <span class='ocrx_word' id='word_1_145' title='bbox 3347 721 3570 771; x_wconf 86' lang='lat' dir='ltr'><strong>sanctus</strong></span> <span class='ocrx_word' id='word_1_146' title='bbox 3619 715 3849 787; x_wconf 81' lang='lat' dir='ltr'><strong>(Athan.</strong></span> 
     </span>
    </p>
   </div>
   <div class='ocr_carea' id='block_1_21' title="bbox 2239 800 2577 872">
    <p class='ocr_par' dir='ltr' id='par_1_21' title="bbox 2239 800 2577 872">
     <span class='ocr_line' id='line_1_21' title="bbox 2239 800 2577 872; baseline -0.018 -16"><span class='ocrx_word' id='word_1_147' title='bbox 2239 800 2519 872; x_wconf 83' lang='lat' dir='ltr'><strong>Symbol.).</strong></span> <span class='ocrx_word' id='word_1_148' title='bbox 2558 825 2577 850; x_wconf 74' lang='grc' dir='ltr'><strong><em>ι</em></strong></span> 
     </span>
    </p>
   </div>
   <div class='ocr_carea' id='block_1_22' title="bbox 2308 887 3851 965">
    <p class='ocr_par' dir='ltr' id='par_1_22' title="bbox 2308 887 3851 965">
     <span class='ocr_line' id='line_1_22' title="bbox 2308 887 3851 965; baseline 0.003 -19"><span class='ocrx_word' id='word_1_149' title='bbox 2308 890 2568 947; x_wconf 89' lang='lat' dir='ltr'><strong>Latitudo</strong></span> <span class='ocrx_word' id='word_1_150' title='bbox 2614 889 2984 946; x_wconf 90' lang='lat' dir='ltr'><strong>nihilominus</strong></span> <span class='ocrx_word' id='word_1_151' title='bbox 3011 887 3130 961; x_wconf 88' lang='lat' dir='ltr'><strong>ejus</strong></span> <span class='ocrx_word' id='word_1_152' title='bbox 3180 890 3237 946; x_wconf 92' lang='lat' dir='ltr'><strong>in</strong></span> <span class='ocrx_word' id='word_1_153' title='bbox 3267 891 3668 965; x_wconf 82' lang='lat' dir='ltr'><strong>quinquaginta</strong></span> <span class='ocrx_word' id='word_1_154' title='bbox 3693 894 3851 950; x_wconf 88' lang='lat' dir='ltr'><strong>cubi-</strong></span> 
     </span>
    </p>
   </div>
   <div class='ocr_carea' id='block_1_23' title="bbox 2239 978 3848 1054">
    <p class='ocr_par' dir='ltr' id='par_1_23' title="bbox 2239 978 3848 1054">
     <span class='ocr_line' id='line_1_23' title="bbox 2239 978 3848 1054; baseline 0.002 -18"><span class='ocrx_word' id='word_1_155' title='bbox 2239 989 2320 1036; x_wconf 88' lang='lat' dir='ltr'><strong>tos</strong></span> <span class='ocrx_word' id='word_1_156' title='bbox 2366 980 2670 1047; x_wconf 87' lang='lat' dir='ltr'><strong>dilatatur;</strong></span> <span class='ocrx_word' id='word_1_157' title='bbox 2723 979 2856 1052; x_wconf 91' lang='lat' dir='ltr'><strong>quia</strong></span> <span class='ocrx_word' id='word_1_158' title='bbox 2903 978 3039 1036; x_wconf 89' lang='lat' dir='ltr'><strong>ﬁdes</strong></span> <span class='ocrx_word' id='word_1_159' title='bbox 3065 996 3162 1052; x_wconf 90' lang='lat' dir='ltr'><strong>per</strong></span> <span class='ocrx_word' id='word_1_160' title='bbox 3182 979 3532 1037; x_wconf 88' lang='lat' dir='ltr'><strong>dilectionem</strong></span> <span class='ocrx_word' id='word_1_161' title='bbox 3563 990 3848 1054; x_wconf 89' lang='lat' dir='ltr'><strong>operatur.</strong></span> 
     </span>
    </p>
   </div>
   <div class='ocr_carea' id='block_1_24' title="bbox 2235 1069 3852 1144">
    <p class='ocr_par' dir='ltr' id='par_1_24' title="bbox 2235 1069 3852 1144">
     <span class='ocr_line' id='line_1_24' title="bbox 2235 1069 3852 1144; baseline 0.002 -18"><span class='ocrx_word' id='word_1_162' title='bbox 2235 1069 2339 1126; x_wconf 89' lang='lat' dir='ltr'><strong>Sed</strong></span> <span class='ocrx_word' id='word_1_163' title='bbox 2391 1087 2502 1126; x_wconf 90' lang='lat' dir='ltr'><strong>non</strong></span> <span class='ocrx_word' id='word_1_164' title='bbox 2551 1070 3012 1127; x_wconf 84' lang='lat' dir='ltr'><strong>inconvenienter</strong></span> <span class='ocrx_word' id='word_1_165' title='bbox 3053 1086 3147 1142; x_wconf 88' lang='lat' dir='ltr'><strong>per</strong></span> <span class='ocrx_word' id='word_1_166' title='bbox 3191 1071 3589 1144; x_wconf 81' lang='lat' dir='ltr'><strong>quinquaginta</strong></span> <span class='ocrx_word' id='word_1_167' title='bbox 3625 1073 3852 1130; x_wconf 89' lang='lat' dir='ltr'><strong>cubitos</strong></span> 
     </span>
    </p>
   </div>
   <div class='ocr_carea' id='block_1_25' title="bbox 2238 1158 3848 1234">
    <p class='ocr_par' dir='ltr' id='par_1_25' title="bbox 2238 1158 3848 1234">
     <span class='ocr_line' id='line_1_25' title="bbox 2238 1158 3848 1234; baseline 0.002 -20"><span class='ocrx_word' id='word_1_168' title='bbox 2238 1158 2549 1215; x_wconf 88' lang='lat' dir='ltr'><strong>latitudinis</strong></span> <span class='ocrx_word' id='word_1_169' title='bbox 2597 1158 2840 1215; x_wconf 88' lang='lat' dir='ltr'><strong>charitas</strong></span> <span class='ocrx_word' id='word_1_170' title='bbox 2887 1158 3185 1230; x_wconf 89' lang='lat' dir='ltr'><strong>ﬁguratur;</strong></span> <span class='ocrx_word' id='word_1_171' title='bbox 3228 1161 3428 1231; x_wconf 85' lang='lat' dir='ltr'><strong>septies</strong></span> <span class='ocrx_word' id='word_1_172' title='bbox 3456 1161 3603 1216; x_wconf 88' lang='lat' dir='ltr'><strong>enim</strong></span> <span class='ocrx_word' id='word_1_173' title='bbox 3633 1171 3848 1234; x_wconf 83' lang='lat' dir='ltr'><strong>septem</strong></span> 
     </span>
    </p>
   </div>
   <div class='ocr_carea' id='block_1_26' title="bbox 2235 1247 3853 1322">
    <p class='ocr_par' dir='ltr' id='par_1_26' title="bbox 2235 1247 3853 1322">
     <span class='ocr_line' id='line_1_26' title="bbox 2235 1247 3853 1322; baseline 0.001 -18"><span class='ocrx_word' id='word_1_174' title='bbox 2235 1248 2599 1322; x_wconf 85' lang='lat' dir='ltr'><strong>quadraginta</strong></span> <span class='ocrx_word' id='word_1_175' title='bbox 2642 1264 2844 1303; x_wconf 89' lang='lat' dir='ltr'><strong>novem</strong></span> <span class='ocrx_word' id='word_1_176' title='bbox 2893 1247 3136 1303; x_wconf 84' lang='lat' dir='ltr'><strong>faciunt:</strong></span> <span class='ocrx_word' id='word_1_177' title='bbox 3187 1249 3334 1321; x_wconf 93' lang='lat' dir='ltr'><strong>quod</strong></span> <span class='ocrx_word' id='word_1_178' title='bbox 3376 1249 3422 1305; x_wconf 91' lang='lat' dir='ltr'><strong>si</strong></span> <span class='ocrx_word' id='word_1_179' title='bbox 3477 1266 3650 1306; x_wconf 91' lang='lat' dir='ltr'><strong>unum</strong></span> <span class='ocrx_word' id='word_1_180' title='bbox 3711 1250 3853 1308; x_wconf 90' lang='lat' dir='ltr'><strong>huic</strong></span> 
     </span>
    </p>
   </div>
   <div class='ocr_carea' id='block_1_27' title="bbox 2235 1337 3850 1411">
    <p class='ocr_par' dir='ltr' id='par_1_27' title="bbox 2235 1337 3850 1411">
     <span class='ocr_line' id='line_1_27' title="bbox 2235 1337 3850 1411; baseline 0 -17"><span class='ocrx_word' id='word_1_181' title='bbox 2235 1354 2468 1394; x_wconf 90' lang='lat' dir='ltr'><strong>numero</strong></span> <span class='ocrx_word' id='word_1_182' title='bbox 2517 1337 2824 1405; x_wconf 86' lang='lat' dir='ltr'><strong>addideris,</strong></span> <span class='ocrx_word' id='word_1_183' title='bbox 2874 1337 3276 1411; x_wconf 87' lang='lat' dir='ltr'><strong>quinquaginta</strong></span> <span class='ocrx_word' id='word_1_184' title='bbox 3305 1339 3572 1396; x_wconf 87' lang='lat' dir='ltr'><strong>invenies.</strong></span> <span class='ocrx_word' id='word_1_185' title='bbox 3604 1340 3850 1398; x_wconf 90' lang='lat' dir='ltr'><strong>Dilectio</strong></span> 
     </span>
    </p>
   </div>
   <div class='ocr_carea' id='block_1_28' title="bbox 2234 1428 3849 1503">
    <p class='ocr_par' dir='ltr' id='par_1_28' title="bbox 2234 1428 3849 1503">
     <span class='ocr_line' id='line_1_28' title="bbox 2234 1428 3849 1503; baseline 0.002 -19"><span class='ocrx_word' id='word_1_186' title='bbox 2234 1445 2362 1501; x_wconf 89' lang='lat' dir='ltr'><strong>ergo</strong></span> <span class='ocrx_word' id='word_1_187' title='bbox 2393 1429 2636 1502; x_wconf 88' lang='lat' dir='ltr'><strong>proximi</strong></span> <span class='ocrx_word' id='word_1_188' title='bbox 2672 1444 2784 1484; x_wconf 92' lang='lat' dir='ltr'><strong>non</strong></span> <span class='ocrx_word' id='word_1_189' title='bbox 2821 1428 3279 1486; x_wconf 89' lang='lat' dir='ltr'><strong>inconvenienter</strong></span> <span class='ocrx_word' id='word_1_190' title='bbox 3316 1429 3374 1486; x_wconf 88' lang='lat' dir='ltr'><strong>in</strong></span> <span class='ocrx_word' id='word_1_191' title='bbox 3403 1431 3714 1503; x_wconf 89' lang='lat' dir='ltr'><strong>septenario</strong></span> <span class='ocrx_word' id='word_1_192' title='bbox 3743 1449 3849 1488; x_wconf 92' lang='lat' dir='ltr'><strong>nu-</strong></span> 
     </span>
    </p>
   </div>
   <div class='ocr_carea' id='block_1_29' title="bbox 2233 1519 3851 1594">
    <p class='ocr_par' dir='ltr' id='par_1_29' title="bbox 2233 1519 3851 1594">
     <span class='ocr_line' id='line_1_29' title="bbox 2233 1519 3851 1594; baseline 0 -16"><span class='ocrx_word' id='word_1_193' title='bbox 2233 1537 2386 1578; x_wconf 88' lang='lat' dir='ltr'><strong>mero</strong></span> <span class='ocrx_word' id='word_1_194' title='bbox 2414 1521 2927 1594; x_wconf 88' lang='lat' dir='ltr'><strong>comprehenditur;</strong></span> <span class='ocrx_word' id='word_1_195' title='bbox 2979 1519 3107 1594; x_wconf 90' lang='lat' dir='ltr'><strong>quia</strong></span> <span class='ocrx_word' id='word_1_196' title='bbox 3134 1521 3253 1577; x_wconf 89' lang='lat' dir='ltr'><strong>sine</strong></span> <span class='ocrx_word' id='word_1_197' title='bbox 3299 1530 3504 1594; x_wconf 86' lang='lat' dir='ltr'><strong>septem</strong></span> <span class='ocrx_word' id='word_1_198' title='bbox 3535 1521 3851 1578; x_wconf 88' lang='lat' dir='ltr'><strong>virtutibus</strong></span> 
     </span>
    </p>
   </div>
   <div class='ocr_carea' id='block_1_30' title="bbox 2233 1610 3852 1684">
    <p class='ocr_par' dir='ltr' id='par_1_30' title="bbox 2233 1610 3852 1684">
     <span class='ocr_line' id='line_1_30' title="bbox 2233 1610 3852 1684; baseline 0.001 -18"><span class='ocrx_word' id='word_1_199' title='bbox 2233 1610 2421 1683; x_wconf 90' lang='lat' dir='ltr'><strong>perﬁci</strong></span> <span class='ocrx_word' id='word_1_200' title='bbox 2455 1627 2566 1666; x_wconf 90' lang='lat' dir='ltr'><strong>non</strong></span> <span class='ocrx_word' id='word_1_201' title='bbox 2605 1618 2806 1684; x_wconf 88' lang='lat' dir='ltr'><strong>potest.</strong></span> <span class='ocrx_word' id='word_1_202' title='bbox 2857 1612 2922 1667; x_wconf 91' lang='lat' dir='ltr'><strong>In</strong></span> <span class='ocrx_word' id='word_1_203' title='bbox 2963 1619 3169 1683; x_wconf 90' lang='lat' dir='ltr'><strong>septem</strong></span> <span class='ocrx_word' id='word_1_204' title='bbox 3213 1626 3348 1667; x_wconf 88' lang='lat' dir='ltr'><strong>vero</strong></span> <span class='ocrx_word' id='word_1_205' title='bbox 3390 1619 3642 1684; x_wconf 89' lang='lat' dir='ltr'><strong>septenos</strong></span> <span class='ocrx_word' id='word_1_206' title='bbox 3670 1628 3852 1668; x_wconf 86' lang='lat' dir='ltr'><strong>unus-</strong></span> 
     </span>
    </p>
   </div>
   <div class='ocr_carea' id='block_1_31' title="bbox 2233 1699 3844 1774">
    <p class='ocr_par' dir='ltr' id='par_1_31' title="bbox 2233 1699 3844 1774">
     <span class='ocr_line' id='line_1_31' title="bbox 2233 1699 3844 1774; baseline 0.001 -18"><span class='ocrx_word' id='word_1_207' title='bbox 2233 1700 2466 1774; x_wconf 89' lang='lat' dir='ltr'><strong>quisque</strong></span> <span class='ocrx_word' id='word_1_208' title='bbox 2509 1700 2691 1758; x_wconf 88' lang='lat' dir='ltr'><strong>ﬁdelis</strong></span> <span class='ocrx_word' id='word_1_209' title='bbox 2735 1699 3089 1756; x_wconf 89' lang='lat' dir='ltr'><strong>dilectionem</strong></span> <span class='ocrx_word' id='word_1_210' title='bbox 3138 1699 3379 1772; x_wconf 82' lang='lat' dir='ltr'><strong>proximi</strong></span> <span class='ocrx_word' id='word_1_211' title='bbox 3408 1699 3660 1757; x_wconf 79' lang='lat' dir='ltr'><strong>extendit</strong></span> <span class='ocrx_word' id='word_1_212' title='bbox 3693 1701 3844 1772; x_wconf 74' lang='grc'>(49),</span> 
     </span>
    </p>
   </div>
   <div class='ocr_carea' id='block_1_32' title="bbox 2234 1789 3848 1864">
    <p class='ocr_par' dir='ltr' id='par_1_32' title="bbox 2234 1789 3848 1864">
     <span class='ocr_line' id='line_1_32' title="bbox 2234 1789 3848 1864; baseline 0.001 -19"><span class='ocrx_word' id='word_1_213' title='bbox 2234 1790 2365 1848; x_wconf 89' lang='lat' dir='ltr'><strong>dum</strong></span> <span class='ocrx_word' id='word_1_214' title='bbox 2406 1791 2829 1864; x_wconf 87' lang='lat' dir='ltr'><strong>quibuscunque</strong></span> <span class='ocrx_word' id='word_1_215' title='bbox 2873 1789 3053 1846; x_wconf 89' lang='lat' dir='ltr'><strong>modis</strong></span> <span class='ocrx_word' id='word_1_216' title='bbox 3101 1789 3451 1846; x_wconf 89' lang='lat' dir='ltr'><strong>necessitates</strong></span> <span class='ocrx_word' id='word_1_217' title='bbox 3495 1797 3590 1846; x_wconf 90' lang='lat' dir='ltr'><strong>aut</strong></span> <span class='ocrx_word' id='word_1_218' title='bbox 3643 1789 3848 1846; x_wconf 88' lang='lat' dir='ltr'><strong>adver-</strong></span> 
     </span>
    </p>
   </div>
   <div class='ocr_carea' id='block_1_33' title="bbox 522 1878 2115 1967">
    <p class='ocr_par' dir='ltr' id='par_1_33' title="bbox 522 1893 2115 1967">
     <span class='ocr_line' id='line_1_33' title="bbox 522 1893 2115 1967; baseline 0.001 -18"><span class='ocrx_word' id='word_1_219' title='bbox 522 1894 670 1949; x_wconf 85' lang='lat' dir='ltr'><strong>dum.</strong></span> <span class='ocrx_word' id='word_1_220' title='bbox 713 1893 950 1951; x_wconf 90' lang='lat' dir='ltr'><strong>Secundi</strong></span> <span class='ocrx_word' id='word_1_221' title='bbox 992 1895 1162 1966; x_wconf 88' lang='lat' dir='ltr'><strong>sigilli</strong></span> <span class='ocrx_word' id='word_1_222' title='bbox 1211 1895 1422 1967; x_wconf 89' lang='lat' dir='ltr'><strong>apertio</strong></span> <span class='ocrx_word' id='word_1_223' title='bbox 1465 1895 1534 1950; x_wconf 91' lang='lat' dir='ltr'><strong>ad</strong></span> <span class='ocrx_word' id='word_1_224' title='bbox 1565 1911 1704 1950; x_wconf 82' lang='lat' dir='ltr'><strong>arca</strong></span> <span class='ocrx_word' id='word_1_225' title='bbox 1736 1895 2020 1964; x_wconf 83' lang='lat' dir='ltr'><strong>fabricam,</strong></span> <span class='ocrx_word' id='word_1_226' title='bbox 2069 1903 2115 1950; x_wconf 86' lang='lat' dir='ltr'><strong>et</strong></span> 
     </span>
    </p>
   </div>
   <div class='ocr_carea' id='block_1_34' title="bbox 2230 1878 3850 1967">
    <p class='ocr_par' dir='ltr' id='par_1_34' title="bbox 2233 1878 3850 1954">
     <span class='ocr_line' id='line_1_34' title="bbox 2233 1878 3850 1954; baseline -0.001 -18"><span class='ocrx_word' id='word_1_227' title='bbox 2233 1882 2421 1938; x_wconf 90' lang='lat' dir='ltr'><strong>sitates</strong></span> <span class='ocrx_word' id='word_1_228' title='bbox 2447 1881 2719 1954; x_wconf 82' lang='lat' dir='ltr'><strong>proximis</strong></span> <span class='ocrx_word' id='word_1_229' title='bbox 2767 1878 2988 1936; x_wconf 89' lang='lat' dir='ltr'><strong>evenire</strong></span> <span class='ocrx_word' id='word_1_230' title='bbox 3021 1888 3268 1952; x_wconf 89' lang='lat' dir='ltr'><strong>possunt,</strong></span> <span class='ocrx_word' id='word_1_231' title='bbox 3301 1879 3506 1935; x_wconf 90' lang='lat' dir='ltr'><strong>eisdem</strong></span> <span class='ocrx_word' id='word_1_232' title='bbox 3551 1879 3736 1934; x_wconf 89' lang='lat' dir='ltr'><strong>modis</strong></span> <span class='ocrx_word' id='word_1_233' title='bbox 3789 1887 3850 1934; x_wconf 89' lang='lat' dir='ltr'><strong>et</strong></span> 
     </span>
    </p>
   </div>
   <div class='ocr_carea' id='block_1_35' title="bbox 519 1983 2119 2056">
    <p class='ocr_par' dir='ltr' id='par_1_35' title="bbox 519 1983 2119 2056">
     <span class='ocr_line' id='line_1_35' title="bbox 519 1983 2119 2056; baseline 0.002 -18"><span class='ocrx_word' id='word_1_234' title='bbox 519 1983 588 2038; x_wconf 88' lang='lat' dir='ltr'><strong>ad</strong></span> <span class='ocrx_word' id='word_1_235' title='bbox 611 1983 792 2056; x_wconf 89' lang='lat' dir='ltr'><strong>justos</strong></span> <span class='ocrx_word' id='word_1_236' title='bbox 821 1983 916 2056; x_wconf 91' lang='lat' dir='ltr'><strong>qui</strong></span> <span class='ocrx_word' id='word_1_237' title='bbox 949 1993 1073 2040; x_wconf 90' lang='lat' dir='ltr'><strong>ante</strong></span> <span class='ocrx_word' id='word_1_238' title='bbox 1117 1985 1288 2056; x_wconf 89' lang='lat' dir='ltr'><strong>legem</strong></span> <span class='ocrx_word' id='word_1_239' title='bbox 1331 1985 1577 2052; x_wconf 89' lang='lat' dir='ltr'><strong>fuerunt,</strong></span> <span class='ocrx_word' id='word_1_240' title='bbox 1622 1986 1878 2056; x_wconf 89' lang='lat' dir='ltr'><strong>pertinet.</strong></span> <span class='ocrx_word' id='word_1_241' title='bbox 1916 1985 2000 2041; x_wconf 87' lang='lat' dir='ltr'><strong>Ad</strong></span> <span class='ocrx_word' id='word_1_242' title='bbox 2029 1985 2119 2041; x_wconf 87' lang='lat' dir='ltr'><strong>de-</strong></span> 
     </span>
    </p>
   </div>
   <div class='ocr_carea' id='block_1_36' title="bbox 520 2073 2120 2146">
    <p class='ocr_par' dir='ltr' id='par_1_36' title="bbox 520 2073 2120 2146">
     <span class='ocr_line' id='line_1_36' title="bbox 520 2073 2120 2146; baseline 0.002 -19"><span class='ocrx_word' id='word_1_243' title='bbox 520 2073 930 2128; x_wconf 90' lang='lat' dir='ltr'><strong>monstrandam</strong></span> <span class='ocrx_word' id='word_1_244' title='bbox 963 2091 1090 2146; x_wconf 91' lang='lat' dir='ltr'><strong>ergo</strong></span> <span class='ocrx_word' id='word_1_245' title='bbox 1120 2073 1344 2130; x_wconf 89' lang='lat' dir='ltr'><strong>secundi</strong></span> <span class='ocrx_word' id='word_1_246' title='bbox 1377 2074 1546 2146; x_wconf 90' lang='lat' dir='ltr'><strong>sigilli</strong></span> <span class='ocrx_word' id='word_1_247' title='bbox 1571 2075 1907 2146; x_wconf 89' lang='lat' dir='ltr'><strong>apertionem</strong></span> <span class='ocrx_word' id='word_1_248' title='bbox 1949 2090 2120 2146; x_wconf 89' lang='lat' dir='ltr'><strong>pauca</strong></span> 
     </span>
    </p>
   </div>
   <div class='ocr_carea' id='block_1_37' title="bbox 520 2161 2119 2234">
    <p class='ocr_par' dir='ltr' id='par_1_37' title="bbox 520 2161 2119 2234">
     <span class='ocr_line' id='line_1_37' title="bbox 520 2161 2119 2234; baseline 0.002 -18"><span class='ocrx_word' id='word_1_249' title='bbox 520 2161 588 2216; x_wconf 91' lang='lat' dir='ltr'><strong>de</strong></span> <span class='ocrx_word' id='word_1_250' title='bbox 618 2161 706 2217; x_wconf 89' lang='lat' dir='ltr'><strong>his</strong></span> <span class='ocrx_word' id='word_1_251' title='bbox 736 2163 1048 2234; x_wconf 84' lang='lat' dir='ltr'><strong>loquamur.</strong></span> <span class='ocrx_word' id='word_1_252' title='bbox 1079 2164 1141 2217; x_wconf 92' lang='lat' dir='ltr'><strong>In</strong></span> <span class='ocrx_word' id='word_1_253' title='bbox 1171 2162 1370 2218; x_wconf 87' lang='lat' dir='ltr'><strong>Genesi</strong></span> <span class='ocrx_word' id='word_1_254' title='bbox 1397 2163 1663 2233; x_wconf 89' lang='lat' dir='ltr'><strong>scriptum</strong></span> <span class='ocrx_word' id='word_1_255' title='bbox 1709 2171 1790 2218; x_wconf 90' lang='lat' dir='ltr'><strong>est</strong></span> <span class='ocrx_word' id='word_1_256' title='bbox 1819 2163 1948 2234; x_wconf 91' lang='lat' dir='ltr'><strong>quia</strong></span> <span class='ocrx_word' id='word_1_257' title='bbox 1973 2164 2119 2220; x_wconf 82' lang='lat' dir='ltr'><strong>dixit</strong></span> 
     </span>
    </p>
   </div>
   <div class='ocr_carea' id='block_1_38' title="bbox 521 2249 2114 2322">
    <p class='ocr_par' dir='ltr' id='par_1_38' title="bbox 521 2249 2114 2322">
     <span class='ocr_line' id='line_1_38' title="bbox 521 2249 2114 2322; baseline 0 -16"><span class='ocrx_word' id='word_1_258' title='bbox 521 2255 666 2306; x_wconf 73' lang='lat' dir='ltr'><strong>Deus</strong></span> <span class='ocrx_word' id='word_1_259' title='bbox 689 2250 757 2306; x_wconf 88' lang='lat' dir='ltr'><strong>ad</strong></span> <span class='ocrx_word' id='word_1_260' title='bbox 786 2252 934 2307; x_wconf 86' lang='lat' dir='ltr'><strong>Noe:</strong></span> <span class='ocrx_word' id='word_1_261' title='bbox 982 2275 1001 2297; x_wconf 77' lang='grc' dir='ltr'>σ</span> <span class='ocrx_word' id='word_1_262' title='bbox 1029 2251 1136 2306; x_wconf 86' lang='lat' dir='ltr'><strong>Fac</strong></span> <span class='ocrx_word' id='word_1_263' title='bbox 1168 2249 1267 2304; x_wconf 91' lang='lat' dir='ltr'><strong>tibi</strong></span> <span class='ocrx_word' id='word_1_264' title='bbox 1299 2266 1480 2306; x_wconf 90' lang='lat' dir='ltr'><strong>arcam</strong></span> <span class='ocrx_word' id='word_1_265' title='bbox 1512 2249 1579 2304; x_wconf 90' lang='lat' dir='ltr'><strong>de</strong></span> <span class='ocrx_word' id='word_1_266' title='bbox 1609 2250 1774 2320; x_wconf 88' lang='lat' dir='ltr'><strong>lignis</strong></span> <span class='ocrx_word' id='word_1_267' title='bbox 1810 2251 2077 2322; x_wconf 75' lang='lat' dir='ltr'><strong>laevigatis</strong></span> <span class='ocrx_word' id='word_1_268' title='bbox 2103 2270 2114 2306; x_wconf 92' lang='lat'><strong>:</strong></span> 
     </span>
    </p>
   </div>
   <div class='ocr_carea' id='block_1_39' title="bbox 520 2338 2118 2407">
    <p class='ocr_par' dir='ltr' id='par_1_39' title="bbox 520 2338 2118 2407">
     <span class='ocr_line' id='line_1_39' title="bbox 520 2338 2118 2407; baseline -0.001 -11"><span class='ocrx_word' id='word_1_269' title='bbox 520 2340 936 2396; x_wconf 89' lang='lat' dir='ltr'><strong>mansiunculas</strong></span> <span class='ocrx_word' id='word_1_270' title='bbox 970 2339 1026 2395; x_wconf 92' lang='lat' dir='ltr'><strong>in</strong></span> <span class='ocrx_word' id='word_1_271' title='bbox 1059 2357 1184 2395; x_wconf 90' lang='lat' dir='ltr'><strong>arca</strong></span> <span class='ocrx_word' id='word_1_272' title='bbox 1210 2338 1396 2407; x_wconf 83' lang='lat' dir='ltr'><strong>facies,</strong></span> <span class='ocrx_word' id='word_1_273' title='bbox 1436 2348 1491 2395; x_wconf 90' lang='lat' dir='ltr'><strong>et</strong></span> <span class='ocrx_word' id='word_1_274' title='bbox 1517 2339 1791 2395; x_wconf 90' lang='lat' dir='ltr'><strong>bitumine</strong></span> <span class='ocrx_word' id='word_1_275' title='bbox 1830 2339 1991 2395; x_wconf 90' lang='lat' dir='ltr'><strong>linies</strong></span> <span class='ocrx_word' id='word_1_276' title='bbox 2021 2341 2118 2396; x_wconf 88' lang='lat' dir='ltr'><strong>in-</strong></span> 
     </span>
    </p>
   </div>
   <div class='ocr_carea' id='block_1_40' title="bbox 520 2429 2116 2497">
    <p class='ocr_par' dir='ltr' id='par_1_40' title="bbox 520 2429 2116 2497">
     <span class='ocr_line' id='line_1_40' title="bbox 520 2429 2116 2497; baseline 0 -11"><span class='ocrx_word' id='word_1_277' title='bbox 520 2431 792 2488; x_wconf 89' lang='lat' dir='ltr'><strong>trinsecus</strong></span> <span class='ocrx_word' id='word_1_278' title='bbox 819 2438 873 2486; x_wconf 91' lang='lat' dir='ltr'><strong>et</strong></span> <span class='ocrx_word' id='word_1_279' title='bbox 900 2429 1264 2497; x_wconf 89' lang='lat' dir='ltr'><strong>extrinsecus,</strong></span> <span class='ocrx_word' id='word_1_280' title='bbox 1296 2439 1350 2486; x_wconf 90' lang='lat' dir='ltr'><strong>et</strong></span> <span class='ocrx_word' id='word_1_281' title='bbox 1387 2431 1466 2486; x_wconf 92' lang='lat' dir='ltr'><strong>sic</strong></span> <span class='ocrx_word' id='word_1_282' title='bbox 1493 2429 1660 2485; x_wconf 74' lang='lat' dir='ltr'><strong>facnes</strong></span> <span class='ocrx_word' id='word_1_283' title='bbox 1695 2447 1836 2487; x_wconf 90' lang='lat' dir='ltr'><strong>eam.</strong></span> <span class='ocrx_word' id='word_1_284' title='bbox 1873 2432 2116 2488; x_wconf 90' lang='lat' dir='ltr'><strong>Trecen-</strong></span> 
     </span>
    </p>
   </div>
   <div class='ocr_carea' id='block_1_41' title="bbox 519 2519 2116 2594">
    <p class='ocr_par' dir='ltr' id='par_1_41' title="bbox 519 2519 2116 2594">
     <span class='ocr_line' id='line_1_41' title="bbox 519 2519 2116 2594; baseline -0.001 -16"><span class='ocrx_word' id='word_1_285' title='bbox 519 2530 700 2579; x_wconf 89' lang='lat' dir='ltr'><strong>torum</strong></span> <span class='ocrx_word' id='word_1_286' title='bbox 731 2521 1044 2578; x_wconf 88' lang='lat' dir='ltr'><strong>cubitorum</strong></span> <span class='ocrx_word' id='word_1_287' title='bbox 1073 2521 1179 2577; x_wconf 90' lang='lat' dir='ltr'><strong>erit</strong></span> <span class='ocrx_word' id='word_1_288' title='bbox 1207 2519 1494 2592; x_wconf 90' lang='lat' dir='ltr'><strong>longitudo</strong></span> <span class='ocrx_word' id='word_1_289' title='bbox 1523 2537 1682 2588; x_wconf 86' lang='lat' dir='ltr'><strong>arca,</strong></span> <span class='ocrx_word' id='word_1_290' title='bbox 1717 2520 2116 2594; x_wconf 86' lang='lat' dir='ltr'><strong>quinquaginta</strong></span> 
     </span>
    </p>
   </div>
   <div class='ocr_carea' id='block_1_42' title="bbox 517 2609 2114 2681">
    <p class='ocr_par' dir='ltr' id='par_1_42' title="bbox 517 2609 2114 2681">
     <span class='ocr_line' id='line_1_42' title="bbox 517 2609 2114 2681; baseline -0.001 -12"><span class='ocrx_word' id='word_1_291' title='bbox 517 2612 832 2669; x_wconf 90' lang='lat' dir='ltr'><strong>cubitorum</strong></span> <span class='ocrx_word' id='word_1_292' title='bbox 884 2609 1141 2676; x_wconf 89' lang='lat' dir='ltr'><strong>latitudo,</strong></span> <span class='ocrx_word' id='word_1_293' title='bbox 1189 2617 1241 2665; x_wconf 89' lang='lat' dir='ltr'><strong>et</strong></span> <span class='ocrx_word' id='word_1_294' title='bbox 1282 2609 1509 2681; x_wconf 87' lang='lat' dir='ltr'><strong>triginta</strong></span> <span class='ocrx_word' id='word_1_295' title='bbox 1539 2609 1854 2666; x_wconf 89' lang='lat' dir='ltr'><strong>cubitorum</strong></span> <span class='ocrx_word' id='word_1_296' title='bbox 1881 2611 2114 2668; x_wconf 86' lang='lat' dir='ltr'><strong>altitudo</strong></span> 
     </span>
    </p>
   </div>
   <div class='ocr_carea' id='block_1_43' title="bbox 519 2698 2115 2772">
    <p class='ocr_par' dir='ltr' id='par_1_43' title="bbox 519 2698 2115 2772">
     <span class='ocr_line' id='line_1_43' title="bbox 519 2698 2115 2772; baseline -0.001 -15"><span class='ocrx_word' id='word_1_297' title='bbox 519 2701 670 2758; x_wconf 90' lang='lat' dir='ltr'><strong>illius</strong></span> <span class='ocrx_word' id='word_1_298' title='bbox 702 2700 857 2772; x_wconf 87' lang='lat' dir='ltr'><strong>(Gen.</strong></span> <span class='ocrx_word' id='word_1_299' title='bbox 891 2718 972 2768; x_wconf 76' lang='lat' dir='ltr'><strong>vr,</strong></span> <span class='ocrx_word' id='word_1_300' title='bbox 1009 2698 1232 2768; x_wconf 64' lang='lat'><strong>14,15).</strong></span> <span class='ocrx_word' id='word_1_301' title='bbox 1266 2722 1285 2746; x_wconf 76' lang='grc' dir='ltr'><strong>ι</strong></span> <span class='ocrx_word' id='word_1_302' title='bbox 1325 2699 1468 2755; x_wconf 83' lang='lat' dir='ltr'><strong>Area</strong></span> <span class='ocrx_word' id='word_1_303' title='bbox 1493 2699 1794 2754; x_wconf 89' lang='lat' dir='ltr'><strong>Ecclesiam</strong></span> <span class='ocrx_word' id='word_1_304' title='bbox 1815 2715 1826 2754; x_wconf 91' lang='lat'><strong>:</strong></span> <span class='ocrx_word' id='word_1_305' title='bbox 1851 2701 1964 2756; x_wconf 91' lang='lat' dir='ltr'><strong>Noe</strong></span> <span class='ocrx_word' id='word_1_306' title='bbox 1984 2716 2115 2756; x_wconf 91' lang='lat' dir='ltr'><strong>vero</strong></span> 
     </span>
    </p>
   </div>
   <div class='ocr_carea' id='block_1_44' title="bbox 516 2787 2113 2845">
    <p class='ocr_par' dir='ltr' id='par_1_44' title="bbox 516 2787 2113 2845">
     <span class='ocr_line' id='line_1_44' title="bbox 516 2787 2113 2845; baseline 0 -1"><span class='ocrx_word' id='word_1_307' title='bbox 516 2788 814 2845; x_wconf 86' lang='lat' dir='ltr'><strong>fabricator</strong></span> <span class='ocrx_word' id='word_1_308' title='bbox 861 2804 998 2844; x_wconf 85' lang='lat' dir='ltr'><strong>arca</strong></span> <span class='ocrx_word' id='word_1_309' title='bbox 1057 2787 1339 2845; x_wconf 89' lang='lat' dir='ltr'><strong>Christum</strong></span> <span class='ocrx_word' id='word_1_310' title='bbox 1404 2787 1787 2844; x_wconf 89' lang='lat' dir='ltr'><strong>fabricatorem</strong></span> <span class='ocrx_word' id='word_1_311' title='bbox 1853 2788 2113 2845; x_wconf 87' lang='lat' dir='ltr'><strong>Ecclesia</strong></span> 
     </span>
    </p>
   </div>
   <div class='ocr_carea' id='block_1_45' title="bbox 517 2877 2114 2952">
    <p class='ocr_par' dir='ltr' id='par_1_45' title="bbox 517 2877 2114 2952">
     <span class='ocr_line' id='line_1_45' title="bbox 517 2877 2114 2952; baseline 0.001 -18"><span class='ocrx_word' id='word_1_312' title='bbox 517 2878 804 2952; x_wconf 86' lang='lat' dir='ltr'><strong>ﬁgurabat.</strong></span> <span class='ocrx_word' id='word_1_313' title='bbox 837 2879 968 2946; x_wconf 83' lang='lat' dir='ltr'><strong>Qua</strong></span> <span class='ocrx_word' id='word_1_314' title='bbox 1007 2893 1133 2933; x_wconf 90' lang='lat' dir='ltr'><strong>arca</strong></span> <span class='ocrx_word' id='word_1_315' title='bbox 1177 2894 1247 2933; x_wconf 87' lang='lat' dir='ltr'><strong>ex</strong></span> <span class='ocrx_word' id='word_1_316' title='bbox 1276 2877 1441 2949; x_wconf 89' lang='lat' dir='ltr'><strong>lignis</strong></span> <span class='ocrx_word' id='word_1_317' title='bbox 1477 2877 1743 2950; x_wconf 81' lang='lat' dir='ltr'><strong>lavigatis</strong></span> <span class='ocrx_word' id='word_1_318' title='bbox 1775 2877 1918 2934; x_wconf 90' lang='lat' dir='ltr'><strong>facta</strong></span> <span class='ocrx_word' id='word_1_319' title='bbox 1945 2878 2114 2935; x_wconf 88' lang='lat' dir='ltr'><strong>fuisse</strong></span> 
     </span>
    </p>
   </div>
   <div class='ocr_carea' id='block_1_46' title="bbox 517 2961 2112 3040">
    <p class='ocr_par' dir='ltr' id='par_1_46' title="bbox 517 2961 2112 3040">
     <span class='ocr_line' id='line_1_46' title="bbox 517 2961 2112 3040; baseline -0.002 -15"><span class='ocrx_word' id='word_1_320' title='bbox 517 2969 876 3026; x_wconf 84' lang='lat' dir='ltr'><strong>describitur:</strong></span> <span class='ocrx_word' id='word_1_321' title='bbox 913 2985 1008 3040; x_wconf 90' lang='lat' dir='ltr'><strong>per</strong></span> <span class='ocrx_word' id='word_1_322' title='bbox 1035 2967 1184 3039; x_wconf 86' lang='lat' dir='ltr'><strong>ligna</strong></span> <span class='ocrx_word' id='word_1_323' title='bbox 1220 2967 1491 3038; x_wconf 84' lang='lat' dir='ltr'><strong>lavigata,</strong></span> <span class='ocrx_word' id='word_1_324' title='bbox 1523 2961 1644 3038; x_wconf 85' lang='lat' dir='ltr'><strong>qua</strong></span> <span class='ocrx_word' id='word_1_325' title='bbox 1691 2973 1744 3022; x_wconf 88' lang='lat' dir='ltr'><strong>et</strong></span> <span class='ocrx_word' id='word_1_326' title='bbox 1780 2983 1946 3038; x_wconf 89' lang='lat' dir='ltr'><strong>aquas</strong></span> <span class='ocrx_word' id='word_1_327' title='bbox 1974 2983 2112 3038; x_wconf 93' lang='lat' dir='ltr'><strong>pro-</strong></span> 
     </span>
    </p>
   </div>
   <div class='ocr_carea' id='block_1_47' title="bbox 518 3056 2112 3126">
    <p class='ocr_par' dir='ltr' id='par_1_47' title="bbox 518 3056 2112 3126">
     <span class='ocr_line' id='line_1_47' title="bbox 518 3056 2112 3126; baseline 0 -12"><span class='ocrx_word' id='word_1_328' title='bbox 518 3059 840 3126; x_wconf 89' lang='lat' dir='ltr'><strong>hibuerunt,</strong></span> <span class='ocrx_word' id='word_1_329' title='bbox 889 3065 944 3112; x_wconf 90' lang='lat' dir='ltr'><strong>et</strong></span> <span class='ocrx_word' id='word_1_330' title='bbox 973 3056 1145 3112; x_wconf 88' lang='lat' dir='ltr'><strong>vitam</strong></span> <span class='ocrx_word' id='word_1_331' title='bbox 1186 3056 1444 3112; x_wconf 92' lang='lat' dir='ltr'><strong>omnibus</strong></span> <span class='ocrx_word' id='word_1_332' title='bbox 1490 3056 1825 3111; x_wconf 88' lang='lat' dir='ltr'><strong>animalibus</strong></span> <span class='ocrx_word' id='word_1_333' title='bbox 1862 3056 2008 3112; x_wconf 89' lang='lat' dir='ltr'><strong>intra</strong></span> <span class='ocrx_word' id='word_1_334' title='bbox 2057 3075 2112 3114; x_wconf 87' lang='lat' dir='ltr'><strong>se</strong></span> 
     </span>
    </p>
   </div>
   <div class='ocr_carea' id='block_1_48' title="bbox 517 3145 2112 3218">
    <p class='ocr_par' dir='ltr' id='par_1_48' title="bbox 517 3145 2112 3218">
     <span class='ocr_line' id='line_1_48' title="bbox 517 3145 2112 3218; baseline -0.002 -14"><span class='ocrx_word' id='word_1_335' title='bbox 517 3147 836 3204; x_wconf 89' lang='lat' dir='ltr'><strong>constitutis</strong></span> <span class='ocrx_word' id='word_1_336' title='bbox 858 3153 1237 3212; x_wconf 88' lang='lat' dir='ltr'><strong>servaverunt,</strong></span> <span class='ocrx_word' id='word_1_337' title='bbox 1260 3145 1511 3200; x_wconf 86' lang='lat' dir='ltr'><strong>doctores</strong></span> <span class='ocrx_word' id='word_1_338' title='bbox 1531 3145 1790 3201; x_wconf 84' lang='lat' dir='ltr'><strong>Ecclesia</strong></span> <span class='ocrx_word' id='word_1_339' title='bbox 1811 3145 2112 3218; x_wconf 87' lang='lat' dir='ltr'><strong>designan—</strong></span> 
     </span>
    </p>
   </div>
   <div class='ocr_carea' id='block_1_49' title="bbox 2230 1967 3848 2044">
    <p class='ocr_par' dir='ltr' id='par_1_49' title="bbox 2230 1967 3848 2044">
     <span class='ocr_line' id='line_1_49' title="bbox 2230 1967 3848 2044; baseline -0.001 -18"><span class='ocrx_word' id='word_1_340' title='bbox 2230 1971 2346 2044; x_wconf 90' lang='lat' dir='ltr'><strong>ipse</strong></span> <span class='ocrx_word' id='word_1_341' title='bbox 2376 1971 2443 2028; x_wconf 89' lang='lat' dir='ltr'><strong>ad</strong></span> <span class='ocrx_word' id='word_1_342' title='bbox 2482 1969 2984 2044; x_wconf 90' lang='lat' dir='ltr'><strong>superveniendum</strong></span> <span class='ocrx_word' id='word_1_343' title='bbox 3019 1976 3240 2041; x_wconf 90' lang='lat' dir='ltr'><strong>paratus</strong></span> <span class='ocrx_word' id='word_1_344' title='bbox 3259 1967 3511 2026; x_wconf 88' lang='lat' dir='ltr'><strong>exsistit:</strong></span> <span class='ocrx_word' id='word_1_345' title='bbox 3543 1967 3698 2024; x_wconf 89' lang='lat' dir='ltr'><strong>verbi</strong></span> <span class='ocrx_word' id='word_1_346' title='bbox 3721 1985 3848 2040; x_wconf 86' lang='lat' dir='ltr'><strong>gra-</strong></span> 
     </span>
    </p>
   </div>
   <div class='ocr_carea' id='block_1_50' title="bbox 2228 2058 3848 2132">
    <p class='ocr_par' dir='ltr' id='par_1_50' title="bbox 2228 2058 3848 2132">
     <span class='ocr_line' id='line_1_50' title="bbox 2228 2058 3848 2132; baseline -0.001 -14"><span class='ocrx_word' id='word_1_347' title='bbox 2228 2063 2329 2130; x_wconf 90' lang='lat' dir='ltr'><strong>tia,</strong></span> <span class='ocrx_word' id='word_1_348' title='bbox 2373 2063 2508 2118; x_wconf 90' lang='lat' dir='ltr'><strong>dum</strong></span> <span class='ocrx_word' id='word_1_349' title='bbox 2543 2061 2830 2129; x_wconf 89' lang='lat' dir='ltr'><strong>esurienti,</strong></span> <span class='ocrx_word' id='word_1_350' title='bbox 2879 2059 3050 2128; x_wconf 89' lang='lat' dir='ltr'><strong>nudo,</strong></span> <span class='ocrx_word' id='word_1_351' title='bbox 3102 2059 3328 2132; x_wconf 87' lang='lat' dir='ltr'><strong>hospiti,</strong></span> <span class='ocrx_word' id='word_1_352' title='bbox 3374 2059 3576 2132; x_wconf 90' lang='lat' dir='ltr'><strong>egenti,</strong></span> <span class='ocrx_word' id='word_1_353' title='bbox 3615 2058 3672 2116; x_wconf 88' lang='lat' dir='ltr'><strong>in</strong></span> <span class='ocrx_word' id='word_1_354' title='bbox 3721 2077 3848 2116; x_wconf 88' lang='lat' dir='ltr'><strong>car-</strong></span> 
     </span>
    </p>
   </div>
   <div class='ocr_carea' id='block_1_51' title="bbox 2227 2149 3848 2223">
    <p class='ocr_par' dir='ltr' id='par_1_51' title="bbox 2227 2149 3848 2223">
     <span class='ocr_line' id='line_1_51' title="bbox 2227 2149 3848 2223; baseline 0.001 -18"><span class='ocrx_word' id='word_1_355' title='bbox 2227 2167 2349 2206; x_wconf 89' lang='lat' dir='ltr'><strong>cere</strong></span> <span class='ocrx_word' id='word_1_356' title='bbox 2391 2151 2591 2222; x_wconf 91' lang='lat' dir='ltr'><strong>posito,</strong></span> <span class='ocrx_word' id='word_1_357' title='bbox 2632 2167 2752 2223; x_wconf 89' lang='lat' dir='ltr'><strong>qua</strong></span> <span class='ocrx_word' id='word_1_358' title='bbox 2791 2159 2922 2206; x_wconf 90' lang='lat' dir='ltr'><strong>sunt</strong></span> <span class='ocrx_word' id='word_1_359' title='bbox 2968 2149 3271 2204; x_wconf 87' lang='lat' dir='ltr'><strong>necessaria</strong></span> <span class='ocrx_word' id='word_1_360' title='bbox 3322 2149 3644 2206; x_wconf 87' lang='lat' dir='ltr'><strong>ministrat:</strong></span> <span class='ocrx_word' id='word_1_361' title='bbox 3701 2149 3848 2206; x_wconf 87' lang='lat' dir='ltr'><strong>dum</strong></span> 
     </span>
    </p>
   </div>
   <div class='ocr_carea' id='block_1_52' title="bbox 2229 2238 3853 2312">
    <p class='ocr_par' dir='ltr' id='par_1_52' title="bbox 2229 2238 3853 2312">
     <span class='ocr_line' id='line_1_52' title="bbox 2229 2238 3853 2312; baseline 0.002 -19"><span class='ocrx_word' id='word_1_362' title='bbox 2229 2239 2506 2294; x_wconf 91' lang='lat' dir='ltr'><strong>dolentem</strong></span> <span class='ocrx_word' id='word_1_363' title='bbox 2537 2240 2874 2306; x_wconf 90' lang='lat' dir='ltr'><strong>consolatur,</strong></span> <span class='ocrx_word' id='word_1_364' title='bbox 2903 2239 3034 2294; x_wconf 90' lang='lat' dir='ltr'><strong>dum</strong></span> <span class='ocrx_word' id='word_1_365' title='bbox 3070 2238 3396 2294; x_wconf 89' lang='lat' dir='ltr'><strong>iracundum</strong></span> <span class='ocrx_word' id='word_1_366' title='bbox 3430 2240 3604 2296; x_wconf 90' lang='lat' dir='ltr'><strong>verbo</strong></span> <span class='ocrx_word' id='word_1_367' title='bbox 3630 2247 3853 2312; x_wconf 82' lang='lat' dir='ltr'><strong>tempe-</strong></span> 
     </span>
    </p>
   </div>
   <div class='ocr_carea' id='block_1_53' title="bbox 2228 2327 3852 2399">
    <p class='ocr_par' dir='ltr' id='par_1_53' title="bbox 2228 2327 3852 2399">
     <span class='ocr_line' id='line_1_53' title="bbox 2228 2327 3852 2399; baseline 0.001 -17"><span class='ocrx_word' id='word_1_368' title='bbox 2228 2335 2330 2394; x_wconf 89' lang='lat' dir='ltr'><strong>rat,</strong></span> <span class='ocrx_word' id='word_1_369' title='bbox 2351 2327 2482 2383; x_wconf 89' lang='lat' dir='ltr'><strong>dum</strong></span> <span class='ocrx_word' id='word_1_370' title='bbox 2517 2327 2704 2382; x_wconf 90' lang='lat' dir='ltr'><strong>odium</strong></span> <span class='ocrx_word' id='word_1_371' title='bbox 2735 2327 2794 2381; x_wconf 90' lang='lat' dir='ltr'><strong>in</strong></span> <span class='ocrx_word' id='word_1_372' title='bbox 2827 2327 2990 2382; x_wconf 92' lang='lat' dir='ltr'><strong>corde</strong></span> <span class='ocrx_word' id='word_1_373' title='bbox 3017 2335 3294 2398; x_wconf 86' lang='lat' dir='ltr'><strong>gerentem</strong></span> <span class='ocrx_word' id='word_1_374' title='bbox 3318 2328 3593 2399; x_wconf 82' lang='lat' dir='ltr'><strong>paciﬁcat,</strong></span> <span class='ocrx_word' id='word_1_375' title='bbox 3625 2327 3852 2385; x_wconf 86' lang='lat' dir='ltr'><strong>discor-</strong></span> 
     </span>
    </p>
   </div>
   <div class='ocr_carea' id='block_1_54' title="bbox 2224 2417 3852 2492">
    <p class='ocr_par' dir='ltr' id='par_1_54' title="bbox 2224 2417 3852 2492">
     <span class='ocr_line' id='line_1_54' title="bbox 2224 2417 3852 2492; baseline 0.001 -19"><span class='ocrx_word' id='word_1_376' title='bbox 2224 2418 2523 2490; x_wconf 89' lang='lat' dir='ltr'><strong>dantesque</strong></span> <span class='ocrx_word' id='word_1_377' title='bbox 2577 2418 2646 2473; x_wconf 90' lang='lat' dir='ltr'><strong>ad</strong></span> <span class='ocrx_word' id='word_1_378' title='bbox 2703 2434 2890 2490; x_wconf 90' lang='lat' dir='ltr'><strong>pacem</strong></span> <span class='ocrx_word' id='word_1_379' title='bbox 2939 2417 3192 2484; x_wconf 89' lang='lat' dir='ltr'><strong>reducit;</strong></span> <span class='ocrx_word' id='word_1_380' title='bbox 3251 2417 3384 2474; x_wconf 91' lang='lat' dir='ltr'><strong>dum</strong></span> <span class='ocrx_word' id='word_1_381' title='bbox 3439 2436 3564 2475; x_wconf 89' lang='lat' dir='ltr'><strong>eum</strong></span> <span class='ocrx_word' id='word_1_382' title='bbox 3621 2419 3721 2492; x_wconf 88' lang='lat' dir='ltr'><strong>qui</strong></span> <span class='ocrx_word' id='word_1_383' title='bbox 3783 2420 3852 2476; x_wconf 86' lang='lat' dir='ltr'><strong>in</strong></span> 
     </span>
    </p>
   </div>
   <div class='ocr_carea' id='block_1_55' title="bbox 2223 2507 3854 2582">
    <p class='ocr_par' dir='ltr' id='par_1_55' title="bbox 2223 2507 3854 2582">
     <span class='ocr_line' id='line_1_55' title="bbox 2223 2507 3854 2582; baseline 0.001 -16"><span class='ocrx_word' id='word_1_384' title='bbox 2223 2509 2462 2582; x_wconf 86' lang='lat' dir='ltr'><strong>peccatis</strong></span> <span class='ocrx_word' id='word_1_385' title='bbox 2485 2508 2650 2580; x_wconf 84' lang='lat' dir='ltr'><strong>jacet,</strong></span> <span class='ocrx_word' id='word_1_386' title='bbox 2696 2508 2766 2564; x_wconf 90' lang='lat' dir='ltr'><strong>ad</strong></span> <span class='ocrx_word' id='word_1_387' title='bbox 2800 2507 3178 2580; x_wconf 74' lang='lat' dir='ltr'><strong>panitentiam</strong></span> <span class='ocrx_word' id='word_1_388' title='bbox 3231 2517 3523 2578; x_wconf 87' lang='lat' dir='ltr'><strong>provocat;</strong></span> <span class='ocrx_word' id='word_1_389' title='bbox 3571 2509 3710 2566; x_wconf 90' lang='lat' dir='ltr'><strong>dum</strong></span> <span class='ocrx_word' id='word_1_390' title='bbox 3771 2511 3854 2567; x_wconf 85' lang='lat' dir='ltr'><strong>ad</strong></span> 
     </span>
    </p>
   </div>
   <div class='ocr_carea' id='block_1_56' title="bbox 2225 2599 3856 2670">
    <p class='ocr_par' dir='ltr' id='par_1_56' title="bbox 2225 2599 3856 2670">
     <span class='ocr_line' id='line_1_56' title="bbox 2225 2599 3856 2670; baseline 0.002 -16"><span class='ocrx_word' id='word_1_391' title='bbox 2225 2599 2400 2654; x_wconf 90' lang='lat' dir='ltr'><strong>vitam</strong></span> <span class='ocrx_word' id='word_1_392' title='bbox 2441 2605 2698 2654; x_wconf 87' lang='lat' dir='ltr'><strong>aternam</strong></span> <span class='ocrx_word' id='word_1_393' title='bbox 2752 2612 3106 2670; x_wconf 88' lang='lat' dir='ltr'><strong>quoscunque</strong></span> <span class='ocrx_word' id='word_1_394' title='bbox 3152 2603 3348 2669; x_wconf 86' lang='lat' dir='ltr'><strong>potest,</strong></span> <span class='ocrx_word' id='word_1_395' title='bbox 3393 2613 3576 2652; x_wconf 88' lang='lat' dir='ltr'><strong>secum</strong></span> <span class='ocrx_word' id='word_1_396' title='bbox 3609 2599 3856 2657; x_wconf 86' lang='lat' dir='ltr'><strong>trahere</strong></span> 
     </span>
    </p>
   </div>
   <div class='ocr_carea' id='block_1_57' title="bbox 2221 2685 3844 2760">
    <p class='ocr_par' dir='ltr' id='par_1_57' title="bbox 2221 2685 3844 2760">
     <span class='ocr_line' id='line_1_57' title="bbox 2221 2685 3844 2760; baseline -0.001 -16"><span class='ocrx_word' id='word_1_397' title='bbox 2221 2686 2440 2744; x_wconf 88' lang='lat' dir='ltr'><strong>studet:</strong></span> <span class='ocrx_word' id='word_1_398' title='bbox 2485 2695 2558 2753; x_wconf 92' lang='lat' dir='ltr'><strong>et,</strong></span> <span class='ocrx_word' id='word_1_399' title='bbox 2603 2694 2665 2743; x_wconf 91' lang='lat' dir='ltr'><strong>ut</strong></span> <span class='ocrx_word' id='word_1_400' title='bbox 2705 2685 2948 2742; x_wconf 88' lang='lat' dir='ltr'><strong>breviter</strong></span> <span class='ocrx_word' id='word_1_401' title='bbox 2998 2685 3199 2754; x_wconf 90' lang='lat' dir='ltr'><strong>dicam,</strong></span> <span class='ocrx_word' id='word_1_402' title='bbox 3253 2686 3453 2760; x_wconf 88' lang='lat' dir='ltr'><strong>quibus</strong></span> <span class='ocrx_word' id='word_1_403' title='bbox 3487 2687 3668 2744; x_wconf 89' lang='lat' dir='ltr'><strong>modis</strong></span> <span class='ocrx_word' id='word_1_404' title='bbox 3710 2691 3844 2746; x_wconf 83' lang='lat' dir='ltr'><strong>vult</strong></span> 
     </span>
    </p>
   </div>
   <div class='ocr_carea' id='block_1_58' title="bbox 2221 2773 3848 2850">
    <p class='ocr_par' dir='ltr' id='par_1_58' title="bbox 2221 2773 3848 2850">
     <span class='ocr_line' id='line_1_58' title="bbox 2221 2773 3848 2850; baseline 0.001 -18"><span class='ocrx_word' id='word_1_405' title='bbox 2221 2784 2284 2832; x_wconf 89' lang='lat' dir='ltr'><strong>ut</strong></span> <span class='ocrx_word' id='word_1_406' title='bbox 2311 2776 2362 2832; x_wconf 91' lang='lat' dir='ltr'><strong>ei</strong></span> <span class='ocrx_word' id='word_1_407' title='bbox 2391 2775 2686 2832; x_wconf 89' lang='lat' dir='ltr'><strong>salubriter</strong></span> <span class='ocrx_word' id='word_1_408' title='bbox 2726 2773 2793 2830; x_wconf 91' lang='lat' dir='ltr'><strong>ab</strong></span> <span class='ocrx_word' id='word_1_409' title='bbox 2837 2773 2950 2830; x_wconf 91' lang='lat' dir='ltr'><strong>alio</strong></span> <span class='ocrx_word' id='word_1_410' title='bbox 2979 2774 3358 2843; x_wconf 90' lang='lat' dir='ltr'><strong>subveniatur,</strong></span> <span class='ocrx_word' id='word_1_411' title='bbox 3391 2775 3595 2831; x_wconf 90' lang='lat' dir='ltr'><strong>eisdem</strong></span> <span class='ocrx_word' id='word_1_412' title='bbox 3625 2784 3682 2832; x_wconf 91' lang='lat' dir='ltr'><strong>et</strong></span> <span class='ocrx_word' id='word_1_413' title='bbox 3715 2777 3848 2850; x_wconf 89' lang='lat' dir='ltr'><strong>ipse</strong></span> 
     </span>
    </p>
   </div>
   <div class='ocr_carea' id='block_1_59' title="bbox 2222 2863 3845 2938">
    <p class='ocr_par' dir='ltr' id='par_1_59' title="bbox 2222 2863 3845 2938">
     <span class='ocr_line' id='line_1_59' title="bbox 2222 2863 3845 2938; baseline 0.002 -18"><span class='ocrx_word' id='word_1_414' title='bbox 2222 2865 2640 2938; x_wconf 89' lang='lat' dir='ltr'><strong>quibuscunque</strong></span> <span class='ocrx_word' id='word_1_415' title='bbox 2693 2871 2872 2936; x_wconf 84' lang='lat' dir='ltr'><strong>potest</strong></span> <span class='ocrx_word' id='word_1_416' title='bbox 2921 2863 3218 2920; x_wconf 88' lang='lat' dir='ltr'><strong>subvenire</strong></span> <span class='ocrx_word' id='word_1_417' title='bbox 3281 2871 3501 2936; x_wconf 88' lang='lat' dir='ltr'><strong>paratus</strong></span> <span class='ocrx_word' id='word_1_418' title='bbox 3567 2873 3667 2922; x_wconf 91' lang='lat' dir='ltr'><strong>est.</strong></span> <span class='ocrx_word' id='word_1_419' title='bbox 3743 2867 3845 2924; x_wconf 80' lang='lat' dir='ltr'><strong>Ad</strong></span> 
     </span>
    </p>
   </div>
   <div class='ocr_carea' id='block_1_60' title="bbox 2221 2955 3842 3030">
    <p class='ocr_par' dir='ltr' id='par_1_60' title="bbox 2221 2955 3842 3030">
     <span class='ocr_line' id='line_1_60' title="bbox 2221 2955 3842 3030; baseline 0.002 -19"><span class='ocrx_word' id='word_1_420' title='bbox 2221 2963 2428 3027; x_wconf 89' lang='lat' dir='ltr'><strong>septem</strong></span> <span class='ocrx_word' id='word_1_421' title='bbox 2474 2963 2658 3012; x_wconf 90' lang='lat' dir='ltr'><strong>autem</strong></span> <span class='ocrx_word' id='word_1_422' title='bbox 2709 2965 2967 3028; x_wconf 87' lang='lat' dir='ltr'><strong>septenos</strong></span> <span class='ocrx_word' id='word_1_423' title='bbox 3017 2955 3064 3012; x_wconf 88' lang='lat' dir='ltr'><strong>si</strong></span> <span class='ocrx_word' id='word_1_424' title='bbox 3116 2973 3289 3012; x_wconf 91' lang='lat' dir='ltr'><strong>unum</strong></span> <span class='ocrx_word' id='word_1_425' title='bbox 3331 2955 3613 3028; x_wconf 89' lang='lat' dir='ltr'><strong>adjungas,</strong></span> <span class='ocrx_word' id='word_1_426' title='bbox 3661 2959 3842 3030; x_wconf 85' lang='lat' dir='ltr'><strong>quin-</strong></span> 
     </span>
    </p>
   </div>
   <div class='ocr_carea' id='block_1_61' title="bbox 2221 3045 3839 3120">
    <p class='ocr_par' dir='ltr' id='par_1_61' title="bbox 2221 3045 3839 3120">
     <span class='ocr_line' id='line_1_61' title="bbox 2221 3045 3839 3120; baseline 0.001 -17"><span class='ocrx_word' id='word_1_427' title='bbox 2221 3047 2480 3120; x_wconf 88' lang='lat' dir='ltr'><strong>quaginta</strong></span> <span class='ocrx_word' id='word_1_428' title='bbox 2508 3046 2682 3102; x_wconf 88' lang='lat' dir='ltr'><strong>ﬁunt:</strong></span> <span class='ocrx_word' id='word_1_429' title='bbox 2705 3046 2964 3102; x_wconf 90' lang='lat' dir='ltr'><strong>similiter</strong></span> <span class='ocrx_word' id='word_1_430' title='bbox 2995 3053 3049 3103; x_wconf 90' lang='lat' dir='ltr'><strong>et</strong></span> <span class='ocrx_word' id='word_1_431' title='bbox 3073 3045 3143 3102; x_wconf 90' lang='lat' dir='ltr'><strong>ad</strong></span> <span class='ocrx_word' id='word_1_432' title='bbox 3172 3046 3524 3103; x_wconf 90' lang='lat' dir='ltr'><strong>dilectionem</strong></span> <span class='ocrx_word' id='word_1_433' title='bbox 3554 3049 3839 3120; x_wconf 91' lang='lat' dir='ltr'><strong>proximi,</strong></span> 
     </span>
    </p>
   </div>
   <div class='ocr_carea' id='block_1_62' title="bbox 2220 3133 3841 3206">
    <p class='ocr_par' dir='ltr' id='par_1_62' title="bbox 2220 3133 3841 3206">
     <span class='ocr_line' id='line_1_62' title="bbox 2220 3133 3841 3206; baseline 0.001 -14"><span class='ocrx_word' id='word_1_434' title='bbox 2220 3136 2267 3192; x_wconf 90' lang='lat' dir='ltr'><strong>si</strong></span> <span class='ocrx_word' id='word_1_435' title='bbox 2309 3136 2474 3192; x_wconf 89' lang='lat' dir='ltr'><strong>unius</strong></span> <span class='ocrx_word' id='word_1_436' title='bbox 2516 3135 2615 3192; x_wconf 91' lang='lat' dir='ltr'><strong>Dei</strong></span> <span class='ocrx_word' id='word_1_437' title='bbox 2654 3133 3010 3191; x_wconf 90' lang='lat' dir='ltr'><strong>dilectionem</strong></span> <span class='ocrx_word' id='word_1_438' title='bbox 3075 3133 3362 3206; x_wconf 86' lang='lat' dir='ltr'><strong>adjungas,</strong></span> <span class='ocrx_word' id='word_1_439' title='bbox 3421 3145 3536 3192; x_wconf 89' lang='lat' dir='ltr'><strong>tota</strong></span> <span class='ocrx_word' id='word_1_440' title='bbox 3583 3137 3841 3194; x_wconf 83' lang='lat' dir='ltr'><strong>charitas</strong></span> 
     </span>
    </p>
   </div>
   <div class='ocr_carea' id='block_1_63' title="bbox 517 3224 3352 3309">
    <p class='ocr_par' dir='ltr' id='par_1_63' title="bbox 517 3224 3352 3309">
     <span class='ocr_line' id='line_1_63' title="bbox 517 3224 3352 3309; baseline -0.003 -17"><span class='ocrx_word' id='word_1_441' title='bbox 517 3246 630 3302; x_wconf 89' lang='lat' dir='ltr'><strong>tur,</strong></span> <span class='ocrx_word' id='word_1_442' title='bbox 661 3235 755 3309; x_wconf 91' lang='lat' dir='ltr'><strong>qui</strong></span> <span class='ocrx_word' id='word_1_443' title='bbox 785 3245 840 3292; x_wconf 92' lang='lat' dir='ltr'><strong>et</strong></span> <span class='ocrx_word' id='word_1_444' title='bbox 867 3234 1119 3291; x_wconf 90' lang='lat' dir='ltr'><strong>doctrina</strong></span> <span class='ocrx_word' id='word_1_445' title='bbox 1155 3239 1209 3289; x_wconf 89' lang='lat' dir='ltr'><strong>et</strong></span> <span class='ocrx_word' id='word_1_446' title='bbox 1234 3233 1454 3306; x_wconf 89' lang='lat' dir='ltr'><strong>scriptis</strong></span> <span class='ocrx_word' id='word_1_447' title='bbox 1481 3233 1595 3289; x_wconf 86' lang='lat' dir='ltr'><strong>suis</strong></span> <span class='ocrx_word' id='word_1_448' title='bbox 1640 3239 1819 3306; x_wconf 65' lang='lat' dir='ltr'><strong>aquas“</strong></span> <span class='ocrx_word' id='word_1_449' title='bbox 1855 3233 2114 3290; x_wconf 90' lang='lat' dir='ltr'><strong>diverso-</strong></span> <span class='ocrx_word' id='word_1_450' title='bbox 2145 3245 2190 3305; x_wconf 72' lang='grc' dir='ltr'><strong>ρ</strong></span> <span class='ocrx_word' id='word_1_451' title='bbox 2223 3225 2435 3296; x_wconf 69' lang='lat' dir='ltr'><strong>integra</strong></span> <span class='ocrx_word' id='word_1_452' title='bbox 2461 3232 2625 3297; x_wconf 83' lang='lat' dir='ltr'><strong>atque</strong></span> <span class='ocrx_word' id='word_1_453' title='bbox 2654 3225 2894 3297; x_wconf 76' lang='lat' dir='ltr'><strong>perfecta</strong></span> <span class='ocrx_word' id='word_1_454' title='bbox 2922 3224 2981 3279; x_wconf 83' lang='lat' dir='ltr'><strong>in</strong></span> <span class='ocrx_word' id='word_1_455' title='bbox 3012 3231 3066 3280; x_wconf 80' lang='lat' dir='ltr'><strong>te</strong></span> <span class='ocrx_word' id='word_1_456' title='bbox 3095 3224 3352 3280; x_wconf 80' lang='lat' dir='ltr'><strong>efﬁcitur.</strong></span> 
     </span>
    </p>
   </div>
   <div class='ocr_carea' id='block_1_64' title="bbox 517 3325 2113 3398">
    <p class='ocr_par' dir='ltr' id='par_1_64' title="bbox 517 3325 2113 3398">
     <span class='ocr_line' id='line_1_64' title="bbox 517 3325 2113 3398; baseline -0.001 -15"><span class='ocrx_word' id='word_1_457' title='bbox 517 3344 639 3384; x_wconf 91' lang='lat' dir='ltr'><strong>rum</strong></span> <span class='ocrx_word' id='word_1_458' title='bbox 687 3344 932 3383; x_wconf 89' lang='lat' dir='ltr'><strong>errorum</strong></span> <span class='ocrx_word' id='word_1_459' title='bbox 980 3326 1049 3382; x_wconf 90' lang='lat' dir='ltr'><strong>ab</strong></span> <span class='ocrx_word' id='word_1_460' title='bbox 1102 3326 1348 3396; x_wconf 89' lang='lat' dir='ltr'><strong>ingressu</strong></span> <span class='ocrx_word' id='word_1_461' title='bbox 1394 3326 1654 3382; x_wconf 84' lang='lat' dir='ltr'><strong>Ecclesia</strong></span> <span class='ocrx_word' id='word_1_462' title='bbox 1693 3325 2010 3398; x_wconf 89' lang='lat' dir='ltr'><strong>prohibent,</strong></span> <span class='ocrx_word' id='word_1_463' title='bbox 2059 3334 2113 3382; x_wconf 90' lang='lat' dir='ltr'><strong>et</strong></span> 
     </span>
    </p>
   </div>
   <div class='ocr_carea' id='block_1_65' title="bbox 517 3415 2113 3490">
    <p class='ocr_par' dir='ltr' id='par_1_65' title="bbox 517 3415 2113 3490">
     <span class='ocr_line' id='line_1_65' title="bbox 517 3415 2113 3490; baseline 0 -17"><span class='ocrx_word' id='word_1_464' title='bbox 517 3419 688 3474; x_wconf 90' lang='lat' dir='ltr'><strong>vitam</strong></span> <span class='ocrx_word' id='word_1_465' title='bbox 716 3417 786 3474; x_wconf 92' lang='lat' dir='ltr'><strong>iis</strong></span> <span class='ocrx_word' id='word_1_466' title='bbox 815 3417 910 3490; x_wconf 90' lang='lat' dir='ltr'><strong>qui</strong></span> <span class='ocrx_word' id='word_1_467' title='bbox 952 3417 1098 3474; x_wconf 90' lang='lat' dir='ltr'><strong>intra</strong></span> <span class='ocrx_word' id='word_1_468' title='bbox 1125 3415 1426 3472; x_wconf 90' lang='lat' dir='ltr'><strong>Ecclesiam</strong></span> <span class='ocrx_word' id='word_1_469' title='bbox 1460 3423 1608 3483; x_wconf 69' lang='lat' dir='ltr'><strong>sunt,</strong></span> <span class='ocrx_word' id='word_1_470' title='bbox 1647 3433 1745 3472; x_wconf 90' lang='lat' dir='ltr'><strong>sua</strong></span> <span class='ocrx_word' id='word_1_471' title='bbox 1780 3417 2032 3474; x_wconf 92' lang='lat' dir='ltr'><strong>doctrina</strong></span> <span class='ocrx_word' id='word_1_472' title='bbox 2058 3425 2113 3473; x_wconf 89' lang='lat' dir='ltr'><strong>et</strong></span> 
     </span>
    </p>
   </div>
   <div class='ocr_carea' id='block_1_66' title="bbox 514 3505 2112 3578">
    <p class='ocr_par' dir='ltr' id='par_1_66' title="bbox 514 3505 2112 3578">
     <span class='ocr_line' id='line_1_66' title="bbox 514 3505 2112 3578; baseline 0 -16"><span class='ocrx_word' id='word_1_473' title='bbox 514 3507 784 3578; x_wconf 86' lang='lat' dir='ltr'><strong>exemplis</strong></span> <span class='ocrx_word' id='word_1_474' title='bbox 831 3514 1053 3562; x_wconf 86' lang='lat' dir='ltr'><strong>servant</strong></span> <span class='ocrx_word' id='word_1_475' title='bbox 1083 3523 1100 3561; x_wconf 94' lang='lat'><strong>:</strong></span> <span class='ocrx_word' id='word_1_476' title='bbox 1149 3522 1271 3578; x_wconf 80' lang='lat' dir='ltr'><strong>qua</strong></span> <span class='ocrx_word' id='word_1_477' title='bbox 1316 3505 1566 3576; x_wconf 82' lang='lat' dir='ltr'><strong>lavigata</strong></span> <span class='ocrx_word' id='word_1_478' title='bbox 1594 3522 1710 3562; x_wconf 90' lang='lat' dir='ltr'><strong>esse</strong></span> <span class='ocrx_word' id='word_1_479' title='bbox 1743 3506 2023 3574; x_wconf 90' lang='lat' dir='ltr'><strong>dicuntur,</strong></span> <span class='ocrx_word' id='word_1_480' title='bbox 2054 3507 2112 3562; x_wconf 91' lang='lat' dir='ltr'><strong>id</strong></span> 
     </span>
    </p>
   </div>
   <div class='ocr_carea' id='block_1_67' title="bbox 515 3594 2114 3667">
    <p class='ocr_par' dir='ltr' id='par_1_67' title="bbox 515 3594 2114 3667">
     <span class='ocr_line' id='line_1_67' title="bbox 515 3594 2114 3667; baseline 0 -15"><span class='ocrx_word' id='word_1_481' title='bbox 515 3603 616 3664; x_wconf 89' lang='lat' dir='ltr'><strong>est,</strong></span> <span class='ocrx_word' id='word_1_482' title='bbox 661 3595 730 3652; x_wconf 91' lang='lat' dir='ltr'><strong>ah</strong></span> <span class='ocrx_word' id='word_1_483' title='bbox 776 3595 928 3651; x_wconf 90' lang='lat' dir='ltr'><strong>omni</strong></span> <span class='ocrx_word' id='word_1_484' title='bbox 983 3595 1272 3667; x_wconf 89' lang='lat' dir='ltr'><strong>asperitate</strong></span> <span class='ocrx_word' id='word_1_485' title='bbox 1327 3594 1592 3650; x_wconf 87' lang='lat' dir='ltr'><strong>vitiorum</strong></span> <span class='ocrx_word' id='word_1_486' title='bbox 1643 3597 1961 3653; x_wconf 89' lang='lat' dir='ltr'><strong>emundata.</strong></span> <span class='ocrx_word' id='word_1_487' title='bbox 2012 3597 2114 3652; x_wconf 91' lang='lat' dir='ltr'><strong>Per</strong></span> 
     </span>
    </p>
   </div>
   <div class='ocr_carea' id='block_1_68' title="bbox 513 3683 2110 3757">
    <p class='ocr_par' dir='ltr' id='par_1_68' title="bbox 513 3683 2110 3757">
     <span class='ocr_line' id='line_1_68' title="bbox 513 3683 2110 3757; baseline 0.002 -17"><span class='ocrx_word' id='word_1_488' title='bbox 513 3684 922 3740; x_wconf 89' lang='lat' dir='ltr'><strong>mansiunculas</strong></span> <span class='ocrx_word' id='word_1_489' title='bbox 972 3699 1122 3750; x_wconf 86' lang='lat' dir='ltr'><strong>vero,</strong></span> <span class='ocrx_word' id='word_1_490' title='bbox 1155 3700 1276 3756; x_wconf 87' lang='lat' dir='ltr'><strong>qua</strong></span> <span class='ocrx_word' id='word_1_491' title='bbox 1323 3683 1381 3739; x_wconf 92' lang='lat' dir='ltr'><strong>in</strong></span> <span class='ocrx_word' id='word_1_492' title='bbox 1427 3700 1552 3740; x_wconf 88' lang='lat' dir='ltr'><strong>arca</strong></span> <span class='ocrx_word' id='word_1_493' title='bbox 1588 3683 1707 3740; x_wconf 89' lang='lat' dir='ltr'><strong>ﬁeri</strong></span> <span class='ocrx_word' id='word_1_494' title='bbox 1747 3683 1913 3757; x_wconf 82' lang='lat' dir='ltr'><strong>jussa</strong></span> <span class='ocrx_word' id='word_1_495' title='bbox 1960 3691 2110 3754; x_wconf 89' lang='lat' dir='ltr'><strong>sunt,</strong></span> 
     </span>
    </p>
   </div>
   <div class='ocr_carea' id='block_1_69' title="bbox 512 3773 2111 3846">
    <p class='ocr_par' dir='ltr' id='par_1_69' title="bbox 512 3773 2111 3846">
     <span class='ocr_line' id='line_1_69' title="bbox 512 3773 2111 3846; baseline 0.001 -16"><span class='ocrx_word' id='word_1_496' title='bbox 512 3773 715 3830; x_wconf 89' lang='lat' dir='ltr'><strong>diversi</strong></span> <span class='ocrx_word' id='word_1_497' title='bbox 747 3773 968 3830; x_wconf 85' lang='lat' dir='ltr'><strong>ordines</strong></span> <span class='ocrx_word' id='word_1_498' title='bbox 998 3773 1056 3829; x_wconf 92' lang='lat' dir='ltr'><strong>in</strong></span> <span class='ocrx_word' id='word_1_499' title='bbox 1087 3773 1336 3830; x_wconf 90' lang='lat' dir='ltr'><strong>Ecclesia</strong></span> <span class='ocrx_word' id='word_1_500' title='bbox 1363 3773 1722 3846; x_wconf 89' lang='lat' dir='ltr'><strong>designantur</strong></span> <span class='ocrx_word' id='word_1_501' title='bbox 1751 3793 1765 3843; x_wconf 90' lang='lat'><strong>;</strong></span> <span class='ocrx_word' id='word_1_502' title='bbox 1797 3775 1938 3831; x_wconf 91' lang='lat' dir='ltr'><strong>alius</strong></span> <span class='ocrx_word' id='word_1_503' title='bbox 1963 3775 2111 3832; x_wconf 91' lang='lat' dir='ltr'><strong>enim</strong></span> 
     </span>
    </p>
   </div>
   <div class='ocr_carea' id='block_1_70' title="bbox 512 3863 2111 3938">
    <p class='ocr_par' dir='ltr' id='par_1_70' title="bbox 512 3863 2111 3938">
     <span class='ocr_line' id='line_1_70' title="bbox 512 3863 2111 3938; baseline 0.001 -18"><span class='ocrx_word' id='word_1_504' title='bbox 512 3865 570 3920; x_wconf 93' lang='lat' dir='ltr'><strong>in</strong></span> <span class='ocrx_word' id='word_1_505' title='bbox 627 3863 902 3938; x_wconf 89' lang='lat' dir='ltr'><strong>conjugali</strong></span> <span class='ocrx_word' id='word_1_506' title='bbox 949 3863 1164 3934; x_wconf 90' lang='lat' dir='ltr'><strong>ordine,</strong></span> <span class='ocrx_word' id='word_1_507' title='bbox 1217 3865 1360 3921; x_wconf 92' lang='lat' dir='ltr'><strong>alius</strong></span> <span class='ocrx_word' id='word_1_508' title='bbox 1401 3864 1460 3920; x_wconf 92' lang='lat' dir='ltr'><strong>in</strong></span> <span class='ocrx_word' id='word_1_509' title='bbox 1498 3865 1828 3932; x_wconf 91' lang='lat' dir='ltr'><strong>continenti,</strong></span> <span class='ocrx_word' id='word_1_510' title='bbox 1867 3866 2009 3922; x_wconf 88' lang='lat' dir='ltr'><strong>alius</strong></span> <span class='ocrx_word' id='word_1_511' title='bbox 2053 3865 2111 3922; x_wconf 92' lang='lat' dir='ltr'><strong>in</strong></span> 
     </span>
    </p>
   </div>
   <div class='ocr_carea' id='block_1_71' title="bbox 510 3953 2112 4023">
    <p class='ocr_par' dir='ltr' id='par_1_71' title="bbox 510 3953 2112 4023">
     <span class='ocr_line' id='line_1_71' title="bbox 510 3953 2112 4023; baseline 0 -14"><span class='ocrx_word' id='word_1_512' title='bbox 510 3953 854 4022; x_wconf 90' lang='lat' dir='ltr'><strong>monachico,</strong></span> <span class='ocrx_word' id='word_1_513' title='bbox 903 3953 1048 4010; x_wconf 90' lang='lat' dir='ltr'><strong>alius</strong></span> <span class='ocrx_word' id='word_1_514' title='bbox 1094 3953 1154 4009; x_wconf 90' lang='lat' dir='ltr'><strong>in</strong></span> <span class='ocrx_word' id='word_1_515' title='bbox 1198 3953 1550 4023; x_wconf 88' lang='lat' dir='ltr'><strong>sacerdotali,</strong></span> <span class='ocrx_word' id='word_1_516' title='bbox 1601 3954 1733 4011; x_wconf 90' lang='lat' dir='ltr'><strong>dum</strong></span> <span class='ocrx_word' id='word_1_517' title='bbox 1763 3957 1878 4011; x_wconf 92' lang='lat' dir='ltr'><strong>Deo</strong></span> <span class='ocrx_word' id='word_1_518' title='bbox 1907 3955 2112 4010; x_wconf 90' lang='lat' dir='ltr'><strong>servire</strong></span> 
     </span>
    </p>
   </div>
   <div class='ocr_carea' id='block_1_72' title="bbox 509 4042 2106 4117">
    <p class='ocr_par' dir='ltr' id='par_1_72' title="bbox 509 4042 2106 4117">
     <span class='ocr_line' id='line_1_72' title="bbox 509 4042 2106 4117; baseline -0.001 -18"><span class='ocrx_word' id='word_1_519' title='bbox 509 4043 753 4110; x_wconf 88' lang='lat' dir='ltr'><strong>student,</strong></span> <span class='ocrx_word' id='word_1_520' title='bbox 812 4043 966 4117; x_wconf 88' lang='lat' dir='ltr'><strong>quasi</strong></span> <span class='ocrx_word' id='word_1_521' title='bbox 1013 4043 1070 4099; x_wconf 93' lang='lat' dir='ltr'><strong>in</strong></span> <span class='ocrx_word' id='word_1_522' title='bbox 1120 4042 1354 4099; x_wconf 89' lang='lat' dir='ltr'><strong>diversis</strong></span> <span class='ocrx_word' id='word_1_523' title='bbox 1404 4043 1787 4099; x_wconf 89' lang='lat' dir='ltr'><strong>mansionibus</strong></span> <span class='ocrx_word' id='word_1_524' title='bbox 1837 4043 2106 4099; x_wconf 87' lang='lat' dir='ltr'><strong>habitant.</strong></span> 
     </span>
    </p>
   </div>
   <div class='ocr_carea' id='block_1_73' title="bbox 508 4129 2113 4202">
    <p class='ocr_par' dir='ltr' id='par_1_73' title="bbox 508 4129 2113 4202">
     <span class='ocr_line' id='line_1_73' title="bbox 508 4129 2113 4202; baseline -0.002 -15"><span class='ocrx_word' id='word_1_525' title='bbox 508 4131 611 4187; x_wconf 89' lang='lat' dir='ltr'><strong>Per</strong></span> <span class='ocrx_word' id='word_1_526' title='bbox 636 4129 889 4186; x_wconf 89' lang='lat' dir='ltr'><strong>bitumen</strong></span> <span class='ocrx_word' id='word_1_527' title='bbox 920 4137 1128 4196; x_wconf 87' lang='lat' dir='ltr'><strong>autem,</strong></span> <span class='ocrx_word' id='word_1_528' title='bbox 1161 4145 1270 4202; x_wconf 92' lang='lat' dir='ltr'><strong>quo</strong></span> <span class='ocrx_word' id='word_1_529' title='bbox 1300 4129 1398 4186; x_wconf 90' lang='lat' dir='ltr'><strong>lita</strong></span> <span class='ocrx_word' id='word_1_530' title='bbox 1440 4129 1610 4185; x_wconf 81' lang='lat' dir='ltr'><strong>fuisse</strong></span> <span class='ocrx_word' id='word_1_531' title='bbox 1650 4129 1884 4198; x_wconf 90' lang='lat' dir='ltr'><strong>dicitur,</strong></span> <span class='ocrx_word' id='word_1_532' title='bbox 1919 4129 2113 4184; x_wconf 90' lang='lat' dir='ltr'><strong>divina</strong></span> 
     </span>
    </p>
   </div>
   <div class='ocr_carea' id='block_1_74' title="bbox 509 4218 2112 4292">
    <p class='ocr_par' dir='ltr' id='par_1_74' title="bbox 509 4218 2112 4292">
     <span class='ocr_line' id='line_1_74' title="bbox 509 4218 2112 4292; baseline 0.001 -17"><span class='ocrx_word' id='word_1_533' title='bbox 509 4219 793 4292; x_wconf 88' lang='lat' dir='ltr'><strong>Scriptura</strong></span> <span class='ocrx_word' id='word_1_534' title='bbox 823 4218 1155 4292; x_wconf 89' lang='lat' dir='ltr'><strong>designatur.</strong></span> <span class='ocrx_word' id='word_1_535' title='bbox 1190 4218 1409 4275; x_wconf 91' lang='lat' dir='ltr'><strong>Tabula</strong></span> <span class='ocrx_word' id='word_1_536' title='bbox 1441 4234 1574 4290; x_wconf 87' lang='lat' dir='ltr'><strong>ergo</strong></span> <span class='ocrx_word' id='word_1_537' title='bbox 1641 4235 1709 4274; x_wconf 90' lang='lat' dir='ltr'><strong>ex</strong></span> <span class='ocrx_word' id='word_1_538' title='bbox 1751 4218 1952 4291; x_wconf 89' lang='lat' dir='ltr'><strong>quibus</strong></span> <span class='ocrx_word' id='word_1_539' title='bbox 1986 4236 2112 4277; x_wconf 90' lang='lat' dir='ltr'><strong>arca</strong></span> 
     </span>
    </p>
   </div>
   <div class='ocr_carea' id='block_1_75' title="bbox 511 4307 2110 4381">
    <p class='ocr_par' dir='ltr' id='par_1_75' title="bbox 511 4307 2110 4381">
     <span class='ocr_line' id='line_1_75' title="bbox 511 4307 2110 4381; baseline 0 -15"><span class='ocrx_word' id='word_1_540' title='bbox 511 4310 654 4366; x_wconf 87' lang='lat' dir='ltr'><strong>facta</strong></span> <span class='ocrx_word' id='word_1_541' title='bbox 683 4316 784 4378; x_wconf 91' lang='lat' dir='ltr'><strong>est,</strong></span> <span class='ocrx_word' id='word_1_542' title='bbox 823 4325 957 4381; x_wconf 90' lang='lat' dir='ltr'><strong>quas</strong></span> <span class='ocrx_word' id='word_1_543' title='bbox 985 4307 1238 4364; x_wconf 91' lang='lat' dir='ltr'><strong>doctores</strong></span> <span class='ocrx_word' id='word_1_544' title='bbox 1279 4309 1538 4364; x_wconf 89' lang='lat' dir='ltr'><strong>Ecclesia</strong></span> <span class='ocrx_word' id='word_1_545' title='bbox 1589 4309 1928 4381; x_wconf 86' lang='lat' dir='ltr'><strong>signiﬁcasse</strong></span> <span class='ocrx_word' id='word_1_546' title='bbox 1967 4309 2110 4366; x_wconf 91' lang='lat' dir='ltr'><strong>dixi-</strong></span> 
     </span>
    </p>
   </div>
   <div class='ocr_carea' id='block_1_76' title="bbox 510 4395 2105 4467">
    <p class='ocr_par' dir='ltr' id='par_1_76' title="bbox 510 4395 2105 4467">
     <span class='ocr_line' id='line_1_76' title="bbox 510 4395 2105 4467; baseline 0.001 -14"><span class='ocrx_word' id='word_1_547' title='bbox 510 4415 653 4466; x_wconf 90' lang='lat' dir='ltr'><strong>mus,</strong></span> <span class='ocrx_word' id='word_1_548' title='bbox 683 4395 955 4453; x_wconf 89' lang='lat' dir='ltr'><strong>bitumine</strong></span> <span class='ocrx_word' id='word_1_549' title='bbox 984 4396 1314 4453; x_wconf 89' lang='lat' dir='ltr'><strong>intrinsecus</strong></span> <span class='ocrx_word' id='word_1_550' title='bbox 1343 4405 1394 4454; x_wconf 92' lang='lat' dir='ltr'><strong>et</strong></span> <span class='ocrx_word' id='word_1_551' title='bbox 1428 4398 1781 4453; x_wconf 87' lang='lat' dir='ltr'><strong>extrinsecus</strong></span> <span class='ocrx_word' id='word_1_552' title='bbox 1813 4398 1925 4455; x_wconf 86' lang='lat' dir='ltr'><strong>lita</strong></span> <span class='ocrx_word' id='word_1_553' title='bbox 1957 4408 2105 4467; x_wconf 91' lang='lat' dir='ltr'><strong>sunt;</strong></span> 
     </span>
    </p>
   </div>
   <div class='ocr_carea' id='block_1_77' title="bbox 511 4485 2112 4560">
    <p class='ocr_par' dir='ltr' id='par_1_77' title="bbox 511 4485 2112 4560">
     <span class='ocr_line' id='line_1_77' title="bbox 511 4485 2112 4560; baseline 0.001 -18"><span class='ocrx_word' id='word_1_554' title='bbox 511 4488 642 4560; x_wconf 92' lang='lat' dir='ltr'><strong>quia</strong></span> <span class='ocrx_word' id='word_1_555' title='bbox 675 4485 927 4542; x_wconf 90' lang='lat' dir='ltr'><strong>doctores</strong></span> <span class='ocrx_word' id='word_1_556' title='bbox 956 4485 1214 4542; x_wconf 89' lang='lat' dir='ltr'><strong>Ecclesia</strong></span> <span class='ocrx_word' id='word_1_557' title='bbox 1257 4487 1593 4542; x_wconf 90' lang='lat' dir='ltr'><strong>intrinsecus</strong></span> <span class='ocrx_word' id='word_1_558' title='bbox 1623 4486 1708 4542; x_wconf 89' lang='lat' dir='ltr'><strong>liti</strong></span> <span class='ocrx_word' id='word_1_559' title='bbox 1738 4497 1866 4544; x_wconf 91' lang='lat' dir='ltr'><strong>sunt</strong></span> <span class='ocrx_word' id='word_1_560' title='bbox 1894 4503 1989 4559; x_wconf 90' lang='lat' dir='ltr'><strong>per</strong></span> <span class='ocrx_word' id='word_1_561' title='bbox 2015 4505 2112 4545; x_wconf 90' lang='lat' dir='ltr'><strong>sa-</strong></span> 
     </span>
    </p>
   </div>
   <div class='ocr_carea' id='block_1_78' title="bbox 2290 3314 3836 3386">
    <p class='ocr_par' dir='ltr' id='par_1_78' title="bbox 2290 3314 3836 3386">
     <span class='ocr_line' id='line_1_78' title="bbox 2290 3314 3836 3386; baseline 0.001 -15"><span class='ocrx_word' id='word_1_562' title='bbox 2290 3317 2546 3372; x_wconf 84' lang='lat' dir='ltr'><strong>Altitudo</strong></span> <span class='ocrx_word' id='word_1_563' title='bbox 2591 3331 2724 3370; x_wconf 86' lang='lat' dir='ltr'><strong>vero</strong></span> <span class='ocrx_word' id='word_1_564' title='bbox 2762 3331 2898 3372; x_wconf 84' lang='lat' dir='ltr'><strong>arca</strong></span> <span class='ocrx_word' id='word_1_565' title='bbox 2940 3314 2998 3370; x_wconf 89' lang='lat' dir='ltr'><strong>in</strong></span> <span class='ocrx_word' id='word_1_566' title='bbox 3050 3314 3276 3386; x_wconf 88' lang='lat' dir='ltr'><strong>triginta</strong></span> <span class='ocrx_word' id='word_1_567' title='bbox 3324 3316 3542 3372; x_wconf 92' lang='lat' dir='ltr'><strong>cubitos</strong></span> <span class='ocrx_word' id='word_1_568' title='bbox 3584 3319 3836 3374; x_wconf 86' lang='lat' dir='ltr'><strong>exaltata</strong></span> 
     </span>
    </p>
   </div>
   <div class='ocr_carea' id='block_1_79' title="bbox 2221 3404 3832 3478">
    <p class='ocr_par' dir='ltr' id='par_1_79' title="bbox 2221 3404 3832 3478">
     <span class='ocr_line' id='line_1_79' title="bbox 2221 3404 3832 3478; baseline 0.001 -16"><span class='ocrx_word' id='word_1_569' title='bbox 2221 3414 2320 3476; x_wconf 92' lang='lat' dir='ltr'><strong>est,</strong></span> <span class='ocrx_word' id='word_1_570' title='bbox 2352 3406 2482 3478; x_wconf 91' lang='lat' dir='ltr'><strong>quia</strong></span> <span class='ocrx_word' id='word_1_571' title='bbox 2519 3407 2615 3461; x_wconf 91' lang='lat' dir='ltr'><strong>ille</strong></span> <span class='ocrx_word' id='word_1_572' title='bbox 2645 3405 2839 3461; x_wconf 92' lang='lat' dir='ltr'><strong>utilem</strong></span> <span class='ocrx_word' id='word_1_573' title='bbox 2871 3419 3034 3476; x_wconf 74' lang='lat' dir='ltr'><strong>spem&#39;</strong></span> <span class='ocrx_word' id='word_1_574' title='bbox 3058 3404 3175 3475; x_wconf 81' lang='lat'><strong>(50)</strong></span> <span class='ocrx_word' id='word_1_575' title='bbox 3203 3404 3466 3475; x_wconf 87' lang='lat' dir='ltr'><strong>possidet,</strong></span> <span class='ocrx_word' id='word_1_576' title='bbox 3506 3405 3601 3478; x_wconf 89' lang='lat' dir='ltr'><strong>qui</strong></span> <span class='ocrx_word' id='word_1_577' title='bbox 3639 3423 3671 3461; x_wconf 86' lang='lat' dir='ltr'><strong>a</strong></span> <span class='ocrx_word' id='word_1_578' title='bbox 3710 3407 3832 3464; x_wconf 87' lang='lat' dir='ltr'><strong>ﬁde</strong></span> 
     </span>
    </p>
   </div>
   <div class='ocr_carea' id='block_1_80' title="bbox 2220 3492 3835 3565">
    <p class='ocr_par' dir='ltr' id='par_1_80' title="bbox 2220 3492 3835 3565">
     <span class='ocr_line' id='line_1_80' title="bbox 2220 3492 3835 3565; baseline 0.001 -13"><span class='ocrx_word' id='word_1_579' title='bbox 2220 3505 2420 3553; x_wconf 88' lang='lat' dir='ltr'><strong>sancta</strong></span> <span class='ocrx_word' id='word_1_580' title='bbox 2449 3495 2757 3563; x_wconf 90' lang='lat' dir='ltr'><strong>Trinitatis,</strong></span> <span class='ocrx_word' id='word_1_581' title='bbox 2805 3493 2948 3551; x_wconf 88' lang='lat' dir='ltr'><strong>sicut</strong></span> <span class='ocrx_word' id='word_1_582' title='bbox 2995 3492 3156 3550; x_wconf 90' lang='lat' dir='ltr'><strong>nobis</strong></span> <span class='ocrx_word' id='word_1_583' title='bbox 3197 3493 3266 3548; x_wconf 91' lang='lat' dir='ltr'><strong>ab</strong></span> <span class='ocrx_word' id='word_1_584' title='bbox 3307 3495 3571 3565; x_wconf 90' lang='lat' dir='ltr'><strong>apostolis</strong></span> <span class='ocrx_word' id='word_1_585' title='bbox 3616 3496 3835 3554; x_wconf 87' lang='lat' dir='ltr'><strong>tradita</strong></span> 
     </span>
    </p>
   </div>
   <div class='ocr_carea' id='block_1_81' title="bbox 2220 3585 3836 3662">
    <p class='ocr_par' dir='ltr' id='par_1_81' title="bbox 2220 3585 3836 3662">
     <span class='ocr_line' id='line_1_81' title="bbox 2220 3585 3836 3662; baseline 0 -17"><span class='ocrx_word' id='word_1_586' title='bbox 2220 3597 2320 3658; x_wconf 90' lang='lat' dir='ltr'><strong>est,</strong></span> <span class='ocrx_word' id='word_1_587' title='bbox 2351 3597 2513 3662; x_wconf 89' lang='lat' dir='ltr'><strong>atque</strong></span> <span class='ocrx_word' id='word_1_588' title='bbox 2541 3587 2752 3644; x_wconf 85' lang='lat' dir='ltr'><strong>cateris</strong></span> <span class='ocrx_word' id='word_1_589' title='bbox 2792 3585 3160 3653; x_wconf 88' lang='lat' dir='ltr'><strong>documentis,</strong></span> <span class='ocrx_word' id='word_1_590' title='bbox 3211 3601 3386 3658; x_wconf 89' lang='lat' dir='ltr'><strong>neque</strong></span> <span class='ocrx_word' id='word_1_591' title='bbox 3415 3601 3596 3658; x_wconf 90' lang='lat' dir='ltr'><strong>opere,</strong></span> <span class='ocrx_word' id='word_1_592' title='bbox 3644 3605 3836 3662; x_wconf 85' lang='lat' dir='ltr'><strong>neque</strong></span> 
     </span>
    </p>
   </div>
   <div class='ocr_carea' id='block_1_82' title="bbox 2220 3673 3836 3745">
    <p class='ocr_par' dir='ltr' id='par_1_82' title="bbox 2220 3673 3836 3745">
     <span class='ocr_line' id='line_1_82' title="bbox 2220 3673 3836 3745; baseline -0.001 -10"><span class='ocrx_word' id='word_1_593' title='bbox 2220 3677 2543 3736; x_wconf 88' lang='lat' dir='ltr'><strong>credulitate</strong></span> <span class='ocrx_word' id='word_1_594' title='bbox 2594 3675 2891 3733; x_wconf 87' lang='lat' dir='ltr'><strong>discordat.</strong></span> <span class='ocrx_word' id='word_1_595' title='bbox 2952 3673 3058 3742; x_wconf 88' lang='lat' dir='ltr'><strong>Qui</strong></span> <span class='ocrx_word' id='word_1_596' title='bbox 3103 3673 3252 3728; x_wconf 90' lang='lat' dir='ltr'><strong>enim</strong></span> <span class='ocrx_word' id='word_1_597' title='bbox 3303 3689 3455 3745; x_wconf 90' lang='lat' dir='ltr'><strong>spem</strong></span> <span class='ocrx_word' id='word_1_598' title='bbox 3507 3675 3626 3732; x_wconf 90' lang='lat' dir='ltr'><strong>sine</strong></span> <span class='ocrx_word' id='word_1_599' title='bbox 3672 3685 3836 3734; x_wconf 86' lang='lat' dir='ltr'><strong>recta</strong></span> 
     </span>
    </p>
   </div>
   <div class='ocr_carea' id='block_1_83' title="bbox 2219 3759 3835 3835">
    <p class='ocr_par' dir='ltr' id='par_1_83' title="bbox 2219 3759 3835 3835">
     <span class='ocr_line' id='line_1_83' title="bbox 2219 3759 3835 3835; baseline -0.002 -13"><span class='ocrx_word' id='word_1_600' title='bbox 2219 3765 2328 3822; x_wconf 89' lang='lat' dir='ltr'><strong>ﬁde</strong></span> <span class='ocrx_word' id='word_1_601' title='bbox 2379 3764 2448 3821; x_wconf 90' lang='lat' dir='ltr'><strong>de</strong></span> <span class='ocrx_word' id='word_1_602' title='bbox 2489 3765 2603 3820; x_wconf 87' lang='lat' dir='ltr'><strong>vita</strong></span> <span class='ocrx_word' id='word_1_603' title='bbox 2638 3771 2841 3820; x_wconf 89' lang='lat' dir='ltr'><strong>aterna</strong></span> <span class='ocrx_word' id='word_1_604' title='bbox 2889 3761 3218 3834; x_wconf 91' lang='lat' dir='ltr'><strong>possidenda</strong></span> <span class='ocrx_word' id='word_1_605' title='bbox 3259 3759 3366 3817; x_wconf 89' lang='lat' dir='ltr'><strong>sibi</strong></span> <span class='ocrx_word' id='word_1_606' title='bbox 3403 3769 3649 3835; x_wconf 90' lang='lat' dir='ltr'><strong>usurpat,</strong></span> <span class='ocrx_word' id='word_1_607' title='bbox 3702 3762 3835 3820; x_wconf 85' lang='lat' dir='ltr'><strong>sine</strong></span> 
     </span>
    </p>
   </div>
   <div class='ocr_carea' id='block_1_84' title="bbox 2220 3851 3832 3927">
    <p class='ocr_par' dir='ltr' id='par_1_84' title="bbox 2220 3851 3832 3927">
     <span class='ocr_line' id='line_1_84' title="bbox 2220 3851 3832 3927; baseline 0 -16"><span class='ocrx_word' id='word_1_608' title='bbox 2220 3855 2390 3912; x_wconf 90' lang='lat' dir='ltr'><strong>dubio</strong></span> <span class='ocrx_word' id='word_1_609' title='bbox 2428 3855 2784 3926; x_wconf 89' lang='lat' dir='ltr'><strong>semetipsum</strong></span> <span class='ocrx_word' id='word_1_610' title='bbox 2825 3853 3064 3924; x_wconf 90' lang='lat' dir='ltr'><strong>decipit;</strong></span> <span class='ocrx_word' id='word_1_611' title='bbox 3115 3851 3244 3926; x_wconf 89' lang='lat' dir='ltr'><strong>quia</strong></span> <span class='ocrx_word' id='word_1_612' title='bbox 3285 3876 3303 3900; x_wconf 80' lang='grc' dir='ltr'>σ</span> <span class='ocrx_word' id='word_1_613' title='bbox 3335 3851 3454 3908; x_wconf 88' lang='lat' dir='ltr'><strong>sine</strong></span> <span class='ocrx_word' id='word_1_614' title='bbox 3483 3851 3590 3909; x_wconf 90' lang='lat' dir='ltr'><strong>ﬁde</strong></span> <span class='ocrx_word' id='word_1_615' title='bbox 3617 3853 3832 3927; x_wconf 86' lang='lat' dir='ltr'><strong>impos-</strong></span> 
     </span>
    </p>
   </div>
   <div class='ocr_carea' id='block_1_85' title="bbox 2220 3941 3827 4016">
    <p class='ocr_par' dir='ltr' id='par_1_85' title="bbox 2220 3941 3827 4016">
     <span class='ocr_line' id='line_1_85' title="bbox 2220 3941 3827 4016; baseline -0.002 -14"><span class='ocrx_word' id='word_1_616' title='bbox 2220 3945 2382 4002; x_wconf 87' lang='lat' dir='ltr'><strong>sibile</strong></span> <span class='ocrx_word' id='word_1_617' title='bbox 2419 3952 2500 4000; x_wconf 89' lang='lat' dir='ltr'><strong>est</strong></span> <span class='ocrx_word' id='word_1_618' title='bbox 2528 3944 2741 4016; x_wconf 89' lang='lat' dir='ltr'><strong>placere</strong></span> <span class='ocrx_word' id='word_1_619' title='bbox 2768 3945 2880 3999; x_wconf 90' lang='lat' dir='ltr'><strong>Deo</strong></span> <span class='ocrx_word' id='word_1_620' title='bbox 2913 3943 3100 4014; x_wconf 86' lang='lat' dir='ltr'><strong>(Hebr.</strong></span> <span class='ocrx_word' id='word_1_621' title='bbox 3130 3959 3212 4011; x_wconf 82' lang='lat' dir='ltr'><strong>xi,</strong></span> <span class='ocrx_word' id='word_1_622' title='bbox 3250 3943 3307 4013; x_wconf 92' lang='lat'><strong>6)</strong></span> <span class='ocrx_word' id='word_1_623' title='bbox 3369 3968 3388 3992; x_wconf 73' lang='grc' dir='ltr'>ι</span> <span class='ocrx_word' id='word_1_624' title='bbox 3429 3941 3686 3999; x_wconf 84' lang='lat' dir='ltr'><strong>Altitudo</strong></span> <span class='ocrx_word' id='word_1_625' title='bbox 3720 3943 3827 3999; x_wconf 89' lang='lat' dir='ltr'><strong>ita-</strong></span> 
     </span>
    </p>
   </div>
   <div class='ocr_carea' id='block_1_86' title="bbox 2221 4031 3834 4108">
    <p class='ocr_par' dir='ltr' id='par_1_86' title="bbox 2221 4031 3834 4108">
     <span class='ocr_line' id='line_1_86' title="bbox 2221 4031 3834 4108; baseline -0.001 -18"><span class='ocrx_word' id='word_1_626' title='bbox 2221 4051 2324 4108; x_wconf 89' lang='lat' dir='ltr'><strong>que</strong></span> <span class='ocrx_word' id='word_1_627' title='bbox 2349 4050 2487 4090; x_wconf 85' lang='lat' dir='ltr'><strong>arca</strong></span> <span class='ocrx_word' id='word_1_628' title='bbox 2533 4050 2564 4090; x_wconf 92' lang='lat' dir='ltr'><strong>a</strong></span> <span class='ocrx_word' id='word_1_629' title='bbox 2604 4049 2799 4104; x_wconf 86' lang='lat' dir='ltr'><strong>magna</strong></span> <span class='ocrx_word' id='word_1_630' title='bbox 2844 4031 3192 4104; x_wconf 90' lang='lat' dir='ltr'><strong>longitudine</strong></span> <span class='ocrx_word' id='word_1_631' title='bbox 3243 4035 3388 4093; x_wconf 79' lang='lat'><strong>522</strong></span> <span class='ocrx_word' id='word_1_632' title='bbox 3428 4039 3484 4088; x_wconf 88' lang='lat' dir='ltr'><strong>et</strong></span> <span class='ocrx_word' id='word_1_633' title='bbox 3525 4031 3834 4088; x_wconf 87' lang='lat' dir='ltr'><strong>latitudine</strong></span> 
     </span>
    </p>
   </div>
   <div class='ocr_carea' id='block_1_87' title="bbox 2221 4127 3829 4198">
    <p class='ocr_par' dir='ltr' id='par_1_87' title="bbox 2221 4127 3829 4198">
     <span class='ocr_line' id='line_1_87' title="bbox 2221 4127 3829 4198; baseline -0.001 -12"><span class='ocrx_word' id='word_1_634' title='bbox 2221 4130 2590 4198; x_wconf 86' lang='lat' dir='ltr'><strong>exoriebatur,</strong></span> <span class='ocrx_word' id='word_1_635' title='bbox 2635 4137 2689 4185; x_wconf 91' lang='lat' dir='ltr'><strong>et</strong></span> <span class='ocrx_word' id='word_1_636' title='bbox 2737 4127 2795 4182; x_wconf 90' lang='lat' dir='ltr'><strong>in</strong></span> <span class='ocrx_word' id='word_1_637' title='bbox 2825 4127 3016 4184; x_wconf 88' lang='lat' dir='ltr'><strong>cubito</strong></span> <span class='ocrx_word' id='word_1_638' title='bbox 3049 4145 3266 4184; x_wconf 88' lang='lat' dir='ltr'><strong>sursum</strong></span> <span class='ocrx_word' id='word_1_639' title='bbox 3298 4127 3829 4196; x_wconf 89' lang='lat' dir='ltr'><strong>consummabatur;</strong></span> 
     </span>
    </p>
   </div>
   <div class='ocr_carea' id='block_1_88' title="bbox 2220 4215 3832 4291">
    <p class='ocr_par' dir='ltr' id='par_1_88' title="bbox 2220 4215 3832 4291">
     <span class='ocr_line' id='line_1_88' title="bbox 2220 4215 3832 4291; baseline -0.001 -17"><span class='ocrx_word' id='word_1_640' title='bbox 2220 4219 2348 4291; x_wconf 89' lang='lat' dir='ltr'><strong>quia</strong></span> <span class='ocrx_word' id='word_1_641' title='bbox 2378 4218 2615 4274; x_wconf 86' lang='lat' dir='ltr'><strong>charitas</strong></span> <span class='ocrx_word' id='word_1_642' title='bbox 2650 4233 2772 4290; x_wconf 86' lang='lat' dir='ltr'><strong>qua</strong></span> <span class='ocrx_word' id='word_1_643' title='bbox 2819 4232 2885 4272; x_wconf 86' lang='lat' dir='ltr'><strong>ex</strong></span> <span class='ocrx_word' id='word_1_644' title='bbox 2927 4215 3034 4272; x_wconf 90' lang='lat' dir='ltr'><strong>ﬁde</strong></span> <span class='ocrx_word' id='word_1_645' title='bbox 3064 4217 3328 4285; x_wconf 88' lang='lat' dir='ltr'><strong>nascitur,</strong></span> <span class='ocrx_word' id='word_1_646' title='bbox 3369 4217 3432 4273; x_wconf 90' lang='lat' dir='ltr'><strong>in</strong></span> <span class='ocrx_word' id='word_1_647' title='bbox 3463 4232 3659 4288; x_wconf 86' lang='lat' dir='ltr'><strong>magna</strong></span> <span class='ocrx_word' id='word_1_648' title='bbox 3698 4215 3832 4272; x_wconf 89' lang='lat' dir='ltr'><strong>lati-</strong></span> 
     </span>
    </p>
   </div>
   <div class='ocr_carea' id='block_1_89' title="bbox 2218 4306 3834 4379">
    <p class='ocr_par' dir='ltr' id='par_1_89' title="bbox 2218 4306 3834 4379">
     <span class='ocr_line' id='line_1_89' title="bbox 2218 4306 3834 4379; baseline -0.001 -15"><span class='ocrx_word' id='word_1_649' title='bbox 2218 4307 2414 4365; x_wconf 89' lang='lat' dir='ltr'><strong>tudine</strong></span> <span class='ocrx_word' id='word_1_650' title='bbox 2451 4323 2576 4379; x_wconf 90' lang='lat' dir='ltr'><strong>erga</strong></span> <span class='ocrx_word' id='word_1_651' title='bbox 2602 4306 2986 4379; x_wconf 87' lang='lat' dir='ltr'><strong>proximorum</strong></span> <span class='ocrx_word' id='word_1_652' title='bbox 3031 4322 3218 4362; x_wconf 90' lang='lat' dir='ltr'><strong>curam</strong></span> <span class='ocrx_word' id='word_1_653' title='bbox 3251 4306 3597 4377; x_wconf 85' lang='lat' dir='ltr'><strong>semetipsam</strong></span> <span class='ocrx_word' id='word_1_654' title='bbox 3631 4313 3834 4362; x_wconf 86' lang='lat' dir='ltr'><strong>exten-</strong></span> 
     </span>
    </p>
   </div>
   <div class='ocr_carea' id='block_1_90' title="bbox 2219 4395 3835 4467">
    <p class='ocr_par' dir='ltr' id='par_1_90' title="bbox 2219 4395 3835 4467">
     <span class='ocr_line' id='line_1_90' title="bbox 2219 4395 3835 4467; baseline -0.001 -15"><span class='ocrx_word' id='word_1_655' title='bbox 2219 4397 2321 4453; x_wconf 91' lang='lat' dir='ltr'><strong>dit.</strong></span> <span class='ocrx_word' id='word_1_656' title='bbox 2381 4397 2609 4452; x_wconf 91' lang='lat' dir='ltr'><strong>Sursum</strong></span> <span class='ocrx_word' id='word_1_657' title='bbox 2666 4412 2798 4452; x_wconf 89' lang='lat' dir='ltr'><strong>vero</strong></span> <span class='ocrx_word' id='word_1_658' title='bbox 2852 4395 2911 4451; x_wconf 91' lang='lat' dir='ltr'><strong>in</strong></span> <span class='ocrx_word' id='word_1_659' title='bbox 2958 4395 3149 4452; x_wconf 92' lang='lat' dir='ltr'><strong>cubito</strong></span> <span class='ocrx_word' id='word_1_660' title='bbox 3195 4403 3644 4461; x_wconf 90' lang='lat' dir='ltr'><strong>consummatur;</strong></span> <span class='ocrx_word' id='word_1_661' title='bbox 3691 4395 3835 4467; x_wconf 87' lang='lat' dir='ltr'><strong>quia</strong></span> 
     </span>
    </p>
   </div>
   <div class='ocr_carea' id='block_1_91' title="bbox 2221 4483 3832 4560">
    <p class='ocr_par' dir='ltr' id='par_1_91' title="bbox 2221 4483 3832 4560">
     <span class='ocr_line' id='line_1_91' title="bbox 2221 4483 3832 4560; baseline -0.001 -18"><span class='ocrx_word' id='word_1_662' title='bbox 2221 4487 2402 4544; x_wconf 91' lang='lat' dir='ltr'><strong>omnis</strong></span> <span class='ocrx_word' id='word_1_663' title='bbox 2431 4504 2553 4560; x_wconf 90' lang='lat' dir='ltr'><strong>spes</strong></span> <span class='ocrx_word' id='word_1_664' title='bbox 2581 4486 2834 4543; x_wconf 89' lang='lat' dir='ltr'><strong>ﬁdelium</strong></span> <span class='ocrx_word' id='word_1_665' title='bbox 2872 4492 3035 4559; x_wconf 91' lang='lat' dir='ltr'><strong>atque</strong></span> <span class='ocrx_word' id='word_1_666' title='bbox 3064 4484 3398 4542; x_wconf 90' lang='lat' dir='ltr'><strong>desiderium</strong></span> <span class='ocrx_word' id='word_1_667' title='bbox 3428 4483 3496 4540; x_wconf 92' lang='lat' dir='ltr'><strong>ad</strong></span> <span class='ocrx_word' id='word_1_668' title='bbox 3524 4483 3693 4540; x_wconf 90' lang='lat' dir='ltr'><strong>unius</strong></span> <span class='ocrx_word' id='word_1_669' title='bbox 3722 4485 3832 4541; x_wconf 90' lang='lat' dir='ltr'><strong>Dei</strong></span> 
     </span>
    </p>
   </div>
   <div class='ocr_carea' id='block_1_92' title="bbox 511 4575 2714 4663">
    <p class='ocr_par' dir='ltr' id='par_1_92' title="bbox 511 4575 2714 4663">
     <span class='ocr_line' id='line_1_92' title="bbox 511 4575 2714 4663; baseline -0.001 -31"><span class='ocrx_word' id='word_1_670' title='bbox 511 4577 798 4650; x_wconf 88' lang='lat' dir='ltr'><strong>pientiam,</strong></span> <span class='ocrx_word' id='word_1_671' title='bbox 826 4575 1247 4649; x_wconf 90' lang='lat' dir='ltr'><strong>doctrinamque</strong></span> <span class='ocrx_word' id='word_1_672' title='bbox 1275 4576 1594 4632; x_wconf 89' lang='lat' dir='ltr'><strong>divinarum</strong></span> <span class='ocrx_word' id='word_1_673' title='bbox 1619 4577 2112 4652; x_wconf 90' lang='lat' dir='ltr'><strong>Scripturarum,et</strong></span> <span class='ocrx_word' id='word_1_674' title='bbox 2141 4604 2190 4663; x_wconf 83' lang='lat' dir='ltr'><strong>D</strong></span> <span class='ocrx_word' id='word_1_675' title='bbox 2225 4577 2492 4632; x_wconf 89' lang='lat' dir='ltr'><strong>visionem</strong></span> <span class='ocrx_word' id='word_1_676' title='bbox 2517 4577 2714 4632; x_wconf 89' lang='lat' dir='ltr'><strong>tendit.</strong></span> 
     </span>
    </p>
   </div>
   <div class='ocr_carea' id='block_1_93' title="bbox 513 4666 1508 4740">
    <p class='ocr_par' dir='ltr' id='par_1_93' title="bbox 513 4666 1508 4740">
     <span class='ocr_line' id='line_1_93' title="bbox 513 4666 1508 4740; baseline -0.002 -16"><span class='ocrx_word' id='word_1_677' title='bbox 513 4667 857 4725; x_wconf 85' lang='lat' dir='ltr'><strong>extrinsecus</strong></span> <span class='ocrx_word' id='word_1_678' title='bbox 884 4683 980 4740; x_wconf 93' lang='lat' dir='ltr'><strong>per</strong></span> <span class='ocrx_word' id='word_1_679' title='bbox 1006 4683 1171 4740; x_wconf 91' lang='lat' dir='ltr'><strong>opera</strong></span> <span class='ocrx_word' id='word_1_680' title='bbox 1217 4666 1508 4724; x_wconf 90' lang='lat' dir='ltr'><strong>virtutum.</strong></span> 
     </span>
    </p>
   </div>
   <div class='ocr_carea' id='block_1_94' title="bbox 583 4765 2111 4841">
    <p class='ocr_par' dir='ltr' id='par_1_94' title="bbox 583 4765 2111 4841">
     <span class='ocr_line' id='line_1_94' title="bbox 583 4765 2111 4841; baseline 0.004 -21"><span class='ocrx_word' id='word_1_681' title='bbox 583 4765 973 4822; x_wconf 89' lang='lat' dir='ltr'><strong>Trecentorum</strong></span> <span class='ocrx_word' id='word_1_682' title='bbox 1029 4773 1208 4822; x_wconf 92' lang='lat' dir='ltr'><strong>autem</strong></span> <span class='ocrx_word' id='word_1_683' title='bbox 1263 4765 1577 4824; x_wconf 86' lang='lat' dir='ltr'><strong>cubitorum</strong></span> <span class='ocrx_word' id='word_1_684' title='bbox 1633 4767 1920 4841; x_wconf 88' lang='lat' dir='ltr'><strong>longitudo</strong></span> <span class='ocrx_word' id='word_1_685' title='bbox 1973 4786 2111 4826; x_wconf 86' lang='lat' dir='ltr'><strong>arca</strong></span> 
     </span>
    </p>
   </div>
   <div class='ocr_carea' id='block_1_95' title="bbox 511 4853 2108 4928">
    <p class='ocr_par' dir='ltr' id='par_1_95' title="bbox 511 4853 2108 4928">
     <span class='ocr_line' id='line_1_95' title="bbox 511 4853 2108 4928; baseline 0.004 -18"><span class='ocrx_word' id='word_1_686' title='bbox 511 4853 681 4911; x_wconf 86' lang='lat' dir='ltr'><strong>fuisse</strong></span> <span class='ocrx_word' id='word_1_687' title='bbox 703 4854 1058 4919; x_wconf 86' lang='lat' dir='ltr'><strong>describitur,</strong></span> <span class='ocrx_word' id='word_1_688' title='bbox 1091 4855 1490 4928; x_wconf 89' lang='lat' dir='ltr'><strong>quinquaginta</strong></span> <span class='ocrx_word' id='word_1_689' title='bbox 1519 4857 1831 4914; x_wconf 89' lang='lat' dir='ltr'><strong>cubitorum</strong></span> <span class='ocrx_word' id='word_1_690' title='bbox 1855 4859 2108 4927; x_wconf 89' lang='lat' dir='ltr'><strong>latitudo,</strong></span> 
     </span>
    </p>
   </div>
   <div class='ocr_carea' id='block_1_96' title="bbox 512 4945 2109 5022">
    <p class='ocr_par' dir='ltr' id='par_1_96' title="bbox 512 4945 2109 5022">
     <span class='ocr_line' id='line_1_96' title="bbox 512 4945 2109 5022; baseline 0.003 -21"><span class='ocrx_word' id='word_1_691' title='bbox 512 4952 566 5001; x_wconf 89' lang='lat' dir='ltr'><strong>et</strong></span> <span class='ocrx_word' id='word_1_692' title='bbox 606 4945 834 5018; x_wconf 87' lang='lat' dir='ltr'><strong>triginta</strong></span> <span class='ocrx_word' id='word_1_693' title='bbox 871 4945 1186 5002; x_wconf 89' lang='lat' dir='ltr'><strong>cubitorum</strong></span> <span class='ocrx_word' id='word_1_694' title='bbox 1234 4946 1470 5003; x_wconf 89' lang='lat' dir='ltr'><strong>altitudo</strong></span> <span class='ocrx_word' id='word_1_695' title='bbox 1517 4947 1669 5004; x_wconf 92' lang='lat' dir='ltr'><strong>illius</strong></span> <span class='ocrx_word' id='word_1_696' title='bbox 1738 4948 1838 5004; x_wconf 90' lang='lat' dir='ltr'><strong>Per</strong></span> <span class='ocrx_word' id='word_1_697' title='bbox 1876 4949 2109 5022; x_wconf 89' lang='lat' dir='ltr'><strong>longitu-</strong></span> 
     </span>
    </p>
   </div>
   <div class='ocr_carea' id='block_1_97' title="bbox 513 5032 2109 5109">
    <p class='ocr_par' dir='ltr' id='par_1_97' title="bbox 513 5032 2109 5109">
     <span class='ocr_line' id='line_1_97' title="bbox 513 5032 2109 5109; baseline 0.004 -20"><span class='ocrx_word' id='word_1_698' title='bbox 513 5032 700 5090; x_wconf 92' lang='lat' dir='ltr'><strong>dinem</strong></span> <span class='ocrx_word' id='word_1_699' title='bbox 757 5033 926 5105; x_wconf 92' lang='lat' dir='ltr'><strong>igitur</strong></span> <span class='ocrx_word' id='word_1_700' title='bbox 973 5051 1112 5090; x_wconf 84' lang='lat' dir='ltr'><strong>arca</strong></span> <span class='ocrx_word' id='word_1_701' title='bbox 1142 5035 1297 5103; x_wconf 86' lang='lat' dir='ltr'><strong>ﬁdes,</strong></span> <span class='ocrx_word' id='word_1_702' title='bbox 1341 5053 1438 5107; x_wconf 92' lang='lat' dir='ltr'><strong>per</strong></span> <span class='ocrx_word' id='word_1_703' title='bbox 1468 5037 1817 5094; x_wconf 89' lang='lat' dir='ltr'><strong>latitudinem</strong></span> <span class='ocrx_word' id='word_1_704' title='bbox 1847 5039 2109 5109; x_wconf 78' lang='lat' dir='ltr'><strong>Charitas,</strong></span> 
     </span>
    </p>
   </div>
   <div class='ocr_carea' id='block_1_98' title="bbox 517 5123 2111 5202">
    <p class='ocr_par' dir='ltr' id='par_1_98' title="bbox 517 5123 2111 5202">
     <span class='ocr_line' id='line_1_98' title="bbox 517 5123 2111 5202; baseline 0.005 -24"><span class='ocrx_word' id='word_1_705' title='bbox 517 5140 616 5196; x_wconf 92' lang='lat' dir='ltr'><strong>per</strong></span> <span class='ocrx_word' id='word_1_706' title='bbox 675 5123 1027 5180; x_wconf 88' lang='lat' dir='ltr'><strong>altitudinem</strong></span> <span class='ocrx_word' id='word_1_707' title='bbox 1085 5141 1206 5198; x_wconf 90' lang='lat' dir='ltr'><strong>spes</strong></span> <span class='ocrx_word' id='word_1_708' title='bbox 1254 5125 1540 5198; x_wconf 89' lang='lat' dir='ltr'><strong>ﬁguratur.</strong></span> <span class='ocrx_word' id='word_1_709' title='bbox 1610 5128 1922 5200; x_wconf 90' lang='lat' dir='ltr'><strong>Longitudo</strong></span> <span class='ocrx_word' id='word_1_710' title='bbox 1983 5145 2111 5202; x_wconf 87' lang='lat' dir='ltr'><strong>ergo</strong></span> 
     </span>
    </p>
   </div>
   <div class='ocr_carea' id='block_1_99' title="bbox 515 5214 2111 5292">
    <p class='ocr_par' dir='ltr' id='par_1_99' title="bbox 515 5214 2111 5292">
     <span class='ocr_line' id='line_1_99' title="bbox 515 5214 2111 5292; baseline 0.004 -22"><span class='ocrx_word' id='word_1_711' title='bbox 515 5230 654 5272; x_wconf 91' lang='lat' dir='ltr'><strong>arca</strong></span> <span class='ocrx_word' id='word_1_712' title='bbox 709 5214 766 5270; x_wconf 92' lang='lat' dir='ltr'><strong>in</strong></span> <span class='ocrx_word' id='word_1_713' title='bbox 816 5221 1088 5270; x_wconf 89' lang='lat' dir='ltr'><strong>trecentos</strong></span> <span class='ocrx_word' id='word_1_714' title='bbox 1135 5215 1347 5272; x_wconf 87' lang='lat' dir='ltr'><strong>cubitos</strong></span> <span class='ocrx_word' id='word_1_715' title='bbox 1400 5217 1752 5286; x_wconf 89' lang='lat' dir='ltr'><strong>extenditur;</strong></span> <span class='ocrx_word' id='word_1_716' title='bbox 1799 5219 1928 5292; x_wconf 89' lang='lat' dir='ltr'><strong>quia</strong></span> <span class='ocrx_word' id='word_1_717' title='bbox 1977 5219 2111 5276; x_wconf 89' lang='lat' dir='ltr'><strong>ﬁdes</strong></span> 
     </span>
    </p>
   </div>
   <div class='ocr_carea' id='block_1_100' title="bbox 521 5304 2105 5366">
    <p class='ocr_par' dir='ltr' id='par_1_100' title="bbox 521 5304 2105 5366">
     <span class='ocr_line' id='line_1_100' title="bbox 521 5304 2105 5366; baseline 0.003 -6"><span class='ocrx_word' id='word_1_718' title='bbox 521 5313 710 5362; x_wconf 86' lang='lat' dir='ltr'><strong>nostra</strong></span> <span class='ocrx_word' id='word_1_719' title='bbox 759 5304 819 5360; x_wconf 92' lang='lat' dir='ltr'><strong>in</strong></span> <span class='ocrx_word' id='word_1_720' title='bbox 863 5304 1209 5361; x_wconf 80' lang='lat' dir='ltr'><strong>cbnfessione</strong></span> <span class='ocrx_word' id='word_1_721' title='bbox 1255 5314 1455 5362; x_wconf 88' lang='lat' dir='ltr'><strong>sancta</strong></span> <span class='ocrx_word' id='word_1_722' title='bbox 1489 5307 1780 5366; x_wconf 86' lang='lat' dir='ltr'><strong>Trinitatis</strong></span> <span class='ocrx_word' id='word_1_723' title='bbox 1821 5309 2105 5365; x_wconf 83' lang='lat' dir='ltr'><strong>consistit:</strong></span> 
     </span>
    </p>
   </div>
   <div class='ocr_carea' id='block_1_101' title="bbox 517 5393 2110 5466">
    <p class='ocr_par' dir='ltr' id='par_1_101' title="bbox 517 5393 2110 5466">
     <span class='ocr_line' id='line_1_101' title="bbox 517 5393 2110 5466; baseline 0.001 -15"><span class='ocrx_word' id='word_1_724' title='bbox 517 5393 866 5451; x_wconf 87' lang='lat' dir='ltr'><strong>centenarius</strong></span> <span class='ocrx_word' id='word_1_725' title='bbox 920 5410 1051 5450; x_wconf 90' lang='lat' dir='ltr'><strong>vero</strong></span> <span class='ocrx_word' id='word_1_726' title='bbox 1105 5394 1375 5466; x_wconf 86' lang='lat' dir='ltr'><strong>perfectus</strong></span> <span class='ocrx_word' id='word_1_727' title='bbox 1427 5404 1511 5451; x_wconf 90' lang='lat' dir='ltr'><strong>est</strong></span> <span class='ocrx_word' id='word_1_728' title='bbox 1551 5412 1833 5453; x_wconf 88' lang='lat' dir='ltr'><strong>numerus.</strong></span> <span class='ocrx_word' id='word_1_729' title='bbox 1876 5398 1940 5454; x_wconf 92' lang='lat' dir='ltr'><strong>In</strong></span> <span class='ocrx_word' id='word_1_730' title='bbox 1987 5404 2110 5452; x_wconf 89' lang='lat' dir='ltr'><strong>tre-</strong></span> 
     </span>
    </p>
   </div>
   <div class='ocr_carea' id='block_1_102' title="bbox 511 5483 2106 5559">
    <p class='ocr_par' dir='ltr' id='par_1_102' title="bbox 511 5483 2106 5559">
     <span class='ocr_line' id='line_1_102' title="bbox 511 5483 2106 5559; baseline 0.002 -20"><span class='ocrx_word' id='word_1_731' title='bbox 511 5491 698 5540; x_wconf 85' lang='lat' dir='ltr'><strong>centos</strong></span> <span class='ocrx_word' id='word_1_732' title='bbox 760 5499 888 5557; x_wconf 91' lang='lat' dir='ltr'><strong>ergo</strong></span> <span class='ocrx_word' id='word_1_733' title='bbox 939 5483 1158 5540; x_wconf 90' lang='lat' dir='ltr'><strong>cubitos</strong></span> <span class='ocrx_word' id='word_1_734' title='bbox 1206 5483 1342 5540; x_wconf 90' lang='lat' dir='ltr'><strong>ﬁdes</strong></span> <span class='ocrx_word' id='word_1_735' title='bbox 1391 5491 1581 5541; x_wconf 89' lang='lat' dir='ltr'><strong>nostra</strong></span> <span class='ocrx_word' id='word_1_736' title='bbox 1620 5484 1946 5559; x_wconf 86' lang='lat' dir='ltr'><strong>prasignata</strong></span> <span class='ocrx_word' id='word_1_737' title='bbox 1987 5493 2106 5554; x_wconf 89' lang='lat' dir='ltr'><strong>est;</strong></span> 
     </span>
    </p>
   </div>
   <div class='ocr_carea' id='block_1_103' title="bbox 588 5679 2108 5756">
    <p class='ocr_par' dir='ltr' id='par_1_103' title="bbox 588 5679 2108 5756">
     <span class='ocr_line' id='line_1_103' title="bbox 588 5679 2108 5756; baseline 0.003 -21"><span class='ocrx_word' id='word_1_738' title='bbox 588 5679 704 5756; x_wconf 61' lang='lat'><strong>((19)</strong></span> <span class='ocrx_word' id='word_1_739' title='bbox 739 5681 820 5756; x_wconf 77' lang='lat' dir='ltr'><strong>I_ta</strong></span> <span class='ocrx_word' id='word_1_740' title='bbox 859 5681 1026 5756; x_wconf 75' lang='lat' dir='ltr'><strong>iidem</strong></span> <span class='ocrx_word' id='word_1_741' title='bbox 1073 5698 1233 5749; x_wconf 70' lang='lat' dir='ltr'><strong>mss;</strong></span> <span class='ocrx_word' id='word_1_742' title='bbox 1279 5682 1412 5756; x_wconf 85' lang='lat' dir='ltr'><strong>edit.</strong></span> <span class='ocrx_word' id='word_1_743' title='bbox 1449 5699 1599 5750; x_wconf 85' lang='lat' dir='ltr'><strong>vero,</strong></span> <span class='ocrx_word' id='word_1_744' title='bbox 1637 5684 1974 5756; x_wconf 79' lang='lat' dir='ltr'><strong>septenis.....</strong></span> <span class='ocrx_word' id='word_1_745' title='bbox 2003 5701 2108 5742; x_wconf 75' lang='lat' dir='ltr'><strong>ea:-</strong></span> 
     </span>
    </p>
   </div>
   <div class='ocr_carea' id='block_1_104' title="bbox 519 5751 1368 5821">
    <p class='ocr_par' dir='ltr' id='par_1_104' title="bbox 519 5751 1368 5821">
     <span class='ocr_line' id='line_1_104' title="bbox 519 5751 1368 5821; baseline 0.007 -17"><span class='ocrx_word' id='word_1_746' title='bbox 519 5751 680 5805; x_wconf 80' lang='lat' dir='ltr'><strong>tendit</strong></span> <span class='ocrx_word' id='word_1_747' title='bbox 707 5768 722 5819; x_wconf 90' lang='lat'><strong>;</strong></span> <span class='ocrx_word' id='word_1_748' title='bbox 751 5751 908 5808; x_wconf 83' lang='lat' dir='ltr'><strong>Rom.</strong></span> <span class='ocrx_word' id='word_1_749' title='bbox 939 5752 1098 5821; x_wconf 87' lang='lat' dir='ltr'><strong>edit.,</strong></span> <span class='ocrx_word' id='word_1_750' title='bbox 1129 5754 1368 5810; x_wconf 79' lang='lat' dir='ltr'><strong>ostendit.</strong></span> 
     </span>
    </p>
   </div>
   <div class='ocr_carea' id='block_1_105' title="bbox 2293 4673 3832 4746">
    <p class='ocr_par' dir='ltr' id='par_1_105' title="bbox 2293 4673 3832 4746">
     <span class='ocr_line' id='line_1_105' title="bbox 2293 4673 3832 4746; baseline -0.001 -13"><span class='ocrx_word' id='word_1_751' title='bbox 2293 4676 2452 4746; x_wconf 86' lang='lat' dir='ltr'><strong>Quod</strong></span> <span class='ocrx_word' id='word_1_752' title='bbox 2489 4684 2670 4732; x_wconf 87' lang='lat' dir='ltr'><strong>autem</strong></span> <span class='ocrx_word' id='word_1_753' title='bbox 2712 4675 2826 4732; x_wconf 89' lang='lat' dir='ltr'><strong>Noe</strong></span> <span class='ocrx_word' id='word_1_754' title='bbox 2855 4673 2924 4731; x_wconf 93' lang='lat' dir='ltr'><strong>ad</strong></span> <span class='ocrx_word' id='word_1_755' title='bbox 2944 4673 3248 4746; x_wconf 88' lang='lat' dir='ltr'><strong>jussionem</strong></span> <span class='ocrx_word' id='word_1_756' title='bbox 3285 4673 3506 4732; x_wconf 88' lang='lat' dir='ltr'><strong>Domini</strong></span> <span class='ocrx_word' id='word_1_757' title='bbox 3535 4689 3605 4730; x_wconf 87' lang='lat' dir='ltr'><strong>ex</strong></span> <span class='ocrx_word' id='word_1_758' title='bbox 3643 4675 3832 4731; x_wconf 86' lang='lat' dir='ltr'><strong>omni-</strong></span> 
     </span>
    </p>
   </div>
   <div class='ocr_carea' id='block_1_106' title="bbox 2224 4763 3835 4824">
    <p class='ocr_par' dir='ltr' id='par_1_106' title="bbox 2224 4763 3835 4824">
     <span class='ocr_line' id='line_1_106' title="bbox 2224 4763 3835 4824; baseline -0.001 0"><span class='ocrx_word' id='word_1_759' title='bbox 2224 4767 2327 4824; x_wconf 87' lang='lat' dir='ltr'><strong>bus</strong></span> <span class='ocrx_word' id='word_1_760' title='bbox 2369 4766 2744 4824; x_wconf 89' lang='lat' dir='ltr'><strong>animantibus</strong></span> <span class='ocrx_word' id='word_1_761' title='bbox 2787 4764 3011 4822; x_wconf 88' lang='lat' dir='ltr'><strong>mundis</strong></span> <span class='ocrx_word' id='word_1_762' title='bbox 3047 4772 3100 4820; x_wconf 90' lang='lat' dir='ltr'><strong>et</strong></span> <span class='ocrx_word' id='word_1_763' title='bbox 3129 4763 3436 4821; x_wconf 84' lang='lat' dir='ltr'><strong>immundis</strong></span> <span class='ocrx_word' id='word_1_764' title='bbox 3464 4764 3743 4821; x_wconf 84' lang='lat' dir='ltr'><strong>masculos</strong></span> <span class='ocrx_word' id='word_1_765' title='bbox 3775 4775 3835 4822; x_wconf 87' lang='lat' dir='ltr'><strong>et</strong></span> 
     </span>
    </p>
   </div>
   <div class='ocr_carea' id='block_1_107' title="bbox 2221 4854 3834 4925">
    <p class='ocr_par' dir='ltr' id='par_1_107' title="bbox 2221 4854 3834 4925">
     <span class='ocr_line' id='line_1_107' title="bbox 2221 4854 3834 4925; baseline -0.001 -11"><span class='ocrx_word' id='word_1_766' title='bbox 2221 4857 2458 4915; x_wconf 83' lang='lat' dir='ltr'><strong>feminas</strong></span> <span class='ocrx_word' id='word_1_767' title='bbox 2504 4855 2818 4913; x_wconf 86' lang='lat' dir='ltr'><strong>introduxit</strong></span> <span class='ocrx_word' id='word_1_768' title='bbox 2865 4855 2922 4910; x_wconf 92' lang='lat' dir='ltr'><strong>in</strong></span> <span class='ocrx_word' id='word_1_769' title='bbox 2966 4871 3147 4910; x_wconf 91' lang='lat' dir='ltr'><strong>arcam</strong></span> <span class='ocrx_word' id='word_1_770' title='bbox 3197 4855 3352 4925; x_wconf 84' lang='lat' dir='ltr'><strong>(Gen.</strong></span> <span class='ocrx_word' id='word_1_771' title='bbox 3404 4870 3503 4922; x_wconf 85' lang='lat' dir='ltr'><strong>vn,</strong></span> <span class='ocrx_word' id='word_1_772' title='bbox 3550 4854 3604 4921; x_wconf 92' lang='lat'><strong>8,</strong></span> <span class='ocrx_word' id='word_1_773' title='bbox 3634 4855 3718 4924; x_wconf 89' lang='lat'><strong>9),</strong></span> <span class='ocrx_word' id='word_1_774' title='bbox 3757 4856 3834 4912; x_wconf 89' lang='lat' dir='ltr'><strong>si-</strong></span> 
     </span>
    </p>
   </div>
   <div class='ocr_carea' id='block_1_108' title="bbox 2222 4945 3836 5022">
    <p class='ocr_par' dir='ltr' id='par_1_108' title="bbox 2222 4945 3836 5022">
     <span class='ocr_line' id='line_1_108' title="bbox 2222 4945 3836 5022; baseline -0.001 -17"><span class='ocrx_word' id='word_1_775' title='bbox 2222 4949 2450 5022; x_wconf 90' lang='lat' dir='ltr'><strong>gniﬁcat</strong></span> <span class='ocrx_word' id='word_1_776' title='bbox 2477 4948 2627 5022; x_wconf 90' lang='lat' dir='ltr'><strong>quod</strong></span> <span class='ocrx_word' id='word_1_777' title='bbox 2671 4947 2796 5003; x_wconf 89' lang='lat' dir='ltr'><strong>mali</strong></span> <span class='ocrx_word' id='word_1_778' title='bbox 2825 4956 2879 5004; x_wconf 91' lang='lat' dir='ltr'><strong>et</strong></span> <span class='ocrx_word' id='word_1_779' title='bbox 2923 4947 3058 5004; x_wconf 90' lang='lat' dir='ltr'><strong>boni</strong></span> <span class='ocrx_word' id='word_1_780' title='bbox 3093 4947 3149 5002; x_wconf 91' lang='lat' dir='ltr'><strong>in</strong></span> <span class='ocrx_word' id='word_1_781' title='bbox 3179 4945 3477 5004; x_wconf 89' lang='lat' dir='ltr'><strong>Ecclesiam</strong></span> <span class='ocrx_word' id='word_1_782' title='bbox 3507 4945 3836 5004; x_wconf 85' lang='lat' dir='ltr'><strong>introduce-</strong></span> 
     </span>
    </p>
   </div>
   <div class='ocr_carea' id='block_1_109' title="bbox 2222 5035 3830 5108">
    <p class='ocr_par' dir='ltr' id='par_1_109' title="bbox 2222 5035 3830 5108">
     <span class='ocr_line' id='line_1_109' title="bbox 2222 5035 3830 5108; baseline -0.001 -14"><span class='ocrx_word' id='word_1_783' title='bbox 2222 5048 2432 5095; x_wconf 90' lang='lat' dir='ltr'><strong>rentur.</strong></span> <span class='ocrx_word' id='word_1_784' title='bbox 2491 5037 2593 5095; x_wconf 89' lang='lat' dir='ltr'><strong>Sed</strong></span> <span class='ocrx_word' id='word_1_785' title='bbox 2623 5038 2690 5093; x_wconf 92' lang='lat' dir='ltr'><strong>de</strong></span> <span class='ocrx_word' id='word_1_786' title='bbox 2731 5036 2955 5094; x_wconf 89' lang='lat' dir='ltr'><strong>mundis</strong></span> <span class='ocrx_word' id='word_1_787' title='bbox 2989 5044 3211 5108; x_wconf 89' lang='lat' dir='ltr'><strong>septena</strong></span> <span class='ocrx_word' id='word_1_788' title='bbox 3244 5045 3299 5094; x_wconf 92' lang='lat' dir='ltr'><strong>et</strong></span> <span class='ocrx_word' id='word_1_789' title='bbox 3321 5044 3570 5108; x_wconf 87' lang='lat' dir='ltr'><strong>septena:</strong></span> <span class='ocrx_word' id='word_1_790' title='bbox 3603 5035 3674 5092; x_wconf 90' lang='lat' dir='ltr'><strong>de</strong></span> <span class='ocrx_word' id='word_1_791' title='bbox 3720 5037 3830 5094; x_wconf 91' lang='lat' dir='ltr'><strong>im-</strong></span> 
     </span>
    </p>
   </div>
   <div class='ocr_carea' id='block_1_110' title="bbox 2222 5125 3834 5194">
    <p class='ocr_par' dir='ltr' id='par_1_110' title="bbox 2222 5125 3834 5194">
     <span class='ocr_line' id='line_1_110' title="bbox 2222 5125 3834 5194; baseline 0 -10"><span class='ocrx_word' id='word_1_792' title='bbox 2222 5128 2443 5184; x_wconf 90' lang='lat' dir='ltr'><strong>mundis</strong></span> <span class='ocrx_word' id='word_1_793' title='bbox 2457 5145 2588 5184; x_wconf 88' lang='lat' dir='ltr'><strong>vero</strong></span> <span class='ocrx_word' id='word_1_794' title='bbox 2602 5128 2740 5184; x_wconf 86' lang='lat' dir='ltr'><strong>bina</strong></span> <span class='ocrx_word' id='word_1_795' title='bbox 2759 5125 2974 5194; x_wconf 88' lang='lat' dir='ltr'><strong>etbina,</strong></span> <span class='ocrx_word' id='word_1_796' title='bbox 2988 5127 3328 5182; x_wconf 89' lang='lat' dir='ltr'><strong>masculuset</strong></span> <span class='ocrx_word' id='word_1_797' title='bbox 3348 5125 3551 5182; x_wconf 89' lang='lat' dir='ltr'><strong>femina</strong></span> <span class='ocrx_word' id='word_1_798' title='bbox 3566 5125 3625 5180; x_wconf 92' lang='lat' dir='ltr'><strong>in</strong></span> <span class='ocrx_word' id='word_1_799' title='bbox 3636 5141 3834 5184; x_wconf 87' lang='lat' dir='ltr'><strong>arcam</strong></span> 
     </span>
    </p>
   </div>
   <div class='ocr_carea' id='block_1_111' title="bbox 2223 5213 3839 5290">
    <p class='ocr_par' dir='ltr' id='par_1_111' title="bbox 2223 5213 3839 5290">
     <span class='ocr_line' id='line_1_111' title="bbox 2223 5213 3839 5290; baseline -0.003 -17"><span class='ocrx_word' id='word_1_800' title='bbox 2223 5217 2592 5282; x_wconf 88' lang='lat' dir='ltr'><strong>introierunt;</strong></span> <span class='ocrx_word' id='word_1_801' title='bbox 2646 5233 2744 5290; x_wconf 90' lang='lat' dir='ltr'><strong>per</strong></span> <span class='ocrx_word' id='word_1_802' title='bbox 2805 5215 3012 5271; x_wconf 90' lang='lat' dir='ltr'><strong>munda</strong></span> <span class='ocrx_word' id='word_1_803' title='bbox 3058 5231 3293 5287; x_wconf 90' lang='lat' dir='ltr'><strong>namque</strong></span> <span class='ocrx_word' id='word_1_804' title='bbox 3337 5213 3599 5270; x_wconf 87' lang='lat' dir='ltr'><strong>animalia</strong></span> <span class='ocrx_word' id='word_1_805' title='bbox 3636 5215 3839 5272; x_wconf 88' lang='lat' dir='ltr'><strong>electi.</strong></span> 
     </span>
    </p>
   </div>
   <div class='ocr_carea' id='block_1_112' title="bbox 2223 5302 3834 5380">
    <p class='ocr_par' dir='ltr' id='par_1_112' title="bbox 2223 5302 3834 5380">
     <span class='ocr_line' id='line_1_112' title="bbox 2223 5302 3834 5380; baseline -0.001 -18"><span class='ocrx_word' id='word_1_806' title='bbox 2223 5324 2317 5380; x_wconf 89' lang='lat' dir='ltr'><strong>per</strong></span> <span class='ocrx_word' id='word_1_807' title='bbox 2371 5305 2660 5361; x_wconf 86' lang='lat' dir='ltr'><strong>immunda</strong></span> <span class='ocrx_word' id='word_1_808' title='bbox 2714 5321 2847 5360; x_wconf 92' lang='lat' dir='ltr'><strong>vero</strong></span> <span class='ocrx_word' id='word_1_809' title='bbox 2903 5303 3120 5376; x_wconf 91' lang='lat' dir='ltr'><strong>reprobi</strong></span> <span class='ocrx_word' id='word_1_810' title='bbox 3171 5302 3552 5375; x_wconf 87' lang='lat' dir='ltr'><strong>designantur.</strong></span> <span class='ocrx_word' id='word_1_811' title='bbox 3613 5303 3834 5360; x_wconf 88' lang='lat' dir='ltr'><strong>Munda</strong></span> 
     </span>
    </p>
   </div>
   <div class='ocr_carea' id='block_1_113' title="bbox 2220 5394 3836 5470">
    <p class='ocr_par' dir='ltr' id='par_1_113' title="bbox 2220 5394 3836 5470">
     <span class='ocr_line' id='line_1_113' title="bbox 2220 5394 3836 5470; baseline -0.002 -18"><span class='ocrx_word' id='word_1_812' title='bbox 2220 5398 2404 5470; x_wconf 88' lang='lat' dir='ltr'><strong>itaque</strong></span> <span class='ocrx_word' id='word_1_813' title='bbox 2433 5395 2697 5452; x_wconf 88' lang='lat' dir='ltr'><strong>animalia</strong></span> <span class='ocrx_word' id='word_1_814' title='bbox 2726 5395 2782 5450; x_wconf 88' lang='lat' dir='ltr'><strong>in</strong></span> <span class='ocrx_word' id='word_1_815' title='bbox 2813 5394 3048 5466; x_wconf 90' lang='lat' dir='ltr'><strong>septimo</strong></span> <span class='ocrx_word' id='word_1_816' title='bbox 3075 5409 3305 5449; x_wconf 90' lang='lat' dir='ltr'><strong>numero</strong></span> <span class='ocrx_word' id='word_1_817' title='bbox 3335 5399 3647 5466; x_wconf 89' lang='lat' dir='ltr'><strong>ponuntur;</strong></span> <span class='ocrx_word' id='word_1_818' title='bbox 3691 5394 3836 5465; x_wconf 89' lang='lat' dir='ltr'><strong>quia</strong></span> 
     </span>
    </p>
   </div>
   <div class='ocr_carea' id='block_1_114' title="bbox 2219 5479 3834 5558">
    <p class='ocr_par' dir='ltr' id='par_1_114' title="bbox 2219 5479 3834 5558">
     <span class='ocr_line' id='line_1_114' title="bbox 2219 5479 3834 5558; baseline -0.005 -14"><span class='ocrx_word' id='word_1_819' title='bbox 2219 5487 2302 5544; x_wconf 91' lang='lat' dir='ltr'><strong>illi</strong></span> <span class='ocrx_word' id='word_1_820' title='bbox 2333 5484 2436 5543; x_wconf 88' lang='lat' dir='ltr'><strong>soli</strong></span> <span class='ocrx_word' id='word_1_821' title='bbox 2473 5483 2630 5542; x_wconf 89' lang='lat' dir='ltr'><strong>electi</strong></span> <span class='ocrx_word' id='word_1_822' title='bbox 2663 5493 2812 5554; x_wconf 91' lang='lat' dir='ltr'><strong>sunt,</strong></span> <span class='ocrx_word' id='word_1_823' title='bbox 2843 5483 2939 5557; x_wconf 89' lang='lat' dir='ltr'><strong>qui</strong></span> <span class='ocrx_word' id='word_1_824' title='bbox 2977 5499 3074 5558; x_wconf 89' lang='lat' dir='ltr'><strong>per</strong></span> <span class='ocrx_word' id='word_1_825' title='bbox 3112 5482 3345 5556; x_wconf 86' lang='lat' dir='ltr'><strong>gratiam</strong></span> <span class='ocrx_word' id='word_1_826' title='bbox 3373 5479 3616 5554; x_wconf 87' lang='lat' dir='ltr'><strong>Spiritus</strong></span> <span class='ocrx_word' id='word_1_827' title='bbox 3643 5480 3834 5537; x_wconf 86' lang='lat' dir='ltr'><strong>sancti</strong></span> 
     </span>
    </p>
   </div>
   <div class='ocr_carea' id='block_1_115' title="bbox 2289 5679 3834 5757">
    <p class='ocr_par' dir='ltr' id='par_1_115' title="bbox 2289 5679 3834 5757">
     <span class='ocr_line' id='line_1_115' title="bbox 2289 5679 3834 5757; baseline -0.003 -15"><span class='ocrx_word' id='word_1_828' title='bbox 2289 5685 2408 5757; x_wconf 79' lang='grc'>(50)</span> <span class='ocrx_word' id='word_1_829' title='bbox 2439 5683 2614 5755; x_wconf 90' lang='lat' dir='ltr'><strong>Edit.,</strong></span> <span class='ocrx_word' id='word_1_830' title='bbox 2638 5684 2768 5757; x_wconf 87' lang='lat' dir='ltr'><strong>quia</strong></span> <span class='ocrx_word' id='word_1_831' title='bbox 2802 5682 2896 5740; x_wconf 79' lang='lat' dir='ltr'><strong>ille</strong></span> <span class='ocrx_word' id='word_1_832' title='bbox 2940 5682 3196 5742; x_wconf 77' lang='lat' dir='ltr'><strong>venialem</strong></span> <span class='ocrx_word' id='word_1_833' title='bbox 3239 5697 3422 5756; x_wconf 80' lang='lat' dir='ltr'><strong>spem;</strong></span> <span class='ocrx_word' id='word_1_834' title='bbox 3449 5695 3609 5748; x_wconf 89' lang='lat' dir='ltr'><strong>mss.,</strong></span> <span class='ocrx_word' id='word_1_835' title='bbox 3637 5679 3834 5738; x_wconf 82' lang='lat' dir='ltr'><strong>utilem</strong></span> 
     </span>
    </p>
   </div>
   <div class='ocr_carea' id='block_1_116' title="bbox 2217 5774 2377 5830">
    <p class='ocr_par' dir='ltr' id='par_1_116' title="bbox 2217 5774 2377 5830">
     <span class='ocr_line' id='line_1_116' title="bbox 2217 5774 2377 5830; baseline 0.013 -18"><span class='ocrx_word' id='word_1_836' title='bbox 2217 5774 2377 5830; x_wconf 83' lang='lat' dir='ltr'><strong>spem.</strong></span> 
     </span>
    </p>
   </div>
  </div>
