  <div class='ocr_page' id='page_1' title='image "/cluster/home/n/w/nwhite01/storage/ocr_20150623/17/umn.31951002477311b/456.png"; bbox 0 0 3970 6370; ppageno 0'>
   <div class='ocr_carea' id='block_1_1' title="bbox 199 378 2612 438">
    <p class='ocr_par' dir='ltr' id='par_1_1' title="bbox 199 378 2612 438">
     <span class='ocr_line' id='line_1_1' title="bbox 199 378 2612 438; baseline 0 -2"><span class='ocrx_word' id='word_1_1' title='bbox 199 380 279 436; x_wconf 87' lang='grc'>89</span> <span class='ocrx_word' id='word_1_2' title='bbox 1094 379 1550 438; x_wconf 82' lang='lat' dir='ltr'>BERENGAUDI</span> <span class='ocrx_word' id='word_1_3' title='bbox 1586 378 1959 436; x_wconf 73' lang='lat' dir='ltr'>EXPOSI&#39;HU</span> <span class='ocrx_word' id='word_1_4' title='bbox 1998 380 2069 436; x_wconf 91' lang='lat' dir='ltr'><strong>IN</strong></span> <span class='ocrx_word' id='word_1_5' title='bbox 2104 378 2612 438; x_wconf 82' lang='lat' dir='ltr'>APOCALYPSIN.</span> 
     </span>
    </p>
   </div>
   <div class='ocr_carea' id='block_1_2' title="bbox 3395 384 3501 440">
    <p class='ocr_par' dir='ltr' id='par_1_2' title="bbox 3395 384 3501 440">
     <span class='ocr_line' id='line_1_2' title="bbox 3395 384 3501 440; baseline 0 0"><span class='ocrx_word' id='word_1_6' title='bbox 3395 384 3501 440; x_wconf 85' lang='lat'>898</span> 
     </span>
    </p>
   </div>
   <div class='ocr_carea' id='block_1_3' title="bbox 202 504 3498 582">
    <p class='ocr_par' dir='ltr' id='par_1_3' title="bbox 202 504 3498 582">
     <span class='ocr_line' id='line_1_3' title="bbox 202 504 3498 582; baseline 0.001 -21"><span class='ocrx_word' id='word_1_7' title='bbox 202 505 275 561; x_wconf 89' lang='lat' dir='ltr'>ab</span> <span class='ocrx_word' id='word_1_8' title='bbox 326 506 645 577; x_wconf 81' lang='lat' dir='ltr'>operatione</span> <span class='ocrx_word' id='word_1_9' title='bbox 709 504 984 561; x_wconf 89' lang='lat' dir='ltr'>donorum</span> <span class='ocrx_word' id='word_1_10' title='bbox 1032 505 1279 577; x_wconf 76' lang='lat' dir='ltr'>ejusdem</span> <span class='ocrx_word' id='word_1_11' title='bbox 1346 506 1586 579; x_wconf 76' lang='lat' dir='ltr'>Spiritus</span> <span class='ocrx_word' id='word_1_12' title='bbox 1640 516 1794 563; x_wconf 83' lang='lat' dir='ltr'>sanct</span> <span class='ocrx_word' id='word_1_13' title='bbox 1820 512 1871 571; x_wconf 88' lang='grc' dir='ltr'><strong>Α</strong></span> <span class='ocrx_word' id='word_1_14' title='bbox 1904 521 2028 561; x_wconf 88' lang='lat' dir='ltr'>cum</span> <span class='ocrx_word' id='word_1_15' title='bbox 2061 505 2299 577; x_wconf 73' lang='lat' dir='ltr'>Spiritus</span> <span class='ocrx_word' id='word_1_16' title='bbox 2325 505 2499 561; x_wconf 78' lang='lat' dir='ltr'>sancti</span> <span class='ocrx_word' id='word_1_17' title='bbox 2530 507 2703 577; x_wconf 88' lang='lat' dir='ltr'>gratia</span> <span class='ocrx_word' id='word_1_18' title='bbox 2747 523 2859 575; x_wconf 91' lang='lat' dir='ltr'>eos,</span> <span class='ocrx_word' id='word_1_19' title='bbox 2905 524 3041 580; x_wconf 92' lang='lat' dir='ltr'>quos</span> <span class='ocrx_word' id='word_1_20' title='bbox 3060 524 3154 580; x_wconf 90' lang='lat' dir='ltr'>per</span> <span class='ocrx_word' id='word_1_21' title='bbox 3191 509 3367 582; x_wconf 87' lang='lat' dir='ltr'>legem</span> <span class='ocrx_word' id='word_1_22' title='bbox 3396 511 3498 565; x_wconf 91' lang='lat' dir='ltr'>sal-</span> 
     </span>
    </p>
   </div>
   <div class='ocr_carea' id='block_1_4' title="bbox 194 594 1794 667">
    <p class='ocr_par' dir='ltr' id='par_1_4' title="bbox 194 594 1794 667">
     <span class='ocr_line' id='line_1_4' title="bbox 194 594 1794 667; baseline 0.002 -18"><span class='ocrx_word' id='word_1_23' title='bbox 194 594 364 650; x_wconf 91' lang='lat' dir='ltr'>alieni</span> <span class='ocrx_word' id='word_1_24' title='bbox 396 611 507 651; x_wconf 90' lang='lat' dir='ltr'>non</span> <span class='ocrx_word' id='word_1_25' title='bbox 535 602 701 652; x_wconf 88' lang='lat' dir='ltr'>sunt:</span> <span class='ocrx_word' id='word_1_26' title='bbox 736 595 953 667; x_wconf 84' lang='lat' dir='ltr'>reprobi</span> <span class='ocrx_word' id='word_1_27' title='bbox 999 611 1131 651; x_wconf 90' lang='lat' dir='ltr'>vero</span> <span class='ocrx_word' id='word_1_28' title='bbox 1166 596 1223 651; x_wconf 91' lang='lat' dir='ltr'>in</span> <span class='ocrx_word' id='word_1_29' title='bbox 1268 595 1510 652; x_wconf 90' lang='lat' dir='ltr'>secundo</span> <span class='ocrx_word' id='word_1_30' title='bbox 1564 612 1794 653; x_wconf 91' lang='lat' dir='ltr'>numero</span> 
     </span>
    </p>
   </div>
   <div class='ocr_carea' id='block_1_5' title="bbox 194 684 1795 757">
    <p class='ocr_par' dir='ltr' id='par_1_5' title="bbox 194 684 1795 757">
     <span class='ocr_line' id='line_1_5' title="bbox 194 684 1795 757; baseline 0.001 -17"><span class='ocrx_word' id='word_1_31' title='bbox 194 691 518 756; x_wconf 90' lang='lat' dir='ltr'>ponuntur;</span> <span class='ocrx_word' id='word_1_32' title='bbox 551 684 683 757; x_wconf 87' lang='lat' dir='ltr'>quia</span> <span class='ocrx_word' id='word_1_33' title='bbox 708 685 826 741; x_wconf 82' lang='lat' dir='ltr'>solo</span> <span class='ocrx_word' id='word_1_34' title='bbox 856 701 1085 757; x_wconf 90' lang='lat' dir='ltr'>corpora</span> <span class='ocrx_word' id='word_1_35' title='bbox 1112 693 1167 741; x_wconf 91' lang='lat' dir='ltr'>et</span> <span class='ocrx_word' id='word_1_36' title='bbox 1208 686 1394 741; x_wconf 90' lang='lat' dir='ltr'>anima</span> <span class='ocrx_word' id='word_1_37' title='bbox 1441 687 1499 741; x_wconf 90' lang='lat' dir='ltr'>in</span> <span class='ocrx_word' id='word_1_38' title='bbox 1546 685 1795 742; x_wconf 86' lang='lat' dir='ltr'>Ecclesia</span> 
     </span>
    </p>
   </div>
   <div class='ocr_carea' id='block_1_6' title="bbox 194 773 1592 839">
    <p class='ocr_par' dir='ltr' id='par_1_6' title="bbox 194 773 1592 839">
     <span class='ocr_line' id='line_1_6' title="bbox 194 773 1592 839; baseline 0 -10"><span class='ocrx_word' id='word_1_39' title='bbox 194 773 532 839; x_wconf 91' lang='lat' dir='ltr'>consistunt,</span> <span class='ocrx_word' id='word_1_40' title='bbox 565 781 747 829; x_wconf 87' lang='lat' dir='ltr'>mente</span> <span class='ocrx_word' id='word_1_41' title='bbox 771 790 902 830; x_wconf 91' lang='lat' dir='ltr'>vero</span> <span class='ocrx_word' id='word_1_42' title='bbox 929 783 1085 831; x_wconf 83' lang='lat' dir='ltr'>extra</span> <span class='ocrx_word' id='word_1_43' title='bbox 1112 775 1412 831; x_wconf 90' lang='lat' dir='ltr'>Ecclesiam</span> <span class='ocrx_word' id='word_1_44' title='bbox 1441 782 1592 830; x_wconf 91' lang='lat' dir='ltr'>sunt.</span> 
     </span>
    </p>
   </div>
   <div class='ocr_carea' id='block_1_7' title="bbox 271 863 1792 936">
    <p class='ocr_par' dir='ltr' id='par_1_7' title="bbox 271 863 1792 936">
     <span class='ocr_line' id='line_1_7' title="bbox 271 863 1792 936; baseline 0.001 -19"><span class='ocrx_word' id='word_1_45' title='bbox 271 863 333 917; x_wconf 93' lang='lat' dir='ltr'>In</span> <span class='ocrx_word' id='word_1_46' title='bbox 363 863 719 934; x_wconf 82' lang='lat' dir='ltr'>sequentibus</span> <span class='ocrx_word' id='word_1_47' title='bbox 747 879 962 936; x_wconf 86' lang='lat' dir='ltr'>quoque</span> <span class='ocrx_word' id='word_1_48' title='bbox 989 863 1255 935; x_wconf 89' lang='lat' dir='ltr'>scriptum</span> <span class='ocrx_word' id='word_1_49' title='bbox 1282 872 1362 918; x_wconf 90' lang='lat' dir='ltr'>est</span> <span class='ocrx_word' id='word_1_50' title='bbox 1395 882 1405 919; x_wconf 93' lang='lat'>:</span> <span class='ocrx_word' id='word_1_51' title='bbox 1449 887 1468 910; x_wconf 71' lang='grc' dir='ltr'>ι</span> <span class='ocrx_word' id='word_1_52' title='bbox 1498 863 1641 931; x_wconf 83' lang='lat' dir='ltr'>Quia</span> <span class='ocrx_word' id='word_1_53' title='bbox 1669 880 1792 934; x_wconf 88' lang='lat' dir='ltr'>ape-</span> 
     </span>
    </p>
   </div>
   <div class='ocr_carea' id='block_1_8' title="bbox 194 953 1792 1027">
    <p class='ocr_par' dir='ltr' id='par_1_8' title="bbox 194 953 1792 1027">
     <span class='ocr_line' id='line_1_8' title="bbox 194 953 1792 1027; baseline 0.001 -19"><span class='ocrx_word' id='word_1_54' title='bbox 194 954 346 1009; x_wconf 88' lang='lat' dir='ltr'>riens</span> <span class='ocrx_word' id='word_1_55' title='bbox 394 954 507 1010; x_wconf 85' lang='lat' dir='ltr'>Noe</span> <span class='ocrx_word' id='word_1_56' title='bbox 545 955 837 1010; x_wconf 83' lang='lat' dir='ltr'>fenestram</span> <span class='ocrx_word' id='word_1_57' title='bbox 895 972 1033 1010; x_wconf 82' lang='lat' dir='ltr'>arcae</span> <span class='ocrx_word' id='word_1_58' title='bbox 1081 972 1243 1027; x_wconf 91' lang='lat' dir='ltr'>quam</span> <span class='ocrx_word' id='word_1_59' title='bbox 1306 956 1528 1022; x_wconf 79' lang='lat' dir='ltr'>fecerat,</span> <span class='ocrx_word' id='word_1_60' title='bbox 1577 953 1792 1009; x_wconf 85' lang='lat' dir='ltr'>dimisit</span> 
     </span>
    </p>
   </div>
   <div class='ocr_carea' id='block_1_9' title="bbox 191 1041 1790 1116">
    <p class='ocr_par' dir='ltr' id='par_1_9' title="bbox 191 1041 1790 1116">
     <span class='ocr_line' id='line_1_9' title="bbox 191 1041 1790 1116; baseline -0.001 -18"><span class='ocrx_word' id='word_1_61' title='bbox 191 1060 447 1111; x_wconf 87' lang='lat' dir='ltr'>corvum,</span> <span class='ocrx_word' id='word_1_62' title='bbox 503 1044 598 1116; x_wconf 87' lang='lat' dir='ltr'>qui</span> <span class='ocrx_word' id='word_1_63' title='bbox 655 1043 1032 1115; x_wconf 85' lang='lat' dir='ltr'>egrediebatur</span> <span class='ocrx_word' id='word_1_64' title='bbox 1086 1052 1140 1099; x_wconf 89' lang='lat' dir='ltr'>et</span> <span class='ocrx_word' id='word_1_65' title='bbox 1189 1060 1299 1100; x_wconf 92' lang='lat' dir='ltr'>non</span> <span class='ocrx_word' id='word_1_66' title='bbox 1360 1041 1790 1115; x_wconf 88' lang='lat' dir='ltr'>regrediebatur,</span> 
     </span>
    </p>
   </div>
   <div class='ocr_carea' id='block_1_10' title="bbox 191 1130 1789 1205">
    <p class='ocr_par' dir='ltr' id='par_1_10' title="bbox 191 1130 1789 1205">
     <span class='ocr_line' id='line_1_10' title="bbox 191 1130 1789 1205; baseline -0.001 -19"><span class='ocrx_word' id='word_1_67' title='bbox 191 1130 372 1187; x_wconf 93' lang='lat' dir='ltr'>donec</span> <span class='ocrx_word' id='word_1_68' title='bbox 425 1130 762 1188; x_wconf 85' lang='lat' dir='ltr'>siccarentur</span> <span class='ocrx_word' id='word_1_69' title='bbox 812 1148 966 1205; x_wconf 65' lang='lat' dir='ltr'>aquae</span> <span class='ocrx_word' id='word_1_70' title='bbox 1020 1149 1184 1205; x_wconf 87' lang='lat' dir='ltr'>super</span> <span class='ocrx_word' id='word_1_71' title='bbox 1228 1141 1430 1188; x_wconf 90' lang='lat' dir='ltr'>terram</span> <span class='ocrx_word' id='word_1_72' title='bbox 1465 1132 1621 1202; x_wconf 86' lang='lat' dir='ltr'>(Gen.</span> <span class='ocrx_word' id='word_1_73' title='bbox 1665 1147 1789 1198; x_wconf 81' lang='lat' dir='ltr'>vni,</span> 
     </span>
    </p>
   </div>
   <div class='ocr_carea' id='block_1_11' title="bbox 191 1219 1790 1295">
    <p class='ocr_par' dir='ltr' id='par_1_11' title="bbox 191 1219 1790 1295">
     <span class='ocr_line' id='line_1_11' title="bbox 191 1219 1790 1295; baseline -0.002 -19"><span class='ocrx_word' id='word_1_74' title='bbox 191 1219 251 1288; x_wconf 85' lang='lat'>6,</span> <span class='ocrx_word' id='word_1_75' title='bbox 283 1222 360 1293; x_wconf 87' lang='grc'>7).</span> <span class='ocrx_word' id='word_1_76' title='bbox 394 1246 413 1269; x_wconf 74' lang='grc' dir='ltr'><strong><em>ι</em></strong></span> <span class='ocrx_word' id='word_1_77' title='bbox 454 1221 556 1277; x_wconf 90' lang='lat' dir='ltr'>Per</span> <span class='ocrx_word' id='word_1_78' title='bbox 582 1238 811 1277; x_wconf 86' lang='lat' dir='ltr'>corvum</span> <span class='ocrx_word' id='word_1_79' title='bbox 840 1238 999 1277; x_wconf 88' lang='lat' dir='ltr'>avem</span> <span class='ocrx_word' id='word_1_80' title='bbox 1049 1222 1406 1295; x_wconf 85' lang='lat' dir='ltr'>nigerrimam</span> <span class='ocrx_word' id='word_1_81' title='bbox 1453 1220 1630 1276; x_wconf 68' lang='lat' dir='ltr'>Judaei</span> <span class='ocrx_word' id='word_1_82' title='bbox 1666 1219 1790 1274; x_wconf 87' lang='lat' dir='ltr'>inﬁ-</span> 
     </span>
    </p>
   </div>
   <div class='ocr_carea' id='block_1_12' title="bbox 190 1308 1794 1385">
    <p class='ocr_par' dir='ltr' id='par_1_12' title="bbox 190 1308 1794 1385">
     <span class='ocr_line' id='line_1_12' title="bbox 190 1308 1794 1385; baseline -0.001 -20"><span class='ocrx_word' id='word_1_83' title='bbox 190 1308 420 1367; x_wconf 89' lang='lat' dir='ltr'>delitate</span> <span class='ocrx_word' id='word_1_84' title='bbox 460 1312 737 1369; x_wconf 87' lang='lat' dir='ltr'>tenebrosi</span> <span class='ocrx_word' id='word_1_85' title='bbox 786 1312 1165 1385; x_wconf 79' lang='lat' dir='ltr'>designantur.</span> <span class='ocrx_word' id='word_1_86' title='bbox 1218 1313 1331 1368; x_wconf 90' lang='lat' dir='ltr'>Noe</span> <span class='ocrx_word' id='word_1_87' title='bbox 1374 1310 1543 1382; x_wconf 86' lang='lat' dir='ltr'>igitur</span> <span class='ocrx_word' id='word_1_88' title='bbox 1571 1310 1638 1365; x_wconf 90' lang='lat' dir='ltr'>de</span> <span class='ocrx_word' id='word_1_89' title='bbox 1668 1325 1794 1365; x_wconf 87' lang='lat' dir='ltr'>arca</span> 
     </span>
    </p>
   </div>
   <div class='ocr_carea' id='block_1_13' title="bbox 190 1399 1793 1475">
    <p class='ocr_par' dir='ltr' id='par_1_13' title="bbox 190 1399 1793 1475">
     <span class='ocr_line' id='line_1_13' title="bbox 190 1399 1793 1475; baseline -0.002 -19"><span class='ocrx_word' id='word_1_90' title='bbox 190 1417 424 1456; x_wconf 85' lang='lat' dir='ltr'>corvum</span> <span class='ocrx_word' id='word_1_91' title='bbox 452 1401 666 1469; x_wconf 88' lang='lat' dir='ltr'>emisit;</span> <span class='ocrx_word' id='word_1_92' title='bbox 700 1402 830 1475; x_wconf 89' lang='lat' dir='ltr'>quia</span> <span class='ocrx_word' id='word_1_93' title='bbox 855 1402 1126 1457; x_wconf 88' lang='lat' dir='ltr'>Dominus</span> <span class='ocrx_word' id='word_1_94' title='bbox 1154 1408 1339 1457; x_wconf 91' lang='lat' dir='ltr'>noster</span> <span class='ocrx_word' id='word_1_95' title='bbox 1358 1401 1513 1456; x_wconf 86' lang='lat' dir='ltr'>Jesus</span> <span class='ocrx_word' id='word_1_96' title='bbox 1539 1399 1793 1456; x_wconf 86' lang='lat' dir='ltr'>Christus</span> 
     </span>
    </p>
   </div>
   <div class='ocr_carea' id='block_1_14' title="bbox 190 1489 1791 1563">
    <p class='ocr_par' dir='ltr' id='par_1_14' title="bbox 190 1489 1791 1563">
     <span class='ocr_line' id='line_1_14' title="bbox 190 1489 1791 1563; baseline -0.002 -17"><span class='ocrx_word' id='word_1_97' title='bbox 190 1506 223 1545; x_wconf 90' lang='lat' dir='ltr'>a</span> <span class='ocrx_word' id='word_1_98' title='bbox 238 1490 519 1546; x_wconf 90' lang='lat' dir='ltr'>consortio</span> <span class='ocrx_word' id='word_1_99' title='bbox 540 1498 740 1547; x_wconf 69' lang='lat' dir='ltr'>sanctae</span> <span class='ocrx_word' id='word_1_100' title='bbox 754 1491 1016 1547; x_wconf 68' lang='lat' dir='ltr'>Ecclesia:</span> <span class='ocrx_word' id='word_1_101' title='bbox 1029 1491 1292 1563; x_wconf 88' lang='lat' dir='ltr'>populum</span> <span class='ocrx_word' id='word_1_102' title='bbox 1312 1489 1625 1546; x_wconf 62' lang='lat' dir='ltr'>Judaorum</span> <span class='ocrx_word' id='word_1_103' title='bbox 1643 1504 1791 1559; x_wconf 84' lang='lat' dir='ltr'>sepa-</span> 
     </span>
    </p>
   </div>
   <div class='ocr_carea' id='block_1_15' title="bbox 192 1578 1791 1650">
    <p class='ocr_par' dir='ltr' id='par_1_15' title="bbox 192 1578 1791 1650">
     <span class='ocr_line' id='line_1_15' title="bbox 192 1578 1791 1650; baseline -0.002 -17"><span class='ocrx_word' id='word_1_104' title='bbox 192 1578 357 1634; x_wconf 87' lang='lat' dir='ltr'>ravit.</span> <span class='ocrx_word' id='word_1_105' title='bbox 387 1580 514 1635; x_wconf 90' lang='lat' dir='ltr'>Post</span> <span class='ocrx_word' id='word_1_106' title='bbox 534 1596 763 1636; x_wconf 88' lang='lat' dir='ltr'>corvum</span> <span class='ocrx_word' id='word_1_107' title='bbox 792 1580 976 1635; x_wconf 87' lang='lat' dir='ltr'>emisit</span> <span class='ocrx_word' id='word_1_108' title='bbox 1005 1578 1339 1647; x_wconf 84' lang='lat' dir='ltr'>columbam,</span> <span class='ocrx_word' id='word_1_109' title='bbox 1373 1594 1492 1650; x_wconf 60' lang='lat' dir='ltr'>quas</span> <span class='ocrx_word' id='word_1_110' title='bbox 1517 1595 1642 1634; x_wconf 89' lang='lat' dir='ltr'>cum</span> <span class='ocrx_word' id='word_1_111' title='bbox 1680 1591 1791 1633; x_wconf 89' lang='lat' dir='ltr'>non</span> 
     </span>
    </p>
   </div>
   <div class='ocr_carea' id='block_1_16' title="bbox 192 1667 1793 1742">
    <p class='ocr_par' dir='ltr' id='par_1_16' title="bbox 192 1667 1793 1742">
     <span class='ocr_line' id='line_1_16' title="bbox 192 1667 1793 1742; baseline 0.001 -20"><span class='ocrx_word' id='word_1_112' title='bbox 192 1667 524 1738; x_wconf 82' lang='lat' dir='ltr'>invenisset,</span> <span class='ocrx_word' id='word_1_113' title='bbox 547 1669 643 1724; x_wconf 91' lang='lat' dir='ltr'>ubi</span> <span class='ocrx_word' id='word_1_114' title='bbox 667 1668 1031 1742; x_wconf 87' lang='lat' dir='ltr'>requiesceret</span> <span class='ocrx_word' id='word_1_115' title='bbox 1060 1684 1153 1740; x_wconf 89' lang='lat' dir='ltr'>pes</span> <span class='ocrx_word' id='word_1_116' title='bbox 1181 1668 1319 1740; x_wconf 91' lang='lat' dir='ltr'>ejus,</span> <span class='ocrx_word' id='word_1_117' title='bbox 1352 1683 1572 1723; x_wconf 88' lang='lat' dir='ltr'>reversa</span> <span class='ocrx_word' id='word_1_118' title='bbox 1608 1675 1689 1723; x_wconf 88' lang='lat' dir='ltr'>est</span> <span class='ocrx_word' id='word_1_119' title='bbox 1723 1667 1793 1723; x_wconf 89' lang='lat' dir='ltr'>ad</span> 
     </span>
    </p>
   </div>
   <div class='ocr_carea' id='block_1_17' title="bbox 187 1762 1792 1830">
    <p class='ocr_par' dir='ltr' id='par_1_17' title="bbox 187 1762 1792 1830">
     <span class='ocr_line' id='line_1_17' title="bbox 187 1762 1792 1830; baseline 0 -11"><span class='ocrx_word' id='word_1_120' title='bbox 187 1780 318 1819; x_wconf 90' lang='lat' dir='ltr'>eum</span> <span class='ocrx_word' id='word_1_121' title='bbox 350 1764 406 1819; x_wconf 90' lang='lat' dir='ltr'>in</span> <span class='ocrx_word' id='word_1_122' title='bbox 445 1780 649 1820; x_wconf 89' lang='lat' dir='ltr'>arcam.</span> <span class='ocrx_word' id='word_1_123' title='bbox 694 1764 946 1821; x_wconf 90' lang='lat' dir='ltr'>Secundo</span> <span class='ocrx_word' id='word_1_124' title='bbox 989 1763 1175 1819; x_wconf 89' lang='lat' dir='ltr'>emisit</span> <span class='ocrx_word' id='word_1_125' title='bbox 1201 1762 1516 1820; x_wconf 88' lang='lat' dir='ltr'>columbam</span> <span class='ocrx_word' id='word_1_126' title='bbox 1549 1779 1618 1819; x_wconf 91' lang='lat' dir='ltr'>ex</span> <span class='ocrx_word' id='word_1_127' title='bbox 1645 1779 1792 1830; x_wconf 90' lang='lat' dir='ltr'>arca,</span> 
     </span>
    </p>
   </div>
   <div class='ocr_carea' id='block_1_18' title="bbox 186 1852 1863 1929">
    <p class='ocr_par' dir='ltr' id='par_1_18' title="bbox 186 1852 1863 1929">
     <span class='ocr_line' id='line_1_18' title="bbox 186 1852 1863 1929; baseline -0.001 -22"><span class='ocrx_word' id='word_1_128' title='bbox 186 1868 313 1924; x_wconf 63' lang='lat' dir='ltr'>qua:</span> <span class='ocrx_word' id='word_1_129' title='bbox 354 1853 510 1909; x_wconf 83' lang='lat' dir='ltr'>venit</span> <span class='ocrx_word' id='word_1_130' title='bbox 551 1852 619 1908; x_wconf 89' lang='lat' dir='ltr'>ad</span> <span class='ocrx_word' id='word_1_131' title='bbox 667 1869 792 1908; x_wconf 92' lang='lat' dir='ltr'>eum</span> <span class='ocrx_word' id='word_1_132' title='bbox 839 1852 908 1909; x_wconf 91' lang='lat' dir='ltr'>ad</span> <span class='ocrx_word' id='word_1_133' title='bbox 953 1868 1258 1925; x_wconf 86' lang='lat' dir='ltr'>vesperam,</span> <span class='ocrx_word' id='word_1_134' title='bbox 1301 1859 1525 1924; x_wconf 87' lang='lat' dir='ltr'>portans</span> <span class='ocrx_word' id='word_1_135' title='bbox 1573 1868 1787 1907; x_wconf 90' lang='lat' dir='ltr'>ramum</span> <span class='ocrx_word' id='word_1_136' title='bbox 1817 1869 1863 1929; x_wconf 84' lang='grc' dir='ltr'><strong>Β</strong></span> 
     </span>
    </p>
   </div>
   <div class='ocr_carea' id='block_1_19' title="bbox 185 1940 1789 1998">
    <p class='ocr_par' dir='ltr' id='par_1_19' title="bbox 185 1940 1789 1998">
     <span class='ocr_line' id='line_1_19' title="bbox 185 1940 1789 1998; baseline -0.001 -2"><span class='ocrx_word' id='word_1_137' title='bbox 185 1942 353 1996; x_wconf 74' lang='lat' dir='ltr'>olivze</span> <span class='ocrx_word' id='word_1_138' title='bbox 387 1940 698 1997; x_wconf 87' lang='lat' dir='ltr'>virentibus</span> <span class='ocrx_word' id='word_1_139' title='bbox 748 1941 898 1997; x_wconf 89' lang='lat' dir='ltr'>foliis</span> <span class='ocrx_word' id='word_1_140' title='bbox 945 1942 1004 1997; x_wconf 91' lang='lat' dir='ltr'>in</span> <span class='ocrx_word' id='word_1_141' title='bbox 1062 1958 1156 1998; x_wconf 91' lang='lat' dir='ltr'>ore</span> <span class='ocrx_word' id='word_1_142' title='bbox 1216 1958 1335 1998; x_wconf 92' lang='lat' dir='ltr'>suo.</span> <span class='ocrx_word' id='word_1_143' title='bbox 1388 1941 1573 1998; x_wconf 91' lang='lat' dir='ltr'>Tertio</span> <span class='ocrx_word' id='word_1_144' title='bbox 1603 1941 1789 1997; x_wconf 85' lang='lat' dir='ltr'>emisit</span> 
     </span>
    </p>
   </div>
   <div class='ocr_carea' id='block_1_20' title="bbox 185 2028 1788 2103">
    <p class='ocr_par' dir='ltr' id='par_1_20' title="bbox 185 2028 1788 2103">
     <span class='ocr_line' id='line_1_20' title="bbox 185 2028 1788 2103; baseline 0.001 -19"><span class='ocrx_word' id='word_1_145' title='bbox 185 2028 526 2099; x_wconf 89' lang='lat' dir='ltr'>columbam,</span> <span class='ocrx_word' id='word_1_146' title='bbox 567 2047 687 2103; x_wconf 66' lang='lat' dir='ltr'>qua:</span> <span class='ocrx_word' id='word_1_147' title='bbox 725 2047 837 2086; x_wconf 93' lang='lat' dir='ltr'>non</span> <span class='ocrx_word' id='word_1_148' title='bbox 866 2038 948 2086; x_wconf 90' lang='lat' dir='ltr'>est</span> <span class='ocrx_word' id='word_1_149' title='bbox 979 2047 1196 2087; x_wconf 88' lang='lat' dir='ltr'>reversa</span> <span class='ocrx_word' id='word_1_150' title='bbox 1221 2032 1369 2086; x_wconf 88' lang='lat' dir='ltr'>ultra</span> <span class='ocrx_word' id='word_1_151' title='bbox 1411 2030 1481 2086; x_wconf 90' lang='lat' dir='ltr'>ad</span> <span class='ocrx_word' id='word_1_152' title='bbox 1509 2046 1657 2086; x_wconf 89' lang='lat' dir='ltr'>eum.</span> <span class='ocrx_word' id='word_1_153' title='bbox 1686 2031 1788 2085; x_wconf 88' lang='lat' dir='ltr'>Per</span> 
     </span>
    </p>
   </div>
   <div class='ocr_carea' id='block_1_21' title="bbox 186 2118 1785 2193">
    <p class='ocr_par' dir='ltr' id='par_1_21' title="bbox 186 2118 1785 2193">
     <span class='ocr_line' id='line_1_21' title="bbox 186 2118 1785 2193; baseline -0.001 -18"><span class='ocrx_word' id='word_1_154' title='bbox 186 2118 507 2175; x_wconf 89' lang='lat' dir='ltr'>columbam</span> <span class='ocrx_word' id='word_1_155' title='bbox 546 2136 686 2192; x_wconf 64' lang='lat' dir='ltr'>saepe</span> <span class='ocrx_word' id='word_1_156' title='bbox 716 2120 952 2192; x_wconf 90' lang='lat' dir='ltr'>Spiritus</span> <span class='ocrx_word' id='word_1_157' title='bbox 972 2128 1193 2177; x_wconf 89' lang='lat' dir='ltr'>sanctus</span> <span class='ocrx_word' id='word_1_158' title='bbox 1214 2121 1506 2193; x_wconf 90' lang='lat' dir='ltr'>ﬁguratur,</span> <span class='ocrx_word' id='word_1_159' title='bbox 1546 2136 1611 2175; x_wconf 93' lang='lat' dir='ltr'>eo</span> <span class='ocrx_word' id='word_1_160' title='bbox 1637 2118 1785 2192; x_wconf 90' lang='lat' dir='ltr'>quod</span> 
     </span>
    </p>
   </div>
   <div class='ocr_carea' id='block_1_22' title="bbox 188 2207 1788 2283">
    <p class='ocr_par' dir='ltr' id='par_1_22' title="bbox 188 2207 1788 2283">
     <span class='ocr_line' id='line_1_22' title="bbox 188 2207 1788 2283; baseline 0.003 -21"><span class='ocrx_word' id='word_1_161' title='bbox 188 2208 249 2262; x_wconf 91' lang='lat' dir='ltr'>in</span> <span class='ocrx_word' id='word_1_162' title='bbox 297 2207 566 2265; x_wconf 77' lang='lat' dir='ltr'>columbae</span> <span class='ocrx_word' id='word_1_163' title='bbox 620 2208 800 2280; x_wconf 90' lang='lat' dir='ltr'>specie</span> <span class='ocrx_word' id='word_1_164' title='bbox 868 2226 1033 2283; x_wconf 90' lang='lat' dir='ltr'>super</span> <span class='ocrx_word' id='word_1_165' title='bbox 1081 2209 1381 2266; x_wconf 85' lang='lat' dir='ltr'>Dominum</span> <span class='ocrx_word' id='word_1_166' title='bbox 1441 2208 1788 2266; x_wconf 90' lang='lat' dir='ltr'>descenderit</span> 
     </span>
    </p>
   </div>
   <div class='ocr_carea' id='block_1_23' title="bbox 190 2297 607 2370">
    <p class='ocr_par' dir='ltr' id='par_1_23' title="bbox 190 2297 607 2370">
     <span class='ocr_line' id='line_1_23' title="bbox 190 2297 607 2370; baseline 0 -17"><span class='ocrx_word' id='word_1_167' title='bbox 190 2297 344 2369; x_wconf 84' lang='lat' dir='ltr'>(Luc.</span> <span class='ocrx_word' id='word_1_168' title='bbox 378 2315 459 2366; x_wconf 80' lang='grc' dir='ltr'>ιη,</span> <span class='ocrx_word' id='word_1_169' title='bbox 492 2298 607 2370; x_wconf 87' lang='grc'>22).</span> 
     </span>
    </p>
   </div>
   <div class='ocr_carea' id='block_1_24' title="bbox 260 2386 1787 2460">
    <p class='ocr_par' dir='ltr' id='par_1_24' title="bbox 260 2386 1787 2460">
     <span class='ocr_line' id='line_1_24' title="bbox 260 2386 1787 2460; baseline -0.001 -17"><span class='ocrx_word' id='word_1_170' title='bbox 260 2386 366 2443; x_wconf 92' lang='lat' dir='ltr'>Sed</span> <span class='ocrx_word' id='word_1_171' title='bbox 419 2387 775 2460; x_wconf 83' lang='lat' dir='ltr'>quaerendum</span> <span class='ocrx_word' id='word_1_172' title='bbox 816 2387 977 2444; x_wconf 89' lang='lat' dir='ltr'>nobis</span> <span class='ocrx_word' id='word_1_173' title='bbox 1030 2397 1112 2444; x_wconf 92' lang='lat' dir='ltr'>est</span> <span class='ocrx_word' id='word_1_174' title='bbox 1159 2386 1294 2460; x_wconf 90' lang='lat' dir='ltr'>quid</span> <span class='ocrx_word' id='word_1_175' title='bbox 1336 2386 1610 2459; x_wconf 89' lang='lat' dir='ltr'>signiﬁcet</span> <span class='ocrx_word' id='word_1_176' title='bbox 1637 2386 1787 2443; x_wconf 90' lang='lat' dir='ltr'>trina</span> 
     </span>
    </p>
   </div>
   <div class='ocr_carea' id='block_1_25' title="bbox 186 2474 1786 2533">
    <p class='ocr_par' dir='ltr' id='par_1_25' title="bbox 186 2474 1786 2533">
     <span class='ocr_line' id='line_1_25' title="bbox 186 2474 1786 2533; baseline 0.001 -2"><span class='ocrx_word' id='word_1_177' title='bbox 186 2474 414 2531; x_wconf 88' lang='lat' dir='ltr'>emissio</span> <span class='ocrx_word' id='word_1_178' title='bbox 452 2475 722 2532; x_wconf 72' lang='lat' dir='ltr'>columba:</span> <span class='ocrx_word' id='word_1_179' title='bbox 752 2483 805 2531; x_wconf 92' lang='lat' dir='ltr'>et</span> <span class='ocrx_word' id='word_1_180' title='bbox 835 2476 969 2532; x_wconf 91' lang='lat' dir='ltr'>bina</span> <span class='ocrx_word' id='word_1_181' title='bbox 999 2476 1269 2533; x_wconf 90' lang='lat' dir='ltr'>veversio.</span> <span class='ocrx_word' id='word_1_182' title='bbox 1304 2476 1436 2532; x_wconf 90' lang='lat' dir='ltr'>Tres</span> <span class='ocrx_word' id='word_1_183' title='bbox 1464 2476 1786 2532; x_wconf 88' lang='lat' dir='ltr'>emissiones</span> 
     </span>
    </p>
   </div>
   <div class='ocr_carea' id='block_1_26' title="bbox 187 2565 1785 2638">
    <p class='ocr_par' dir='ltr' id='par_1_26' title="bbox 187 2565 1785 2638">
     <span class='ocr_line' id='line_1_26' title="bbox 187 2565 1785 2638; baseline 0.002 -18"><span class='ocrx_word' id='word_1_184' title='bbox 187 2565 296 2620; x_wconf 90' lang='lat' dir='ltr'>tria</span> <span class='ocrx_word' id='word_1_185' title='bbox 322 2574 569 2638; x_wconf 88' lang='lat' dir='ltr'>tempora</span> <span class='ocrx_word' id='word_1_186' title='bbox 603 2565 959 2637; x_wconf 87' lang='lat' dir='ltr'>signiﬁcant:</span> <span class='ocrx_word' id='word_1_187' title='bbox 1012 2565 1252 2638; x_wconf 89' lang='lat' dir='ltr'>primum</span> <span class='ocrx_word' id='word_1_188' title='bbox 1283 2573 1409 2621; x_wconf 88' lang='lat' dir='ltr'>ante</span> <span class='ocrx_word' id='word_1_189' title='bbox 1459 2566 1657 2638; x_wconf 82' lang='lat' dir='ltr'>legem,</span> <span class='ocrx_word' id='word_1_190' title='bbox 1707 2583 1785 2623; x_wconf 90' lang='lat' dir='ltr'>se-</span> 
     </span>
    </p>
   </div>
   <div class='ocr_carea' id='block_1_27' title="bbox 184 2653 1785 2726">
    <p class='ocr_par' dir='ltr' id='par_1_27' title="bbox 184 2653 1785 2726">
     <span class='ocr_line' id='line_1_27' title="bbox 184 2653 1785 2726; baseline 0 -15"><span class='ocrx_word' id='word_1_191' title='bbox 184 2653 431 2711; x_wconf 86' lang='lat' dir='ltr'>cundum</span> <span class='ocrx_word' id='word_1_192' title='bbox 462 2653 566 2710; x_wconf 89' lang='lat' dir='ltr'>sub</span> <span class='ocrx_word' id='word_1_193' title='bbox 595 2654 731 2726; x_wconf 84' lang='lat' dir='ltr'>lege,</span> <span class='ocrx_word' id='word_1_194' title='bbox 764 2654 989 2711; x_wconf 89' lang='lat' dir='ltr'>tertium</span> <span class='ocrx_word' id='word_1_195' title='bbox 1035 2653 1137 2710; x_wconf 91' lang='lat' dir='ltr'>sub</span> <span class='ocrx_word' id='word_1_196' title='bbox 1167 2655 1359 2725; x_wconf 88' lang='lat' dir='ltr'>gratia.</span> <span class='ocrx_word' id='word_1_197' title='bbox 1410 2655 1473 2710; x_wconf 92' lang='lat' dir='ltr'>In</span> <span class='ocrx_word' id='word_1_198' title='bbox 1520 2654 1625 2711; x_wconf 93' lang='lat' dir='ltr'>hoc</span> <span class='ocrx_word' id='word_1_199' title='bbox 1654 2671 1785 2711; x_wconf 91' lang='lat' dir='ltr'>vero</span> 
     </span>
    </p>
   </div>
   <div class='ocr_carea' id='block_1_28' title="bbox 110 2743 1785 2813">
    <p class='ocr_par' dir='ltr' id='par_1_28' title="bbox 110 2743 1785 2813">
     <span class='ocr_line' id='line_1_28' title="bbox 110 2743 1785 2813; baseline 0 -14"><span class='ocrx_word' id='word_1_200' title='bbox 110 2748 127 2761; x_wconf 79' lang='lat'><strong><em>‘</em></strong></span> <span class='ocrx_word' id='word_1_201' title='bbox 186 2743 313 2800; x_wconf 89' lang='lat' dir='ltr'>loco</span> <span class='ocrx_word' id='word_1_202' title='bbox 340 2743 455 2800; x_wconf 88' lang='lat' dir='ltr'>Noe</span> <span class='ocrx_word' id='word_1_203' title='bbox 502 2746 700 2813; x_wconf 90' lang='lat' dir='ltr'>Deum,</span> <span class='ocrx_word' id='word_1_204' title='bbox 733 2760 859 2802; x_wconf 86' lang='lat' dir='ltr'>arca</span> <span class='ocrx_word' id='word_1_205' title='bbox 912 2753 1096 2800; x_wconf 88' lang='lat' dir='ltr'>autem</span> <span class='ocrx_word' id='word_1_206' title='bbox 1138 2745 1411 2800; x_wconf 66' lang='lat' dir='ltr'>caelestem</span> <span class='ocrx_word' id='word_1_207' title='bbox 1446 2743 1545 2799; x_wconf 91' lang='lat' dir='ltr'>Dei</span> <span class='ocrx_word' id='word_1_208' title='bbox 1575 2743 1785 2799; x_wconf 90' lang='lat' dir='ltr'>habita-</span> 
     </span>
    </p>
   </div>
   <div class='ocr_carea' id='block_1_29' title="bbox 187 2832 1786 2906">
    <p class='ocr_par' dir='ltr' id='par_1_29' title="bbox 187 2832 1786 2906">
     <span class='ocr_line' id='line_1_29' title="bbox 187 2832 1786 2906; baseline -0.001 -15"><span class='ocrx_word' id='word_1_209' title='bbox 187 2834 400 2891; x_wconf 87' lang='lat' dir='ltr'>tionem</span> <span class='ocrx_word' id='word_1_210' title='bbox 450 2833 719 2906; x_wconf 84' lang='lat' dir='ltr'>designat.</span> <span class='ocrx_word' id='word_1_211' title='bbox 783 2834 896 2890; x_wconf 88' lang='lat' dir='ltr'>Noe</span> <span class='ocrx_word' id='word_1_212' title='bbox 932 2833 1113 2905; x_wconf 91' lang='lat' dir='ltr'>primo</span> <span class='ocrx_word' id='word_1_213' title='bbox 1171 2832 1478 2890; x_wconf 85' lang='lat' dir='ltr'>columbam</span> <span class='ocrx_word' id='word_1_214' title='bbox 1535 2850 1606 2889; x_wconf 90' lang='lat' dir='ltr'>ex</span> <span class='ocrx_word' id='word_1_215' title='bbox 1659 2850 1786 2890; x_wconf 92' lang='lat' dir='ltr'>arca</span> 
     </span>
    </p>
   </div>
   <div class='ocr_carea' id='block_1_30' title="bbox 186 2923 1783 2997">
    <p class='ocr_par' dir='ltr' id='par_1_30' title="bbox 186 2923 1783 2997">
     <span class='ocr_line' id='line_1_30' title="bbox 186 2923 1783 2997; baseline -0.001 -18"><span class='ocrx_word' id='word_1_216' title='bbox 186 2924 408 2992; x_wconf 88' lang='lat' dir='ltr'>emisit;</span> <span class='ocrx_word' id='word_1_217' title='bbox 467 2924 599 2996; x_wconf 90' lang='lat' dir='ltr'>quia</span> <span class='ocrx_word' id='word_1_218' title='bbox 651 2926 798 2980; x_wconf 91' lang='lat' dir='ltr'>Deus</span> <span class='ocrx_word' id='word_1_219' title='bbox 840 2923 1191 2997; x_wconf 89' lang='lat' dir='ltr'>omnipotens</span> <span class='ocrx_word' id='word_1_220' title='bbox 1240 2924 1443 2979; x_wconf 89' lang='lat' dir='ltr'>sanctis</span> <span class='ocrx_word' id='word_1_221' title='bbox 1500 2923 1656 2991; x_wconf 90' lang='lat' dir='ltr'>viris,</span> <span class='ocrx_word' id='word_1_222' title='bbox 1688 2924 1783 2996; x_wconf 92' lang='lat' dir='ltr'>qui</span> 
     </span>
    </p>
   </div>
   <div class='ocr_carea' id='block_1_31' title="bbox 186 3013 1779 3087">
    <p class='ocr_par' dir='ltr' id='par_1_31' title="bbox 186 3013 1779 3087">
     <span class='ocr_line' id='line_1_31' title="bbox 186 3013 1779 3087; baseline 0 -17"><span class='ocrx_word' id='word_1_223' title='bbox 186 3024 316 3070; x_wconf 86' lang='lat' dir='ltr'>ante</span> <span class='ocrx_word' id='word_1_224' title='bbox 350 3016 520 3087; x_wconf 89' lang='lat' dir='ltr'>legem</span> <span class='ocrx_word' id='word_1_225' title='bbox 552 3014 798 3083; x_wconf 87' lang='lat' dir='ltr'>fuerunt,</span> <span class='ocrx_word' id='word_1_226' title='bbox 833 3014 1061 3087; x_wconf 90' lang='lat' dir='ltr'>gratiam</span> <span class='ocrx_word' id='word_1_227' title='bbox 1108 3014 1348 3086; x_wconf 88' lang='lat' dir='ltr'>Spiritus</span> <span class='ocrx_word' id='word_1_228' title='bbox 1376 3013 1550 3070; x_wconf 88' lang='lat' dir='ltr'>sancti</span> <span class='ocrx_word' id='word_1_229' title='bbox 1587 3013 1779 3070; x_wconf 89' lang='lat' dir='ltr'>dedit:</span> 
     </span>
    </p>
   </div>
   <div class='ocr_carea' id='block_1_32' title="bbox 185 3104 1782 3178">
    <p class='ocr_par' dir='ltr' id='par_1_32' title="bbox 185 3104 1782 3178">
     <span class='ocr_line' id='line_1_32' title="bbox 185 3104 1782 3178; baseline -0.003 -16"><span class='ocrx_word' id='word_1_230' title='bbox 185 3112 245 3162; x_wconf 90' lang='lat' dir='ltr'>et</span> <span class='ocrx_word' id='word_1_231' title='bbox 274 3105 367 3178; x_wconf 89' lang='lat' dir='ltr'>qui</span> <span class='ocrx_word' id='word_1_232' title='bbox 418 3105 590 3177; x_wconf 89' lang='lat' dir='ltr'>legem</span> <span class='ocrx_word' id='word_1_233' title='bbox 623 3121 735 3161; x_wconf 91' lang='lat' dir='ltr'>non</span> <span class='ocrx_word' id='word_1_234' title='bbox 766 3104 1061 3173; x_wconf 87' lang='lat' dir='ltr'>habebant,</span> <span class='ocrx_word' id='word_1_235' title='bbox 1117 3104 1311 3160; x_wconf 90' lang='lat' dir='ltr'>divina</span> <span class='ocrx_word' id='word_1_236' title='bbox 1363 3112 1634 3176; x_wconf 79' lang='lat' dir='ltr'>praecepta</span> <span class='ocrx_word' id='word_1_237' title='bbox 1660 3121 1782 3176; x_wconf 82' lang='lat' dir='ltr'>quae</span> 
     </span>
    </p>
   </div>
   <div class='ocr_carea' id='block_1_33' title="bbox 185 3194 1784 3269">
    <p class='ocr_par' dir='ltr' id='par_1_33' title="bbox 185 3194 1784 3269">
     <span class='ocr_line' id='line_1_33' title="bbox 185 3194 1784 3269; baseline -0.001 -18"><span class='ocrx_word' id='word_1_238' title='bbox 185 3202 377 3268; x_wconf 88' lang='lat' dir='ltr'>postea</span> <span class='ocrx_word' id='word_1_239' title='bbox 402 3194 529 3252; x_wconf 88' lang='lat' dir='ltr'>data</span> <span class='ocrx_word' id='word_1_240' title='bbox 560 3205 711 3264; x_wconf 89' lang='lat' dir='ltr'>sunt,</span> <span class='ocrx_word' id='word_1_241' title='bbox 742 3212 838 3269; x_wconf 90' lang='lat' dir='ltr'>per</span> <span class='ocrx_word' id='word_1_242' title='bbox 865 3196 1071 3251; x_wconf 91' lang='lat' dir='ltr'>donum</span> <span class='ocrx_word' id='word_1_243' title='bbox 1101 3194 1339 3267; x_wconf 87' lang='lat' dir='ltr'>Spiritus</span> <span class='ocrx_word' id='word_1_244' title='bbox 1375 3195 1549 3251; x_wconf 88' lang='lat' dir='ltr'>sancti</span> <span class='ocrx_word' id='word_1_245' title='bbox 1579 3195 1784 3266; x_wconf 88' lang='lat' dir='ltr'>imple-</span> 
     </span>
    </p>
   </div>
   <div class='ocr_carea' id='block_1_34' title="bbox 189 3286 1784 3360">
    <p class='ocr_par' dir='ltr' id='par_1_34' title="bbox 189 3286 1784 3360">
     <span class='ocr_line' id='line_1_34' title="bbox 189 3286 1784 3360; baseline -0.003 -15"><span class='ocrx_word' id='word_1_246' title='bbox 189 3296 411 3345; x_wconf 90' lang='lat' dir='ltr'>verunt.</span> <span class='ocrx_word' id='word_1_247' title='bbox 441 3288 546 3345; x_wconf 92' lang='lat' dir='ltr'>Sed</span> <span class='ocrx_word' id='word_1_248' title='bbox 598 3288 855 3344; x_wconf 88' lang='lat' dir='ltr'>columba</span> <span class='ocrx_word' id='word_1_249' title='bbox 881 3304 994 3344; x_wconf 91' lang='lat' dir='ltr'>non</span> <span class='ocrx_word' id='word_1_250' title='bbox 1042 3286 1257 3343; x_wconf 89' lang='lat' dir='ltr'>invenit</span> <span class='ocrx_word' id='word_1_251' title='bbox 1296 3288 1393 3344; x_wconf 89' lang='lat' dir='ltr'>ubi</span> <span class='ocrx_word' id='word_1_252' title='bbox 1442 3304 1535 3360; x_wconf 88' lang='lat' dir='ltr'>pes</span> <span class='ocrx_word' id='word_1_253' title='bbox 1563 3287 1680 3359; x_wconf 85' lang='lat' dir='ltr'>ejus</span> <span class='ocrx_word' id='word_1_254' title='bbox 1705 3304 1784 3342; x_wconf 85' lang='lat' dir='ltr'>re-</span> 
     </span>
    </p>
   </div>
   <div class='ocr_carea' id='block_1_35' title="bbox 185 3379 1788 3454">
    <p class='ocr_par' dir='ltr' id='par_1_35' title="bbox 185 3379 1788 3454">
     <span class='ocr_line' id='line_1_35' title="bbox 185 3379 1788 3454; baseline -0.001 -19"><span class='ocrx_word' id='word_1_255' title='bbox 185 3382 528 3454; x_wconf 89' lang='lat' dir='ltr'>quiesceret;</span> <span class='ocrx_word' id='word_1_256' title='bbox 577 3381 707 3453; x_wconf 89' lang='lat' dir='ltr'>quia</span> <span class='ocrx_word' id='word_1_257' title='bbox 752 3397 864 3436; x_wconf 90' lang='lat' dir='ltr'>non</span> <span class='ocrx_word' id='word_1_258' title='bbox 914 3380 1093 3436; x_wconf 92' lang='lat' dir='ltr'>solum</span> <span class='ocrx_word' id='word_1_259' title='bbox 1123 3389 1331 3436; x_wconf 67' lang='lat' dir='ltr'>caeteras</span> <span class='ocrx_word' id='word_1_260' title='bbox 1361 3387 1565 3450; x_wconf 87' lang='lat' dir='ltr'>gentes,</span> <span class='ocrx_word' id='word_1_261' title='bbox 1613 3379 1707 3434; x_wconf 89' lang='lat' dir='ltr'>sed</span> <span class='ocrx_word' id='word_1_262' title='bbox 1736 3386 1788 3434; x_wconf 92' lang='lat' dir='ltr'>et</span> 
     </span>
    </p>
   </div>
   <div class='ocr_carea' id='block_1_36' title="bbox 184 3469 1786 3544">
    <p class='ocr_par' dir='ltr' id='par_1_36' title="bbox 184 3469 1786 3544">
     <span class='ocr_line' id='line_1_36' title="bbox 184 3469 1786 3544; baseline 0 -19"><span class='ocrx_word' id='word_1_263' title='bbox 184 3469 297 3542; x_wconf 91' lang='lat' dir='ltr'>ipsi</span> <span class='ocrx_word' id='word_1_264' title='bbox 329 3469 503 3525; x_wconf 72' lang='lat' dir='ltr'>Judaei</span> <span class='ocrx_word' id='word_1_265' title='bbox 544 3470 603 3525; x_wconf 92' lang='lat' dir='ltr'>in</span> <span class='ocrx_word' id='word_1_266' title='bbox 645 3471 888 3544; x_wconf 65' lang='lat' dir='ltr'>ngypto</span> <span class='ocrx_word' id='word_1_267' title='bbox 941 3471 1105 3543; x_wconf 90' lang='lat' dir='ltr'>positi</span> <span class='ocrx_word' id='word_1_268' title='bbox 1149 3470 1207 3525; x_wconf 91' lang='lat' dir='ltr'>in</span> <span class='ocrx_word' id='word_1_269' title='bbox 1242 3477 1459 3525; x_wconf 88' lang='lat' dir='ltr'>tantum</span> <span class='ocrx_word' id='word_1_270' title='bbox 1510 3470 1786 3527; x_wconf 90' lang='lat' dir='ltr'>culturam</span> 
     </span>
    </p>
   </div>
   <div class='ocr_carea' id='block_1_37' title="bbox 185 3562 1788 3636">
    <p class='ocr_par' dir='ltr' id='par_1_37' title="bbox 185 3562 1788 3636">
     <span class='ocr_line' id='line_1_37' title="bbox 185 3562 1788 3636; baseline 0 -17"><span class='ocrx_word' id='word_1_271' title='bbox 185 3562 292 3619; x_wconf 90' lang='lat' dir='ltr'>Dei</span> <span class='ocrx_word' id='word_1_272' title='bbox 320 3564 680 3636; x_wconf 88' lang='lat' dir='ltr'>reliquerunt,</span> <span class='ocrx_word' id='word_1_273' title='bbox 734 3571 797 3617; x_wconf 90' lang='lat' dir='ltr'>ut</span> <span class='ocrx_word' id='word_1_274' title='bbox 839 3579 903 3618; x_wconf 92' lang='lat' dir='ltr'>eo</span> <span class='ocrx_word' id='word_1_275' title='bbox 933 3570 1175 3635; x_wconf 89' lang='lat' dir='ltr'>tempore</span> <span class='ocrx_word' id='word_1_276' title='bbox 1229 3579 1338 3635; x_wconf 90' lang='lat' dir='ltr'>quo</span> <span class='ocrx_word' id='word_1_277' title='bbox 1385 3563 1599 3634; x_wconf 85' lang='lat' dir='ltr'>Moyses</span> <span class='ocrx_word' id='word_1_278' title='bbox 1628 3571 1788 3619; x_wconf 90' lang='lat' dir='ltr'>natus</span> 
     </span>
    </p>
   </div>
   <div class='ocr_carea' id='block_1_38' title="bbox 186 3654 1789 3727">
    <p class='ocr_par' dir='ltr' id='par_1_38' title="bbox 186 3654 1789 3727">
     <span class='ocr_line' id='line_1_38' title="bbox 186 3654 1789 3727; baseline 0.001 -17"><span class='ocrx_word' id='word_1_279' title='bbox 186 3661 292 3723; x_wconf 91' lang='lat' dir='ltr'>est,</span> <span class='ocrx_word' id='word_1_280' title='bbox 346 3671 483 3727; x_wconf 87' lang='lat' dir='ltr'>pene</span> <span class='ocrx_word' id='word_1_281' title='bbox 552 3655 743 3711; x_wconf 90' lang='lat' dir='ltr'>nullus</span> <span class='ocrx_word' id='word_1_282' title='bbox 811 3655 1156 3711; x_wconf 89' lang='lat' dir='ltr'>inveniretur</span> <span class='ocrx_word' id='word_1_283' title='bbox 1226 3654 1285 3709; x_wconf 93' lang='lat' dir='ltr'>in</span> <span class='ocrx_word' id='word_1_284' title='bbox 1336 3671 1497 3727; x_wconf 92' lang='lat' dir='ltr'>quem</span> <span class='ocrx_word' id='word_1_285' title='bbox 1551 3654 1789 3726; x_wconf 87' lang='lat' dir='ltr'>Spiritus</span> 
     </span>
    </p>
   </div>
   <div class='ocr_carea' id='block_1_39' title="bbox 186 3744 1790 3818">
    <p class='ocr_par' dir='ltr' id='par_1_39' title="bbox 186 3744 1790 3818">
     <span class='ocr_line' id='line_1_39' title="bbox 186 3744 1790 3818; baseline 0 -17"><span class='ocrx_word' id='word_1_286' title='bbox 186 3752 412 3802; x_wconf 89' lang='lat' dir='ltr'>sanctus</span> <span class='ocrx_word' id='word_1_287' title='bbox 438 3744 689 3801; x_wconf 84' lang='lat' dir='ltr'>habitare</span> <span class='ocrx_word' id='word_1_288' title='bbox 710 3744 1029 3817; x_wconf 87' lang='lat' dir='ltr'>dignaretur</span> <span class='ocrx_word' id='word_1_289' title='bbox 1060 3763 1073 3801; x_wconf 90' lang='lat'><strong>:</strong></span> <span class='ocrx_word' id='word_1_290' title='bbox 1107 3752 1161 3801; x_wconf 91' lang='lat' dir='ltr'>et</span> <span class='ocrx_word' id='word_1_291' title='bbox 1200 3744 1609 3817; x_wconf 90' lang='lat' dir='ltr'>quodammodo</span> <span class='ocrx_word' id='word_1_292' title='bbox 1657 3762 1790 3818; x_wconf 89' lang='lat' dir='ltr'>gra-</span> 
     </span>
    </p>
   </div>
   <div class='ocr_carea' id='block_1_40' title="bbox 187 3834 1785 3908">
    <p class='ocr_par' dir='ltr' id='par_1_40' title="bbox 187 3834 1785 3908">
     <span class='ocr_line' id='line_1_40' title="bbox 187 3834 1785 3908; baseline 0.001 -18"><span class='ocrx_word' id='word_1_293' title='bbox 187 3834 271 3890; x_wconf 92' lang='lat' dir='ltr'>tia</span> <span class='ocrx_word' id='word_1_294' title='bbox 299 3834 535 3906; x_wconf 86' lang='lat' dir='ltr'>Spiritus</span> <span class='ocrx_word' id='word_1_295' title='bbox 573 3835 749 3891; x_wconf 88' lang='lat' dir='ltr'>sancti</span> <span class='ocrx_word' id='word_1_296' title='bbox 783 3834 851 3890; x_wconf 91' lang='lat' dir='ltr'>ad</span> <span class='ocrx_word' id='word_1_297' title='bbox 880 3850 1002 3890; x_wconf 91' lang='lat' dir='ltr'>eum</span> <span class='ocrx_word' id='word_1_298' title='bbox 1055 3834 1239 3904; x_wconf 90' lang='lat' dir='ltr'>rediit,</span> <span class='ocrx_word' id='word_1_299' title='bbox 1272 3851 1304 3890; x_wconf 94' lang='lat' dir='ltr'>a</span> <span class='ocrx_word' id='word_1_300' title='bbox 1348 3851 1457 3908; x_wconf 91' lang='lat' dir='ltr'>quo</span> <span class='ocrx_word' id='word_1_301' title='bbox 1491 3835 1657 3892; x_wconf 89' lang='lat' dir='ltr'>missa</span> <span class='ocrx_word' id='word_1_302' title='bbox 1684 3843 1785 3905; x_wconf 91' lang='lat' dir='ltr'>est,</span> 
     </span>
    </p>
   </div>
   <div class='ocr_carea' id='block_1_41' title="bbox 189 3923 1231 3996">
    <p class='ocr_par' dir='ltr' id='par_1_41' title="bbox 189 3923 1231 3996">
     <span class='ocr_line' id='line_1_41' title="bbox 189 3923 1231 3996; baseline -0.001 -16"><span class='ocrx_word' id='word_1_303' title='bbox 189 3940 319 3980; x_wconf 90' lang='lat' dir='ltr'>cum</span> <span class='ocrx_word' id='word_1_304' title='bbox 350 3923 602 3981; x_wconf 90' lang='lat' dir='ltr'>homines</span> <span class='ocrx_word' id='word_1_305' title='bbox 631 3932 941 3996; x_wconf 84' lang='lat' dir='ltr'>peccatores</span> <span class='ocrx_word' id='word_1_306' title='bbox 967 3923 1231 3980; x_wconf 87' lang='lat' dir='ltr'>deseruit.</span> 
     </span>
    </p>
   </div>
   <div class='ocr_carea' id='block_1_42' title="bbox 265 4010 1790 4085">
    <p class='ocr_par' dir='ltr' id='par_1_42' title="bbox 265 4010 1790 4085">
     <span class='ocr_line' id='line_1_42' title="bbox 265 4010 1790 4085; baseline 0.002 -19"><span class='ocrx_word' id='word_1_307' title='bbox 265 4010 518 4069; x_wconf 90' lang='lat' dir='ltr'>Secundo</span> <span class='ocrx_word' id='word_1_308' title='bbox 571 4011 757 4069; x_wconf 89' lang='lat' dir='ltr'>emisit</span> <span class='ocrx_word' id='word_1_309' title='bbox 810 4012 924 4069; x_wconf 91' lang='lat' dir='ltr'>Noe</span> <span class='ocrx_word' id='word_1_310' title='bbox 977 4013 1291 4069; x_wconf 87' lang='lat' dir='ltr'>columbam</span> <span class='ocrx_word' id='word_1_311' title='bbox 1320 4029 1390 4069; x_wconf 88' lang='lat' dir='ltr'>ex</span> <span class='ocrx_word' id='word_1_312' title='bbox 1443 4029 1603 4081; x_wconf 89' lang='lat' dir='ltr'>arca;</span> <span class='ocrx_word' id='word_1_313' title='bbox 1660 4013 1790 4085; x_wconf 90' lang='lat' dir='ltr'>quia</span> 
     </span>
    </p>
   </div>
   <div class='ocr_carea' id='block_1_43' title="bbox 189 4103 1788 4177">
    <p class='ocr_par' dir='ltr' id='par_1_43' title="bbox 189 4103 1788 4177">
     <span class='ocr_line' id='line_1_43' title="bbox 189 4103 1788 4177; baseline 0 -16"><span class='ocrx_word' id='word_1_314' title='bbox 189 4106 338 4161; x_wconf 89' lang='lat' dir='ltr'>Deus</span> <span class='ocrx_word' id='word_1_315' title='bbox 367 4103 592 4175; x_wconf 85' lang='lat' dir='ltr'>gratiam</span> <span class='ocrx_word' id='word_1_316' title='bbox 624 4103 862 4175; x_wconf 91' lang='lat' dir='ltr'>Spiritus</span> <span class='ocrx_word' id='word_1_317' title='bbox 888 4104 1061 4161; x_wconf 81' lang='lat' dir='ltr'>sancti</span> <span class='ocrx_word' id='word_1_318' title='bbox 1093 4103 1412 4160; x_wconf 91' lang='lat' dir='ltr'>hominibus</span> <span class='ocrx_word' id='word_1_319' title='bbox 1447 4105 1619 4176; x_wconf 88' lang='lat' dir='ltr'>legem</span> <span class='ocrx_word' id='word_1_320' title='bbox 1650 4120 1788 4177; x_wconf 88' lang='lat' dir='ltr'>puro</span> 
     </span>
    </p>
   </div>
   <div class='ocr_carea' id='block_1_44' title="bbox 188 4192 1787 4268">
    <p class='ocr_par' dir='ltr' id='par_1_44' title="bbox 188 4192 1787 4268">
     <span class='ocr_line' id='line_1_44' title="bbox 188 4192 1787 4268; baseline -0.001 -18"><span class='ocrx_word' id='word_1_321' title='bbox 188 4192 357 4250; x_wconf 88' lang='lat' dir='ltr'>corde</span> <span class='ocrx_word' id='word_1_322' title='bbox 402 4193 752 4249; x_wconf 80' lang='lat' dir='ltr'>servantibus</span> <span class='ocrx_word' id='word_1_323' title='bbox 798 4193 970 4249; x_wconf 88' lang='lat' dir='ltr'>dedit.</span> <span class='ocrx_word' id='word_1_324' title='bbox 1030 4194 1265 4267; x_wconf 84' lang='lat' dir='ltr'>Vespere</span> <span class='ocrx_word' id='word_1_325' title='bbox 1318 4203 1501 4250; x_wconf 88' lang='lat' dir='ltr'>autem</span> <span class='ocrx_word' id='word_1_326' title='bbox 1555 4211 1664 4268; x_wconf 92' lang='lat' dir='ltr'>quo</span> <span class='ocrx_word' id='word_1_327' title='bbox 1698 4210 1787 4250; x_wconf 86' lang='lat' dir='ltr'>co-</span> 
     </span>
    </p>
   </div>
   <div class='ocr_carea' id='block_1_45' title="bbox 192 4278 1789 4355">
    <p class='ocr_par' dir='ltr' id='par_1_45' title="bbox 192 4278 1789 4355">
     <span class='ocr_line' id='line_1_45' title="bbox 192 4278 1789 4355; baseline 0.002 -20"><span class='ocrx_word' id='word_1_328' title='bbox 192 4280 384 4335; x_wconf 89' lang='lat' dir='ltr'>lnmba</span> <span class='ocrx_word' id='word_1_329' title='bbox 410 4278 479 4334; x_wconf 90' lang='lat' dir='ltr'>ad</span> <span class='ocrx_word' id='word_1_330' title='bbox 509 4280 624 4335; x_wconf 91' lang='lat' dir='ltr'>Noe</span> <span class='ocrx_word' id='word_1_331' title='bbox 655 4280 838 4349; x_wconf 89' lang='lat' dir='ltr'>rediit,</span> <span class='ocrx_word' id='word_1_332' title='bbox 898 4290 1113 4353; x_wconf 87' lang='lat' dir='ltr'>tempus</span> <span class='ocrx_word' id='word_1_333' title='bbox 1160 4299 1269 4355; x_wconf 93' lang='lat' dir='ltr'>quo</span> <span class='ocrx_word' id='word_1_334' title='bbox 1315 4282 1569 4339; x_wconf 88' lang='lat' dir='ltr'>Christus</span> <span class='ocrx_word' id='word_1_335' title='bbox 1626 4290 1789 4339; x_wconf 90' lang='lat' dir='ltr'>natus</span> 
     </span>
    </p>
   </div>
   <div class='ocr_carea' id='block_1_46' title="bbox 188 4367 1787 4442">
    <p class='ocr_par' dir='ltr' id='par_1_46' title="bbox 188 4367 1787 4442">
     <span class='ocr_line' id='line_1_46' title="bbox 188 4367 1787 4442; baseline 0.004 -20"><span class='ocrx_word' id='word_1_336' title='bbox 188 4374 294 4436; x_wconf 89' lang='lat' dir='ltr'>est,</span> <span class='ocrx_word' id='word_1_337' title='bbox 328 4367 593 4439; x_wconf 88' lang='lat' dir='ltr'>designat.</span> <span class='ocrx_word' id='word_1_338' title='bbox 650 4371 727 4425; x_wconf 88' lang='lat' dir='ltr'>De</span> <span class='ocrx_word' id='word_1_339' title='bbox 781 4370 887 4426; x_wconf 92' lang='lat' dir='ltr'>hoc</span> <span class='ocrx_word' id='word_1_340' title='bbox 942 4379 1186 4442; x_wconf 87' lang='lat' dir='ltr'>tempore</span> <span class='ocrx_word' id='word_1_341' title='bbox 1222 4374 1492 4429; x_wconf 89' lang='lat' dir='ltr'>Dominus</span> <span class='ocrx_word' id='word_1_342' title='bbox 1547 4374 1685 4430; x_wconf 91' lang='lat' dir='ltr'>dicit</span> <span class='ocrx_word' id='word_1_343' title='bbox 1729 4374 1787 4428; x_wconf 92' lang='lat' dir='ltr'>in</span> 
     </span>
    </p>
   </div>
   <div class='ocr_carea' id='block_1_47' title="bbox 190 4457 1786 4531">
    <p class='ocr_par' dir='ltr' id='par_1_47' title="bbox 190 4457 1786 4531">
     <span class='ocr_line' id='line_1_47' title="bbox 190 4457 1786 4531; baseline 0.003 -19"><span class='ocrx_word' id='word_1_344' title='bbox 190 4457 537 4527; x_wconf 88' lang='lat' dir='ltr'>Evangelio:</span> <span class='ocrx_word' id='word_1_345' title='bbox 586 4482 604 4503; x_wconf 76' lang='grc' dir='ltr'><strong>ε</strong></span> <span class='ocrx_word' id='word_1_346' title='bbox 632 4457 747 4513; x_wconf 91' lang='lat' dir='ltr'>Lex</span> <span class='ocrx_word' id='word_1_347' title='bbox 788 4466 842 4513; x_wconf 90' lang='lat' dir='ltr'>et</span> <span class='ocrx_word' id='word_1_348' title='bbox 888 4459 1168 4531; x_wconf 67' lang='lat' dir='ltr'>prophetae</span> <span class='ocrx_word' id='word_1_349' title='bbox 1198 4476 1371 4531; x_wconf 88' lang='lat' dir='ltr'>usque</span> <span class='ocrx_word' id='word_1_350' title='bbox 1410 4460 1479 4516; x_wconf 86' lang='lat' dir='ltr'>ad</span> <span class='ocrx_word' id='word_1_351' title='bbox 1521 4462 1786 4517; x_wconf 83' lang='lat' dir='ltr'>Joannem</span> 
     </span>
    </p>
   </div>
   <div class='ocr_carea' id='block_1_48' title="bbox 194 4549 1785 4623">
    <p class='ocr_par' dir='ltr' id='par_1_48' title="bbox 194 4549 1785 4623">
     <span class='ocr_line' id='line_1_48' title="bbox 194 4549 1785 4623; baseline 0.001 -18"><span class='ocrx_word' id='word_1_352' title='bbox 194 4549 349 4622; x_wconf 89' lang='lat' dir='ltr'>(Luc.</span> <span class='ocrx_word' id='word_1_353' title='bbox 390 4566 510 4615; x_wconf 77' lang='lat' dir='ltr'>xvr,</span> <span class='ocrx_word' id='word_1_354' title='bbox 548 4549 678 4620; x_wconf 79' lang='lat' dir='ltr'>l6);</span> <span class='ocrx_word' id='word_1_355' title='bbox 718 4575 737 4598; x_wconf 76' lang='grc' dir='ltr'><strong>ι</strong></span> <span class='ocrx_word' id='word_1_356' title='bbox 782 4550 912 4623; x_wconf 89' lang='lat' dir='ltr'>quia</span> <span class='ocrx_word' id='word_1_357' title='bbox 954 4558 1242 4623; x_wconf 87' lang='lat' dir='ltr'>postquam</span> <span class='ocrx_word' id='word_1_358' title='bbox 1280 4552 1643 4622; x_wconf 87' lang='lat' dir='ltr'>Evangelium</span> <span class='ocrx_word' id='word_1_359' title='bbox 1681 4568 1785 4607; x_wconf 86' lang='lat' dir='ltr'>coe-</span> 
     </span>
    </p>
   </div>
   <div class='ocr_carea' id='block_1_49' title="bbox 192 4637 1786 4712">
    <p class='ocr_par' dir='ltr' id='par_1_49' title="bbox 192 4637 1786 4712">
     <span class='ocr_line' id='line_1_49' title="bbox 192 4637 1786 4712; baseline 0.001 -19"><span class='ocrx_word' id='word_1_360' title='bbox 192 4638 279 4712; x_wconf 88' lang='lat' dir='ltr'>pit</span> <span class='ocrx_word' id='word_1_361' title='bbox 306 4637 614 4711; x_wconf 66' lang='lat' dir='ltr'>praedicari,</span> <span class='ocrx_word' id='word_1_362' title='bbox 664 4638 1014 4695; x_wconf 88' lang='lat' dir='ltr'>circumcisio</span> <span class='ocrx_word' id='word_1_363' title='bbox 1053 4647 1107 4695; x_wconf 91' lang='lat' dir='ltr'>et</span> <span class='ocrx_word' id='word_1_364' title='bbox 1158 4641 1346 4697; x_wconf 74' lang='lat' dir='ltr'>multae</span> <span class='ocrx_word' id='word_1_365' title='bbox 1377 4640 1786 4695; x_wconf 81' lang='lat' dir='ltr'>observationes</span> 
     </span>
    </p>
   </div>
   <div class='ocr_carea' id='block_1_50' title="bbox 192 4726 1785 4800">
    <p class='ocr_par' dir='ltr' id='par_1_50' title="bbox 192 4726 1785 4800">
     <span class='ocr_line' id='line_1_50' title="bbox 192 4726 1785 4800; baseline 0 -17"><span class='ocrx_word' id='word_1_366' title='bbox 192 4728 394 4799; x_wconf 88' lang='lat' dir='ltr'>legales</span> <span class='ocrx_word' id='word_1_367' title='bbox 422 4726 565 4782; x_wconf 90' lang='lat' dir='ltr'>nihil</span> <span class='ocrx_word' id='word_1_368' title='bbox 611 4727 956 4798; x_wconf 89' lang='lat' dir='ltr'>profuerunt.</span> <span class='ocrx_word' id='word_1_369' title='bbox 1009 4728 1265 4796; x_wconf 88' lang='lat' dir='ltr'>Quandiu</span> <span class='ocrx_word' id='word_1_370' title='bbox 1295 4728 1429 4800; x_wconf 87' lang='lat' dir='ltr'>legis</span> <span class='ocrx_word' id='word_1_371' title='bbox 1474 4727 1785 4784; x_wconf 86' lang='lat' dir='ltr'>observatio</span> 
     </span>
    </p>
   </div>
   <div class='ocr_carea' id='block_1_51' title="bbox 191 4817 1787 4891">
    <p class='ocr_par' dir='ltr' id='par_1_51' title="bbox 191 4817 1787 4891">
     <span class='ocr_line' id='line_1_51' title="bbox 191 4817 1787 4891; baseline 0 -17"><span class='ocrx_word' id='word_1_372' title='bbox 191 4819 309 4874; x_wconf 91' lang='lat' dir='ltr'>Deo</span> <span class='ocrx_word' id='word_1_373' title='bbox 372 4817 599 4890; x_wconf 90' lang='lat' dir='ltr'>placuit,</span> <span class='ocrx_word' id='word_1_374' title='bbox 673 4818 867 4874; x_wconf 90' lang='lat' dir='ltr'>tandiu</span> <span class='ocrx_word' id='word_1_375' title='bbox 917 4818 1170 4875; x_wconf 89' lang='lat' dir='ltr'>homines</span> <span class='ocrx_word' id='word_1_376' title='bbox 1250 4819 1420 4891; x_wconf 88' lang='lat' dir='ltr'>legem</span> <span class='ocrx_word' id='word_1_377' title='bbox 1504 4828 1787 4875; x_wconf 84' lang='lat' dir='ltr'>servantes</span> 
     </span>
    </p>
   </div>
   <div class='ocr_carea' id='block_1_52' title="bbox 191 4906 1785 4980">
    <p class='ocr_par' dir='ltr' id='par_1_52' title="bbox 191 4906 1785 4980">
     <span class='ocr_line' id='line_1_52' title="bbox 191 4906 1785 4980; baseline 0.002 -18"><span class='ocrx_word' id='word_1_378' title='bbox 191 4906 432 4978; x_wconf 87' lang='lat' dir='ltr'>Spiritus</span> <span class='ocrx_word' id='word_1_379' title='bbox 486 4908 663 4965; x_wconf 89' lang='lat' dir='ltr'>sancti</span> <span class='ocrx_word' id='word_1_380' title='bbox 718 4908 890 4980; x_wconf 89' lang='lat' dir='ltr'>gratia</span> <span class='ocrx_word' id='word_1_381' title='bbox 949 4908 1285 4965; x_wconf 91' lang='lat' dir='ltr'>comitavit:</span> <span class='ocrx_word' id='word_1_382' title='bbox 1352 4916 1406 4965; x_wconf 91' lang='lat' dir='ltr'>et</span> <span class='ocrx_word' id='word_1_383' title='bbox 1470 4908 1615 4965; x_wconf 88' lang='lat' dir='ltr'>sicut</span> <span class='ocrx_word' id='word_1_384' title='bbox 1682 4925 1785 4965; x_wconf 84' lang='lat' dir='ltr'>co-</span> 
     </span>
    </p>
   </div>
   <div class='ocr_carea' id='block_1_53' title="bbox 194 4994 1782 5070">
    <p class='ocr_par' dir='ltr' id='par_1_53' title="bbox 194 4994 1782 5070">
     <span class='ocr_line' id='line_1_53' title="bbox 194 4994 1782 5070; baseline 0.001 -20"><span class='ocrx_word' id='word_1_385' title='bbox 194 4994 385 5051; x_wconf 88' lang='lat' dir='ltr'>lumba</span> <span class='ocrx_word' id='word_1_386' title='bbox 436 4996 503 5052; x_wconf 91' lang='lat' dir='ltr'>ad</span> <span class='ocrx_word' id='word_1_387' title='bbox 561 5014 839 5070; x_wconf 88' lang='lat' dir='ltr'>vesperam</span> <span class='ocrx_word' id='word_1_388' title='bbox 878 4998 947 5053; x_wconf 92' lang='lat' dir='ltr'>ad</span> <span class='ocrx_word' id='word_1_389' title='bbox 1000 4999 1112 5055; x_wconf 92' lang='lat' dir='ltr'>Noe</span> <span class='ocrx_word' id='word_1_390' title='bbox 1161 4997 1346 5065; x_wconf 91' lang='lat' dir='ltr'>rediit,</span> <span class='ocrx_word' id='word_1_391' title='bbox 1385 4998 1462 5053; x_wconf 92' lang='lat' dir='ltr'>ita</span> <span class='ocrx_word' id='word_1_392' title='bbox 1505 5006 1559 5054; x_wconf 91' lang='lat' dir='ltr'>et</span> <span class='ocrx_word' id='word_1_393' title='bbox 1613 4996 1782 5069; x_wconf 87' lang='lat' dir='ltr'>Spiri-</span> 
     </span>
    </p>
   </div>
   <div class='ocr_carea' id='block_1_54' title="bbox 195 5087 1782 5160">
    <p class='ocr_par' dir='ltr' id='par_1_54' title="bbox 195 5087 1782 5160">
     <span class='ocr_line' id='line_1_54' title="bbox 195 5087 1782 5160; baseline 0.002 -20"><span class='ocrx_word' id='word_1_394' title='bbox 195 5092 290 5141; x_wconf 91' lang='lat' dir='ltr'>tus</span> <span class='ocrx_word' id='word_1_395' title='bbox 319 5087 492 5143; x_wconf 90' lang='lat' dir='ltr'>sancti</span> <span class='ocrx_word' id='word_1_396' title='bbox 543 5088 733 5160; x_wconf 88' lang='lat' dir='ltr'>gratia,</span> <span class='ocrx_word' id='word_1_397' title='bbox 773 5087 990 5145; x_wconf 70' lang='lat' dir='ltr'>Iudaeos</span> <span class='ocrx_word' id='word_1_398' title='bbox 1036 5087 1287 5145; x_wconf 88' lang='lat' dir='ltr'>inﬁdeles</span> <span class='ocrx_word' id='word_1_399' title='bbox 1332 5089 1609 5156; x_wconf 88' lang='lat' dir='ltr'>deserens,</span> <span class='ocrx_word' id='word_1_400' title='bbox 1651 5104 1782 5160; x_wconf 85' lang='lat' dir='ltr'>quo-</span> 
     </span>
    </p>
   </div>
   <div class='ocr_carea' id='block_1_55' title="bbox 195 5175 1785 5250">
    <p class='ocr_par' dir='ltr' id='par_1_55' title="bbox 195 5175 1785 5250">
     <span class='ocr_line' id='line_1_55' title="bbox 195 5175 1785 5250; baseline 0.001 -19"><span class='ocrx_word' id='word_1_401' title='bbox 195 5175 490 5233; x_wconf 89' lang='lat' dir='ltr'>dammodo</span> <span class='ocrx_word' id='word_1_402' title='bbox 518 5177 586 5234; x_wconf 90' lang='lat' dir='ltr'>ad</span> <span class='ocrx_word' id='word_1_403' title='bbox 615 5194 738 5233; x_wconf 89' lang='lat' dir='ltr'>eum</span> <span class='ocrx_word' id='word_1_404' title='bbox 790 5194 822 5233; x_wconf 90' lang='lat' dir='ltr'>a</span> <span class='ocrx_word' id='word_1_405' title='bbox 869 5194 978 5250; x_wconf 92' lang='lat' dir='ltr'>quo</span> <span class='ocrx_word' id='word_1_406' title='bbox 1025 5178 1203 5235; x_wconf 80' lang='lat' dir='ltr'>fuerat</span> <span class='ocrx_word' id='word_1_407' title='bbox 1225 5179 1413 5247; x_wconf 91' lang='lat' dir='ltr'>missa,</span> <span class='ocrx_word' id='word_1_408' title='bbox 1442 5193 1659 5235; x_wconf 89' lang='lat' dir='ltr'>reversa</span> <span class='ocrx_word' id='word_1_409' title='bbox 1682 5185 1785 5234; x_wconf 89' lang='lat' dir='ltr'>est.</span> 
     </span>
    </p>
   </div>
   <div class='ocr_carea' id='block_1_56' title="bbox 196 5265 1787 5341">
    <p class='ocr_par' dir='ltr' id='par_1_56' title="bbox 196 5265 1787 5341">
     <span class='ocr_line' id='line_1_56' title="bbox 196 5265 1787 5341; baseline 0 -20"><span class='ocrx_word' id='word_1_410' title='bbox 196 5265 300 5321; x_wconf 92' lang='lat' dir='ltr'>Per</span> <span class='ocrx_word' id='word_1_411' title='bbox 352 5282 566 5321; x_wconf 88' lang='lat' dir='ltr'>ramum</span> <span class='ocrx_word' id='word_1_412' title='bbox 626 5282 757 5324; x_wconf 90' lang='lat' dir='ltr'>vero</span> <span class='ocrx_word' id='word_1_413' title='bbox 802 5266 965 5323; x_wconf 79' lang='lat' dir='ltr'>olivae</span> <span class='ocrx_word' id='word_1_414' title='bbox 1037 5269 1207 5341; x_wconf 88' lang='lat' dir='ltr'>legem</span> <span class='ocrx_word' id='word_1_415' title='bbox 1263 5284 1553 5340; x_wconf 90' lang='lat' dir='ltr'>possumus</span> <span class='ocrx_word' id='word_1_416' title='bbox 1610 5267 1787 5323; x_wconf 86' lang='lat' dir='ltr'>intel-</span> 
     </span>
    </p>
   </div>
   <div class='ocr_carea' id='block_1_57' title="bbox 198 5354 1784 5429">
    <p class='ocr_par' dir='ltr' id='par_1_57' title="bbox 198 5354 1784 5429">
     <span class='ocr_line' id='line_1_57' title="bbox 198 5354 1784 5429; baseline 0.003 -19"><span class='ocrx_word' id='word_1_417' title='bbox 198 5354 378 5427; x_wconf 90' lang='lat' dir='ltr'>ligere</span> <span class='ocrx_word' id='word_1_418' title='bbox 410 5356 496 5410; x_wconf 89' lang='lat' dir='ltr'>vel</span> <span class='ocrx_word' id='word_1_419' title='bbox 525 5357 770 5428; x_wconf 92' lang='lat' dir='ltr'>accipere</span> <span class='ocrx_word' id='word_1_420' title='bbox 803 5375 814 5413; x_wconf 91' lang='lat'><strong>:</strong></span> <span class='ocrx_word' id='word_1_421' title='bbox 873 5372 969 5429; x_wconf 91' lang='lat' dir='ltr'>per</span> <span class='ocrx_word' id='word_1_422' title='bbox 1009 5357 1144 5414; x_wconf 90' lang='lat' dir='ltr'>folia</span> <span class='ocrx_word' id='word_1_423' title='bbox 1194 5365 1379 5415; x_wconf 90' lang='lat' dir='ltr'>autem</span> <span class='ocrx_word' id='word_1_424' title='bbox 1420 5358 1660 5415; x_wconf 88' lang='lat' dir='ltr'>virentia</span> <span class='ocrx_word' id='word_1_425' title='bbox 1690 5376 1784 5415; x_wconf 91' lang='lat' dir='ltr'>eos</span> 
     </span>
    </p>
   </div>
   <div class='ocr_carea' id='block_1_58' title="bbox 196 5443 1781 5521">
    <p class='ocr_par' dir='ltr' id='par_1_58' title="bbox 196 5443 1781 5521">
     <span class='ocr_line' id='line_1_58' title="bbox 196 5443 1781 5521; baseline 0.004 -23"><span class='ocrx_word' id='word_1_426' title='bbox 196 5443 293 5516; x_wconf 88' lang='lat' dir='ltr'>qui</span> <span class='ocrx_word' id='word_1_427' title='bbox 319 5460 414 5516; x_wconf 90' lang='lat' dir='ltr'>per</span> <span class='ocrx_word' id='word_1_428' title='bbox 442 5444 614 5516; x_wconf 88' lang='lat' dir='ltr'>legem</span> <span class='ocrx_word' id='word_1_429' title='bbox 643 5446 786 5502; x_wconf 91' lang='lat' dir='ltr'>salvi</span> <span class='ocrx_word' id='word_1_430' title='bbox 824 5446 954 5504; x_wconf 87' lang='lat' dir='ltr'>facti</span> <span class='ocrx_word' id='word_1_431' title='bbox 983 5454 1132 5503; x_wconf 91' lang='lat' dir='ltr'>sunt.</span> <span class='ocrx_word' id='word_1_432' title='bbox 1179 5447 1447 5505; x_wconf 90' lang='lat' dir='ltr'>Columba</span> <span class='ocrx_word' id='word_1_433' title='bbox 1501 5448 1671 5521; x_wconf 83' lang='lat' dir='ltr'>igitur</span> <span class='ocrx_word' id='word_1_434' title='bbox 1700 5465 1781 5505; x_wconf 88' lang='lat' dir='ltr'>ra-</span> 
     </span>
    </p>
   </div>
   <div class='ocr_carea' id='block_1_59' title="bbox 197 5532 1777 5607">
    <p class='ocr_par' dir='ltr' id='par_1_59' title="bbox 197 5532 1777 5607">
     <span class='ocr_line' id='line_1_59' title="bbox 197 5532 1777 5607; baseline 0.004 -19"><span class='ocrx_word' id='word_1_435' title='bbox 197 5548 350 5589; x_wconf 89' lang='lat' dir='ltr'>mum</span> <span class='ocrx_word' id='word_1_436' title='bbox 381 5532 541 5589; x_wconf 68' lang='lat' dir='ltr'>olivaa</span> <span class='ocrx_word' id='word_1_437' title='bbox 570 5551 695 5591; x_wconf 91' lang='lat' dir='ltr'>cum</span> <span class='ocrx_word' id='word_1_438' title='bbox 727 5535 1035 5594; x_wconf 87' lang='lat' dir='ltr'>virentibus</span> <span class='ocrx_word' id='word_1_439' title='bbox 1059 5536 1210 5594; x_wconf 92' lang='lat' dir='ltr'>foliis</span> <span class='ocrx_word' id='word_1_440' title='bbox 1231 5537 1288 5594; x_wconf 92' lang='lat' dir='ltr'>in</span> <span class='ocrx_word' id='word_1_441' title='bbox 1316 5554 1410 5596; x_wconf 89' lang='lat' dir='ltr'>ore</span> <span class='ocrx_word' id='word_1_442' title='bbox 1436 5555 1537 5596; x_wconf 91' lang='lat' dir='ltr'>suo</span> <span class='ocrx_word' id='word_1_443' title='bbox 1556 5538 1777 5607; x_wconf 90' lang='lat' dir='ltr'>detulit,</span> 
     </span>
    </p>
   </div>
   <div class='ocr_carea' id='block_1_60' title="bbox 1904 595 2973 667">
    <p class='ocr_par' dir='ltr' id='par_1_60' title="bbox 1904 595 2973 667">
     <span class='ocr_line' id='line_1_60' title="bbox 1904 595 2973 667; baseline 0.003 -18"><span class='ocrx_word' id='word_1_444' title='bbox 1904 603 2144 662; x_wconf 89' lang='lat' dir='ltr'>vaverat,</span> <span class='ocrx_word' id='word_1_445' title='bbox 2177 595 2584 667; x_wconf 90' lang='lat' dir='ltr'>quodammodo</span> <span class='ocrx_word' id='word_1_446' title='bbox 2612 598 2725 651; x_wconf 92' lang='lat' dir='ltr'>Deo</span> <span class='ocrx_word' id='word_1_447' title='bbox 2751 595 2973 653; x_wconf 89' lang='lat' dir='ltr'>obtulit.</span> 
     </span>
    </p>
   </div>
   <div class='ocr_carea' id='block_1_61' title="bbox 1975 706 3497 784">
    <p class='ocr_par' dir='ltr' id='par_1_61' title="bbox 1975 706 3497 784">
     <span class='ocr_line' id='line_1_61' title="bbox 1975 706 3497 784; baseline 0.005 -24"><span class='ocrx_word' id='word_1_448' title='bbox 1975 706 2160 762; x_wconf 91' lang='lat' dir='ltr'>Tertio</span> <span class='ocrx_word' id='word_1_449' title='bbox 2189 707 2302 763; x_wconf 85' lang='lat' dir='ltr'>Noe</span> <span class='ocrx_word' id='word_1_450' title='bbox 2342 707 2654 764; x_wconf 83' lang='lat' dir='ltr'>columbam</span> <span class='ocrx_word' id='word_1_451' title='bbox 2684 725 2753 766; x_wconf 82' lang='lat' dir='ltr'>ex</span> <span class='ocrx_word' id='word_1_452' title='bbox 2780 727 2904 766; x_wconf 90' lang='lat' dir='ltr'>arca</span> <span class='ocrx_word' id='word_1_453' title='bbox 2936 710 3140 779; x_wconf 89' lang='lat' dir='ltr'>emisit,</span> <span class='ocrx_word' id='word_1_454' title='bbox 3170 712 3389 784; x_wconf 88' lang='lat' dir='ltr'>quando</span> <span class='ocrx_word' id='word_1_455' title='bbox 3420 712 3497 767; x_wconf 90' lang='lat' dir='ltr'>ﬁ—</span> 
     </span>
    </p>
   </div>
   <div class='ocr_carea' id='block_1_62' title="bbox 1905 795 3493 872">
    <p class='ocr_par' dir='ltr' id='par_1_62' title="bbox 1905 795 3493 872">
     <span class='ocr_line' id='line_1_62' title="bbox 1905 795 3493 872; baseline 0.004 -21"><span class='ocrx_word' id='word_1_456' title='bbox 1905 795 2029 851; x_wconf 91' lang='lat' dir='ltr'>dem</span> <span class='ocrx_word' id='word_1_457' title='bbox 2061 797 2354 865; x_wconf 87' lang='lat' dir='ltr'>Evangelii</span> <span class='ocrx_word' id='word_1_458' title='bbox 2387 798 2736 854; x_wconf 84' lang='lat' dir='ltr'>servantibus</span> <span class='ocrx_word' id='word_1_459' title='bbox 2779 799 3006 870; x_wconf 85' lang='lat' dir='ltr'>gratiam</span> <span class='ocrx_word' id='word_1_460' title='bbox 3052 800 3289 872; x_wconf 87' lang='lat' dir='ltr'>Spiritus</span> <span class='ocrx_word' id='word_1_461' title='bbox 3316 803 3493 859; x_wconf 87' lang='lat' dir='ltr'>sancti</span> 
     </span>
    </p>
   </div>
   <div class='ocr_carea' id='block_1_63' title="bbox 1901 885 3496 965">
    <p class='ocr_par' dir='ltr' id='par_1_63' title="bbox 1901 885 3496 965">
     <span class='ocr_line' id='line_1_63' title="bbox 1901 885 3496 965; baseline 0.004 -24"><span class='ocrx_word' id='word_1_462' title='bbox 1901 885 2073 941; x_wconf 86' lang='lat' dir='ltr'>dedit.</span> <span class='ocrx_word' id='word_1_463' title='bbox 2106 886 2237 951; x_wconf 74' lang='lat' dir='ltr'>Quze</span> <span class='ocrx_word' id='word_1_464' title='bbox 2284 902 2395 940; x_wconf 92' lang='lat' dir='ltr'>non</span> <span class='ocrx_word' id='word_1_465' title='bbox 2428 894 2509 941; x_wconf 88' lang='lat' dir='ltr'>est</span> <span class='ocrx_word' id='word_1_466' title='bbox 2542 903 2757 942; x_wconf 80' lang='lat' dir='ltr'>reversa</span> <span class='ocrx_word' id='word_1_467' title='bbox 2786 889 2930 942; x_wconf 88' lang='lat' dir='ltr'>ultra</span> <span class='ocrx_word' id='word_1_468' title='bbox 2976 890 3042 945; x_wconf 89' lang='lat' dir='ltr'>ad</span> <span class='ocrx_word' id='word_1_469' title='bbox 3066 906 3190 945; x_wconf 90' lang='lat' dir='ltr'>eum</span> <span class='ocrx_word' id='word_1_470' title='bbox 3217 909 3229 958; x_wconf 87' lang='lat'>;</span> <span class='ocrx_word' id='word_1_471' title='bbox 3265 893 3393 965; x_wconf 90' lang='lat' dir='ltr'>quia</span> <span class='ocrx_word' id='word_1_472' title='bbox 3418 893 3496 948; x_wconf 86' lang='lat' dir='ltr'>ﬁ—</span> 
     </span>
    </p>
   </div>
   <div class='ocr_carea' id='block_1_64' title="bbox 1901 973 3493 1057">
    <p class='ocr_par' dir='ltr' id='par_1_64' title="bbox 1901 973 3493 1057">
     <span class='ocr_line' id='line_1_64' title="bbox 1901 973 3493 1057; baseline 0.007 -29"><span class='ocrx_word' id='word_1_473' title='bbox 1901 973 1997 1028; x_wconf 90' lang='lat' dir='ltr'>des</span> <span class='ocrx_word' id='word_1_474' title='bbox 2024 974 2312 1045; x_wconf 88' lang='lat' dir='ltr'>Evangelii</span> <span class='ocrx_word' id='word_1_475' title='bbox 2358 974 2554 1029; x_wconf 90' lang='lat' dir='ltr'>tandiu</span> <span class='ocrx_word' id='word_1_476' title='bbox 2593 992 2717 1030; x_wconf 91' lang='lat' dir='ltr'>cum</span> <span class='ocrx_word' id='word_1_477' title='bbox 2757 975 2942 1033; x_wconf 89' lang='lat' dir='ltr'>electis</span> <span class='ocrx_word' id='word_1_478' title='bbox 2997 979 3263 1047; x_wconf 86' lang='lat' dir='ltr'>manebit,</span> <span class='ocrx_word' id='word_1_479' title='bbox 3322 998 3493 1057; x_wconf 88' lang='lat' dir='ltr'>usque</span> 
     </span>
    </p>
   </div>
   <div class='ocr_carea' id='block_1_65' title="bbox 1901 1063 3489 1142">
    <p class='ocr_par' dir='ltr' id='par_1_65' title="bbox 1901 1063 3489 1142">
     <span class='ocr_line' id='line_1_65' title="bbox 1901 1063 3489 1142; baseline 0.008 -26"><span class='ocrx_word' id='word_1_480' title='bbox 1901 1063 2031 1117; x_wconf 89' lang='lat' dir='ltr'>dum</span> <span class='ocrx_word' id='word_1_481' title='bbox 2062 1064 2320 1119; x_wconf 83' lang='lat' dir='ltr'>veniente</span> <span class='ocrx_word' id='word_1_482' title='bbox 2360 1065 2597 1121; x_wconf 91' lang='lat' dir='ltr'>Domino</span> <span class='ocrx_word' id='word_1_483' title='bbox 2626 1065 2692 1120; x_wconf 89' lang='lat' dir='ltr'>ad</span> <span class='ocrx_word' id='word_1_484' title='bbox 2732 1064 3030 1136; x_wconf 85' lang='lat' dir='ltr'>judicium,</span> <span class='ocrx_word' id='word_1_485' title='bbox 3081 1069 3240 1124; x_wconf 89' lang='lat' dir='ltr'>electi</span> <span class='ocrx_word' id='word_1_486' title='bbox 3288 1072 3383 1142; x_wconf 89' lang='lat' dir='ltr'>qui</span> <span class='ocrx_word' id='word_1_487' title='bbox 3432 1073 3489 1128; x_wconf 92' lang='lat' dir='ltr'>in</span> 
     </span>
    </p>
   </div>
   <div class='ocr_carea' id='block_1_66' title="bbox 1901 1151 3488 1227">
    <p class='ocr_par' dir='ltr' id='par_1_66' title="bbox 1901 1151 3488 1227">
     <span class='ocr_line' id='line_1_66' title="bbox 1901 1151 3488 1227; baseline 0.008 -21"><span class='ocrx_word' id='word_1_488' title='bbox 1901 1151 2007 1207; x_wconf 92' lang='lat' dir='ltr'>hoc</span> <span class='ocrx_word' id='word_1_489' title='bbox 2037 1152 2245 1208; x_wconf 91' lang='lat' dir='ltr'>mundo</span> <span class='ocrx_word' id='word_1_490' title='bbox 2278 1154 2652 1222; x_wconf 88' lang='lat' dir='ltr'>invenientur,</span> <span class='ocrx_word' id='word_1_491' title='bbox 2695 1158 2979 1227; x_wconf 85' lang='lat' dir='ltr'>rapientur</span> <span class='ocrx_word' id='word_1_492' title='bbox 3029 1175 3212 1214; x_wconf 91' lang='lat' dir='ltr'>coram</span> <span class='ocrx_word' id='word_1_493' title='bbox 3247 1162 3488 1218; x_wconf 90' lang='lat' dir='ltr'>Domino</span> 
     </span>
    </p>
   </div>
   <div class='ocr_carea' id='block_1_67' title="bbox 1901 1239 3489 1320">
    <p class='ocr_par' dir='ltr' id='par_1_67' title="bbox 1901 1239 3489 1320">
     <span class='ocr_line' id='line_1_67' title="bbox 1901 1239 3489 1320; baseline 0.008 -26"><span class='ocrx_word' id='word_1_494' title='bbox 1901 1239 1959 1295; x_wconf 90' lang='lat' dir='ltr'>in</span> <span class='ocrx_word' id='word_1_495' title='bbox 1988 1257 2132 1309; x_wconf 90' lang='lat' dir='ltr'>aera,</span> <span class='ocrx_word' id='word_1_496' title='bbox 2175 1249 2228 1297; x_wconf 91' lang='lat' dir='ltr'>et</span> <span class='ocrx_word' id='word_1_497' title='bbox 2257 1243 2338 1299; x_wconf 92' lang='lat' dir='ltr'>sic</span> <span class='ocrx_word' id='word_1_498' title='bbox 2365 1260 2581 1316; x_wconf 88' lang='lat' dir='ltr'>semper</span> <span class='ocrx_word' id='word_1_499' title='bbox 2603 1261 2728 1300; x_wconf 89' lang='lat' dir='ltr'>cum</span> <span class='ocrx_word' id='word_1_500' title='bbox 2768 1247 3006 1302; x_wconf 84' lang='lat' dir='ltr'>Domino</span> <span class='ocrx_word' id='word_1_501' title='bbox 3036 1255 3198 1302; x_wconf 90' lang='lat' dir='ltr'>erunt</span> <span class='ocrx_word' id='word_1_502' title='bbox 3219 1248 3277 1320; x_wconf 89' lang='grc' dir='ltr'>(Ι</span> <span class='ocrx_word' id='word_1_503' title='bbox 3309 1252 3489 1306; x_wconf 81' lang='lat' dir='ltr'>Thess.</span> 
     </span>
    </p>
   </div>
   <div class='ocr_carea' id='block_1_68' title="bbox 1903 1331 2125 1401">
    <p class='ocr_par' dir='ltr' id='par_1_68' title="bbox 1903 1331 2125 1401">
     <span class='ocr_line' id='line_1_68' title="bbox 1903 1331 2125 1401; baseline 0.005 -16"><span class='ocrx_word' id='word_1_504' title='bbox 1903 1347 1980 1394; x_wconf 85' lang='lat' dir='ltr'>Iv,</span> <span class='ocrx_word' id='word_1_505' title='bbox 2012 1331 2125 1401; x_wconf 84' lang='grc'>16).</span> 
     </span>
    </p>
   </div>
   <div class='ocr_carea' id='block_1_69' title="bbox 1973 1444 3491 1525">
    <p class='ocr_par' dir='ltr' id='par_1_69' title="bbox 1973 1444 3491 1525">
     <span class='ocr_line' id='line_1_69' title="bbox 1973 1444 3491 1525; baseline 0.007 -26"><span class='ocrx_word' id='word_1_506' title='bbox 1973 1444 2059 1500; x_wconf 86' lang='lat' dir='ltr'>Ad</span> <span class='ocrx_word' id='word_1_507' title='bbox 2088 1445 2570 1504; x_wconf 87' lang='lat' dir='ltr'>demonstrandam</span> <span class='ocrx_word' id='word_1_508' title='bbox 2604 1465 2735 1504; x_wconf 83' lang='lat' dir='ltr'>vero</span> <span class='ocrx_word' id='word_1_509' title='bbox 2778 1453 3019 1522; x_wconf 89' lang='lat' dir='ltr'>apertius</span> <span class='ocrx_word' id='word_1_510' title='bbox 3064 1450 3289 1508; x_wconf 89' lang='lat' dir='ltr'>secundi</span> <span class='ocrx_word' id='word_1_511' title='bbox 3321 1452 3491 1525; x_wconf 91' lang='lat' dir='ltr'>sigilli</span> 
     </span>
    </p>
   </div>
   <div class='ocr_carea' id='block_1_70' title="bbox 1900 1534 3490 1611">
    <p class='ocr_par' dir='ltr' id='par_1_70' title="bbox 1900 1534 3490 1611">
     <span class='ocr_line' id='line_1_70' title="bbox 1900 1534 3490 1611; baseline 0.007 -24"><span class='ocrx_word' id='word_1_512' title='bbox 1900 1534 2260 1604; x_wconf 87' lang='lat' dir='ltr'>apertionem,</span> <span class='ocrx_word' id='word_1_513' title='bbox 2307 1536 2374 1591; x_wconf 92' lang='lat' dir='ltr'>de</span> <span class='ocrx_word' id='word_1_514' title='bbox 2422 1538 2601 1593; x_wconf 89' lang='lat' dir='ltr'>tribus</span> <span class='ocrx_word' id='word_1_515' title='bbox 2648 1540 2975 1610; x_wconf 86' lang='lat' dir='ltr'>patriarchis</span> <span class='ocrx_word' id='word_1_516' title='bbox 3021 1557 3192 1611; x_wconf 89' lang='lat' dir='ltr'>pauca</span> <span class='ocrx_word' id='word_1_517' title='bbox 3219 1541 3490 1599; x_wconf 88' lang='lat' dir='ltr'>dicamus.</span> 
     </span>
    </p>
   </div>
   <div class='ocr_carea' id='block_1_71' title="bbox 1902 1621 3491 1698">
    <p class='ocr_par' dir='ltr' id='par_1_71' title="bbox 1902 1621 3491 1698">
     <span class='ocr_line' id='line_1_71' title="bbox 1902 1621 3491 1698; baseline 0.007 -23"><span class='ocrx_word' id='word_1_518' title='bbox 1902 1621 1964 1675; x_wconf 91' lang='lat' dir='ltr'>In</span> <span class='ocrx_word' id='word_1_519' title='bbox 1993 1622 2193 1678; x_wconf 89' lang='lat' dir='ltr'>Genesi</span> <span class='ocrx_word' id='word_1_520' title='bbox 2250 1623 2516 1696; x_wconf 89' lang='lat' dir='ltr'>scriptum</span> <span class='ocrx_word' id='word_1_521' title='bbox 2562 1633 2643 1680; x_wconf 92' lang='lat' dir='ltr'>est</span> <span class='ocrx_word' id='word_1_522' title='bbox 2685 1626 2814 1698; x_wconf 90' lang='lat' dir='ltr'>quia</span> <span class='ocrx_word' id='word_1_523' title='bbox 2858 1629 3093 1684; x_wconf 84' lang='lat' dir='ltr'>tentavit</span> <span class='ocrx_word' id='word_1_524' title='bbox 3128 1632 3274 1685; x_wconf 91' lang='lat' dir='ltr'>Deus</span> <span class='ocrx_word' id='word_1_525' title='bbox 3302 1631 3491 1686; x_wconf 83' lang='lat' dir='ltr'>Abra-</span> 
     </span>
    </p>
   </div>
   <div class='ocr_carea' id='block_1_72' title="bbox 1902 1712 3489 1791">
    <p class='ocr_par' dir='ltr' id='par_1_72' title="bbox 1902 1712 3489 1791">
     <span class='ocr_line' id='line_1_72' title="bbox 1902 1712 3489 1791; baseline 0.004 -23"><span class='ocrx_word' id='word_1_526' title='bbox 1902 1712 2049 1781; x_wconf 90' lang='lat' dir='ltr'>ham,</span> <span class='ocrx_word' id='word_1_527' title='bbox 2082 1720 2139 1768; x_wconf 90' lang='lat' dir='ltr'>et</span> <span class='ocrx_word' id='word_1_528' title='bbox 2178 1712 2326 1768; x_wconf 91' lang='lat' dir='ltr'>dixit</span> <span class='ocrx_word' id='word_1_529' title='bbox 2354 1713 2421 1769; x_wconf 92' lang='lat' dir='ltr'>ad</span> <span class='ocrx_word' id='word_1_530' title='bbox 2450 1730 2575 1769; x_wconf 89' lang='lat' dir='ltr'>eum</span> <span class='ocrx_word' id='word_1_531' title='bbox 2608 1734 2619 1771; x_wconf 90' lang='lat'><strong>:</strong></span> <span class='ocrx_word' id='word_1_532' title='bbox 2674 1741 2692 1763; x_wconf 77' lang='grc' dir='ltr'>ι</span> <span class='ocrx_word' id='word_1_533' title='bbox 2722 1716 2875 1771; x_wconf 90' lang='lat' dir='ltr'>Tolle</span> <span class='ocrx_word' id='word_1_534' title='bbox 2913 1715 3090 1771; x_wconf 90' lang='lat' dir='ltr'>ﬁlium</span> <span class='ocrx_word' id='word_1_535' title='bbox 3118 1726 3296 1787; x_wconf 92' lang='lat' dir='ltr'>tuum,</span> <span class='ocrx_word' id='word_1_536' title='bbox 3328 1736 3489 1791; x_wconf 89' lang='lat' dir='ltr'>quem</span> 
     </span>
    </p>
   </div>
   <div class='ocr_carea' id='block_1_73' title="bbox 1900 1802 3573 1873">
    <p class='ocr_par' dir='ltr' id='par_1_73' title="bbox 1900 1802 3573 1873">
     <span class='ocr_line' id='line_1_73' title="bbox 1900 1802 3573 1873; baseline 0.004 -16"><span class='ocrx_word' id='word_1_537' title='bbox 1900 1802 2108 1873; x_wconf 89' lang='lat' dir='ltr'>diligis,</span> <span class='ocrx_word' id='word_1_538' title='bbox 2139 1802 2307 1870; x_wconf 89' lang='lat' dir='ltr'>Isaac,</span> <span class='ocrx_word' id='word_1_539' title='bbox 2342 1810 2397 1857; x_wconf 91' lang='lat' dir='ltr'>et</span> <span class='ocrx_word' id='word_1_540' title='bbox 2425 1803 2562 1859; x_wconf 86' lang='lat' dir='ltr'>vade</span> <span class='ocrx_word' id='word_1_541' title='bbox 2589 1804 2647 1858; x_wconf 90' lang='lat' dir='ltr'>in</span> <span class='ocrx_word' id='word_1_542' title='bbox 2685 1810 2888 1859; x_wconf 87' lang='lat' dir='ltr'>terram</span> <span class='ocrx_word' id='word_1_543' title='bbox 2921 1804 3174 1873; x_wconf 90' lang='lat' dir='ltr'>visionis,</span> <span class='ocrx_word' id='word_1_544' title='bbox 3215 1812 3268 1861; x_wconf 91' lang='lat' dir='ltr'>et</span> <span class='ocrx_word' id='word_1_545' title='bbox 3297 1807 3491 1863; x_wconf 77' lang='lat' dir='ltr'>oﬂ‘eres</span> <span class='ocrx_word' id='word_1_546' title='bbox 3568 1838 3573 1843; x_wconf 92' lang='lat'><strong><em>-</em></strong></span> 
     </span>
    </p>
   </div>
   <div class='ocr_carea' id='block_1_74' title="bbox 1898 1889 3489 1967">
    <p class='ocr_par' dir='ltr' id='par_1_74' title="bbox 1898 1889 3489 1967">
     <span class='ocr_line' id='line_1_74' title="bbox 1898 1889 3489 1967; baseline 0.003 -21"><span class='ocrx_word' id='word_1_547' title='bbox 1898 1907 2022 1946; x_wconf 92' lang='lat' dir='ltr'>eum</span> <span class='ocrx_word' id='word_1_548' title='bbox 2044 1889 2122 1945; x_wconf 93' lang='lat' dir='ltr'>ibi</span> <span class='ocrx_word' id='word_1_549' title='bbox 2145 1890 2202 1945; x_wconf 92' lang='lat' dir='ltr'>in</span> <span class='ocrx_word' id='word_1_550' title='bbox 2220 1890 2606 1947; x_wconf 90' lang='lat' dir='ltr'>holocaustum</span> <span class='ocrx_word' id='word_1_551' title='bbox 2624 1908 2787 1963; x_wconf 89' lang='lat' dir='ltr'>super</span> <span class='ocrx_word' id='word_1_552' title='bbox 2806 1909 2978 1949; x_wconf 90' lang='lat' dir='ltr'>unum</span> <span class='ocrx_word' id='word_1_553' title='bbox 3000 1892 3292 1962; x_wconf 90' lang='lat' dir='ltr'>montium,</span> <span class='ocrx_word' id='word_1_554' title='bbox 3326 1911 3489 1967; x_wconf 87' lang='lat' dir='ltr'>quem</span> 
     </span>
    </p>
   </div>
   <div class='ocr_carea' id='block_1_75' title="bbox 1895 1978 3490 2052">
    <p class='ocr_par' dir='ltr' id='par_1_75' title="bbox 1895 1978 3490 2052">
     <span class='ocr_line' id='line_1_75' title="bbox 1895 1978 3490 2052; baseline 0.003 -17"><span class='ocrx_word' id='word_1_555' title='bbox 1895 1978 2092 2035; x_wconf 81' lang='lat' dir='ltr'>dixero</span> <span class='ocrx_word' id='word_1_556' title='bbox 2126 1979 2231 2035; x_wconf 90' lang='lat' dir='ltr'>tibi</span> <span class='ocrx_word' id='word_1_557' title='bbox 2257 1981 2413 2051; x_wconf 88' lang='lat' dir='ltr'>(Gen.</span> <span class='ocrx_word' id='word_1_558' title='bbox 2432 1997 2577 2049; x_wconf 75' lang='lat' dir='ltr'>xxii,</span> <span class='ocrx_word' id='word_1_559' title='bbox 2600 1980 2679 2052; x_wconf 89' lang='grc'>2),</span> <span class='ocrx_word' id='word_1_560' title='bbox 2714 2006 2732 2029; x_wconf 74' lang='grc' dir='ltr'><strong>ι</strong></span> <span class='ocrx_word' id='word_1_561' title='bbox 2774 1981 3050 2037; x_wconf 85' lang='lat' dir='ltr'>Abraham</span> <span class='ocrx_word' id='word_1_562' title='bbox 3080 1999 3212 2037; x_wconf 89' lang='lat' dir='ltr'>vero</span> <span class='ocrx_word' id='word_1_563' title='bbox 3232 1982 3298 2038; x_wconf 90' lang='lat' dir='ltr'>de</span> <span class='ocrx_word' id='word_1_564' title='bbox 3328 1991 3490 2040; x_wconf 91' lang='lat' dir='ltr'>nocte</span> 
     </span>
    </p>
   </div>
   <div class='ocr_carea' id='block_1_76' title="bbox 1896 2069 3488 2141">
    <p class='ocr_par' dir='ltr' id='par_1_76' title="bbox 1896 2069 3488 2141">
     <span class='ocr_line' id='line_1_76' title="bbox 1896 2069 3488 2141; baseline 0.004 -16"><span class='ocrx_word' id='word_1_565' title='bbox 1896 2084 2250 2141; x_wconf 89' lang='lat' dir='ltr'>consurgens,</span> <span class='ocrx_word' id='word_1_566' title='bbox 2294 2069 2495 2126; x_wconf 90' lang='lat' dir='ltr'>stravit</span> <span class='ocrx_word' id='word_1_567' title='bbox 2545 2069 2760 2125; x_wconf 89' lang='lat' dir='ltr'>asinum</span> <span class='ocrx_word' id='word_1_568' title='bbox 2802 2087 2995 2140; x_wconf 89' lang='lat' dir='ltr'>suum,</span> <span class='ocrx_word' id='word_1_569' title='bbox 3043 2072 3248 2129; x_wconf 90' lang='lat' dir='ltr'>ducens</span> <span class='ocrx_word' id='word_1_570' title='bbox 3304 2091 3488 2131; x_wconf 89' lang='lat' dir='ltr'>secum</span> 
     </span>
    </p>
   </div>
   <div class='ocr_carea' id='block_1_77' title="bbox 1895 2157 3488 2230">
    <p class='ocr_par' dir='ltr' id='par_1_77' title="bbox 1895 2157 3488 2230">
     <span class='ocr_line' id='line_1_77' title="bbox 1895 2157 3488 2230; baseline 0.004 -18"><span class='ocrx_word' id='word_1_571' title='bbox 1895 2157 2034 2213; x_wconf 91' lang='lat' dir='ltr'>duos</span> <span class='ocrx_word' id='word_1_572' title='bbox 2078 2157 2351 2230; x_wconf 89' lang='lat' dir='ltr'>juvenes,</span> <span class='ocrx_word' id='word_1_573' title='bbox 2418 2166 2473 2214; x_wconf 91' lang='lat' dir='ltr'>et</span> <span class='ocrx_word' id='word_1_574' title='bbox 2531 2160 2679 2215; x_wconf 88' lang='lat' dir='ltr'>Isaac</span> <span class='ocrx_word' id='word_1_575' title='bbox 2734 2160 2913 2217; x_wconf 90' lang='lat' dir='ltr'>ﬁlium</span> <span class='ocrx_word' id='word_1_576' title='bbox 2971 2178 3151 2217; x_wconf 87' lang='lat' dir='ltr'>suum.</span> <span class='ocrx_word' id='word_1_577' title='bbox 3210 2162 3488 2219; x_wconf 86' lang='lat' dir='ltr'>Abraham</span> 
     </span>
    </p>
   </div>
   <div class='ocr_carea' id='block_1_78' title="bbox 1896 2246 3492 2308">
    <p class='ocr_par' dir='ltr' id='par_1_78' title="bbox 1896 2246 3492 2308">
     <span class='ocr_line' id='line_1_78' title="bbox 1896 2246 3492 2308; baseline 0.003 -4"><span class='ocrx_word' id='word_1_578' title='bbox 1896 2246 2179 2304; x_wconf 89' lang='lat' dir='ltr'>Christum</span> <span class='ocrx_word' id='word_1_579' title='bbox 2217 2247 2517 2304; x_wconf 90' lang='lat' dir='ltr'>secundum</span> <span class='ocrx_word' id='word_1_580' title='bbox 2547 2247 2898 2304; x_wconf 84' lang='lat' dir='ltr'>divinitatem</span> <span class='ocrx_word' id='word_1_581' title='bbox 2934 2266 2945 2304; x_wconf 89' lang='lat'><strong>:</strong></span> <span class='ocrx_word' id='word_1_582' title='bbox 2989 2248 3138 2306; x_wconf 89' lang='lat' dir='ltr'>Isaac</span> <span class='ocrx_word' id='word_1_583' title='bbox 3165 2259 3348 2308; x_wconf 91' lang='lat' dir='ltr'>autem</span> <span class='ocrx_word' id='word_1_584' title='bbox 3380 2252 3492 2308; x_wconf 93' lang='lat' dir='ltr'>ho—</span> 
     </span>
    </p>
   </div>
   <div class='ocr_carea' id='block_1_79' title="bbox 1896 2336 3493 2414">
    <p class='ocr_par' dir='ltr' id='par_1_79' title="bbox 1896 2336 3493 2414">
     <span class='ocr_line' id='line_1_79' title="bbox 1896 2336 3493 2414; baseline 0.004 -24"><span class='ocrx_word' id='word_1_585' title='bbox 1896 2336 2125 2406; x_wconf 91' lang='lat' dir='ltr'>minem,</span> <span class='ocrx_word' id='word_1_586' title='bbox 2176 2352 2338 2409; x_wconf 91' lang='lat' dir='ltr'>quem</span> <span class='ocrx_word' id='word_1_587' title='bbox 2404 2336 2658 2395; x_wconf 88' lang='lat' dir='ltr'>Christus</span> <span class='ocrx_word' id='word_1_588' title='bbox 2699 2339 3012 2410; x_wconf 88' lang='lat' dir='ltr'>assumpsit,</span> <span class='ocrx_word' id='word_1_589' title='bbox 3066 2340 3360 2413; x_wconf 90' lang='lat' dir='ltr'>designat:</span> <span class='ocrx_word' id='word_1_590' title='bbox 3395 2358 3493 2414; x_wconf 91' lang='lat' dir='ltr'>per</span> 
     </span>
    </p>
   </div>
   <div class='ocr_carea' id='block_1_80' title="bbox 1894 2425 3491 2503">
    <p class='ocr_par' dir='ltr' id='par_1_80' title="bbox 1894 2425 3491 2503">
     <span class='ocr_line' id='line_1_80' title="bbox 1894 2425 3491 2503; baseline 0.004 -23"><span class='ocrx_word' id='word_1_591' title='bbox 1894 2425 2114 2482; x_wconf 90' lang='lat' dir='ltr'>asinum</span> <span class='ocrx_word' id='word_1_592' title='bbox 2150 2443 2281 2483; x_wconf 88' lang='lat' dir='ltr'>vero</span> <span class='ocrx_word' id='word_1_593' title='bbox 2312 2427 2543 2500; x_wconf 88' lang='lat' dir='ltr'>apostoli</span> <span class='ocrx_word' id='word_1_594' title='bbox 2565 2428 2938 2500; x_wconf 88' lang='lat' dir='ltr'>designantur.</span> <span class='ocrx_word' id='word_1_595' title='bbox 2989 2429 3265 2485; x_wconf 85' lang='lat' dir='ltr'>Abraham</span> <span class='ocrx_word' id='word_1_596' title='bbox 3318 2430 3491 2503; x_wconf 90' lang='lat' dir='ltr'>igitur</span> 
     </span>
    </p>
   </div>
   <div class='ocr_carea' id='block_1_81' title="bbox 1893 2519 3490 2596">
    <p class='ocr_par' dir='ltr' id='par_1_81' title="bbox 1893 2519 3490 2596">
     <span class='ocr_line' id='line_1_81' title="bbox 1893 2519 3490 2596; baseline 0.005 -20"><span class='ocrx_word' id='word_1_597' title='bbox 1893 2519 1961 2576; x_wconf 91' lang='lat' dir='ltr'>de</span> <span class='ocrx_word' id='word_1_598' title='bbox 1989 2530 2145 2577; x_wconf 90' lang='lat' dir='ltr'>nocte</span> <span class='ocrx_word' id='word_1_599' title='bbox 2176 2523 2457 2591; x_wconf 82' lang='lat' dir='ltr'>surrexit;</span> <span class='ocrx_word' id='word_1_600' title='bbox 2490 2523 2619 2596; x_wconf 91' lang='lat' dir='ltr'>quia</span> <span class='ocrx_word' id='word_1_601' title='bbox 2653 2526 2829 2580; x_wconf 89' lang='lat' dir='ltr'>Filius</span> <span class='ocrx_word' id='word_1_602' title='bbox 2864 2525 2983 2593; x_wconf 91' lang='lat' dir='ltr'>Dei,</span> <span class='ocrx_word' id='word_1_603' title='bbox 3011 2526 3217 2582; x_wconf 90' lang='lat' dir='ltr'>mundo</span> <span class='ocrx_word' id='word_1_604' title='bbox 3247 2527 3305 2582; x_wconf 91' lang='lat' dir='ltr'>in</span> <span class='ocrx_word' id='word_1_605' title='bbox 3327 2535 3490 2585; x_wconf 89' lang='lat' dir='ltr'>tene—</span> 
     </span>
    </p>
   </div>
   <div class='ocr_carea' id='block_1_82' title="bbox 1893 2609 3487 2687">
    <p class='ocr_par' dir='ltr' id='par_1_82' title="bbox 1893 2609 3487 2687">
     <span class='ocr_line' id='line_1_82' title="bbox 1893 2609 3487 2687; baseline 0.005 -22"><span class='ocrx_word' id='word_1_606' title='bbox 1893 2609 2008 2665; x_wconf 90' lang='lat' dir='ltr'>bris</span> <span class='ocrx_word' id='word_1_607' title='bbox 2037 2612 2359 2683; x_wconf 77' lang='lat' dir='ltr'>ignorantiaa</span> <span class='ocrx_word' id='word_1_608' title='bbox 2398 2615 2597 2685; x_wconf 90' lang='lat' dir='ltr'>posito,</span> <span class='ocrx_word' id='word_1_609' title='bbox 2627 2630 2697 2670; x_wconf 88' lang='lat' dir='ltr'>ex</span> <span class='ocrx_word' id='word_1_610' title='bbox 2737 2615 2907 2671; x_wconf 88' lang='lat' dir='ltr'>Maria</span> <span class='ocrx_word' id='word_1_611' title='bbox 2938 2616 3166 2687; x_wconf 85' lang='lat' dir='ltr'>Virgine</span> <span class='ocrx_word' id='word_1_612' title='bbox 3206 2617 3356 2674; x_wconf 89' lang='lat' dir='ltr'>nasci</span> <span class='ocrx_word' id='word_1_613' title='bbox 3391 2618 3487 2673; x_wconf 91' lang='lat' dir='ltr'>di-</span> 
     </span>
    </p>
   </div>
   <div class='ocr_carea' id='block_1_83' title="bbox 1895 2701 3486 2778">
    <p class='ocr_par' dir='ltr' id='par_1_83' title="bbox 1895 2701 3486 2778">
     <span class='ocr_line' id='line_1_83' title="bbox 1895 2701 3486 2778; baseline 0.008 -27"><span class='ocrx_word' id='word_1_614' title='bbox 1895 2709 2090 2770; x_wconf 89' lang='lat' dir='ltr'>gnatus</span> <span class='ocrx_word' id='word_1_615' title='bbox 2120 2711 2200 2757; x_wconf 91' lang='lat' dir='ltr'>est</span> <span class='ocrx_word' id='word_1_616' title='bbox 2235 2719 2247 2756; x_wconf 86' lang='lat'><strong>:</strong></span> <span class='ocrx_word' id='word_1_617' title='bbox 2300 2701 2502 2758; x_wconf 90' lang='lat' dir='ltr'>stravit</span> <span class='ocrx_word' id='word_1_618' title='bbox 2544 2702 2758 2757; x_wconf 91' lang='lat' dir='ltr'>asinum</span> <span class='ocrx_word' id='word_1_619' title='bbox 2789 2720 2971 2772; x_wconf 90' lang='lat' dir='ltr'>suum,</span> <span class='ocrx_word' id='word_1_620' title='bbox 3006 2704 3225 2777; x_wconf 91' lang='lat' dir='ltr'>quando</span> <span class='ocrx_word' id='word_1_621' title='bbox 3253 2714 3486 2778; x_wconf 87' lang='lat' dir='ltr'>aposto-</span> 
     </span>
    </p>
   </div>
   <div class='ocr_carea' id='block_1_84' title="bbox 1894 2788 3488 2864">
    <p class='ocr_par' dir='ltr' id='par_1_84' title="bbox 1894 2788 3488 2864">
     <span class='ocr_line' id='line_1_84' title="bbox 1894 2788 3488 2864; baseline 0.006 -21"><span class='ocrx_word' id='word_1_622' title='bbox 1894 2788 1962 2843; x_wconf 92' lang='lat' dir='ltr'>lis</span> <span class='ocrx_word' id='word_1_623' title='bbox 1993 2788 2109 2843; x_wconf 89' lang='lat' dir='ltr'>suis</span> <span class='ocrx_word' id='word_1_624' title='bbox 2136 2788 2393 2844; x_wconf 89' lang='lat' dir='ltr'>mandata</span> <span class='ocrx_word' id='word_1_625' title='bbox 2435 2790 2722 2863; x_wconf 86' lang='lat' dir='ltr'>Evangelii</span> <span class='ocrx_word' id='word_1_626' title='bbox 2755 2791 2982 2848; x_wconf 87' lang='lat' dir='ltr'>tradidit</span> <span class='ocrx_word' id='word_1_627' title='bbox 3013 2810 3024 2848; x_wconf 92' lang='lat'>:</span> <span class='ocrx_word' id='word_1_628' title='bbox 3058 2810 3154 2864; x_wconf 90' lang='lat' dir='ltr'>per</span> <span class='ocrx_word' id='word_1_629' title='bbox 3182 2794 3320 2851; x_wconf 90' lang='lat' dir='ltr'>duos</span> <span class='ocrx_word' id='word_1_630' title='bbox 3355 2812 3488 2853; x_wconf 90' lang='lat' dir='ltr'>vero</span> 
     </span>
    </p>
   </div>
   <div class='ocr_carea' id='block_1_85' title="bbox 1889 2875 3482 2955">
    <p class='ocr_par' dir='ltr' id='par_1_85' title="bbox 1889 2875 3482 2955">
     <span class='ocr_line' id='line_1_85' title="bbox 1889 2875 3482 2955; baseline 0.007 -25"><span class='ocrx_word' id='word_1_631' title='bbox 1889 2875 2122 2947; x_wconf 88' lang='lat' dir='ltr'>juvenes</span> <span class='ocrx_word' id='word_1_632' title='bbox 2171 2878 2289 2948; x_wconf 78' lang='grc'>(51)</span> <span class='ocrx_word' id='word_1_633' title='bbox 2347 2878 2461 2935; x_wconf 92' lang='lat' dir='ltr'>duo</span> <span class='ocrx_word' id='word_1_634' title='bbox 2494 2888 2763 2952; x_wconf 81' lang='lat' dir='ltr'>praecepta</span> <span class='ocrx_word' id='word_1_635' title='bbox 2791 2880 3077 2938; x_wconf 87' lang='lat' dir='ltr'>charitatis</span> <span class='ocrx_word' id='word_1_636' title='bbox 3105 2882 3482 2955; x_wconf 89' lang='lat' dir='ltr'>designantur.</span> 
     </span>
    </p>
   </div>
   <div class='ocr_carea' id='block_1_86' title="bbox 1893 2966 3489 3047">
    <p class='ocr_par' dir='ltr' id='par_1_86' title="bbox 1893 2966 3489 3047">
     <span class='ocr_line' id='line_1_86' title="bbox 1893 2966 3489 3047; baseline 0.006 -26"><span class='ocrx_word' id='word_1_637' title='bbox 1893 2968 2039 3021; x_wconf 87' lang='lat' dir='ltr'>Duos</span> <span class='ocrx_word' id='word_1_638' title='bbox 2085 2966 2319 3039; x_wconf 90' lang='lat' dir='ltr'>juvenes</span> <span class='ocrx_word' id='word_1_639' title='bbox 2368 2986 2549 3024; x_wconf 90' lang='lat' dir='ltr'>secum</span> <span class='ocrx_word' id='word_1_640' title='bbox 2600 2968 2764 3026; x_wconf 87' lang='lat' dir='ltr'>duxit</span> <span class='ocrx_word' id='word_1_641' title='bbox 2807 2994 2817 3037; x_wconf 89' lang='lat'>;</span> <span class='ocrx_word' id='word_1_642' title='bbox 2876 2972 3007 3043; x_wconf 84' lang='lat' dir='ltr'>quia</span> <span class='ocrx_word' id='word_1_643' title='bbox 3052 2973 3163 3029; x_wconf 93' lang='lat' dir='ltr'>duo</span> <span class='ocrx_word' id='word_1_644' title='bbox 3218 2983 3489 3047; x_wconf 72' lang='lat' dir='ltr'>praecepta</span> 
     </span>
    </p>
   </div>
   <div class='ocr_carea' id='block_1_87' title="bbox 1891 3054 3488 3136">
    <p class='ocr_par' dir='ltr' id='par_1_87' title="bbox 1891 3054 3488 3136">
     <span class='ocr_line' id='line_1_87' title="bbox 1891 3054 3488 3136; baseline 0.007 -27"><span class='ocrx_word' id='word_1_645' title='bbox 1891 3054 2175 3112; x_wconf 88' lang='lat' dir='ltr'>charitatis</span> <span class='ocrx_word' id='word_1_646' title='bbox 2252 3057 2545 3129; x_wconf 91' lang='lat' dir='ltr'>discipulis</span> <span class='ocrx_word' id='word_1_647' title='bbox 2599 3059 2715 3115; x_wconf 89' lang='lat' dir='ltr'>suis</span> <span class='ocrx_word' id='word_1_648' title='bbox 2778 3060 2983 3117; x_wconf 89' lang='lat' dir='ltr'>arctius</span> <span class='ocrx_word' id='word_1_649' title='bbox 3031 3072 3086 3120; x_wconf 89' lang='lat' dir='ltr'>et</span> <span class='ocrx_word' id='word_1_650' title='bbox 3145 3063 3488 3136; x_wconf 87' lang='lat' dir='ltr'>frequentius</span> 
     </span>
    </p>
   </div>
   <div class='ocr_carea' id='block_1_88' title="bbox 1890 3145 3484 3225">
    <p class='ocr_par' dir='ltr' id='par_1_88' title="bbox 1890 3145 3484 3225">
     <span class='ocr_line' id='line_1_88' title="bbox 1890 3145 3484 3225; baseline 0.006 -24"><span class='ocrx_word' id='word_1_651' title='bbox 1890 3145 2125 3201; x_wconf 90' lang='lat' dir='ltr'>tradidit</span> <span class='ocrx_word' id='word_1_652' title='bbox 2177 3164 2188 3201; x_wconf 90' lang='lat'>:</span> <span class='ocrx_word' id='word_1_653' title='bbox 2245 3146 2412 3203; x_wconf 85' lang='lat' dir='ltr'>duxit</span> <span class='ocrx_word' id='word_1_654' title='bbox 2461 3155 2515 3203; x_wconf 91' lang='lat' dir='ltr'>et</span> <span class='ocrx_word' id='word_1_655' title='bbox 2560 3147 2738 3204; x_wconf 90' lang='lat' dir='ltr'>ﬁlium</span> <span class='ocrx_word' id='word_1_656' title='bbox 2789 3167 2974 3219; x_wconf 90' lang='lat' dir='ltr'>suum,</span> <span class='ocrx_word' id='word_1_657' title='bbox 3031 3152 3159 3225; x_wconf 90' lang='lat' dir='ltr'>quia</span> <span class='ocrx_word' id='word_1_658' title='bbox 3202 3153 3484 3209; x_wconf 90' lang='lat' dir='ltr'>hominem</span> 
     </span>
    </p>
   </div>
   <div class='ocr_carea' id='block_1_89' title="bbox 1818 3228 3486 3313">
    <p class='ocr_par' dir='ltr' id='par_1_89' title="bbox 1818 3228 3486 3313">
     <span class='ocr_line' id='line_1_89' title="bbox 1818 3228 3486 3313; baseline 0.006 -25"><span class='ocrx_word' id='word_1_659' title='bbox 1818 3228 1862 3288; x_wconf 79' lang='grc' dir='ltr'><strong>Ο</strong></span> <span class='ocrx_word' id='word_1_660' title='bbox 1898 3252 2056 3308; x_wconf 89' lang='lat' dir='ltr'>quem</span> <span class='ocrx_word' id='word_1_661' title='bbox 2090 3236 2404 3308; x_wconf 86' lang='lat' dir='ltr'>assumpsit,</span> <span class='ocrx_word' id='word_1_662' title='bbox 2429 3236 2496 3292; x_wconf 89' lang='lat' dir='ltr'>ad</span> <span class='ocrx_word' id='word_1_663' title='bbox 2523 3237 2866 3295; x_wconf 88' lang='lat' dir='ltr'>moriendum</span> <span class='ocrx_word' id='word_1_664' title='bbox 2901 3257 2999 3311; x_wconf 88' lang='lat' dir='ltr'>pro</span> <span class='ocrx_word' id='word_1_665' title='bbox 3029 3258 3223 3313; x_wconf 91' lang='lat' dir='ltr'>genere</span> <span class='ocrx_word' id='word_1_666' title='bbox 3247 3242 3486 3298; x_wconf 90' lang='lat' dir='ltr'>humano</span> 
     </span>
    </p>
   </div>
   <div class='ocr_carea' id='block_1_90' title="bbox 1896 3324 3485 3404">
    <p class='ocr_par' dir='ltr' id='par_1_90' title="bbox 1896 3324 3485 3404">
     <span class='ocr_line' id='line_1_90' title="bbox 1896 3324 3485 3404; baseline 0.006 -26"><span class='ocrx_word' id='word_1_667' title='bbox 1896 3324 2158 3393; x_wconf 88' lang='lat' dir='ltr'>tradidit,</span> <span class='ocrx_word' id='word_1_668' title='bbox 2208 3325 2351 3382; x_wconf 90' lang='lat' dir='ltr'>sicut</span> <span class='ocrx_word' id='word_1_669' title='bbox 2391 3325 2505 3398; x_wconf 89' lang='lat' dir='ltr'>ipse</span> <span class='ocrx_word' id='word_1_670' title='bbox 2551 3327 2696 3382; x_wconf 91' lang='lat' dir='ltr'>dixit</span> <span class='ocrx_word' id='word_1_671' title='bbox 2740 3328 2797 3382; x_wconf 91' lang='lat' dir='ltr'>in</span> <span class='ocrx_word' id='word_1_672' title='bbox 2848 3331 3150 3403; x_wconf 88' lang='lat' dir='ltr'>Evangelio</span> <span class='ocrx_word' id='word_1_673' title='bbox 3193 3332 3485 3404; x_wconf 91' lang='lat' dir='ltr'>discipulis</span> 
     </span>
    </p>
   </div>
   <div class='ocr_carea' id='block_1_91' title="bbox 1895 3410 3485 3491">
    <p class='ocr_par' dir='ltr' id='par_1_91' title="bbox 1895 3410 3485 3491">
     <span class='ocr_line' id='line_1_91' title="bbox 1895 3410 3485 3491; baseline 0.005 -24"><span class='ocrx_word' id='word_1_674' title='bbox 1895 3410 2055 3467; x_wconf 88' lang='lat' dir='ltr'>suis:</span> <span class='ocrx_word' id='word_1_675' title='bbox 2106 3436 2139 3491; x_wconf 49' lang='lat'>3</span> <span class='ocrx_word' id='word_1_676' title='bbox 2190 3414 2332 3469; x_wconf 89' lang='lat' dir='ltr'>Ecce</span> <span class='ocrx_word' id='word_1_677' title='bbox 2378 3415 2724 3471; x_wconf 89' lang='lat' dir='ltr'>ascendimus</span> <span class='ocrx_word' id='word_1_678' title='bbox 2770 3416 3226 3491; x_wconf 83' lang='lat' dir='ltr'>Hierosolymam,</span> <span class='ocrx_word' id='word_1_679' title='bbox 3259 3427 3313 3475; x_wconf 90' lang='lat' dir='ltr'>et</span> <span class='ocrx_word' id='word_1_680' title='bbox 3340 3436 3485 3475; x_wconf 90' lang='lat' dir='ltr'>con-</span> 
     </span>
    </p>
   </div>
   <div class='ocr_carea' id='block_1_92' title="bbox 1894 3501 3485 3580">
    <p class='ocr_par' dir='ltr' id='par_1_92' title="bbox 1894 3501 3485 3580">
     <span class='ocr_line' id='line_1_92' title="bbox 1894 3501 3485 3580; baseline 0.005 -23"><span class='ocrx_word' id='word_1_681' title='bbox 1894 3501 2321 3557; x_wconf 89' lang='lat' dir='ltr'>summabuntur</span> <span class='ocrx_word' id='word_1_682' title='bbox 2350 3502 2557 3571; x_wconf 91' lang='lat' dir='ltr'>omnia,</span> <span class='ocrx_word' id='word_1_683' title='bbox 2583 3520 2703 3576; x_wconf 76' lang='lat' dir='ltr'>quae</span> <span class='ocrx_word' id='word_1_684' title='bbox 2733 3504 2937 3577; x_wconf 90' lang='lat' dir='ltr'>scripta</span> <span class='ocrx_word' id='word_1_685' title='bbox 2963 3515 3091 3563; x_wconf 89' lang='lat' dir='ltr'>sunt</span> <span class='ocrx_word' id='word_1_686' title='bbox 3112 3525 3206 3580; x_wconf 90' lang='lat' dir='ltr'>per</span> <span class='ocrx_word' id='word_1_687' title='bbox 3235 3508 3485 3580; x_wconf 88' lang='lat' dir='ltr'>prophe-</span> 
     </span>
    </p>
   </div>
   <div class='ocr_carea' id='block_1_93' title="bbox 1898 3590 3485 3668">
    <p class='ocr_par' dir='ltr' id='par_1_93' title="bbox 1898 3590 3485 3668">
     <span class='ocr_line' id='line_1_93' title="bbox 1898 3590 3485 3668; baseline 0.005 -22"><span class='ocrx_word' id='word_1_688' title='bbox 1898 3597 1977 3646; x_wconf 89' lang='lat' dir='ltr'>tas</span> <span class='ocrx_word' id='word_1_689' title='bbox 2006 3590 2073 3645; x_wconf 92' lang='lat' dir='ltr'>de</span> <span class='ocrx_word' id='word_1_690' title='bbox 2103 3590 2246 3646; x_wconf 90' lang='lat' dir='ltr'>Filio</span> <span class='ocrx_word' id='word_1_691' title='bbox 2287 3590 2548 3647; x_wconf 86' lang='lat' dir='ltr'>hominis.</span> <span class='ocrx_word' id='word_1_692' title='bbox 2600 3593 2870 3650; x_wconf 85' lang='lat' dir='ltr'>Tradetur</span> <span class='ocrx_word' id='word_1_693' title='bbox 2917 3596 3064 3651; x_wconf 91' lang='lat' dir='ltr'>enim</span> <span class='ocrx_word' id='word_1_694' title='bbox 3117 3597 3392 3668; x_wconf 88' lang='lat' dir='ltr'>gentibus,</span> <span class='ocrx_word' id='word_1_695' title='bbox 3432 3604 3485 3653; x_wconf 91' lang='lat' dir='ltr'>et</span> 
     </span>
    </p>
   </div>
   <div class='ocr_carea' id='block_1_94' title="bbox 1895 3680 3486 3762">
    <p class='ocr_par' dir='ltr' id='par_1_94' title="bbox 1895 3680 3486 3762">
     <span class='ocr_line' id='line_1_94' title="bbox 1895 3680 3486 3762; baseline 0.007 -26"><span class='ocrx_word' id='word_1_696' title='bbox 1895 3680 2178 3752; x_wconf 88' lang='lat' dir='ltr'>illudetur,</span> <span class='ocrx_word' id='word_1_697' title='bbox 2234 3691 2287 3738; x_wconf 90' lang='lat' dir='ltr'>et</span> <span class='ocrx_word' id='word_1_698' title='bbox 2342 3683 2728 3756; x_wconf 86' lang='lat' dir='ltr'>ﬁagellabitur,</span> <span class='ocrx_word' id='word_1_699' title='bbox 2760 3694 2814 3742; x_wconf 91' lang='lat' dir='ltr'>et</span> <span class='ocrx_word' id='word_1_700' title='bbox 2842 3695 3209 3761; x_wconf 88' lang='lat' dir='ltr'>conspuetur:</span> <span class='ocrx_word' id='word_1_701' title='bbox 3245 3696 3298 3746; x_wconf 92' lang='lat' dir='ltr'>et</span> <span class='ocrx_word' id='word_1_702' title='bbox 3327 3699 3486 3762; x_wconf 89' lang='lat' dir='ltr'>post-</span> 
     </span>
    </p>
   </div>
   <div class='ocr_carea' id='block_1_95' title="bbox 1896 3771 3561 3846">
    <p class='ocr_par' dir='ltr' id='par_1_95' title="bbox 1896 3771 3561 3846">
     <span class='ocr_line' id='line_1_95' title="bbox 1896 3771 3561 3846; baseline 0.007 -21"><span class='ocrx_word' id='word_1_703' title='bbox 1896 3786 2058 3842; x_wconf 90' lang='lat' dir='ltr'>quam</span> <span class='ocrx_word' id='word_1_704' title='bbox 2116 3771 2534 3844; x_wconf 87' lang='lat' dir='ltr'>ﬂagellaverint,</span> <span class='ocrx_word' id='word_1_705' title='bbox 2579 3774 2835 3833; x_wconf 90' lang='lat' dir='ltr'>occident</span> <span class='ocrx_word' id='word_1_706' title='bbox 2886 3794 3032 3846; x_wconf 91' lang='lat' dir='ltr'>eum,</span> <span class='ocrx_word' id='word_1_707' title='bbox 3080 3785 3134 3834; x_wconf 93' lang='lat' dir='ltr'>et</span> <span class='ocrx_word' id='word_1_708' title='bbox 3186 3777 3277 3833; x_wconf 90' lang='lat' dir='ltr'>die</span> <span class='ocrx_word' id='word_1_709' title='bbox 3321 3780 3487 3836; x_wconf 91' lang='lat' dir='ltr'>tertia</span> <span class='ocrx_word' id='word_1_710' title='bbox 3551 3773 3561 3780; x_wconf 78' lang='grc'><strong>’</strong></span> 
     </span>
    </p>
   </div>
   <div class='ocr_carea' id='block_1_96' title="bbox 1896 3866 2831 3943">
    <p class='ocr_par' dir='ltr' id='par_1_96' title="bbox 1896 3866 2831 3943">
     <span class='ocr_line' id='line_1_96' title="bbox 1896 3866 2831 3943; baseline 0.012 -26"><span class='ocrx_word' id='word_1_711' title='bbox 1896 3872 2138 3935; x_wconf 87' lang='lat' dir='ltr'>resurget</span> <span class='ocrx_word' id='word_1_712' title='bbox 2171 3866 2324 3937; x_wconf 87' lang='lat' dir='ltr'>(Luc.</span> <span class='ocrx_word' id='word_1_713' title='bbox 2358 3884 2522 3937; x_wconf 83' lang='lat' dir='ltr'>xvm,</span> <span class='ocrx_word' id='word_1_714' title='bbox 2550 3868 2775 3943; x_wconf 76' lang='lat'>31-33).</span> <span class='ocrx_word' id='word_1_715' title='bbox 2812 3898 2831 3921; x_wconf 76' lang='grc' dir='ltr'><strong><em>ι</em></strong></span> 
     </span>
    </p>
   </div>
   <div class='ocr_carea' id='block_1_97' title="bbox 1964 3981 3487 4067">
    <p class='ocr_par' dir='ltr' id='par_1_97' title="bbox 1964 3981 3487 4067">
     <span class='ocr_line' id='line_1_97' title="bbox 1964 3981 3487 4067; baseline 0.011 -30"><span class='ocrx_word' id='word_1_716' title='bbox 1964 3981 2066 4038; x_wconf 91' lang='lat' dir='ltr'>Die</span> <span class='ocrx_word' id='word_1_717' title='bbox 2091 3990 2272 4040; x_wconf 90' lang='lat' dir='ltr'>autem</span> <span class='ocrx_word' id='word_1_718' title='bbox 2303 3986 2467 4041; x_wconf 88' lang='lat' dir='ltr'>tertia</span> <span class='ocrx_word' id='word_1_719' title='bbox 2489 3989 2717 4045; x_wconf 90' lang='lat' dir='ltr'>elevatis</span> <span class='ocrx_word' id='word_1_720' title='bbox 2743 3990 2938 4060; x_wconf 88' lang='lat' dir='ltr'>oculis,</span> <span class='ocrx_word' id='word_1_721' title='bbox 2962 3991 3106 4049; x_wconf 93' lang='lat' dir='ltr'>vidit</span> <span class='ocrx_word' id='word_1_722' title='bbox 3129 3993 3314 4051; x_wconf 89' lang='lat' dir='ltr'>locum</span> <span class='ocrx_word' id='word_1_723' title='bbox 3346 4012 3487 4067; x_wconf 87' lang='lat' dir='ltr'>pro-</span> 
     </span>
    </p>
   </div>
   <div class='ocr_carea' id='block_1_98' title="bbox 1894 4072 3486 4158">
    <p class='ocr_par' dir='ltr' id='par_1_98' title="bbox 1894 4072 3486 4158">
     <span class='ocr_line' id='line_1_98' title="bbox 1894 4072 3486 4158; baseline 0.011 -32"><span class='ocrx_word' id='word_1_724' title='bbox 1894 4072 2006 4127; x_wconf 87' lang='lat' dir='ltr'>cul.</span> <span class='ocrx_word' id='word_1_725' title='bbox 2039 4073 2169 4129; x_wconf 90' lang='lat' dir='ltr'>Tres</span> <span class='ocrx_word' id='word_1_726' title='bbox 2207 4072 2327 4131; x_wconf 90' lang='lat' dir='ltr'>dies</span> <span class='ocrx_word' id='word_1_727' title='bbox 2374 4085 2484 4132; x_wconf 91' lang='lat' dir='ltr'>tres</span> <span class='ocrx_word' id='word_1_728' title='bbox 2512 4077 2742 4136; x_wconf 78' lang='lat' dir='ltr'>decedes</span> <span class='ocrx_word' id='word_1_729' title='bbox 2771 4096 3063 4151; x_wconf 90' lang='lat' dir='ltr'>annorum,</span> <span class='ocrx_word' id='word_1_730' title='bbox 3099 4090 3286 4158; x_wconf 89' lang='lat' dir='ltr'>terque</span> <span class='ocrx_word' id='word_1_731' title='bbox 3324 4084 3486 4143; x_wconf 90' lang='lat' dir='ltr'>binas</span> 
     </span>
    </p>
   </div>
   <div class='ocr_carea' id='block_1_99' title="bbox 1895 4162 3484 4244">
    <p class='ocr_par' dir='ltr' id='par_1_99' title="bbox 1895 4162 3484 4244">
     <span class='ocr_line' id='line_1_99' title="bbox 1895 4162 3484 4244; baseline 0.012 -29"><span class='ocrx_word' id='word_1_732' title='bbox 1895 4177 2109 4218; x_wconf 88' lang='lat' dir='ltr'>menses</span> <span class='ocrx_word' id='word_1_733' title='bbox 2132 4162 2438 4236; x_wconf 89' lang='lat' dir='ltr'>designant,</span> <span class='ocrx_word' id='word_1_734' title='bbox 2471 4183 2579 4240; x_wconf 91' lang='lat' dir='ltr'>quo</span> <span class='ocrx_word' id='word_1_735' title='bbox 2608 4170 2782 4241; x_wconf 90' lang='lat' dir='ltr'>spatio</span> <span class='ocrx_word' id='word_1_736' title='bbox 2804 4178 3112 4244; x_wconf 90' lang='lat' dir='ltr'>temporum</span> <span class='ocrx_word' id='word_1_737' title='bbox 3144 4174 3398 4233; x_wconf 89' lang='lat' dir='ltr'>Christus</span> <span class='ocrx_word' id='word_1_738' title='bbox 3425 4177 3484 4234; x_wconf 92' lang='lat' dir='ltr'>in</span> 
     </span>
    </p>
   </div>
   <div class='ocr_carea' id='block_1_100' title="bbox 1894 4249 3482 4323">
    <p class='ocr_par' dir='ltr' id='par_1_100' title="bbox 1894 4249 3482 4323">
     <span class='ocr_line' id='line_1_100' title="bbox 1894 4249 3482 4323; baseline 0.011 -18"><span class='ocrx_word' id='word_1_739' title='bbox 1894 4249 2102 4307; x_wconf 91' lang='lat' dir='ltr'>mundo</span> <span class='ocrx_word' id='word_1_740' title='bbox 2130 4263 2482 4311; x_wconf 88' lang='lat' dir='ltr'>conversatus</span> <span class='ocrx_word' id='word_1_741' title='bbox 2530 4256 2753 4314; x_wconf 90' lang='lat' dir='ltr'>dicitur.</span> <span class='ocrx_word' id='word_1_742' title='bbox 2789 4260 2965 4317; x_wconf 92' lang='lat' dir='ltr'>Locus</span> <span class='ocrx_word' id='word_1_743' title='bbox 3012 4280 3142 4320; x_wconf 91' lang='lat' dir='ltr'>vero</span> <span class='ocrx_word' id='word_1_744' title='bbox 3184 4265 3482 4323; x_wconf 84' lang='lat' dir='ltr'>Jerusalem</span> 
     </span>
    </p>
   </div>
   <div class='ocr_carea' id='block_1_101' title="bbox 1894 4337 3483 4418">
    <p class='ocr_par' dir='ltr' id='par_1_101' title="bbox 1894 4337 3483 4418">
     <span class='ocr_line' id='line_1_101' title="bbox 1894 4337 3483 4418; baseline 0.013 -25"><span class='ocrx_word' id='word_1_745' title='bbox 1894 4337 2235 4412; x_wconf 90' lang='lat' dir='ltr'>designabat,</span> <span class='ocrx_word' id='word_1_746' title='bbox 2269 4343 2327 4398; x_wconf 90' lang='lat' dir='ltr'>in</span> <span class='ocrx_word' id='word_1_747' title='bbox 2359 4360 2467 4417; x_wconf 89' lang='lat' dir='ltr'>qua</span> <span class='ocrx_word' id='word_1_748' title='bbox 2493 4362 2682 4418; x_wconf 89' lang='lat' dir='ltr'>passus</span> <span class='ocrx_word' id='word_1_749' title='bbox 2710 4356 2792 4405; x_wconf 91' lang='lat' dir='ltr'>est</span> <span class='ocrx_word' id='word_1_750' title='bbox 2821 4349 3092 4409; x_wconf 90' lang='lat' dir='ltr'>Christus.</span> <span class='ocrx_word' id='word_1_751' title='bbox 3136 4354 3241 4410; x_wconf 89' lang='lat' dir='ltr'>Sed</span> <span class='ocrx_word' id='word_1_752' title='bbox 3281 4373 3381 4412; x_wconf 89' lang='lat' dir='ltr'>cur</span> <span class='ocrx_word' id='word_1_753' title='bbox 3408 4357 3483 4412; x_wconf 87' lang='lat' dir='ltr'>lo—</span> 
     </span>
    </p>
   </div>
   <div class='ocr_carea' id='block_1_102' title="bbox 1894 4433 3484 4517">
    <p class='ocr_par' dir='ltr' id='par_1_102' title="bbox 1894 4433 3484 4517">
     <span class='ocr_line' id='line_1_102' title="bbox 1894 4433 3484 4517; baseline 0.012 -34"><span class='ocrx_word' id='word_1_754' title='bbox 1894 4444 2020 4484; x_wconf 89' lang='lat' dir='ltr'>cum</span> <span class='ocrx_word' id='word_1_755' title='bbox 2046 4447 2101 4485; x_wconf 91' lang='lat' dir='ltr'>se</span> <span class='ocrx_word' id='word_1_756' title='bbox 2132 4433 2321 4502; x_wconf 90' lang='lat' dir='ltr'>procul</span> <span class='ocrx_word' id='word_1_757' title='bbox 2352 4434 2559 4491; x_wconf 91' lang='lat' dir='ltr'>vidisse</span> <span class='ocrx_word' id='word_1_758' title='bbox 2584 4438 2752 4508; x_wconf 83' lang='lat' dir='ltr'>dixit,</span> <span class='ocrx_word' id='word_1_759' title='bbox 2774 4458 2900 4496; x_wconf 88' lang='lat' dir='ltr'>cum</span> <span class='ocrx_word' id='word_1_760' title='bbox 2917 4443 3164 4513; x_wconf 90' lang='lat' dir='ltr'>quotidie</span> <span class='ocrx_word' id='word_1_761' title='bbox 3187 4444 3242 4498; x_wconf 91' lang='lat' dir='ltr'>in</span> <span class='ocrx_word' id='word_1_762' title='bbox 3274 4447 3484 4517; x_wconf 91' lang='lat' dir='ltr'>templo</span> 
     </span>
    </p>
   </div>
   <div class='ocr_carea' id='block_1_103' title="bbox 1894 4518 3486 4610">
    <p class='ocr_par' dir='ltr' id='par_1_103' title="bbox 1894 4518 3486 4610">
     <span class='ocr_line' id='line_1_103' title="bbox 1894 4518 3486 4610; baseline 0.011 -38"><span class='ocrx_word' id='word_1_763' title='bbox 1894 4518 2257 4589; x_wconf 66' lang='lat' dir='ltr'>praedicaret?</span> <span class='ocrx_word' id='word_1_764' title='bbox 2289 4522 2430 4589; x_wconf 86' lang='lat' dir='ltr'>Quia</span> <span class='ocrx_word' id='word_1_765' title='bbox 2459 4528 2712 4597; x_wconf 87' lang='lat' dir='ltr'>quamvis</span> <span class='ocrx_word' id='word_1_766' title='bbox 2759 4529 2933 4585; x_wconf 69' lang='lat' dir='ltr'>Judaei</span> <span class='ocrx_word' id='word_1_767' title='bbox 2966 4548 3131 4610; x_wconf 60' lang='lat' dir='ltr'>prope</span> <span class='ocrx_word' id='word_1_768' title='bbox 3160 4541 3340 4588; x_wconf 89' lang='lat' dir='ltr'>essent</span> <span class='ocrx_word' id='word_1_769' title='bbox 3366 4550 3486 4589; x_wconf 90' lang='lat' dir='ltr'>cor-</span> 
     </span>
    </p>
   </div>
   <div class='ocr_carea' id='block_1_104' title="bbox 1811 4592 3483 4693">
    <p class='ocr_par' dir='ltr' id='par_1_104' title="bbox 1811 4592 3483 4693">
     <span class='ocr_line' id='line_1_104' title="bbox 1811 4592 3483 4693; baseline 0.01 -31"><span class='ocrx_word' id='word_1_770' title='bbox 1811 4592 1859 4652; x_wconf 81' lang='grc' dir='ltr'>Ι)</span> <span class='ocrx_word' id='word_1_771' title='bbox 1888 4624 2038 4679; x_wconf 91' lang='lat' dir='ltr'>pore,</span> <span class='ocrx_word' id='word_1_772' title='bbox 2089 4619 2306 4683; x_wconf 88' lang='lat' dir='ltr'>propter</span> <span class='ocrx_word' id='word_1_773' title='bbox 2364 4592 2804 4672; x_wconf 74' lang='lat' dir='ltr'>incredulitatem</span> <span class='ocrx_word' id='word_1_774' title='bbox 2850 4592 3033 4675; x_wconf 69' lang='lat' dir='ltr'>tamen</span> <span class='ocrx_word' id='word_1_775' title='bbox 3066 4592 3226 4693; x_wconf 78' lang='lat' dir='ltr'>longe</span> <span class='ocrx_word' id='word_1_776' title='bbox 3269 4622 3337 4677; x_wconf 90' lang='lat' dir='ltr'>ab</span> <span class='ocrx_word' id='word_1_777' title='bbox 3386 4622 3483 4689; x_wconf 83' lang='lat' dir='ltr'>illo</span> 
     </span>
    </p>
   </div>
   <div class='ocr_carea' id='block_1_105' title="bbox 1893 4710 2244 4757">
    <p class='ocr_par' dir='ltr' id='par_1_105' title="bbox 1893 4710 2244 4757">
     <span class='ocr_line' id='line_1_105' title="bbox 1893 4710 2244 4757; baseline 0.017 -6"><span class='ocrx_word' id='word_1_778' title='bbox 1893 4710 2244 4757; x_wconf 66' lang='lat' dir='ltr'>recesserant.</span> 
     </span>
    </p>
   </div>
   <div class='ocr_carea' id='block_1_106' title="bbox 1963 4818 3485 4902">
    <p class='ocr_par' dir='ltr' id='par_1_106' title="bbox 1963 4818 3485 4902">
     <span class='ocr_line' id='line_1_106' title="bbox 1963 4818 3485 4902; baseline 0.011 -30"><span class='ocrx_word' id='word_1_779' title='bbox 1963 4818 2227 4892; x_wconf 82' lang='lat' dir='ltr'>Dixitque</span> <span class='ocrx_word' id='word_1_780' title='bbox 2258 4821 2535 4879; x_wconf 86' lang='lat' dir='ltr'>Abraham</span> <span class='ocrx_word' id='word_1_781' title='bbox 2565 4825 2751 4895; x_wconf 91' lang='lat' dir='ltr'>pueris</span> <span class='ocrx_word' id='word_1_782' title='bbox 2778 4827 2895 4883; x_wconf 88' lang='lat' dir='ltr'>suis</span> <span class='ocrx_word' id='word_1_783' title='bbox 2931 4846 2943 4883; x_wconf 90' lang='lat'><strong>:</strong></span> <span class='ocrx_word' id='word_1_784' title='bbox 2990 4851 3008 4875; x_wconf 74' lang='grc' dir='ltr'>ι</span> <span class='ocrx_word' id='word_1_785' title='bbox 3028 4830 3360 4902; x_wconf 85' lang='lat' dir='ltr'>Exspectate</span> <span class='ocrx_word' id='word_1_786' title='bbox 3391 4832 3485 4889; x_wconf 82' lang='lat' dir='ltr'>hic</span> 
     </span>
    </p>
   </div>
   <div class='ocr_carea' id='block_1_107' title="bbox 1892 4910 3477 4993">
    <p class='ocr_par' dir='ltr' id='par_1_107' title="bbox 1892 4910 3477 4993">
     <span class='ocr_line' id='line_1_107' title="bbox 1892 4910 3477 4993; baseline 0.009 -29"><span class='ocrx_word' id='word_1_787' title='bbox 1892 4924 2017 4964; x_wconf 92' lang='lat' dir='ltr'>cum</span> <span class='ocrx_word' id='word_1_788' title='bbox 2045 4910 2247 4967; x_wconf 87' lang='lat' dir='ltr'>asino:</span> <span class='ocrx_word' id='word_1_789' title='bbox 2302 4926 2401 4983; x_wconf 89' lang='lat' dir='ltr'>ego</span> <span class='ocrx_word' id='word_1_790' title='bbox 2447 4920 2501 4968; x_wconf 91' lang='lat' dir='ltr'>et</span> <span class='ocrx_word' id='word_1_791' title='bbox 2542 4930 2676 4985; x_wconf 91' lang='lat' dir='ltr'>puer</span> <span class='ocrx_word' id='word_1_792' title='bbox 2702 4917 2838 4972; x_wconf 89' lang='lat' dir='ltr'>illuc</span> <span class='ocrx_word' id='word_1_793' title='bbox 2883 4934 3052 4990; x_wconf 90' lang='lat' dir='ltr'>usque</span> <span class='ocrx_word' id='word_1_794' title='bbox 3097 4929 3477 4993; x_wconf 87' lang='lat' dir='ltr'>pr0perantes,</span> 
     </span>
    </p>
   </div>
   <div class='ocr_carea' id='block_1_108' title="bbox 1892 4999 3480 5082">
    <p class='ocr_par' dir='ltr' id='par_1_108' title="bbox 1892 4999 3480 5082">
     <span class='ocr_line' id='line_1_108' title="bbox 1892 4999 3480 5082; baseline 0.01 -30"><span class='ocrx_word' id='word_1_795' title='bbox 1892 5007 2177 5070; x_wconf 90' lang='lat' dir='ltr'>postquam</span> <span class='ocrx_word' id='word_1_796' title='bbox 2230 4999 2658 5071; x_wconf 90' lang='lat' dir='ltr'>adoraverimus,</span> <span class='ocrx_word' id='word_1_797' title='bbox 2706 5016 3046 5063; x_wconf 89' lang='lat' dir='ltr'>revertemur</span> <span class='ocrx_word' id='word_1_798' title='bbox 3083 5009 3151 5065; x_wconf 90' lang='lat' dir='ltr'>ad</span> <span class='ocrx_word' id='word_1_799' title='bbox 3179 5028 3281 5066; x_wconf 90' lang='lat' dir='ltr'>vos</span> <span class='ocrx_word' id='word_1_800' title='bbox 3320 5011 3480 5082; x_wconf 87' lang='lat' dir='ltr'>(Gen.</span> 
     </span>
    </p>
   </div>
   <div class='ocr_carea' id='block_1_109' title="bbox 1891 5087 3483 5171">
    <p class='ocr_par' dir='ltr' id='par_1_109' title="bbox 1891 5087 3483 5171">
     <span class='ocr_line' id='line_1_109' title="bbox 1891 5087 3483 5171; baseline 0.009 -29"><span class='ocrx_word' id='word_1_801' title='bbox 1891 5103 2034 5157; x_wconf 87' lang='lat' dir='ltr'>xxu,</span> <span class='ocrx_word' id='word_1_802' title='bbox 2065 5087 2145 5159; x_wconf 81' lang='grc'>5).</span> <span class='ocrx_word' id='word_1_803' title='bbox 2182 5116 2199 5138; x_wconf 76' lang='grc' dir='ltr'>ι</span> <span class='ocrx_word' id='word_1_804' title='bbox 2247 5090 2516 5148; x_wconf 89' lang='lat' dir='ltr'>Similiter</span> <span class='ocrx_word' id='word_1_805' title='bbox 2545 5102 2598 5149; x_wconf 92' lang='lat' dir='ltr'>et</span> <span class='ocrx_word' id='word_1_806' title='bbox 2644 5093 2897 5152; x_wconf 87' lang='lat' dir='ltr'>Christus</span> <span class='ocrx_word' id='word_1_807' title='bbox 2941 5107 3257 5171; x_wconf 82' lang='lat' dir='ltr'>exspectare</span> <span class='ocrx_word' id='word_1_808' title='bbox 3301 5101 3483 5159; x_wconf 89' lang='lat' dir='ltr'>disci-</span> 
     </span>
    </p>
   </div>
   <div class='ocr_carea' id='block_1_110' title="bbox 1895 5178 3481 5261">
    <p class='ocr_par' dir='ltr' id='par_1_110' title="bbox 1895 5178 3481 5261">
     <span class='ocr_line' id='line_1_110' title="bbox 1895 5178 3481 5261; baseline 0.011 -30"><span class='ocrx_word' id='word_1_809' title='bbox 1895 5178 2053 5249; x_wconf 91' lang='lat' dir='ltr'>pulos</span> <span class='ocrx_word' id='word_1_810' title='bbox 2109 5195 2236 5235; x_wconf 90' lang='lat' dir='ltr'>suos</span> <span class='ocrx_word' id='word_1_811' title='bbox 2277 5179 2462 5252; x_wconf 89' lang='lat' dir='ltr'>jussit,</span> <span class='ocrx_word' id='word_1_812' title='bbox 2513 5200 2683 5256; x_wconf 91' lang='lat' dir='ltr'>usque</span> <span class='ocrx_word' id='word_1_813' title='bbox 2728 5185 2861 5242; x_wconf 90' lang='lat' dir='ltr'>dum</span> <span class='ocrx_word' id='word_1_814' title='bbox 2911 5204 3197 5261; x_wconf 90' lang='lat' dir='ltr'>resurgens</span> <span class='ocrx_word' id='word_1_815' title='bbox 3244 5199 3481 5247; x_wconf 87' lang='lat' dir='ltr'>reverte-</span> 
     </span>
    </p>
   </div>
   <div class='ocr_carea' id='block_1_111' title="bbox 1894 5269 3482 5337">
    <p class='ocr_par' dir='ltr' id='par_1_111' title="bbox 1894 5269 3482 5337">
     <span class='ocr_line' id='line_1_111' title="bbox 1894 5269 3482 5337; baseline 0.009 -16"><span class='ocrx_word' id='word_1_816' title='bbox 1894 5276 2045 5323; x_wconf 89' lang='lat' dir='ltr'>retur</span> <span class='ocrx_word' id='word_1_817' title='bbox 2071 5269 2139 5324; x_wconf 90' lang='lat' dir='ltr'>ad</span> <span class='ocrx_word' id='word_1_818' title='bbox 2171 5285 2281 5337; x_wconf 92' lang='lat' dir='ltr'>eos,</span> <span class='ocrx_word' id='word_1_819' title='bbox 2313 5287 2439 5327; x_wconf 91' lang='lat' dir='ltr'>cum</span> <span class='ocrx_word' id='word_1_820' title='bbox 2456 5271 2660 5329; x_wconf 87' lang='lat' dir='ltr'>diceret</span> <span class='ocrx_word' id='word_1_821' title='bbox 2692 5293 2704 5330; x_wconf 91' lang='lat'><em>:</em></span> <span class='ocrx_word' id='word_1_822' title='bbox 2752 5299 2770 5323; x_wconf 71' lang='grc' dir='ltr'>ι</span> <span class='ocrx_word' id='word_1_823' title='bbox 2802 5276 3003 5333; x_wconf 91' lang='lat' dir='ltr'>Omnes</span> <span class='ocrx_word' id='word_1_824' title='bbox 3034 5296 3132 5335; x_wconf 89' lang='lat' dir='ltr'>vos</span> <span class='ocrx_word' id='word_1_825' title='bbox 3160 5280 3482 5336; x_wconf 80' lang='lat' dir='ltr'>scandalum</span> 
     </span>
    </p>
   </div>
   <div class='ocr_carea' id='block_1_112' title="bbox 1893 5357 3482 5442">
    <p class='ocr_par' dir='ltr' id='par_1_112' title="bbox 1893 5357 3482 5442">
     <span class='ocr_line' id='line_1_112' title="bbox 1893 5357 3482 5442; baseline 0.008 -31"><span class='ocrx_word' id='word_1_826' title='bbox 1893 5357 2178 5430; x_wconf 88' lang='lat' dir='ltr'>patiemini</span> <span class='ocrx_word' id='word_1_827' title='bbox 2225 5358 2284 5415; x_wconf 92' lang='lat' dir='ltr'>in</span> <span class='ocrx_word' id='word_1_828' title='bbox 2331 5376 2418 5415; x_wconf 91' lang='lat' dir='ltr'>me</span> <span class='ocrx_word' id='word_1_829' title='bbox 2463 5362 2521 5418; x_wconf 93' lang='lat' dir='ltr'>in</span> <span class='ocrx_word' id='word_1_830' title='bbox 2572 5363 2678 5420; x_wconf 88' lang='lat' dir='ltr'>ista</span> <span class='ocrx_word' id='word_1_831' title='bbox 2723 5374 2910 5435; x_wconf 89' lang='lat' dir='ltr'>nocte;</span> <span class='ocrx_word' id='word_1_832' title='bbox 2963 5378 3251 5442; x_wconf 89' lang='lat' dir='ltr'>postquam</span> <span class='ocrx_word' id='word_1_833' title='bbox 3296 5376 3482 5424; x_wconf 90' lang='lat' dir='ltr'>autem</span> 
     </span>
    </p>
   </div>
   <div class='ocr_carea' id='block_1_113' title="bbox 1890 5451 3480 5531">
    <p class='ocr_par' dir='ltr' id='par_1_113' title="bbox 1890 5451 3480 5531">
     <span class='ocr_line' id='line_1_113' title="bbox 1890 5451 3480 5531; baseline 0.008 -30"><span class='ocrx_word' id='word_1_834' title='bbox 1890 5463 2278 5515; x_wconf 87' lang='lat' dir='ltr'>resurrexero,</span> <span class='ocrx_word' id='word_1_835' title='bbox 2326 5451 2625 5521; x_wconf 63' lang='lat' dir='ltr'>precedam</span> <span class='ocrx_word' id='word_1_836' title='bbox 2671 5469 2771 5509; x_wconf 87' lang='lat' dir='ltr'>vos</span> <span class='ocrx_word' id='word_1_837' title='bbox 2821 5455 2878 5510; x_wconf 92' lang='lat' dir='ltr'>in</span> <span class='ocrx_word' id='word_1_838' title='bbox 2926 5456 3210 5514; x_wconf 62' lang='lat' dir='ltr'>Galilaeam</span> <span class='ocrx_word' id='word_1_839' title='bbox 3265 5459 3480 5531; x_wconf 85' lang='lat' dir='ltr'>(Matth.</span> 
     </span>
    </p>
   </div>
   <div class='ocr_carea' id='block_1_114' title="bbox 1889 5538 3483 5616">
    <p class='ocr_par' dir='ltr' id='par_1_114' title="bbox 1889 5538 3483 5616">
     <span class='ocr_line' id='line_1_114' title="bbox 1889 5538 3483 5616; baseline 0.008 -24"><span class='ocrx_word' id='word_1_840' title='bbox 1889 5553 2045 5605; x_wconf 81' lang='lat' dir='ltr'>xxvr,</span> <span class='ocrx_word' id='word_1_841' title='bbox 2087 5538 2174 5607; x_wconf 85' lang='grc'>31,</span> <span class='ocrx_word' id='word_1_842' title='bbox 2208 5538 2323 5611; x_wconf 83' lang='grc'>32).</span> <span class='ocrx_word' id='word_1_843' title='bbox 2369 5564 2388 5587; x_wconf 75' lang='grc' dir='ltr'><strong>ι</strong></span> <span class='ocrx_word' id='word_1_844' title='bbox 2427 5540 2500 5597; x_wconf 91' lang='lat' dir='ltr'>Et</span> <span class='ocrx_word' id='word_1_845' title='bbox 2541 5558 2669 5599; x_wconf 89' lang='lat' dir='ltr'>cum</span> <span class='ocrx_word' id='word_1_846' title='bbox 2698 5545 3282 5616; x_wconf 88' lang='lat' dir='ltr'>comprehenderetur,</span> <span class='ocrx_word' id='word_1_847' title='bbox 3332 5547 3483 5605; x_wconf 89' lang='lat' dir='ltr'>dixit</span> 
     </span>
    </p>
   </div>
   <div class='ocr_carea' id='block_1_115' title="bbox 270 5718 2951 5798">
    <p class='ocr_par' dir='ltr' id='par_1_115' title="bbox 270 5718 2951 5798">
     <span class='ocr_line' id='line_1_115' title="bbox 270 5718 2951 5798; baseline 0.006 -22"><span class='ocrx_word' id='word_1_848' title='bbox 270 5718 388 5790; x_wconf 75' lang='grc'>(51)</span> <span class='ocrx_word' id='word_1_849' title='bbox 438 5718 613 5789; x_wconf 89' lang='lat' dir='ltr'>Edit.,</span> <span class='ocrx_word' id='word_1_850' title='bbox 669 5720 907 5781; x_wconf 74' lang='lat' dir='ltr'>tradidit.</span> <span class='ocrx_word' id='word_1_851' title='bbox 964 5721 1109 5783; x_wconf 82' lang='lat' dir='ltr'>Duos</span> <span class='ocrx_word' id='word_1_852' title='bbox 1161 5742 1282 5783; x_wconf 81' lang='lat' dir='ltr'>vero</span> <span class='ocrx_word' id='word_1_853' title='bbox 1327 5724 1544 5798; x_wconf 84' lang='lat' dir='ltr'>juvenes</span> <span class='ocrx_word' id='word_1_854' title='bbox 1605 5744 1774 5785; x_wconf 83' lang='lat' dir='ltr'>secum</span> <span class='ocrx_word' id='word_1_855' title='bbox 1836 5729 1994 5787; x_wconf 57' lang='lat' dir='ltr'>derit</span> <span class='ocrx_word' id='word_1_856' title='bbox 2023 5745 2041 5784; x_wconf 88' lang='lat'><strong><em>:</em></strong></span> <span class='ocrx_word' id='word_1_857' title='bbox 2074 5747 2202 5788; x_wconf 89' lang='lat' dir='ltr'>mss.</span> <span class='ocrx_word' id='word_1_858' title='bbox 2238 5746 2368 5786; x_wconf 89' lang='lat' dir='ltr'>vero</span> <span class='ocrx_word' id='word_1_859' title='bbox 2390 5729 2550 5787; x_wconf 89' lang='lat' dir='ltr'>nobis</span> <span class='ocrx_word' id='word_1_860' title='bbox 2576 5734 2951 5792; x_wconf 88' lang='lat' dir='ltr'>consentiunt.</span> 
     </span>
    </p>
   </div>
  </div>
