3970 6422
480 371 586 434 899

1550 373 1646 432 AD
1684 372 1917 433 OPERA
1953 371 2010 432 S.
2051 368 2384 432 AMBROSII
2410 368 2790 429 APPENDIX.

3692 370 3815 428 900

481 497 684 555 Iudaeis
722 517 734 555 :
796 523 815 547 ι
867 499 924 556 Si
968 514 1096 572 ergo
1137 515 1224 555 me
1264 497 1532 572 quaeritis,
1579 499 1750 556 sinite
1797 498 1900 556 hos
1926 499 2076 556 abire
2103 500 2154 560 A
2183 495 2571 553 tabernaculis.
2632 496 2737 552 Per
2785 495 2933 552 Esau
2991 494 3232 566 populus
3295 493 3602 552 Hebraicus
3630 538 3654 562 ,
3703 513 3816 568 per

485 588 668 659 (Joan.
705 605 868 656 xvm,
897 588 978 660 8).
1005 613 1024 637 ι

553 677 706 734 Tulit
736 677 908 749 igitur
943 676 1222 733 Abraham
1271 678 1420 750 ligna
1459 678 1788 744 holocausti,
1821 686 1875 734 et
1901 678 2074 750 impo-

483 766 596 823 suit
613 783 778 838 super
797 768 944 823 Isaac
973 766 1148 822 ﬁlium
1179 783 1341 824 suum
1379 784 1390 822 :
1427 769 1542 840 ipse
1575 785 1707 824 vero
1738 767 1988 840 portabat
2017 767 2074 822 in

483 855 738 913 manibus
783 855 964 928 ignem
1017 863 1071 911 et
1111 856 1377 928 gladium.
1410 857 1666 913 Diximus
1696 857 1950 928 superius
1981 872 2078 928 per

483 943 634 1016 ligna
678 951 895 1015 peccata
937 953 1126 999 nostra
1169 943 1340 1000 fuisse
1390 944 1720 1017 designata:
1754 945 1904 1016 ligna
1951 962 2077 1017 ergo

485 1033 636 1088 Isaac
666 1039 812 1094 523
855 1032 1100 1104 portavit
1129 1051 1144 1101 ;
1193 1031 1324 1105 quia
1349 1041 1570 1105 peccata
1598 1042 1787 1090 nostra
1825 1033 2080 1092 Christus

484 1129 716 1200 pertulit
742 1129 802 1186 in
847 1147 1075 1203 corpore
1106 1148 1206 1187 suo
1235 1147 1402 1204 super
1454 1131 1706 1204 lignum;
1739 1138 1801 1187 ut
1841 1130 2080 1204 peccatis

487 1219 690 1275 mortui
729 1219 962 1291 justitiaa
1009 1223 1284 1278 vivamus.
1318 1222 1423 1278 Per
1458 1239 1655 1279 manus
1687 1238 1816 1278 vere
1841 1222 2077 1278 Abrahae

486 1317 725 1382 potestas
744 1311 969 1367 Domini
999 1312 1176 1368 nostri
1205 1312 1334 1368 Iesu
1364 1311 1573 1371 Christi
1615 1311 1976 1384 intelligitur;
2019 1311 2078 1366 in

485 1397 604 1470 ejus
632 1416 866 1474 namque
897 1411 1162 1474 potestate
1191 1403 1298 1460 fuit
1328 1409 1390 1458 ut
1417 1409 1741 1470 moreretur,
1779 1411 1833 1457 et
1879 1409 1941 1456 ut
1966 1417 2077 1456 non

485 1496 815 1558 moreretur,
859 1489 907 1545 si
953 1491 1140 1560 vellet,
1169 1493 1315 1549 sicut
1359 1491 1480 1563 ipse
1520 1491 1642 1546 ait:
1707 1516 1725 1538 ε
1749 1491 2078 1546 Potestatem

486 1575 664 1634 habeo
693 1579 934 1651 ponendi
955 1581 1197 1637 animam
1231 1597 1431 1649 meam,
1463 1589 1518 1637 et
1550 1587 1873 1652 potestatem
1905 1579 2079 1636 habeo

485 1669 687 1727 iterum
736 1673 993 1730 sumendi
1036 1690 1156 1731 eam
1197 1675 1378 1746 (Joan.
1424 1690 1483 1743 x,
1529 1673 1642 1739 18).
1688 1698 1707 1720 ι
1765 1673 1868 1730 Per
1897 1672 2078 1744 ignem

483 1767 668 1816 autem
725 1761 925 1834 passio,
983 1779 1080 1836 per
1131 1763 1374 1836 gladium
1435 1760 1555 1834 ejus
1622 1779 1771 1819 mors
1817 1759 2076 1834 intelligi-

486 1856 596 1906 tur.

554 1936 692 1994 Cum
725 1938 963 1996 venisset
990 1939 1058 1996 ad
1091 1939 1298 2010 locum,
1347 1939 1644 1998 aediﬁcavit
1685 1941 1876 2010 altare,
1911 1947 1964 1997 et
1991 1941 2081 1997 de-

484 2045 651 2100 super
699 2030 848 2104 ligna
894 2032 1226 2104 composuit.
1273 2031 1520 2106 Cumque
1573 2033 1885 2106 colligasset
1935 2033 2084 2088 Isaac

487 2117 667 2174 ﬁlium
726 2137 910 2188 suum,
954 2121 1138 2193 posuit
1185 2137 1311 2177 eum
1363 2123 1423 2178 in
1463 2122 1622 2178 altari
1667 2139 1830 2194 super
1874 2129 2080 2178 struem

486 2211 787 2284 lignorum.
820 2213 922 2269 Per
949 2215 1118 2269 altare
1137 2230 1278 2270 crux
1302 2213 1630 2286 intelligitur
1659 2231 1672 2270 :
1704 2230 1926 2271 crucem
1955 2229 2082 2284 ergo

485 2300 660 2357 Filius
687 2301 786 2358 Dei
815 2301 1129 2370 mdiﬁcavit,
1169 2302 1226 2358 in
1247 2318 1356 2374 qua
1383 2301 1550 2357 homo
1579 2319 1742 2376 quem
1777 2317 2080 2372 assumpse-

485 2397 592 2459 rat,
622 2389 1000 2448 immolaretur
1025 2392 1186 2466 ;quia
1215 2392 1334 2466 ipso
1363 2392 1712 2465 permittente
1745 2393 1950 2450 factum
1975 2399 2078 2449 est.

488 2477 663 2550 Super
704 2479 874 2537 altare
903 2497 1034 2536 vero
1083 2481 1231 2553 ligna
1279 2483 1608 2554 composuit,
1641 2491 1695 2539 et
1741 2498 1905 2554 super
1931 2480 2083 2553 ligna

489 2567 671 2640 posuit
701 2569 852 2626 Isaac
879 2569 1056 2625 ﬁlium
1087 2587 1249 2626 suum
1279 2570 1630 2643 colligatum;
1672 2571 1814 2627 illud
1844 2586 2081 2643 namque

489 2655 638 2730 quod
689 2656 955 2713 suffocare
984 2658 1261 2725 volumus,
1307 2657 1582 2714 nobismet
1633 2658 1768 2731 ipsis
1820 2656 2079 2730 supponi-

491 2763 637 2816 mus,
665 2755 730 2804 ut
777 2748 1017 2820 pondere
1065 2757 1255 2806 nostro
1305 2750 1604 2806 suﬁ'ocetur
1651 2757 1704 2805 et
1733 2755 1952 2820 pereat:
1989 2748 2081 2804 si-

487 2835 698 2892 militer
725 2842 780 2892 et
831 2837 1160 2911 Redemptor
1208 2847 1394 2894 noster
1437 2839 1604 2911 ligna,
1645 2837 1704 2893 id
1740 2845 1821 2893 est
1862 2845 2083 2909 peccata

487 2931 696 2993 nostra,
715 2925 776 2980 in
800 2942 961 2982 cruce
983 2926 1224 2998 pendens
1251 2927 1357 2982 sibi
1389 2925 1712 2999 supposuit;
1748 2933 1809 2980 ut
1837 2925 2081 2998 pondere

489 3028 589 3068 suo
618 3021 780 3084 atque
815 3013 1018 3068 virtute
1065 3013 1465 3070 suti'ocarentur
1493 3031 1554 3070 ac
1579 3015 1912 3071 delerentur.
1949 3013 2082 3072 Vin-

485 3099 612 3156 cula
642 3107 821 3155 autem
849 3101 998 3156 Isaac
1022 3101 1376 3156 alIlictionem
1399 3103 1623 3158 Domini
1653 3103 1713 3158 in
1751 3119 1911 3159 cruce
1941 3101 2084 3158 desi-

2183 585 2349 642 Iacob
2377 601 2508 641 vero
2547 585 2782 658 populus
2825 583 3072 656 gentium
3121 583 3458 655 designatur.
3493 586 3649 642 Isaac
3698 601 3808 640 au-

2183 687 2294 736 tem
2342 679 2630 752 utriusque
2680 677 2894 751 genitor
2933 684 3130 749 typum
3185 677 3412 733 Domini
3449 678 3656 748 tenuit,
3705 681 3813 752 qui

2186 777 2484 840 utrumque
2533 767 2818 840 populum,
2873 773 2928 822 et
2974 765 3134 820 illum
3177 782 3273 838 per
3301 767 3494 838 legem,
3525 777 3582 823 et
3610 767 3801 823 istum

2189 873 2286 928 per
2313 856 2477 912 ﬁdem
2510 855 2656 911 ﬁlios
2685 855 2792 911 sibi
2835 855 2986 911 fecit.
3036 855 3180 909 Esau
3205 854 3446 926 agricola
3478 865 3624 925 erat;
3661 857 3812 930 quia

2186 945 2505 1002 Iudaeorum
2574 945 2810 1017 populus
2867 959 2966 1016 pro
3018 944 3251 1000 terrenis
3309 945 3618 1002 commodis
3677 947 3809 1002 Deo

2187 1037 2476 1096 serviebat.
2512 1039 2632 1094 Non
2659 1039 2804 1094 enim
2827 1037 3038 1094 dictum
3069 1046 3151 1094 est
3179 1037 3249 1094 ad
3279 1037 3406 1095 illos
3451 1057 3462 1095 :
3506 1040 3566 1096 Si
3593 1056 3812 1113 paupe-

2186 1145 2273 1184 res
2301 1128 2518 1184 fueritis
2545 1129 2766 1201 spiritu,
2798 1129 2844 1184 si
2891 1129 3074 1195 mites,
3103 1127 3151 1184 si
3180 1127 3434 1200 paciﬁci,
3480 1129 3527 1185 si
3578 1130 3812 1187 miseri-

2185 1217 2398 1285 cordes,
2453 1217 2498 1273 si
2530 1217 2932 1290 persecutiones
2962 1232 3061 1288 pro
3090 1217 3316 1274 nomine
3347 1234 3470 1274 meo
3505 1219 3806 1275 sustinueo

2185 1307 2342 1375 ritis;
2369 1307 2515 1363 beati
2562 1307 2739 1377 eritis,
2785 1315 2841 1364 et
2883 1323 3094 1364 merces
3121 1316 3303 1364 vestra
3339 1308 3560 1380 copiosa
3587 1310 3704 1366 erit
3745 1327 3813 1366 in

2187 1396 2340 1453 cmlis
2373 1413 2384 1451 :
2443 1395 2539 1451 sed
2580 1396 2791 1453 dictum
2821 1403 2904 1452 est
2929 1395 2998 1450 ad
3030 1395 3157 1452 illos
3189 1414 3201 1452 :
3253 1419 3272 1443 ι
3319 1397 3376 1453 Si
3407 1398 3810 1454 custodieritis

2188 1485 2446 1542 mandata
2499 1503 2636 1556 mea,
2696 1495 2750 1543 et
2790 1485 3002 1558 judicia
3048 1501 3169 1542 mea
3215 1486 3588 1556 servaveritis,
3646 1487 3816 1544 dabo

2189 1581 2349 1638 vobis
2403 1582 2622 1656 pluvias
2675 1581 3013 1654 temporibus
3061 1582 3198 1648 suis,
3252 1589 3307 1638 et
3353 1589 3496 1638 terra
3548 1582 3813 1656 proferet

2190 1683 2408 1740 germen
2433 1686 2620 1736 suum,
2650 1678 2703 1726 et
2743 1671 2922 1742 pomis
2959 1669 3182 1726 arbores
3207 1671 3570 1742 replebuntur
3594 1673 3811 1744 (Lavit.

2190 1773 2340 1826 xxvr,
2372 1755 2428 1826 3,
2467 1757 2547 1830 4),
2581 1783 2600 1806 ι
2635 1766 2689 1814 et
2711 1766 2905 1815 caetera
2931 1774 3053 1831 quae
3077 1759 3147 1816 ad
3173 1758 3400 1815 delicias
3435 1759 3624 1816 saeculi
3658 1777 3817 1833 per—

2101 1860 2148 1920 B
2189 1845 2389 1904 tinent.
2425 1849 2553 1904 Fuit
2582 1849 2746 1905 etiam
2794 1851 2940 1906 Esau
2970 1858 3222 1918 venator,
3274 1850 3403 1924 quia
3432 1867 3528 1923 per
3555 1851 3815 1906 effusio—

2191 1950 2316 1990 nem
2357 1937 2687 2010 sanguinum
2719 1939 2972 2006 arietum,
2997 1937 3280 1996 hircorum
3300 1947 3462 2012 atque
3482 1941 3811 1996 vitulorum

2193 2023 2368 2080 Deum
2399 2025 2613 2096 placare
2659 2036 3021 2085 consueverat
3055 2044 3068 2084 :
3125 2027 3294 2084 Iacob
3335 2035 3517 2084 autem
3549 2028 3810 2101 simplex

2191 2117 2476 2176 habitabat
2537 2121 2595 2176 in
2649 2121 3052 2190 tabernaculis;
3087 2123 3215 2196 quia
3244 2124 3403 2180 electi
3435 2141 3504 2180 ex
3533 2123 3814 2197 gentibus

2191 2207 2307 2263 sola
2349 2207 2456 2264 ﬁde
2493 2211 2608 2281 (52)
2655 2210 2909 2283 bonaque
2945 2211 3231 2268 voluntate
3273 2215 3388 2269 Deo
3419 2215 3632 2287 placere
3663 2221 3800 2270 stu-

2191 2297 2450 2352 duerunt.
2483 2298 2584 2353 Per
2612 2298 2963 2354 tabernacula
2994 2316 3127 2354 vero
3163 2301 3278 2357 sive
3317 2301 3562 2358 diversas
3597 2303 3809 2360 Eccle-

2189 2383 2318 2450 sias,
2364 2383 2422 2438 in
2471 2384 2672 2456 quibus
2699 2401 2795 2456 per
2825 2385 3145 2442 universum
3177 2387 3364 2445 orbem
3394 2406 3507 2445 una
3534 2391 3811 2448 Ecclesia

2189 2469 2464 2528 catholica
2492 2471 2671 2527 divisa
2685 2479 2783 2540 est,
2817 2472 2934 2530 sive
2962 2473 3206 2530 diverses
3241 2477 3463 2534 ordines
3495 2497 3816 2552 possumus

2189 2557 2516 2630 intelligere.

2259 2647 2410 2704 Isaac
2451 2649 2715 2722 diligebat
2767 2651 2934 2718 Esau,
2979 2666 3043 2706 eo
3091 2651 3234 2725 quod
3283 2652 3350 2709 de
3391 2655 3817 2717 venationibus

2191 2736 2345 2794 illius
2360 2746 2670 2794 vesceretur
2694 2756 2706 2794 :
2726 2739 2821 2796 sed
2848 2739 3092 2796 Rebecca
3119 2739 3380 2813 diligebat
3409 2743 3594 2798 Iacob.
3614 2745 3809 2816 Isaac,

2191 2825 2336 2882 sicut
2369 2825 2639 2896 diximus,
2669 2828 2727 2884 in
2778 2827 2884 2884 hoc
2930 2828 3053 2884 loco
3085 2835 3280 2900 typum
3322 2831 3545 2886 Domini
3591 2841 3754 2890 tenet
3787 2852 3802 2890 :

2190 2931 2287 2986 per
2325 2915 2626 2972 Rebeccam
2675 2925 2856 2972 autem
2901 2916 3300 2988 praescientiam
3343 2918 3442 2974 Dei
3490 2935 3806 2991 possumus

2192 3007 2521 3080 intelligere.
2567 3010 2716 3066 Isaac
2757 3009 2929 3081 igitur
2957 3007 3220 3080 diligebat
3247 3011 3414 3078 Esau,
3447 3027 3510 3067 eo
3540 3013 3694 3084 quod
3727 3013 3804 3071 de

2191 3099 2584 3156 venationibus
2607 3101 2760 3157 illius
2795 3109 3138 3164 vesceretur;
3173 3101 3303 3174 quia
3341 3103 3487 3158 Deus
3519 3101 3802 3175 diligebat

486 3197 810 3278 gnaverunt.
831 3191 918 3278 AEa
947 3205 1077 3244 vero
1108 3205 1228 3262 quae
1261 3191 1488 3262 angelus
1520 3191 1588 3248 ad
1617 3193 1896 3249 Abraham
1926 3194 2072 3252 locu-
2110 3217 2154 3278 ο
2192 3190 2455 3278 populum
2484 3191 2819 3260 Iudaeorum,
2859 3207 2924 3247 eo
2957 3191 3104 3264 quod
3133 3191 3368 3248 assiduis
3396 3207 3585 3247 eorum
3623 3193 3801 3250 obla-

489 3284 574 3334 tus
611 3285 710 3344 est,
741 3277 809 3332 ad
830 3275 972 3333 hanc
999 3278 1402 3350 expositionem
1426 3297 1535 3336 non
1569 3289 1868 3353 pertinent.

561 3368 794 3424 Levavit
818 3369 1094 3426 Abraham
1136 3371 1346 3441 oculos,
1373 3373 1624 3446 viditque
1672 3375 1896 3431 arietem
1935 3375 2082 3432 inter

485 3473 678 3530 vepres
707 3455 1004 3514 haerentem
1037 3459 1329 3529 cornibus,
1359 3478 1521 3534 quem
1551 3479 1834 3520 assumens
1871 3463 2080 3520 obtulit

486 3545 867 3605 holocaustum
895 3565 994 3621 pro
1018 3549 1152 3606 ﬁlio.
1183 3550 1343 3607 Aries
1373 3551 1654 3608 Christum
1676 3553 1950 3626 signavit:
1983 3569 2080 3626 per

485 3635 597 3693 duo
639 3653 846 3692 cornua
875 3637 986 3693 duo
1023 3645 1294 3711 praecepta
1339 3638 1630 3696 charitatis
1677 3641 2073 3714 designantur:

489 3743 584 3800 per
614 3743 805 3798 vepres
839 3726 1038 3784 Iudaei.
1075 3726 1331 3784 Christus
1369 3729 1536 3800 igitur
1565 3731 1709 3787 inter
1734 3747 1925 3803 vepres
1971 3729 2078 3786 hae-

485 3813 642 3870 rebat
683 3815 977 3882 cornibus;
1021 3815 1151 3888 quia
1181 3815 1399 3873 Iudaeos
1427 3827 1490 3874 ut
1516 3818 1710 3874 fratres
1738 3819 1994 3892 diligens,
2026 3826 2080 3874 et

485 3905 666 3962 sciens
697 3905 824 3978 quia
855 3905 1102 3978 gentium
1134 3907 1353 3963 vocatio
1381 3907 1696 3964 Iudaeorum
1731 3919 1869 3966 esset
1895 3910 2073 3982 perdi-

487 3995 584 4065 tio,
631 3996 813 4052 noluit
841 3995 1019 4067 primo
1049 3995 1212 4052 ﬁdem
1244 3998 1533 4068 Evangelii
1565 3999 1816 4070 gentibus
1845 3999 2076 4069 tradere,

485 4085 580 4140 sed
619 4084 842 4140 mittens
873 4084 940 4139 ad
989 4085 1400 4156 praedicandum
1433 4087 1734 4160 discipulos
1761 4105 1910 4156 suos,
1947 4105 2079 4160 prae-

485 4173 630 4246 cepit
659 4173 738 4228 eis
765 4173 990 4228 dicens:
1057 4197 1075 4220 ι
1117 4175 1178 4230 In
1208 4175 1354 4229 viam
1399 4175 1644 4247 gentium
1695 4192 1762 4231 ne
1810 4175 2076 4245 abieritis,

485 4272 540 4320 et
587 4263 644 4318 in
681 4263 929 4319 civitatis
959 4263 1434 4319 Samaritanorum
1471 4281 1540 4320 ne
1569 4265 1910 4320 intraveritis
1939 4283 1950 4320 :
1985 4266 2080 4323 sed

487 4353 564 4408 ite
589 4353 772 4426 potius
802 4353 868 4408 ad
901 4370 1034 4408 oves
1068 4352 1309 4424 perditas
1337 4353 1532 4410 domus
1571 4355 1737 4410 Israel
1773 4356 1984 4426 (Matth.
2018 4373 2076 4425 x,

483 4443 566 4518 5).
601 4469 618 4493 ιι
663 4445 734 4499 Et
760 4442 982 4498 mulieri
1023 4440 1342 4498 Chananeus;
1371 4442 1515 4498 dixit
1551 4459 1562 4497 :
1609 4468 1626 4490 ι
1656 4444 1775 4500 Non
1807 4461 1924 4500 sum
1951 4445 2077 4501 mis-

2187 3277 2434 3334 tionibus
2491 3281 2842 3352 placaretur:
2900 3289 3072 3336 mater
3113 3297 3245 3336 vero
3303 3281 3566 3353 diligebat
3593 3283 3794 3353 Iacob,

2190 3368 2320 3440 quia
2346 3369 2526 3425 sciens
2551 3371 2694 3426 Deus
2723 3370 2986 3442 populum
3016 3369 3264 3441 gentium
3297 3372 3475 3426 multo
3497 3372 3791 3429 meliorem

2187 3458 2305 3513 fore
2362 3473 2524 3530 quam
2569 3460 2836 3532 populum
2882 3459 3235 3526 Iudaeorum,
3285 3477 3383 3532 per
3427 3461 3795 3532 praescientize

2187 3563 2299 3604 suae
2346 3548 2575 3620 gratiam
2624 3550 2798 3605 multo
2845 3549 3086 3621 amplius
3130 3565 3255 3604 eum
3301 3549 3582 3622 diligebat.
3639 3551 3796 3608 Esau

2187 3653 2312 3694 cum
2344 3637 2404 3692 in
2433 3638 2726 3694 venatione
2756 3647 3064 3695 moraretur
3083 3679 3100 3708 ,
3133 3645 3196 3694 ut
3224 3638 3292 3694 de
3326 3639 3630 3711 agrestibus
3668 3641 3792 3695 ani-

2187 3725 2428 3782 malibus
2452 3727 2605 3784 cibos
2625 3729 2764 3800 patri
2797 3727 3102 3796 exhiberet,
3127 3736 3398 3801 quatenus
3415 3727 3484 3784 ab
3506 3728 3602 3784 illo
3621 3729 3793 3786 bene-

2188 3815 2482 3884 diceretur,
2515 3825 2689 3872 mater
2719 3817 2884 3874 Iacob
2912 3817 2980 3873 ad
3013 3817 3416 3890 percipiendam
3449 3817 3791 3875 benedictio-

2189 3921 2314 3960 nem
2353 3905 2495 3978 patri
2553 3907 2857 3980 applicuit;
2913 3907 3042 3978 quia
3097 3923 3222 3962 cum
3281 3907 3516 3978 populus
3569 3907 3792 3964 Iudaeo-

2189 4012 2312 4052 rum
2343 3998 2826 4054 observationibus
2854 3997 3118 4070 legalibus
3161 3998 3382 4055 deditus
3411 4006 3570 4066 esset,
3618 4007 3792 4072 atque

2189 4085 2257 4142 ad
2286 4086 2452 4144 ﬁdem
2493 4087 2700 4144 Christi
2730 4087 3136 4158 percipiendam
3184 4087 3394 4144 tardius
3421 4095 3736 4144 occurreret
3771 4107 3784 4155 ;

2189 4184 2362 4232 mater
2407 4177 2581 4248 gratia
2627 4177 2891 4248 populum
2948 4177 3228 4248 gentium.
3287 4193 3350 4232 eo
3415 4176 3561 4249 quod
3614 4176 3787 4233 ﬁdem

2189 4267 2394 4325 Christi
2423 4283 2550 4323 cum
2589 4265 2852 4322 aviditate
2881 4267 3228 4338 suscepisset,
3277 4267 3344 4323 ad
3373 4267 3787 4338 percipiendam

2185 4359 2651 4428 benedictionem,
2686 4375 2806 4432 quae
2835 4359 3040 4415 Iudaeis
3058 4359 3381 4426 debebatur,
3409 4361 3522 4416 Deo
3551 4359 3784 4418 obtulit.

2191 4447 2440 4514 Qualiter
2477 4457 2658 4504 autem
2708 4448 2824 4519 ipse
2866 4449 3100 4520 populus
3130 4447 3374 4520 gentium
3409 4447 3513 4504 hoc
3543 4448 3786 4504 benedi-

484 4551 595 4602 sus,
621 4533 728 4590 nisi
757 4532 826 4589 ad
852 4548 982 4587 oves
1009 4549 1128 4605 quae
1160 4531 1440 4604 perierunt
1461 4532 1656 4588 domus
1682 4535 1844 4589 Israel
1863 4536 2074 4606 (Matth.
2113 4575 2161 4634 D
2191 4537 2392 4592 ctionis
2424 4537 2630 4593 donum
2663 4537 2986 4610 promeruit,
3006 4545 3273 4592 testantur
3301 4553 3471 4609 opera
3499 4537 3667 4594 Iacob
3690 4555 3787 4608 per

483 4640 580 4690 xv,
612 4622 742 4694 24);
777 4647 794 4668 ›
839 4629 892 4676 et
920 4621 1117 4676 iterum
1159 4637 1170 4674 :
1247 4645 1264 4667 -
1315 4621 1434 4676 Non
1489 4627 1570 4675 est
1620 4620 1825 4676 bonum
1865 4639 2079 4680 sumere

485 4729 678 4788 panem
711 4712 976 4780 ﬁliorum,
1010 4719 1063 4768 et
1093 4711 1312 4768 mittere
1341 4711 1569 4768 canibus
1599 4713 1760 4783 (Ibid.
1791 4713 1905 4784 26).
1939 4738 1956 4761 ι

557 4809 837 4866 Abraham
886 4817 1067 4864 autem
1121 4825 1153 4864 a
1201 4809 1460 4882 vepribus
1507 4810 1728 4865 arietem
1785 4809 2076 4880 abstraxit,

483 4907 648 4974 atque
678 4901 734 4956 in
779 4899 1159 4955 holocaustum
1199 4915 1296 4972 pro
1335 4899 1452 4955 ﬁlio
1481 4899 1684 4954 obtulit
1718 4917 1730 4954 :
1764 4900 1892 4972 quia
1920 4901 2077 4956 Pater

484 4989 712 5056 Filium,
744 4997 800 5044 et
820 4990 936 5060 ipse
966 4989 1141 5045 Filius
1169 4989 1525 5060 semetipsum
1555 4987 1622 5044 ab
1650 5005 1836 5044 amore
1881 4988 2075 5061 impio-

483 5093 606 5133 rum
663 5075 978 5132 Iudaeorum
1027 5077 1322 5149 separaxit,
1371 5085 1535 5149 atque
1573 5076 1856 5133 hominem
1910 5094 2072 5149 quem

483 5165 798 5239 assumpsit,
840 5183 939 5238 pro
969 5167 1143 5222 salute
1172 5165 1402 5222 humani
1453 5165 1666 5240 generis
1713 5165 1770 5221 in
1818 5165 2074 5224 holocau-

481 5263 628 5314 stum
658 5255 881 5312 obtulit.

552 5355 632 5410 De
679 5354 871 5410 eodem
901 5367 1034 5408 vero
1069 5351 1220 5408 Isaac
1263 5351 1530 5426 scriptum
1569 5359 1670 5420 est,
1699 5352 1827 5425 quia
1879 5351 2074 5408 habuit

481 5440 621 5497 duos
648 5440 816 5511 ﬁlios,
857 5442 1005 5498 Esau
1061 5447 1115 5497 et
1161 5441 1346 5499 Iacob.
1403 5443 1549 5498 Esau
1597 5449 1826 5498 venator
1853 5442 1981 5508 fuit,
2019 5449 2074 5498 et

483 5528 650 5586 homo
694 5531 968 5604 agricola:
1022 5531 1188 5588 Iacob
1236 5547 1368 5587 vero
1408 5531 1645 5604 simplex
1691 5530 1973 5588 habitabat
2015 5530 2074 5586 in

2190 4625 2684 4698 signiﬁcationem,
2734 4643 2854 4700 quae
2886 4643 2982 4698 pro
3016 4625 3397 4684 benedictione
3428 4627 3786 4699 percipienda

2185 4714 2358 4786 egisse
2389 4715 2739 4771 describitur.

2254 4803 2411 4860 Dixit
2445 4805 2612 4876 igitur
2641 4805 2884 4862 Rebecca
2909 4805 3027 4860 ﬁlio
3057 4823 3158 4860 suo
3187 4805 3355 4862 Iacob
3381 4823 3392 4862 :
3435 4831 3453 4852 ι
3475 4806 3781 4863 Alfermihi

2184 4894 2324 4951 duos
2351 4893 2544 4950 haedos
2587 4894 2848 4965 optimos,
2891 4901 2945 4950 et
2981 4894 3181 4950 faciam
3232 4911 3301 4951 ex
3331 4895 3411 4951 eis
3437 4911 3589 4950 escas
3637 4897 3782 4966 patri

2183 4991 2302 5048 tuo,
2327 4981 2530 5055 quibus
2561 4981 2797 5038 libenter
2826 4983 3068 5040 vescitur
3102 5002 3115 5051 ;
3151 4991 3206 5039 et
3237 4983 3526 5041 benedicet
3554 4984 3662 5040 tibi
3690 5003 3778 5042 co~

2182 5091 2299 5130 ram
2330 5074 2598 5141 Domino,
2626 5083 2916 5148 antequam
2949 5077 3216 5132 moriatur
3239 5076 3393 5148 (Gen.
3425 5093 3594 5144 xxvu,
3624 5077 3706 5150 9).
3745 5102 3765 5126 ι

2179 5163 2337 5220 Abiit
2367 5172 2422 5220 et
2449 5164 2659 5232 attulit,
2716 5164 2976 5237 deditque
3011 5165 3194 5222 matri.
3227 5165 3446 5221 Paravit
3473 5164 3569 5221 illa
3600 5166 3777 5238 cibos,

2181 5252 2324 5309 sicut
2351 5261 2580 5310 noverat
2602 5253 2744 5310 velle
2784 5261 2990 5325 patrem
3032 5253 3205 5322 illius,
3241 5261 3296 5310 et
3325 5253 3571 5311 vestibus
3605 5255 3776 5322 Esau,

2181 5364 2316 5422 quas
2345 5347 2492 5420 apud
2520 5363 2579 5404 se
2608 5345 2843 5405 habebat
2869 5349 3041 5418 domi,
3067 5347 3252 5404 induit
3280 5365 3430 5416 eum,
3464 5349 3774 5421 pelliculas-

2181 5455 2288 5512 que
2316 5439 2598 5498 haedorum
2633 5440 2996 5498 circumdedit
3038 5439 3312 5510 manibus,
3353 5450 3406 5498 et
3451 5440 3586 5498 colli
3628 5443 3774 5500 nuda

2181 5531 2448 5604 protexit,
2476 5530 2738 5606 deditque
2755 5532 3130 5604 pulmentum,
3162 5538 3217 5588 et
3234 5547 3400 5606 panes
3426 5547 3565 5604 quos
3611 5549 3768 5590 coxe-

559 5719 678 5792 (52)
710 5720 799 5778 Sic-
829 5738 982 5790 mss.;
1016 5730 1071 5778 at
1093 5724 1386 5792 veroedit.,
1434 5740 1500 5779 ea:
1543 5723 1776 5794 gentibus
1817 5723 1918 5780 soli
1943 5723 2064 5794 ﬁde,
2095 5731 2200 5781 etc.
