3970 6362
201 371 310 428 901

1092 371 1552 430 BEBENGAUDI
1589 368 1965 429 EXPOSlTIO
2004 372 2075 429 IN
2115 369 2619 429 APOCALYPSIN.

3402 371 3508 430 902

202 504 311 565 rat,
342 495 594 553 tradidit.
628 497 732 553 Per
774 496 913 553 duos
958 495 1145 554 haedos
1174 497 1574 555 confessionem
1609 513 1810 569 pecca-
1836 501 1887 560 Α
1915 511 2027 550 non
2052 494 2273 551 desinit.
2299 496 2492 552 Manus
2515 494 2839 562 circumdat,
2874 512 2999 551 cum
3016 511 3082 551 ne
3109 495 3166 550 in
3200 495 3361 551 bonis
3381 512 3509 568 ope-

202 594 387 641 torum
447 586 637 659 populi
692 586 914 658 gentilis
967 595 1022 643 et
1077 587 1456 659 pmnitentiam
1514 603 1803 659 possumus

199 672 532 745 intelligere.
567 676 716 731 Duos
759 692 885 747 ergo
931 675 1117 732 haedos
1159 677 1397 748 optimos
1443 676 1608 733 Jacob
1640 674 1801 730 matri

200 764 408 820 obtulit
437 783 451 833 ;
485 764 615 838 quia
645 782 739 837 per
766 766 1167 822 confessionem
1201 776 1547 839 peccatorum
1592 774 1646 821 et
1697 781 1803 837 pce-

200 854 517 921 nitentiam,
550 872 670 928 qua:
704 856 793 910 via
837 864 917 911 est
959 857 1027 911 ad
1057 855 1219 911 ﬁdem
1253 855 1533 923 euntibus,
1566 855 1804 927 populus

201 945 426 1015 gentilis
470 944 539 999 ad
572 945 818 1001 eamdem
872 945 1038 1000 ﬁdem
1079 945 1486 1017 percipiendam
1534 960 1805 1016 propera-

200 1034 306 1089 vit.
339 1032 444 1100 Qui
491 1032 637 1089 hmdi
689 1033 887 1106 optimi
942 1034 1207 1090 dicuntur
1238 1034 1444 1101 fuisse;
1477 1033 1606 1106 quia
1644 1032 1803 1087 valde

198 1124 555 1197 acceptabilis
620 1127 733 1181 Deo
785 1134 865 1182 est
929 1126 1254 1199 paenitentia
1318 1126 1618 1199 peccatoris
1674 1140 1800 1181 cum

199 1213 685 1271 abrenuntiatione
733 1216 1021 1285 vitiorum,
1067 1216 1210 1273 sicut
1245 1214 1360 1287 ipse
1389 1214 1660 1270 Dominus
1706 1229 1800 1267 no-

199 1312 315 1360 ster
339 1304 478 1360 dicit
510 1305 568 1360 in
599 1305 902 1378 Evangelio
928 1324 939 1361 :
987 1330 1005 1352 ι
1034 1304 1307 1362 Gaudium
1339 1311 1421 1359 est
1447 1304 1504 1359 in
1528 1303 1666 1359 cmlo
1697 1320 1800 1359 su-

199 1409 300 1466 per
330 1411 440 1449 uno
469 1404 752 1466 peccatore
788 1394 1166 1467 paenitentiam
1200 1401 1410 1466 agente,
1444 1410 1606 1466 quam
1637 1410 1802 1464 super

200 1482 503 1554 nonaginta
532 1499 731 1539 novem
759 1482 947 1556 justis,
982 1482 1075 1555 qui
1108 1499 1218 1537 non
1248 1481 1501 1553 indigent
1531 1481 1801 1554 poeniten-

197 1570 281 1625 tia
310 1572 461 1642 (Luc.
495 1589 594 1639 xv,
627 1574 681 1643 7)
713 1591 726 1641 ;
758 1597 776 1620 ι
830 1589 925 1644 per
953 1588 1126 1627 unum
1158 1580 1494 1644 peccatorem
1537 1571 1800 1642 populum

202 1661 476 1731 gentium,
523 1678 619 1734 per
666 1661 966 1733 nonaginta
994 1677 1126 1716 vero
1156 1676 1351 1715 novem
1383 1658 1557 1731 iustos
1585 1658 1801 1714 Judaeos

199 1748 440 1821 intelligi
486 1751 696 1807 volens.
744 1750 848 1818 Qui
874 1748 1011 1821 justi
1042 1749 1165 1805 ideo
1204 1748 1485 1817 dicuntur,
1520 1746 1649 1820 quia
1678 1764 1799 1819 pro-

1911 582 2066 639 ribus
2090 583 2406 652 extollatur,
2442 591 2661 656 peccata
2691 583 2965 656 praeterita
2990 590 3116 639 ante
3144 585 3332 639 oculos
3359 600 3506 639 men-

1912 671 1985 728 tis
2012 688 2155 743 saepe
2183 673 2418 729 reducit.

1983 762 2275 835 Postquam
2318 765 2461 820 Isaac
2489 764 2673 820 cibum
2715 764 2969 836 sumpsit,
3022 763 3225 820 obtulit
3251 765 3300 821 ei
3341 765 3507 823 Iacob

1912 850 2077 907 etiam
2118 853 2333 908 vinum.
2374 853 2430 909 Si
2474 870 2570 925 per
2597 853 2782 909 cibum
2822 854 3015 910 activae
3060 854 3187 910 vita:
3217 872 3379 927 opera
3418 856 3507 912 de-

1912 941 2218 1012 signantur,
2251 960 2542 1014 possumus
2585 961 2681 1016 per
2723 946 2937 1015 vinum,
2975 947 3121 1019 quod
3152 957 3361 1003 mentes
3410 948 3506 1005 ho-

1912 1030 2125 1086 minum
2152 1032 2374 1100 alienat,
2406 1035 2888 1106 contemplativam
2908 1036 3077 1091 vitam
3099 1038 3363 1108 accipere,
3386 1054 3506 1110 quae

1911 1120 1980 1176 ab
2031 1139 2217 1178 amore
2281 1125 2468 1180 saeculi
2522 1134 2730 1181 mentes
2780 1126 3145 1198 quorumdam
3207 1129 3505 1183 electorum

1912 1210 2258 1268 insensibiles
2305 1213 2504 1269 reddit.
2558 1215 2693 1272 Cibo
2750 1216 2919 1286 igitur
2972 1224 3212 1289 potuque
3260 1226 3502 1290 sumpto,

1912 1301 2061 1357 Isaac
2088 1301 2253 1357 Jacob
2278 1302 2597 1371 benedixit;
2639 1305 2767 1377 quia
2806 1305 2889 1361 illi
2928 1305 3368 1362 benedictionem
3398 1322 3503 1364 coe-

1912 1388 2063 1443 lestis
2107 1390 2293 1461 patriae
2326 1407 2356 1445 a
2396 1392 2508 1447 Deo
2555 1392 2886 1463 percipiunt,
2927 1394 3023 1466 qui
3060 1410 3184 1449 eum
3235 1411 3408 1467 usque
3436 1396 3503 1452 ad

1910 1476 2077 1531 ﬁnem
2110 1478 2237 1534 vitae
2258 1497 2367 1535 suae
2392 1480 2551 1535 bonis
2580 1481 2841 1552 operibus
2859 1482 3071 1551 placare
3100 1482 3341 1539 student.

1980 1565 2130 1621 Idem
2152 1583 2283 1623 vero
2310 1568 2477 1623 Jacob
2506 1585 2630 1623 cum
2657 1570 2867 1640 fugeret
2886 1571 3031 1626 Esau
3066 1571 3290 1627 fratrem
3318 1589 3502 1640 suum,

1910 1655 2065 1710 venit
2119 1656 2187 1711 ad
2232 1657 2523 1729 quemdam
2575 1659 2795 1715 locum:
2840 1675 3075 1733 cumque
3131 1663 3506 1739 supposuisset

1908 1749 2071 1822 capiti
2106 1765 2205 1805 suo
2231 1750 2490 1822 lapidem,
2523 1749 2790 1806 dormivit
2816 1752 2933 1807 illic
2961 1770 2974 1820 ;
3017 1753 3265 1826 viditque
3285 1755 3342 1810 in
3364 1773 3505 1812 som-

197 1844 322 1909 pter
366 1839 806 1894 observationem
850 1838 983 1910 legis
1008 1838 1187 1910 justos
1216 1855 1272 1894 se
1305 1838 1443 1893 falso
1484 1837 1796 1909 putabant;
1827 1857 1875 1919 Β
1908 1839 1996 1895 nis
2024 1840 2222 1895 scalam
2271 1839 2338 1895 ad
2368 1847 2531 1911 caput
2561 1856 2721 1896 suum
2760 1856 2791 1895 a
2828 1848 2972 1896 terra
2999 1858 3171 1914 usque
3207 1842 3276 1898 ad
3304 1844 3503 1900 ctelum

198 1942 328 1980 nam
361 1926 429 1982 ad
470 1927 697 1983 eosdem
727 1926 905 1998 justos
951 1928 1220 1983 Dominus
1260 1927 1526 1999 loquitur,
1559 1925 1793 1981 decens:

214 2039 233 2061 ι
276 2014 373 2071 Va:
416 2014 511 2087 qui
549 2013 866 2086 justiticatis
904 2032 1002 2071 vos
1048 2032 1230 2071 coram
1267 2014 1607 2082 hominibus,
1654 2015 1800 2070 Deus

198 2110 384 2158 autem
424 2102 581 2158 novit
610 2102 774 2159 corda
803 2111 985 2159 vestra
1016 2104 1176 2175 (Luc.
1208 2120 1328 2171 xvr,
1366 2104 1477 2175 15).
1511 2128 1529 2150 ι
1586 2102 1692 2170 Qui
1740 2101 1799 2157 in

195 2192 524 2264 imperfecto
553 2208 785 2248 numero
818 2200 1124 2265 ponuntur,
1155 2192 1286 2264 quia
1313 2192 1535 2247 nullum
1564 2189 1633 2246 ad
1666 2207 1801 2262 per-

196 2280 399 2337 fectum
429 2280 661 2337 adduxit
691 2281 781 2336 lex
817 2282 1000 2353 (Hebr.
1030 2297 1131 2349 vn,
1166 2280 1279 2353 19).

269 2378 373 2433 Per
399 2393 549 2434 escas
590 2385 772 2433 autem
831 2378 1199 2447 delectabiles,
1254 2394 1375 2451 quae
1404 2378 1552 2434 Isaac
1604 2376 1671 2433 ad
1711 2394 1797 2433 su-

199 2465 464 2522 mendum
520 2484 588 2523 ex
638 2467 854 2523 duobus
892 2471 1040 2529 524
1066 2467 1240 2523 haedis
1286 2474 1598 2540 praeparatae
1646 2473 1794 2534 sunt,

197 2562 540 2635 pcenitentiae
571 2580 735 2636 opera
779 2563 1041 2620 debemus
1081 2564 1407 2636 intelligere.
1444 2565 1522 2619 De
1555 2563 1623 2618 iis
1661 2562 1799 2619 escis

194 2651 451 2726 loquitur
479 2653 715 2708 Joannes
743 2652 1011 2725 Baptista,
1043 2653 1268 2710 dicens:
1318 2678 1336 2700 ι
1367 2652 1550 2708 Facite
1581 2652 1794 2708 fructus

196 2740 397 2812 dignos
423 2741 758 2813 paenitentiae
787 2743 999 2813 (Matth.
1032 2760 1115 2810 ιιι,
1147 2744 1228 2812 8).
1270 2767 1289 2791 ι
1329 2742 1432 2797 Per
1458 2750 1634 2797 vestes
1666 2756 1796 2796 vero

194 2830 358 2886 valde
387 2830 578 2899 bonas,
603 2848 737 2904 quas
761 2832 927 2900 Esau,
950 2831 1002 2887 id
1027 2839 1107 2887 est
1135 2832 1329 2899 Judzei,
1362 2831 1512 2887 domi
1543 2830 1793 2904 relique-

189 2926 341 2987 rant,
377 2921 586 2992 optima
632 2927 902 2992 praecepta
932 2920 1065 2992 legis
1096 2937 1386 2992 possumus
1416 2920 1683 2992 accipere,
1734 2928 1796 2975 ut

195 3018 282 3065 est
310 3008 471 3079 illud,
515 3033 532 3056 ι
574 3010 781 3081 Diliges
826 3010 1125 3066 Dominum
1166 3011 1336 3065 Deum
1369 3019 1524 3066 tuum
1577 3026 1645 3065 ex
1674 3016 1793 3065 toto

190 3100 359 3158 corde
393 3109 487 3157 tuo
516 3109 569 3157 et
598 3118 666 3157 ex
693 3109 807 3158 tota
838 3102 1023 3157 a'lima
1052 3109 1167 3169 tua,
1208 3111 1261 3158 et
1287 3102 1601 3174 proximum
1635 3108 1789 3156 tuum

191 3189 341 3246 sicut
378 3198 429 3279 te
460 3190 641 3263 ipsum
674 3192 855 3264 (Deut.
902 3208 981 3259 γι,
1013 3191 1082 3257 5;
1114 3192 1279 3246 chit.
1308 3208 1429 3259 χιιι,
1464 3192 1567 3279 19;
1601 3189 1788 3246 Matth.
1827 3218 1871 3279 C

191 3294 315 3346 xrx,
364 3278 454 3347 37,
505 3280 676 3351 39);»
728 3288 781 3335 et
823 3281 997 3335 multa
1027 3280 1152 3348 alia,
1198 3280 1315 3336 sine
1362 3278 1563 3353 quibus
1607 3279 1793 3334 nullus

185 3367 378 3441 justus
411 3385 526 3424 esse
578 3376 778 3442 potest.
836 3370 929 3424 Hae
980 3378 1109 3425 sunt
1155 3370 1376 3441 Optimae
1424 3378 1620 3437 vestes,
1660 3378 1794 3440 quas

192 3457 373 3515 Judaei
400 3456 573 3525 domi,
608 3456 662 3513 id
692 3466 775 3514 est
821 3458 877 3512 in
917 3457 1103 3513 Veteri
1134 3457 1500 3523 Testamento,
1548 3457 1832 3541 relique—.

192 3556 341 3615 rant,
405 3564 469 3602 eo
500 3547 646 3619 (ιιι-,(1
687 3564 751 3602 ea
798 3546 1087 3602 observare
1139 3547 1386 3613 nollent;
1442 3546 1511 3600 iis
1559 3546 1794 3618 populus

195 3635 421 3709 gentilis
454 3636 679 3691 indutus
724 3643 777 3691 et
821 3644 1067 3704 ornatus,
1100 3635 1168 3691 ad
1196 3636 1368 3691 Deum
1414 3636 1627 3690 Patrem
1667 3650 1791 3691 cum

191 3723 337 3782 cibis
363 3741 589 3797 operum
637 3724 907 3781 bonorum
942 3724 1203 3796 perrexit.
1237 3723 1373 3781 Cum
1419 3723 1559 3779 cibis
1608 3731 1790 3779 autem

192 3822 252 3870 et
280 3830 444 3886 panes
487 3812 705 3869 detulit.
754 3814 856 3870 Per
886 3830 1079 3886 panem
1128 3829 1268 3885 saepe
1310 3812 1538 3868 verbum
1578 3813 1675 3868 Dei
1706 3813 1795 3869 de-

197 3902 469 3975 signatur,
514 3902 643 3975 quia
696 3903 790 3959 ille
840 3911 1205 3974 congruenter
1245 3901 1313 3958 ad
1358 3903 1533 3958 Deum
1578 3903 1791 3958 Patrem

196 4010 327 4052 cum
375 3992 515 4049 cibis
552 4009 777 4065 operum
826 3991 1095 4047 bonorum
1145 3991 1339 4064 pergit,
1391 3990 1485 4065 qui
1534 3997 1587 4046 et
1632 3991 1789 4059 alios,

193 4098 555 4156 quoscunque
587 4090 784 4155 potest,
817 4082 885 4138 ad
905 4081 1049 4138 bona
1078 4099 1240 4155 opera
1264 4080 1471 4154 agenda
1498 4080 1792 4137 admonere

194 4189 311 4230 non
340 4171 561 4228 desinit.

274 4269 379 4326 Sed
424 4279 478 4325 et
523 4270 665 4326 illud
710 4270 870 4326 nobis
915 4272 1270 4344 quaerendum
1320 4281 1421 4342 est,
1476 4289 1574 4329 cur
1622 4279 1796 4328 mater

193 4357 439 4432 pellibus
479 4357 714 4413 haedinis
744 4376 939 4416 manus
975 4361 1141 4417 Iacob
1180 4371 1232 4417 et
1264 4363 1392 4417 colli
1438 4362 1583 4417 nuda
1618 4371 1793 4433 prote-

196 4448 370 4507 xerit.
428 4448 595 4504 Pcllis
634 4464 870 4521 namque
919 4465 1043 4504 cum
1099 4448 1166 4504 ab
1215 4448 1372 4506 haedo
1427 4450 1791 4519 subtrahitur,

1908 1937 2165 1997 erectam,
2198 1938 2250 1986 et
2281 1930 2577 1985 Dominum
2611 1930 2870 1986 innixum
2913 1932 3089 1998 scalae,
3120 1933 3337 2005 angelos
3370 1950 3504 2006 quo-

1908 2036 2014 2093 que
2048 2021 2147 2076 Dei
2179 2020 2534 2077 ascendentes
2565 2029 2617 2077 et
2644 2020 3035 2077 descendentes
3064 2039 3160 2094 per
3187 2039 3304 2078 eam
3340 2024 3497 2096 (Gen.

1906 2128 2113 2180 xxvm,
2156 2111 2267 2182 12).
2300 2113 2403 2168 Per
2424 2112 2661 2184 lapidem
2694 2112 2947 2170 Christus
2974 2114 3304 2187 intelligitur
3335 2116 3451 2188 (53)
3486 2135 3499 2173 :

1906 2199 2325 2257 fundamentum
2367 2217 2497 2257 vero
2540 2210 2790 2257 nostrum
2836 2201 3088 2259 Christus
3133 2212 3236 2272 est,
3280 2204 3347 2259 de
3395 2219 3504 2277 quo

1906 2290 2201 2361 Apostolus
2245 2290 2409 2346 dicit:
2458 2314 2476 2337 ι
2507 2290 2948 2346 Fundamentum
2981 2292 3126 2348 enim
3159 2292 3311 2348 aliud
3343 2310 3504 2349 nemo

1906 2386 2083 2450 potest
2112 2396 2312 2451 ponere
2348 2389 2543 2453 preeter
2571 2379 2629 2435 id
2665 2381 2810 2454 quod
2845 2382 3086 2454 positum
3115 2390 3214 2451 est,
3248 2382 3393 2455 quod
3423 2391 3504 2440 est

1908 2468 2161 2526 Christus
2190 2471 2416 2542 Jesus(l
2448 2472 2573 2527 Cor.
2598 2488 2681 2540 ιιι,
2726 2473 2815 2544 11)
2874 2496 2892 2519 ι
2939 2473 3115 2545 Caput
3144 2473 3314 2545 igitur
3342 2490 3505 2546 super

1906 2558 2142 2632 lapidem
2192 2561 2469 2632 ponimus,
2510 2560 2557 2617 si
2613 2578 2683 2616 ex
2727 2560 2887 2618 bonis
2934 2563 3193 2634 operibus
3239 2562 3499 2636 parietem

1906 2658 2154 2705 nostrum
2176 2668 2340 2722 super
2364 2650 2644 2707 Christum
2677 2650 3031 2709 aediﬁcamus.

1976 2748 2283 2805 Concordat
2311 2748 2443 2805 huic
2472 2749 2661 2806 sensui
2703 2749 2847 2805 visio
2875 2751 3032 2806 scala:
3062 2769 3075 2819 ;
3126 2750 3235 2807 duo
3264 2768 3501 2827 namque

1904 2836 2052 2909 ligna
2098 2839 2255 2893 scalae
2304 2836 2529 2909 majora,
2582 2856 2701 2912 qua:
2753 2848 2881 2895 sunt
2924 2856 2993 2895 ex
3041 2848 3270 2913 utraque
3323 2852 3495 2914 parte,

1901 2934 2063 2998 atque
2105 2926 2173 2982 ab
2217 2925 2573 2982 inferioribus
2612 2926 2681 2982 ad
2711 2927 2992 2999 superiora
3036 2928 3344 3000 eriguntur,
3386 2929 3498 2986 duo

1903 3026 2169 3089 praecepta
2222 3016 2509 3073 charitatis
2571 3017 2880 3090 designant.
2960 3019 3060 3074 Per
3115 3018 3312 3090 gradus
3367 3036 3499 3076 vero

1902 3106 1997 3179 qui
2039 3106 2096 3160 in
2138 3115 2510 3161 transversum
2544 3122 2612 3161 ex
2660 3115 2889 3179 utraque
2929 3115 3081 3179 parte
3131 3107 3242 3164 illis
3284 3108 3500 3166 duobus

1902 3192 2067 3263 lignis
2108 3193 2446 3261 inseruntur,
2496 3201 2705 3249 caetera».
2735 3195 2969 3252 virtutes
3008 3194 3384 3267 designantur.
3426 3198 3499 3252 Et

1904 3282 2045 3337 sicut
2093 3281 2202 3337 duo
2252 3282 2399 3353 ligna
2446 3283 2555 3338 nisi
2602 3299 2633 3338 a
2674 3283 2952 3355 gradibus,
2992 3292 3044 3339 et
3083 3284 3282 3356 gradus
3315 3284 3422 3339 nisi
3467 3301 3499 3340 a

1904 3369 2120 3425 duobus
2162 3370 2324 3442 lignis
2369 3370 2640 3426 contineri
2684 3388 2793 3426 non
2826 3379 3083 3443 possunt:
3129 3372 3203 3426 ita
3232 3379 3286 3426 et
3319 3371 3496 3427 chari-

1906 3469 1987 3517 tas
2015 3461 2133 3516 sine
2174 3459 2384 3515 caeteris
2414 3460 2736 3528 virtutibus,
2778 3470 2831 3516 et
2866 3468 3073 3517 caetera;
3103 3460 3337 3517 virtutes
3379 3460 3498 3517 sine

1906 3547 2171 3605 cbaritate
2206 3564 2319 3602 esse
2351 3564 2464 3603 non
2510 3557 2756 3620 possunt.
2804 3549 2878 3604 Et
2909 3548 3371 3621 quemadmodum
3402 3550 3499 3606 di-

1906 3638 2050 3694 versi
2099 3637 2315 3711 gradus,
2354 3637 2461 3692 nisi
2503 3638 2561 3692 in
2609 3637 2827 3693 duobus
2874 3638 3040 3710 lignis
3093 3637 3395 3709 majoribus
3445 3646 3499 3695 et

1904 3736 2134 3801 utraque
2193 3737 2346 3802 parte
2423 3728 2753 3796 inserantur,
2823 3744 3109 3783 ascensum
3178 3727 3500 3785 hominibus

1905 3820 2147 3892 przebere
2194 3836 2305 3875 non
2334 3827 2564 3891 possunt
2595 3838 2606 3875 :
2644 3819 2721 3875 ita
2768 3826 2821 3875 et
2849 3826 3058 3875 caetera:
3102 3816 3356 3886 virtutes,
3391 3817 3497 3875 nisi

1904 3926 1974 3966 ex
2015 3910 2311 3966 dilectione
2356 3910 2452 3965 Dei
2492 3918 2545 3966 et
2582 3909 2880 3965 dilectione
2909 3907 3151 3980 proximi
3182 3917 3496 3978 nascantur,

1904 4002 1972 4058 ad
2025 4002 2222 4057 coelum
2278 4000 2357 4056 ire
2410 4000 2724 4056 volentibus
2760 4016 3043 4057 ascensum
3093 4001 3331 4073 praebere
3388 4016 3499 4055 non

1905 4098 2133 4163 possunt
2165 4092 2306 4164 (54),
2351 4091 2495 4149 sicut
2533 4091 2671 4148 dicit
2711 4092 2946 4148 Joannes
2990 4092 3296 4163 apostolus:
3347 4114 3366 4139 ι
3393 4090 3498 4157 Qui

1906 4180 2052 4235 enim
2084 4196 2196 4236 non
2235 4180 2418 4253 diligit
2448 4182 2671 4236 fratrem
2705 4197 2866 4237 suum
2906 4197 3066 4253 quem
3098 4180 3271 4248 videt,
3302 4182 3495 4249 Deum,

1906 4284 2067 4341 quem
2104 4285 2215 4324 non
2254 4270 2428 4338 videt,
2473 4269 2749 4343 quomodo
2789 4276 2966 4342 potest
2995 4269 3222 4341 diligere
3258 4269 3316 4340 (Ι
3339 4270 3496 4325 Joan.

1908 4374 1983 4426 1v,
2019 4358 2111 4429 20)
2151 4359 2179 4414 ‘I
2202 4384 2219 4405 ι
2275 4360 2346 4415 Et
2375 4360 2519 4417 sicut
2546 4361 2689 4415 scala
2716 4378 2781 4416 ex
2830 4377 2938 4415 una
2984 4370 3134 4433 parte
3177 4367 3400 4427 terram,
3431 4376 3499 4414 ex

1907 4448 2075 4502 altera
2103 4448 2300 4504 coelum
2351 4458 2569 4521 tangere
2612 4450 2725 4505 visa
2772 4459 2879 4506 est:
2930 4449 3005 4504 ita
3056 4459 3109 4505 et
3161 4448 3399 4504 charitas
3430 4448 3499 4508 ab

194 4554 329 4595 caro
383 4544 639 4609 apparet;
689 4536 836 4592 unde
877 4536 1226 4593 delectabiles
1279 4537 1388 4593 cibi
1437 4538 1634 4595 conﬁci
1677 4555 1795 4611 pos-
1826 4573 1875 4632 D
1908 4536 2263 4593 inferioribus
2284 4539 2572 4609 proximis,
2595 4556 2625 4592 a
2655 4537 3031 4609 superioribus
3051 4554 3183 4592 vero
3214 4540 3325 4592 Deo
3354 4554 3498 4592 con~

196 4636 331 4687 sunt
364 4648 377 4697 ;
425 4628 683 4702 similiter
711 4637 763 4685 et
794 4629 859 4684 ab
892 4645 1221 4701 unoquoque
1252 4638 1532 4701 peccatore
1559 4647 1684 4687 cum
1716 4630 1797 4685 vi-

195 4718 280 4775 tia
318 4717 705 4785 detrahuntur,
754 4717 899 4774 bona
954 4724 1163 4773 natura;
1209 4735 1334 4775 cum
1383 4718 1594 4775 ratione
1631 4732 1794 4791 appa-

197 4815 342 4874 rent,
395 4823 515 4879 quae
555 4806 601 4861 si
647 4806 754 4861 ﬁde
807 4806 1183 4878 decoquantur
1229 4807 1397 4878 (52'),
1445 4807 1796 4864 delectabiles

196 4895 313 4954 cibi
344 4912 412 4951 ex
451 4895 597 4951 bono
628 4902 834 4951 natura:
882 4897 994 4951 Deo
1024 4903 1419 4970 praeparantur.
1460 4897 1562 4952 Per
1589 4896 1794 4952 collum

198 4983 393 5057 igitur,
435 5002 499 5040 eo
550 4984 698 5057 quod
747 4984 804 5039 in
852 4985 996 5041 collo
1039 5001 1180 5057 saepe
1224 4985 1481 5057 superbia
1518 4991 1792 5058 appareat,

198 5089 492 5147 possumus
529 5073 821 5129 elationem
861 5073 1061 5129 mentis
1094 5075 1423 5147 intelligere;
1466 5091 1561 5146 per
1605 5091 1796 5130 manus

197 5178 336 5217 vero
376 5178 538 5234 opera
567 5163 943 5234 designantur.
984 5161 1202 5219 Collum
1251 5181 1377 5236 ergo
1420 5163 1796 5236 unusquisque

198 5249 386 5307 ﬁdelis
416 5250 651 5323 pellibus
689 5250 924 5307 hazdinis
953 5250 1280 5320 circumdat,
1332 5270 1460 5309 cum
1492 5254 1560 5309 ad
1596 5253 1797 5309 mentis

198 5342 498 5398 elationem
542 5342 941 5415 deponendam,
990 5352 1045 5400 et
1082 5344 1420 5402 humilitatis
1454 5364 1566 5403 suae
1618 5354 1795 5403 custo-

196 5432 350 5492 diam
381 5441 600 5506 peccata
627 5435 900 5509 praeterita
937 5444 1063 5493 ante
1092 5439 1282 5494 oculos
1311 5438 1514 5495 mentis
1542 5453 1797 5495 revocare

277 5592 420 5666 (52⁸)
452 5592 628 5664 Edit.,
657 5612 773 5667 qua
797 5597 845 5653 si
871 5596 973 5670 ﬁds
1013 5598 1123 5655 Deo
1148 5605 1480 5671 coquantur;
1522 5615 1677 5669 mss.,
1708 5598 1798 5655 de-

196 5672 485 5736 coquatur.

278 5737 397 5809 (53)
442 5737 525 5794 Ita
569 5753 723 5808 mss.,
764 5737 898 5798 edit.
948 5757 1102 5813 vero,
1154 5742 1398 5802 Christus
1451 5742 1794 5817 intelligitur:

1900 4625 2172 4698 jungitur.
2207 4628 2359 4683 Unde
2389 4636 2441 4682 et
2472 4628 2650 4698 angeli
2678 4628 2774 4682 Dei
2806 4643 2899 4699 per
2922 4642 3043 4682 eam
3074 4625 3425 4681 ascendentes
3446 4633 3500 4682 et

1907 4715 2299 4774 descendentes
2330 4717 2622 4773 monstrati
2654 4725 2819 4783 sunt;
2853 4732 2980 4788 quia
3010 4725 3227 4771 sanctos
3256 4715 3375 4784 Dei,
3402 4714 3497 4787 qui

1884 4822 2003 4877 per
2022 4808 2240 4878 angelos
2260 4806 2635 4878 designantur,
2656 4803 2953 4878 aliquando
2972 4820 3126 4858 amor
3141 4805 3240 4859 Dei
3263 4821 3358 4875 per
3369 4820 3497 4860 con-

1907 4896 2280 4967 templationis
2296 4897 2523 4968 gratiam
2555 4895 2623 4951 ad
2652 4895 2869 4951 excelsa
2896 4892 3167 4961 sublevat,
3199 4892 3499 4965 aliquando

1906 5000 2059 5041 amor
2074 4993 2127 5041 et
2146 5001 2276 5041 cura
2291 4986 2668 5057 proximorum
2691 4982 2759 5038 ad
2776 4982 3037 5038 inferiora
3049 4981 3280 5038 reducit.
3298 4981 3500 5038 Domi-

1906 5090 2037 5129 num
2056 5083 2234 5128 autem
2258 5072 2514 5128 innixum
2539 5073 2694 5127 scala:
2717 5071 2879 5139 vidit;
2910 5071 3039 5143 quia
3058 5072 3372 5145 quicunque
3404 5089 3500 5145 per

1907 5161 2011 5219 iter
2041 5163 2308 5219 virtutum
2351 5162 2420 5218 ad
2465 5161 2764 5218 Dominum
2806 5160 3170 5217 conscendere
3223 5168 3497 5234 satagunt,

1908 5261 2193 5326 postquam
2222 5254 2367 5309 viam
2390 5253 2475 5309 sui
2503 5252 2719 5308 itineris
2742 5251 3027 5319 ﬁnierunt,
3049 5251 3347 5307 Dominum
3369 5268 3500 5308 om-

1907 5342 2357 5399 niumbonorum
2383 5350 2663 5407 auctorem
2697 5342 3155 5415 praemiorumque
3183 5341 3497 5414 largitorem

1909 5433 2226 5501 inveniunt,
2255 5448 2381 5489 cum
2414 5449 2523 5507 quo
2551 5432 2671 5489 sine
2699 5432 2809 5488 ﬁne
2837 5429 3174 5505 gaudebunt.

1908 5597 2329 5655 Fundamentum
2356 5595 2493 5652 enim
2520 5594 2696 5659 aliud,
2723 5601 2827 5651 etc.

1984 5669 2101 5741 (54)
2132 5670 2218 5725 Ita
2246 5675 2293 5724 et
2319 5674 2517 5723 aeterm
2542 5668 2829 5741 virtutes...
2862 5665 3098 5738 prwbm:
3125 5680 3234 5723 non
3254 5673 3498 5740 possunt,

1909 5738 2016 5798 hoc
2044 5738 2221 5798 tctum
2251 5757 2281 5797 e
2311 5757 2439 5797 mss.
2473 5738 2787 5795 restitutum
2813 5746 2916 5795 est.
