3970 6418
504 405 610 467 903

1516 408 1614 464 AD
1653 405 1888 464 OPERA
1924 408 1981 464 S.
2022 404 2357 464 AMBROSII
2394 403 2772 465 APPENDIX.

3703 403 3822 464 904

575 532 712 590 Cum
752 509 885 588 verti
914 531 1056 588 idem
1100 533 1266 590 Iacob
1296 542 1661 590 reverteretur
1687 533 1754 589 de
1783 534 2097 606 Mesopota-
2127 537 2177 595 Α
2219 559 2238 580 ι
2270 534 2386 589 Heu
2436 533 2596 603 mihi,
2629 534 2759 607 quia
2805 533 3077 592 incolatus
3123 549 3279 590 meus
3317 533 3690 607 prolongatur
3734 542 3820 592 est

505 621 617 677 mia
665 620 858 694 Syriae,
907 621 1252 695 venissetque
1292 622 1360 677 ad
1402 623 1714 688 Iordanem,
1764 623 2096 680 transductis

504 709 764 765 omnibus
811 725 933 781 quae
981 709 1050 765 ad
1091 727 1148 766 se
1194 711 1558 782 pertinebant,
1610 712 1868 766 remansit
1923 713 2090 768 solus.

504 801 576 856 Et
605 816 728 855 ecce
757 799 845 854 vir
874 799 1186 856 luctabatur
1203 816 1328 855 cum
1355 815 1420 854 eo
1449 815 1618 871 usque
1642 816 1817 855 mane.
1851 799 2096 872 Cumque

505 889 718 945 videret
783 888 928 960 quod
994 905 1118 944 eum
1171 903 1423 960 superare
1481 904 1591 942 non
1653 897 1850 960 posset,
1917 889 2098 960 tetigit

505 994 734 1033 nervum
778 978 969 1032 femori
1000 976 1136 1048 ejus,
1187 984 1240 1032 et
1285 977 1470 1032 statim
1515 977 1804 1044 emarcuit,
1845 977 2098 1049 dixitque

505 1067 597 1122 ei:
647 1092 664 1113 σ
711 1066 940 1122 Dimitte
986 1081 1094 1132 me,
1131 1063 1246 1135 jam
1292 1065 1438 1119 enim
1484 1065 1730 1122 ascendit
1781 1082 1995 1120 aurora.
2025 1066 2098 1120 At

507 1155 600 1210 ille
627 1153 945 1225 respondit:
997 1155 1116 1210 Non
1157 1152 1433 1208 dimittam
1474 1161 1546 1221 te,
1596 1153 1704 1209 nisi
1750 1154 2098 1211 benedixeris

505 1249 665 1304 mihi.
699 1249 770 1304 Et
797 1248 875 1302 ait
916 1246 998 1302 illi
1025 1265 1036 1302 :
1091 1245 1210 1312 Quo
1238 1247 1456 1303 vocaris
1496 1249 1722 1304 nomine
1742 1249 1770 1304 ?
1798 1249 2099 1322 Respondit

503 1337 586 1392 ei:
637 1337 821 1392 Iacob.
863 1337 938 1391 At
982 1336 1076 1392 ille
1126 1335 1306 1391 dixit:
1341 1337 1460 1392 Non
1507 1337 1791 1393 vocaberis
1840 1337 1986 1394 ultra
2015 1339 2096 1393 Ia-

503 1424 626 1493 cob,
657 1425 749 1480 sed
798 1425 961 1480 Israel
1006 1423 1110 1480 erit
1144 1440 1345 1479 nomen
1385 1431 1543 1480 tuum
1580 1426 1735 1495 (Gen.
1779 1443 1960 1492 xxxn,
1993 1426 2100 1483 26-

503 1515 619 1585 28).
648 1541 666 1562 ι
725 1515 826 1569 Per
857 1513 1022 1569 Iacob
1069 1513 1174 1570 hoc
1218 1512 1276 1568 in
1319 1513 1442 1569 loco
1493 1514 1727 1586 quilibet
1765 1523 2015 1586 peccator
2047 1523 2101 1572 et

505 1605 779 1678 pmnitens
808 1606 1142 1678 designatur.
1175 1605 1334 1672 Quod
1365 1622 1498 1661 vero
1527 1607 1752 1678 angelus
1779 1623 1903 1663 cum
1935 1607 2101 1664 Iacob

505 1694 563 1750 in
609 1694 782 1767 ﬁgura
821 1695 1044 1750 Domini
1089 1693 1420 1763 luctabatur,
1469 1702 1523 1750 et
1573 1695 1664 1751 ille
1715 1712 1838 1752 cum
1884 1697 2096 1768 angelo,

505 1783 644 1840 illud
682 1783 957 1855 signiﬁcat
987 1784 1104 1856 (55)
1136 1783 1284 1856 quod
1313 1783 1584 1840 Dominus
1602 1783 1740 1840 dicit
1771 1785 1826 1840 in
1855 1785 2098 1857 Evange-

2212 623 2384 693 (Psal.
2418 640 2570 692 cxrx,
2603 625 2697 696 5)!
2731 649 2750 673 ι

2278 729 2426 786 Idem
2471 732 2634 787 etiam
2679 733 2843 790 Iacob
2893 743 3014 807 post
3055 733 3412 790 luctationem
3461 750 3628 807 quam
3680 750 3821 790 cum

2207 821 2400 891 angelo
2459 823 2644 892 gessit,
2692 839 2804 879 uno
2846 824 2981 896 pede
3029 823 3363 881 claudicasse
3409 822 3649 881 dicitur:
3719 824 3822 896 qui

2209 924 2340 964 vero
2369 910 2657 979 claudicat,
2697 928 2859 983 super
2887 929 3078 968 sanum
3113 911 3298 984 pedem
3332 919 3480 967 totus
3518 912 3822 980 innititur,

2208 999 2382 1054 altero
2419 1000 2694 1071 paulisper
2741 1008 2940 1056 terram
2986 1010 3234 1074 tangens.
3284 1004 3408 1058 Duo
3440 1003 3612 1074 igitur
3644 1002 3826 1075 pedes

2209 1088 2445 1144 duorum
2472 1090 2858 1146 alimentorum
2892 1107 3088 1162 genera
3115 1091 3440 1163 designant;
3475 1101 3607 1147 sunt
3640 1108 3827 1146 nam-

2209 1192 2313 1249 que
2359 1177 2620 1234 alimenta
2667 1179 2933 1252 corporis,
2973 1188 3103 1236 sunt
3146 1187 3202 1234 et
3247 1181 3466 1236 animae.
3521 1181 3827 1236 Alimenta

2207 1269 2454 1339 corporis
2507 1277 2635 1324 sunt
2687 1270 2821 1337 cibi,
2883 1280 3062 1342 potus,
3105 1271 3481 1327 vestimenta:
3533 1271 3825 1326 alimenta

2209 1372 2340 1412 vero
2369 1357 2566 1414 animae
2610 1367 2739 1413 sunt
2781 1359 2879 1415 Dei
2915 1360 3164 1427 verbum,
3211 1376 3375 1432 opera
3417 1361 3581 1417 bona.
3628 1361 3823 1416 Unus-

2211 1445 2440 1519 quisque
2466 1445 2634 1517 igitur
2669 1445 2869 1516 ﬁdelis,
2903 1448 2948 1503 si
2976 1465 3088 1503 uno
3128 1447 3264 1520 pede
3294 1448 3570 1522 paulisper
3600 1457 3823 1506 terram

2213 1535 2405 1607 tangit,
2446 1552 2609 1607 super
2637 1536 2868 1591 alterum
2909 1545 3058 1592 totus
3086 1536 3347 1593 innititur
3376 1557 3390 1606 ;
3425 1542 3556 1614 quia
3583 1542 3658 1598 iis
3692 1559 3826 1615 quae

2211 1633 2340 1681 sunt
2386 1625 2580 1681 mundi
2629 1625 3014 1682 tantummodo
3055 1624 3123 1681 ad
3168 1627 3520 1686 necessitates
3555 1633 3827 1705 corporis

2211 1714 2573 1771 sublevandas
2617 1715 2812 1786 utitur,
2867 1716 3012 1773 sicut
3065 1715 3201 1774 dicit
3245 1721 3585 1792 Apostolus:
3651 1747 3674 1770 ι
3713 1723 3824 1778 Ha-

2209 1803 2402 1860 bentes
2453 1813 2631 1860 autem
2699 1805 2909 1861 victum
2967 1814 3021 1862 et
3081 1807 3364 1878 vestitum,
3432 1809 3500 1866 iis
3555 1812 3825 1868 contenti

505 1871 620 1972 lio:
661 1896 680 1919 ι
714 1873 987 1972 ΑΒεῗξξὶιιὶωι
1004 1873 1280 1972 εσὲξρτιιω
1325 1871 1445 1972 Vi}:
1491 1873 1718 1972 Patifuf:
1768 1881 1823 1930 et
1855 1873 2099 1972 fidi/"ti
2129 1888 2176 1949 Β
2211 1895 2384 1951 simus
2417 1895 2474 1966 (Ι
2515 1897 2650 1952 Tim.
2682 1913 2762 1964 vr,
2793 1895 2872 1968 8).
2909 1922 2928 1945 ι
2970 1898 3031 1953 In
3063 1915 3125 1954 ea
3151 1915 3282 1954 vero
3315 1871 3435 1972 quae
3471 1901 3540 1958 ad
3569 1903 3824 1958 salutem

506 1961 730 2033 rapiunt
781 1961 921 2017 illud
968 1962 1182 2033 (Matth.
1231 1978 1314 2028 XI,
1364 1961 1475 2035 12).
1509 1985 1528 2009 ι
1589 1961 1695 2029 Qui
1742 1969 1872 2018 sunt
1913 1969 2095 2017 autem

505 2050 759 2120 violenti,
809 2050 914 2106 nisi
963 2058 1272 2122 peccatores
1311 2059 1364 2107 et
1405 2050 1778 2122 pmnitentes?
1820 2050 1925 2117 Qui
1968 2066 2095 2108 cum

505 2156 562 2196 se
592 2139 782 2196 vident
813 2157 910 2212 pro
937 2139 1234 2196 sceleribus
1279 2140 1392 2194 suis
1434 2139 1628 2194 mortis
1666 2147 1937 2210 perpetua:
1983 2155 2096 2194 esse

505 2244 646 2297 reos,
677 2228 871 2284 tandiu
895 2227 1121 2300 januam
1153 2226 1389 2299 paradisi
1427 2227 1680 2298 precibus
1718 2227 1957 2299 pulsant,
1991 2244 2096 2282 us-

505 2335 611 2392 que
641 2319 774 2375 dum
803 2318 881 2374 eis
925 2318 1108 2374 aditus
1148 2317 1301 2390 regni
1331 2317 1568 2374 cmlestis
1605 2316 1897 2390 aperiatur.
1930 2317 2096 2374 Iacob

506 2424 634 2480 ergo
661 2425 785 2466 cum
825 2407 1064 2464 Domino
1100 2408 1341 2464 luctatur
1386 2407 1604 2480 quando
1633 2407 1866 2480 quilibet
1896 2425 2097 2480 pecca-

505 2505 594 2554 tor
649 2498 1036 2570 pertimescens
1091 2513 1277 2569 poenas
1326 2497 1470 2570 ignis
1521 2497 1730 2566 aeterni,
1791 2497 1984 2553 tandiu
2038 2497 2096 2553 in

505 2587 760 2659 precibus
779 2585 1040 2658 persistit,
1071 2601 1243 2658 usque
1271 2585 1403 2642 dum
1436 2585 1485 2641 ei
1513 2585 1889 2642 misericordia
1909 2586 2100 2642 divina

505 2685 814 2745 succurrat,
844 2683 990 2734 sicut
1016 2674 1300 2748 sequentia
1328 2674 1704 2732 manifestam.

577 2785 683 2852 Qui
713 2799 838 2839 cum
867 2781 1081 2839 videret
1111 2780 1256 2856 quod
1290 2797 1415 2837 eum
1454 2796 1709 2853 superare
1743 2795 1853 2836 non
1895 2787 2096 2852 posset,

505 2875 689 2945 tetigit
735 2889 967 2928 nervum
1015 2871 1242 2926 femoris
1290 2869 1427 2941 ejus,
1477 2878 1532 2925 et
1571 2869 1756 2926 statim
1812 2869 2096 2926 emarcuit.

509 2964 583 3020 Et
629 2963 756 3034 quia
815 2961 990 3016 libido
1041 2978 1110 3016 ex
1159 2961 1365 3015 femore
1410 2959 1672 3023 nascitur,
1724 2975 1822 3030 per
1869 2975 2097 3015 nervum

510 3051 740 3107 femoris
785 3050 1094 3120 voluptates
1125 3050 1370 3104 carnales
1414 3048 1649 3118 intelligi
1681 3055 1925 3118 possunt.
1955 3049 2101 3102 Ner—

509 3156 640 3196 vum
673 3139 842 3210 igitur
870 3137 1094 3192 femoris
1125 3136 1425 3208 peccatoris
1445 3134 1714 3191 Dominus
1740 3135 1942 3208 tetigit,
1973 3153 2098 3192 cum

2207 1983 2405 2040 anima:
2453 1985 2749 2057 pertinent,
2783 1992 2932 2041 totus
2961 1984 3268 2055 incumbit;
3319 2003 3389 2043 ne
3436 1989 3753 2063 aliquando
3794 2006 3826 2044 a

2207 2073 2299 2128 via
2325 2073 2443 2141 Dei,
2471 2091 2590 2147 qua:
2621 2073 2768 2129 salus
2794 2073 2990 2131 anima:
3011 2083 3114 2144 est,
3130 2076 3334 2134 deviet.
3355 2079 3441 2135 Ad
3461 2079 3819 2151 apertionem

2207 2161 2435 2218 secundi
2487 2162 2655 2234 sigilli
2710 2162 3197 2222 demonstrandam
3263 2183 3435 2239 pauca
3489 2169 3557 2224 de
3611 2169 3827 2226 multis

2207 2249 2472 2316 diximus,
2505 2267 2653 2306 nunc
2677 2250 2927 2308 ordinem
2961 2269 3368 2326 persequamur.

2279 2357 2567 2429 Sequitur:
2614 2357 2817 2412 Audivi
2856 2360 3140 2414 secundum
3185 2363 3392 2418 animal
3427 2363 3642 2420 dicens:
3687 2364 3827 2421 Veni

2207 2454 2256 2503 et
2284 2448 2443 2512 vide;
2484 2446 2539 2502 id
2577 2454 2682 2515 est,
2721 2445 2970 2519 intellige
3001 2447 3381 2521 spiritualiter,
3413 2468 3533 2525 quae
3562 2471 3595 2509 a
3639 2453 3826 2526 patri-

2207 2537 2388 2594 arcbis
2435 2536 2578 2593 facta
2621 2537 2948 2608 cognovisti.
2995 2538 3068 2593 Et
3103 2555 3210 2593 ecce
3249 2555 3410 2609 equus
3442 2539 3604 2610 rufus
3641 2543 3824 2613 (57):

2210 2633 2258 2682 et
2281 2626 2372 2696 qui
2414 2625 2619 2680 sedebat
2645 2641 2805 2695 super
2834 2625 3012 2690 illum,
3061 2626 3245 2681 datum
3281 2633 3355 2681 est
3389 2627 3438 2682 ei
3483 2635 3541 2682 ut
3579 2636 3833 2684 sumeret

2205 2731 2386 2786 pacem
2436 2713 2498 2768 de
2548 2719 2710 2779 terra,
2758 2719 2805 2766 et
2858 2719 2917 2768 ut
2973 2713 3190 2768 invicem
3232 2731 3284 2768 se
3337 2715 3682 2787 interﬁciant.
3751 2719 3832 2773 Et

2211 2805 2367 2859 datus
2408 2808 2482 2856 est
2536 2801 2622 2856 illi
2665 2801 2874 2876 gladius
2927 2818 3166 2872 magnus.
3210 2803 3312 2858 Per
3364 2819 3565 2876 equum
3615 2804 3825 2860 rufum

2207 2891 2364 2964 justi,
2397 2892 2489 2964 qui
2531 2897 2652 2961 post
2697 2888 2975 2946 diluvium
3017 2907 3188 2963 usque
3230 2890 3299 2946 ad
3339 2891 3511 2962 legem
3556 2891 3822 2960 fuerunt,

2211 2980 2588 3051 designantur.
2637 2979 2708 3034 Et
2747 2977 2877 3050 quia
2909 2979 3066 3034 rufus
3095 2979 3248 3036 color
3283 2995 3448 3034 aureo
3496 2980 3671 3035 colori
3726 2997 3821 3053 pa-

2211 3087 2432 3142 rumper
2469 3069 2892 3142 apprOpinquat,
2938 3069 3110 3124 veluti
3162 3070 3208 3125 si
3255 3087 3422 3126 aureo
3470 3071 3642 3127 colori
3689 3091 3817 3129 san-

2213 3159 2469 3232 guineum
2532 3158 2875 3224 admisceas;
2927 3173 3038 3213 non
3090 3157 3389 3232 incongrue
3445 3160 3614 3216 sancti
3673 3163 3816 3232 viri,

513 3227 702 3285 omnia
731 3225 1003 3282 desideria
1032 3224 1291 3293 carnalia,
1323 3241 1392 3280 ex
1422 3223 1624 3298 quibus
1652 3234 1870 3296 peccata
1898 3225 2098 3281 oriun-

2213 3246 2300 3319 qui
2331 3253 2456 3301 ante
2493 3245 2664 3317 legem
2704 3246 2949 3313 fuerunt,
2987 3245 3118 3300 huic
3171 3245 3343 3301 colori
3372 3256 3810 3318 comparantur;

506 3325 616 3386 tur,
671 3315 978 3384 exstinxit;
1037 3313 1166 3386 quia
1214 3312 1333 3368 ﬁeri
1391 3330 1501 3370 non
1543 3321 1720 3385 potest
1773 3321 1836 3370 ut
1889 3331 1920 3369 a
1963 3333 2100 3388 pec-

513 3409 652 3467 catis
677 3407 1072 3475 abstineamus,
1118 3407 1364 3480 quandiu
1412 3407 1469 3462 in
1501 3408 1878 3480 voluptatibus
1913 3426 2096 3466 carna-

510 3499 658 3555 libus
722 3497 951 3554 resoluti
998 3496 1263 3569 jacemus.
1318 3495 1476 3552 Dixit
1532 3495 1700 3568 igitur
1744 3497 1970 3569 angelus
2021 3499 2096 3567 ei,

509 3587 769 3645 videlicet
801 3586 892 3641 ille
917 3587 1011 3658 qui
1043 3586 1100 3640 in
1130 3601 1360 3657 persona
1392 3585 1616 3642 Domini
1649 3602 1774 3642 cum
1821 3603 1884 3642 eo
1913 3587 2100 3644 lucta-

505 3675 703 3732 batur:
767 3698 785 3720 ι
834 3673 1063 3730 Dimitte
1113 3689 1220 3741 me,
1257 3672 1368 3745 jam
1413 3673 1559 3730 enim
1608 3672 1852 3728 ascendit
1904 3689 2100 3729 aurora

509 3766 666 3828 (Gen.
705 3779 888 3832 xxxii,
930 3763 1056 3834 26);
1091 3788 1108 3808 ι
1158 3779 1219 3818 ac
1249 3763 1294 3816 si
1324 3762 1590 3818 dixisset:
1633 3762 1829 3818 Desine
1857 3762 1967 3836 jam
2001 3778 2100 3834 pro

507 3852 704 3908 timore
737 3851 878 3924 ignis
918 3851 1107 3907 aeterni
1156 3851 1314 3920 ﬁere;
1366 3851 1495 3924 quia
1543 3851 1657 3922 jam
1709 3852 2097 3924 tranquillitas,

509 3942 665 3998 vitiis
693 3941 1006 4010 exstinctis,
1031 3940 1214 4009 rediit,
1239 3959 1359 4014 quae
1379 3950 1432 3996 te
1461 3940 1519 3996 in
1541 3941 1865 4013 perditionis
1885 3941 2096 3996 foveam

506 4029 896 4086 demerserant.

580 4139 651 4193 Et
707 4137 835 4210 quia
884 4153 995 4192 non
1048 4136 1179 4193 satis
1226 4135 1447 4210 prodest
1495 4139 1638 4194 mala
1677 4138 1943 4207 deserere,
1992 4137 2099 4193 nisi

509 4225 653 4282 bona
696 4243 852 4297 agere
897 4227 1233 4294 studeamus,
1277 4228 1562 4299 sequitur:
1613 4227 1866 4297 Dixitque
1905 4227 2094 4282 Iacob:

509 4317 628 4374 Non
671 4315 932 4370 dimittam
994 4322 1061 4382 te,
1123 4316 1230 4370 nisi
1287 4316 1612 4370 benedixeris
1656 4317 1784 4370 mihi
1827 4321 1993 4388 525,
2045 4314 2102 4371 id

508 4423 610 4482 est,
645 4430 675 4468 a
713 4412 968 4486 precibus
996 4429 1104 4469 non
1138 4413 1381 4482 cessabo,
1413 4413 1520 4469 nisi
1558 4431 1643 4469 me
1673 4411 1971 4473 virtutibus
2007 4413 2102 4470 di-

510 4506 763 4572 taveris;
829 4512 890 4560 ut
944 4505 1036 4576 qui
1089 4520 1262 4576 usque
1317 4503 1481 4559 modo
1529 4504 1827 4560 secundum
1883 4520 2101 4561 carnem

2207 3355 2272 3396 eo
2314 3337 2460 3411 quod
2497 3347 2552 3394 et
2597 3337 2864 3410 sapientia
2919 3337 3238 3406 claruerint,
3297 3355 3418 3412 quae
3467 3357 3563 3412 per
3607 3357 3813 3397 aurum

2207 3428 2494 3502 ﬁguratur,
2541 3437 2594 3484 et
2645 3427 2704 3482 in
2753 3426 3228 3500 persecutionibus
3287 3439 3341 3485 et
3376 3429 3620 3486 adversis
3675 3449 3811 3488 con-

2207 3525 2412 3573 stantes
2466 3517 2694 3585 fuerint,
2750 3531 2870 3588 quaa
2939 3532 3034 3588 per
3083 3517 3404 3588 sanguinem
3464 3517 3808 3591 ﬁgurantur.

2208 3609 2394 3664 Sessor
2434 3622 2565 3661 vero
2593 3603 2760 3676 hujus
2804 3604 2928 3676 equi
2968 3605 3238 3660 Dominus
3285 3614 3386 3675 est,
3439 3609 3533 3681 qui
3583 3607 3643 3664 in
3693 3627 3806 3666 san-

2207 3699 2310 3755 ctis
2342 3697 2456 3753 suis
2503 3695 2732 3751 habitat.
2768 3694 2908 3751 Iluic
2935 3695 3133 3751 sessori
3164 3695 3352 3752 datum
3391 3706 3472 3753 est
3512 3707 3574 3754 ut
3619 3715 3808 3770 pacem

2207 3794 2445 3844 sumeret
2472 3785 2538 3842 de
2580 3794 2741 3842 terra.
2776 3783 2832 3840 Si
2881 3801 2987 3856 pax
3029 3783 3171 3840 bona
3203 3793 3282 3841 est
3321 3803 3352 3840 a
3379 3788 3512 3856 Deo,
3551 3785 3618 3842 de
3665 3795 3811 3844 terra

2209 3875 2484 3950 quomodo
2529 3882 2745 3946 sumpta
2792 3874 2920 3930 est?
2964 3874 3067 3929 Sed
3121 3883 3203 3930 est
3247 3891 3354 3946 pax
3413 3875 3577 3943 bona,
3633 3883 3692 3930 et
3729 3885 3809 3932 est

2208 3983 2314 4039 pax
2355 3965 2514 4020 mala.
2566 3965 2758 4019 Pacem
2795 3964 2994 4018 malam
3039 3963 3140 4018 ﬁlii
3190 3965 3288 4020 Dei
3344 3971 3472 4020 ante
3527 3964 3806 4022 diluvium

2207 4072 2334 4112 cum
2367 4053 2498 4109 ﬁliis
2523 4052 2814 4108 hominum
2845 4050 3182 4121 habuerunt,
3213 4053 3432 4126 quando
3456 4052 3599 4109 ﬁlias
3615 4071 3803 4110 eorum

2209 4150 2554 4216 acceperunt,
2581 4149 2634 4197 et
2661 4156 2788 4197 suas
2817 4144 2894 4196 eis
2923 4141 3194 4197 dederunt
3226 4143 3381 4214 (Gen.
3416 4160 3495 4212 vi,
3528 4143 3619 4214 2);
3652 4143 3803 4199 ideo-

2210 4251 2316 4306 que
2369 4249 2494 4288 cum
2542 4231 2656 4287 illis
2717 4232 2874 4304 aquis
2919 4231 3120 4287 diluvii
3180 4231 3548 4306 deleti_suut.
3605 4232 3713 4289 Sed
3755 4241 3804 4289 et

2210 4322 2345 4378 ﬁliis
2375 4317 2539 4377 Israel
2572 4321 2835 4393 praecepit
2868 4320 3138 4377 Dominus
3159 4328 3220 4376 ut
3250 4321 3428 4378 foedus
3456 4338 3567 4377 non
3601 4323 3804 4378 inirent

2211 4429 2335 4469 cum
2387 4410 2733 4477 Chananaeis,
2795 4426 2970 4482 neque
3027 4410 3169 4464 ﬁlias
3224 4425 3413 4466 eorum
3471 4409 3799 4483 acciperent,

2210 4519 2312 4558 nec
2341 4499 2484 4556 ﬁlias
2514 4519 2638 4556 suas
2668 4500 2783 4556 illis
2813 4499 3006 4556 darent
3028 4500 3238 4572 (Exod.
3272 4516 3437 4569 xxm,
3463 4501 3568 4568 32;
3599 4517 3799 4566 xxxxv,

518 4594 661 4663 vixi,
701 4593 900 4649 amodo
948 4593 1248 4649 secundum
1298 4591 1552 4663 spiritum
1601 4591 1802 4647 vivam.
1854 4593 2106 4662 Dixitque
2133 4597 2183 4656 D
2218 4595 2328 4665 16).
2358 4592 2492 4648 Nam
2525 4593 2590 4648 de
2621 4609 2749 4664 pace
2778 4590 2918 4646 bona
2957 4599 3008 4646 et
3048 4590 3188 4644 mala
3217 4589 3505 4647 Psalmista
3535 4592 3795 4664 loquitur,

512 4685 560 4742 ei
592 4685 708 4758 (56)
739 4702 750 4739 :
787 4685 937 4752 Quod
965 4691 1039 4738 est
1067 4699 1252 4736 nomen
1283 4687 1426 4735 tuum
1451 4683 1478 4738 ?
1506 4681 1790 4752 Respondit
1817 4681 1862 4735 ei
1888 4700 1899 4737 :
1921 4682 2101 4748 Jacob;

509 4773 752 4844 dixitque
779 4773 862 4827 ei:
913 4773 1032 4828 Non
1083 4770 1348 4826 vocaberis
1388 4771 1534 4826 ultra
1574 4770 1756 4838 Iacob,
1807 4770 1893 4824 sed
1935 4771 2105 4826 Israel

511 4861 613 4918 erit
653 4879 840 4916 nomen
871 4868 1036 4926 tuum,
1073 4860 1127 4916 id
1175 4867 1287 4915 est:
1327 4857 1449 4915 Non
1487 4859 1767 4917 vocaberis
1796 4860 1940 4916 ultra
1979 4877 2104 4932 sup-

513 4951 790 5023 plautator
814 4949 1100 5016 vitiorum,
1133 4949 1226 5004 sed
1256 4947 1538 5004 vocaberis
1569 4949 1656 5003 vir
1681 4947 1874 5003 videns
1897 4949 2098 5003 Deum:

513 5047 568 5094 et
609 5038 704 5110 qui
755 5045 878 5092 ante
930 5036 1096 5093 ﬂebas
1140 5053 1209 5093 ne
1256 5035 1312 5092 in
1355 5037 1634 5094 infernum
1691 5036 2102 5111 demergereris,

518 5144 670 5182 nunc
721 5125 901 5194 ﬂebis,
956 5142 1020 5182 eo
1074 5127 1220 5198 quod
1271 5127 1458 5199 aliquo
1515 5137 1758 5200 tempore
1805 5145 1836 5183 a
1891 5127 2103 5184 visione

514 5215 912 5288 omnipotentis
938 5215 1036 5270 Dei
1067 5216 1357 5287 elongeris,
1395 5216 1582 5273 dicens
1611 5235 1734 5273 cum
1775 5217 2098 5273 Psalmista:

585 5451 728 5534 (55),
751 5451 927 5534 Edit.,
965 5452 1033 5534 Ain
1060 5451 1235 5534 ﬁgura
1277 5452 1596 5517 luctabatur,
1638 5453 1776 5508 illud
1809 5453 2103 5526 signiﬁcat;

513 5536 642 5576 mss.
675 5531 737 5578 ut
768 5531 823 5578 in
853 5531 1137 5578 contextu.

588 5593 695 5660 (56)
739 5593 941 5648 Eadem
991 5595 1148 5662 edit.,
1193 5594 1448 5664 Dixitque
1487 5594 1578 5650 ei:
1627 5595 1748 5650 Non
1795 5595 2097 5662 vocaberis;

514 5677 649 5716 mss.
683 5679 814 5718 vero
844 5664 1128 5720 nobiscum
1157 5665 1383 5722 faciunt.

2211 4684 2436 4740 dicens:
2483 4709 2500 4729 ι
2523 4683 2658 4740 Cum
2691 4683 2864 4737 electo
2894 4681 3100 4736 electus
3142 4696 3270 4747 eris,
3314 4689 3367 4736 et
3395 4697 3520 4737 cum
3549 4674 3798 4754 perverso

2212 4773 2542 4846 perverteris
2591 4771 2764 4845 (Psal.
2811 4787 2952 4838 xvn,
2994 4769 3108 4840 27).
3165 4794 3183 4816 ι
3250 4772 3400 4828 Hanc
3445 4789 3570 4846 ergo
3617 4790 3794 4846 pacem

2212 4863 2356 4919 Deus
2391 4862 2457 4917 de
2503 4869 2644 4916 terra
2691 4858 2945 4931 sumpsit,
2989 4858 3208 4930 quando
3237 4858 3415 4931 justos
3460 4860 3714 4919 homines
3736 4861 3795 4917 ab

2212 4950 2400 5024 impiis
2428 4949 2701 5023 separavit
2726 4956 2924 5016 mente,
2958 4964 3070 5002 non
3098 4963 3344 5020 corpore.
3393 4952 3467 5006 Et
3494 4956 3550 5004 ut
3583 4951 3795 5006 invicem

2211 5059 2263 5096 se
2291 5041 2626 5112 interﬁciant.
2671 5041 2717 5095 Α
2751 5039 2950 5112 quibus
2988 5056 3094 5111 pax
3127 5041 3307 5096 ablata
3335 5048 3436 5109 est,
3465 5055 3794 5113 consequens

2211 5139 2312 5200 est,
2349 5139 2410 5185 ut
2449 5129 2589 5185 alius
2625 5127 2693 5184 ab
2741 5129 2851 5184 alio
2885 5128 3247 5184 interficiatur
3282 5147 3295 5197 ;
3335 5145 3457 5184 nam
3499 5145 3641 5201 saepe.
3663 5129 3790 5200 justi

2211 5218 2467 5290 injustas,
2509 5225 2562 5274 et
2609 5216 2800 5290 injusti
2829 5216 3010 5290 justos
3053 5217 3418 5287 interﬁciunt,
3453 5217 3596 5274 sicut
3635 5219 3790 5274 Aram

2283 5451 2396 5522 (57)
2427 5449 2576 5507 Edit.
2627 5451 2783 5518 Gill.,
2829 5451 2903 5505 Et
2949 5464 3054 5504 ecce
3090 5446 3616 5522 equusirufungHic
3657 5449 3790 5522 calor

2210 5520 2392 5590 aureo,
2436 5533 2540 5579 etc.
2588 5523 2748 5579 Rom.
2798 5529 2919 5593 post
2957 5537 3144 5577 vocem
3178 5521 3337 5591 rufus
3372 5520 3586 5593 addidit
3615 5528 3669 5576 et
3706 5521 3789 5576 has

2209 5603 2622 5667 consequentes,
2657 5599 2706 5648 et
2740 5592 2833 5662 qui
2861 5593 3064 5667 sedebat
3088 5609 3247 5664 super
3275 5593 3460 5648 illum:
3511 5592 3697 5647 datum
3727 5596 3788 5646 est

2209 5666 2256 5720 ei
2282 5671 2340 5720 ut
2368 5665 2592 5721 sumeret
2621 5681 2804 5736 pacem
2845 5665 2909 5720 de
2941 5671 3104 5720 terra.
3159 5668 3264 5721 Nos
3309 5679 3440 5720 vero
3488 5670 3686 5721 cetera
3727 5678 3785 5717 ex

2211 5755 2338 5793 mss.
2371 5737 2730 5793 restituimus.
