3970 6366
124 393 256 450 905

1068 395 1522 453 BERENGAUDI
1559 394 1933 453 EXPOSITIO
1974 396 2046 454 IN
2082 395 2584 455 APOCALYPSIN.

3352 398 3460 457 906

134 519 325 577 frater
351 519 584 576 Abrahm
615 520 918 577 secundum
955 519 1307 577 traditionem
1333 520 1647 577 Iudaeorum
1698 522 1753 578 in
1783 522 1835 580 A
1868 520 2168 577 Pharaonis
2198 522 2423 594 Moysen
2469 538 2501 578 a
2542 522 2843 596 papyrione
2890 521 3114 578 sustulit
3157 522 3360 593 (Exod.
3394 541 3456 595 ιι,

135 610 281 679 igne
311 608 717 678 Chaldaeorum,
749 625 814 663 eo
843 609 990 682 quod
1022 608 1203 680 ignem
1232 609 1457 666 adorare
1497 611 1757 679 noluerit,

134 707 407 755 mortuus
443 706 565 755 est:
626 699 770 755 sicut
833 698 1111 754 Abraham
1172 707 1406 769 quatuor
1456 715 1607 771 reges
1661 716 1760 771 pro

133 788 270 843 suis
309 786 685 859 impietatibus
723 803 848 843 cum
882 789 1223 845 exercitibus
1253 788 1566 844 interfecit:
1618 788 1761 843 sicut

132 877 258 933 ﬁlii
287 877 452 933 Jacob
486 878 580 951 qui
618 894 718 949 pro
746 885 937 951 stupro
970 880 1175 935 sororis
1224 894 1414 935 omnes
1442 877 1761 934 Sichimitas

136 971 572 1028 interfecerunt.
628 969 729 1023 Per
758 968 1002 1040 gladium
1053 977 1236 1025 autem
1282 985 1539 1041 magnum
1592 983 1760 1041 aquas

134 1059 359 1117 diluvii
412 1058 663 1129 accipere
710 1074 1021 1129 possumus,
1055 1057 1257 1130 quibus
1302 1057 1484 1113 omnis
1521 1056 1760 1113 mundus

135 1151 369 1207 deletus
411 1155 510 1204 est.
572 1148 868 1203 Possumus
908 1147 1073 1203 etiam
1105 1164 1201 1219 per
1228 1146 1470 1218 gladium
1501 1162 1756 1219 magnum

135 1238 550 1297 exterminium
575 1237 820 1310 quinque
842 1237 1134 1293 civitatum
1169 1236 1496 1308 intelligere,
1528 1252 1758 1309 quarum

136 1330 494 1387 habitatores
540 1329 663 1400 igne
701 1336 756 1383 et
800 1326 1063 1399 sulphure
1106 1326 1407 1399 perierunt,
1463 1343 1762 1400 eorumque

137 1428 380 1489 terram,
417 1437 537 1493 quae
568 1435 693 1475 cum
716 1418 851 1490 ipsis
889 1417 947 1473 in
975 1417 1239 1489 abyssum
1274 1416 1525 1473 demersa
1552 1424 1653 1472 est.

229 1531 304 1586 Et
346 1546 461 1585 cum
517 1527 812 1600 aperuisset
865 1525 1099 1596 sigillum
1157 1525 1385 1581 tertium.
1431 1525 1611 1597 Sigilli
1642 1533 1765 1581 ter-

138 1618 223 1676 tii
279 1619 487 1692 apertio
530 1617 598 1673 ad
652 1618 825 1689 legem
874 1623 927 1673 et
970 1615 1037 1672 ad
1084 1632 1175 1672 eos
1202 1616 1294 1689 qui
1325 1615 1426 1672 sub
1472 1616 1589 1687 lege
1634 1615 1765 1672 fue-

138 1716 289 1765 runt
338 1708 597 1781 pertinet.
644 1705 730 1761 Ad
768 1704 1253 1761 demonstrandum
1303 1721 1430 1776 ergo
1480 1704 1633 1761 tertii
1680 1705 1766 1760 si-

139 1799 279 1872 gilli
312 1799 678 1871 apertionem,
708 1795 915 1867 placuit
944 1801 1006 1850 ut
1048 1810 1219 1867 pauca
1261 1792 1328 1849 de
1360 1794 1565 1865 Moyse,
1593 1801 1646 1850 et
1698 1793 1766 1851 de

138 1889 227 1945 iis
275 1904 398 1961 quae
450 1886 508 1941 in
571 1886 686 1956 lege
717 1882 1117 1939 irrationabilia
1145 1899 1262 1939 esse
1297 1882 1577 1951 videntur,
1605 1884 1767 1941 dica-
1793 1901 1840 1962 Β

137 1995 303 2035 mus.
354 1979 418 2034 In
452 1975 645 2032 Exodo
691 1977 955 2048 scriptum
988 1984 1068 2031 est
1097 1973 1243 2047 quod
1273 1991 1397 2030 cum
1426 1982 1589 2031 natus
1615 1985 1756 2033 esset

137 2072 394 2144 Moyses,
421 2068 774 2126 absconditus
822 2077 903 2124 est
935 2068 1212 2124 mensibus
1241 2068 1418 2124 tribus
1445 2084 1475 2123 a
1504 2070 1755 2141 parenti-

139 2160 267 2216 bus
297 2160 447 2226 suis;
498 2165 684 2231 postea
714 2174 844 2213 vero
865 2157 993 2214 fecit
1018 2156 1066 2213 ei
1116 2166 1290 2213 mater
1319 2157 1578 2213 ﬁscellam
1611 2158 1757 2215 scir-

144 2266 341 2323 peam,
387 2256 440 2305 et
472 2248 599 2304 livit
642 2263 759 2303 eam
789 2246 1065 2302 bitumine
1094 2262 1157 2302 ac
1191 2248 1331 2319 pice,
1363 2253 1419 2302 et
1445 2247 1623 2319 posito
1661 2248 1757 2303 in-

144 2348 250 2395 tus
299 2339 527 2405 infante,
570 2336 753 2409 posuit
799 2351 921 2390 eum
968 2336 1024 2391 in
1064 2345 1279 2392 carecto
1324 2336 1457 2408 ripa:
1509 2336 1758 2393 ﬂuminis

146 2428 365 2502 (Exod.
416 2444 476 2494 ιι,
527 2424 580 2494 2,
631 2424 710 2496 3).
744 2424 958 2495 Moyses
1004 2422 1285 2481 Christum
1326 2423 1630 2496 ﬁgurabat:
1663 2442 1760 2498 per

145 2534 374 2575 menses
401 2525 581 2572 autem
633 2522 744 2569 tres
772 2513 972 2587 quibus
1014 2513 1365 2569 absconditus
1413 2524 1493 2570 est
1521 2515 1755 2587 Moyses,

145 2604 265 2662 tria
319 2612 565 2675 tempora
619 2600 1014 2671 designantur:
1046 2618 1216 2656 unum
1269 2610 1394 2658 ante
1442 2602 1751 2658 diluvium:

144 2692 459 2750 secundum
492 2697 613 2763 post
636 2689 909 2744 diluvium
949 2705 1121 2763 usque
1142 2689 1208 2745 ad
1242 2692 1463 2763 Moysen
1491 2710 1502 2747 :
1532 2692 1756 2748 tertium

145 2802 184 2843 a
215 2785 408 2857 Moyse
438 2798 610 2855 usque
637 2781 703 2837 ad
743 2779 1043 2835 adventum
1082 2780 1327 2837 Domini.
1375 2783 1435 2837 In
1464 2781 1551 2836 his
1580 2781 1758 2837 tribus

145 2870 501 2943 temporibus
565 2866 819 2923 homines
872 2867 1143 2922 adventus
1198 2866 1402 2923 Christi
1453 2867 1754 2922 secundum

144 2976 380 3018 carnem
410 2958 573 3014 latuit
597 2975 609 3024 ;
634 2973 664 3011 a
692 2956 950 3028 perfectis
976 2964 1156 3011 tamen
1188 2955 1482 3027 praedictus
1510 2964 1591 3011 est
1613 2956 1755 3027 (58).

145 3056 263 3112 Per
291 3056 553 3112 ﬁscellam
599 3070 730 3110 vero
758 3054 1023 3125 scirpeam
1071 3052 1231 3109 beata
1269 3053 1424 3125 virgo
1452 3053 1623 3109 Maria
1665 3054 1754 3109 de-

145 3146 371 3218 signata
398 3152 505 3202 est:
541 3150 715 3199 mater
743 3160 871 3215 ergo
898 3142 1159 3199 ﬁscellam
1202 3142 1488 3215 scirpeam,
1535 3143 1593 3198 in
1649 3160 1756 3216 qua

145 3236 375 3307 Moyses
415 3241 727 3305 poneretur,
772 3231 1122 3303 praeparavit;
1169 3231 1297 3304 quia
1326 3231 1590 3303 sapientia
1632 3232 1751 3299 Dei,
1786 3260 1828 3321 ο

146 3341 278 3398 quae
309 3332 390 3379 est
442 3322 617 3378 Filius
662 3321 783 3389 Dei,
824 3321 1033 3377 beatam
1086 3328 1141 3376 et
1184 3322 1474 3393 gloriosam
1527 3320 1751 3377 Mariam

145 3429 372 3485 semper
413 3412 686 3483 virginem
735 3409 919 3481 elegit,
954 3409 1010 3464 in
1042 3408 1201 3481 cujus
1247 3410 1569 3466 intemerato
1599 3418 1754 3465 utero

147 3501 464 3569 hominem,
496 3500 585 3557 cui
615 3516 710 3571 per
738 3499 1004 3555 unitatem
1037 3515 1279 3570 personae
1310 3499 1750 3571 conjungeretur,

145 3590 437 3647 formarct.
460 3591 561 3645 Per
589 3589 840 3644 bitumen
860 3603 991 3643 vero
1018 3587 1163 3659 quod
1192 3589 1259 3644 ab
1288 3588 1443 3662 aquis
1472 3590 1611 3644 solvi
1640 3605 1751 3643 non

144 3689 352 3755 potest,
396 3680 771 3752 virginitatem
803 3678 973 3734 beatae
1013 3678 1217 3746 Mariae,
1266 3695 1387 3751 qua
1432 3680 1587 3735 nullo
1616 3687 1751 3734 aestu

143 3770 361 3827 carnali
428 3768 623 3824 violari
680 3767 879 3841 potuit,
942 3767 1248 3840 intelligere
1288 3784 1608 3838 possumus:
1656 3783 1752 3839 per

144 3861 331 3931 picem
361 3866 564 3925 autem,
597 3874 718 3930 qua:
747 3865 931 3913 custos
963 3865 1044 3912 est
1073 3856 1190 3911 vini
1222 3857 1361 3927 (59),
1381 3856 1748 3913 humilitatem

143 3948 437 4005 custodem
469 3954 788 4004 caeterarum
818 3947 1113 4002 virtutum.
1151 3947 1230 4001 De
1277 3961 1383 4015 qua
1411 3946 1526 4016 ipsa
1560 3945 1750 4017 loqui-

144 4046 243 4093 tur
268 4037 487 4093 dicens:
529 4037 701 4105 cQuia
725 4036 966 4109 respexit
987 4035 1356 4091 humilitatem
1382 4036 1596 4091 ancillae
1614 4051 1744 4101 sum;

144 4142 277 4182 ecce
305 4126 452 4182 enim
492 4143 560 4182 ex
590 4126 697 4183 hoc
725 4126 937 4182 beatam
970 4141 1055 4180 me
1083 4124 1271 4181 dicent
1299 4139 1487 4179 omnes
1517 4138 1749 4194 genera-

141 4215 332 4270 tiones
364 4216 516 4286 (Luc.
551 4232 590 4283 ι,
617 4214 733 4286 48).
766 4239 784 4262 ι
826 4215 928 4270 Per
955 4213 1157 4269 ﬂumen
1185 4229 1317 4268 vero
1346 4212 1622 4268 mundus:
1653 4227 1748 4283 per

142 4309 429 4360 carectum
469 4302 525 4356 in
576 4317 685 4372 quo
730 4302 948 4372 Moyses
992 4302 1202 4372 positus
1247 4310 1348 4370 est,
1380 4301 1554 4357 Judaei
1593 4299 1748 4355 desi-

146 4398 438 4463 gnantur;
482 4405 606 4444 nam
668 4389 727 4443 in
768 4390 1122 4460 sequentibus
1153 4390 1209 4444 in
1247 4390 1545 4461 papyrione
1574 4406 1603 4444 a
1633 4388 1747 4443 ﬁlia

144 4477 454 4536 Pharaonis
482 4478 742 4533 inventus
781 4476 951 4532 fuisse
997 4478 1215 4548 legitur.
1247 4478 1509 4533 Eamdem
1539 4475 1745 4547 signiﬁ-

142 4570 424 4627 cationem
457 4569 622 4625 habet
652 4576 926 4624 carectum
958 4567 1014 4621 in
1055 4566 1159 4623 hoc
1198 4567 1339 4631 loco,
1371 4582 1532 4638 quam
1565 4574 1619 4621 et
1655 4583 1742 4638 pa-

147 4677 355 4733 pyrus;
399 4676 523 4715 nam
556 4664 829 4715 carectum
873 4671 1070 4711 manus
1114 4656 1520 4712 attrectantium
1554 4656 1743 4711 vulne-

144 4768 269 4807 rare
291 4752 450 4816 solet,
478 4767 547 4807 ex
565 4764 776 4821 papyro
795 4755 976 4804 autem
1008 4744 1313 4817 antiquitus
1332 4746 1459 4800 libri
1490 4744 1742 4802 conﬁcie-

144 4839 371 4896 bantur.
406 4841 508 4895 Per
552 4845 825 4894 carectum
856 4852 983 4909 ergo
1028 4835 1201 4891 Judaei
1231 4834 1606 4906 designantur,
1645 4834 1740 4906 qui

146 4930 461 5003 prophetas,
493 4929 734 4985 medicos
776 4926 1038 4983 videlicet
1067 4924 1359 4997 spiritales,
1388 4925 1482 4998 qui
1512 4923 1741 4981 vulnera

145 5035 334 5074 eorum
354 5034 542 5075 sanare
572 5017 885 5090 cupiebant,
916 5015 1329 5071 interfecerunt.
1372 5015 1541 5071 Iidem
1573 5015 1735 5071 etiam

145 5115 202 5164 et
232 5124 328 5180 per
357 5124 626 5180 papyrum
677 5106 1051 5179 designantur,
1079 5120 1143 5159 eo
1156 5103 1319 5176 -quod
1361 5104 1420 5159 in
1450 5104 1737 5176 scripturis

148 5197 255 5253 sibi
293 5213 324 5252 a
361 5198 475 5252 Deo
521 5195 742 5252 traditis
782 5195 1164 5267 gloriarentur,
1196 5209 1330 5265 quas
1364 5193 1634 5264 legebant,
1680 5201 1735 5249 et

144 5301 259 5341 non
288 5284 691 5341 custodiebant.
728 5284 867 5340 Filia
896 5300 1027 5339 vero
1056 5282 1354 5339 Pharaonis
1393 5283 1508 5354 (60)
1541 5281 1732 5339 videli-

144 5383 230 5431 cet
264 5373 472 5431 diaboli
504 5374 772 5447 populum
793 5389 863 5429 ex
878 5372 1132 5446 gentibus
1151 5370 1428 5444 ﬁguravit.
1446 5371 1588 5427 Filia
1604 5388 1732 5444 ergo

215 5601 330 5674 (58)
363 5602 446 5658 Ita
489 5616 660 5671 mss.;
708 5599 841 5658 edit.
893 5616 924 5657 θ
976 5601 1271 5659 contrario.
1326 5602 1392 5659 In
1446 5601 1514 5657 iis
1566 5602 1733 5659 tribus

146 5674 459 5744 temporibus
514 5674 770 5743 quomodo
816 5673 1047 5729 homines
1100 5675 1353 5731 adventus
1397 5675 1729 5733 Christi......

139 5744 440 5816 praedictum
467 5750 559 5803 est.

459 5842 700 5898 PATBOL.
740 5843 917 5900 XVII.

1868 613 1967 684 5);
2009 613 2138 686 quia
2166 615 2412 670 Ecclesia
2455 631 2525 670 ex
2565 615 2822 687 gentibus
2862 614 3026 671 ﬁdem
3069 615 3282 673 Christi
3329 634 3460 674 sus-

1869 701 2099 773 cipiens,
2124 703 2401 759 .eumdem
2432 703 2716 762 Christum
2762 721 2796 761 a
2846 704 3050 762 Iudaeis
3082 705 3303 762 credere
3348 723 3460 763 no-

1871 789 2114 847 lentibus
2142 791 2394 849 abstulit.

1940 933 2131 988 Postea
2160 952 2285 990 cum
2317 933 2462 990 idem
2492 936 2706 1009 Moyses
2744 954 2874 994 oves
2901 937 3090 994 Jethro
3122 936 3336 1011 cognati
3374 936 3459 993 sui

1872 1029 2134 1092 pasceret,
2151 1023 2400 1094 apparuit
2429 1022 2479 1079 ei
2508 1024 2778 1080 Dominus
2806 1025 2864 1080 in
2895 1025 3019 1098 igne
3050 1026 3283 1083 ﬂammai
3310 1024 3457 1094 rubi,

1869 1119 1923 1166 et
1956 1112 2176 1169 videbat
2205 1113 2352 1186 quod
2379 1114 2549 1170 rubus
2578 1114 2811 1184 arderet,
2862 1123 2915 1171 et
2960 1133 3071 1173 non
3100 1116 3461 1173 comburere-

1870 1210 1962 1257 tur
2007 1203 2208 1274 (Exod.
2245 1221 2324 1272 ιιι,
2357 1203 2437 1276 2).
2490 1205 2782 1261 Possumus
2812 1221 2907 1278 per
2936 1205 3135 1261 rubum
3171 1206 3265 1278 qui
3295 1204 3461 1261 ﬂam—

1873 1309 1986 1348 mas
2015 1310 2083 1348 ex
2112 1311 2168 1350 se
2196 1292 2547 1365 producebat,
2604 1302 2657 1350 et
2692 1311 2801 1350 non
2831 1295 3278 1363 comburebatur,
3321 1293 3462 1350 bea—

1872 1388 1981 1437 tam
2010 1382 2280 1454 virginem
2315 1383 2540 1439 Mariam
2570 1382 2895 1456 intelligere,
2944 1400 3063 1457 quze
3113 1382 3315 1439 Filium
3360 1381 3460 1439 Dei

1871 1488 1941 1527 ex
1972 1490 2071 1529 suo
2099 1481 2255 1529 utero
2286 1475 2536 1546 protulit,
2584 1481 2637 1529 et
2683 1474 3061 1546 virginitatem
3095 1492 3206 1531 non
3235 1477 3456 1545 amisit;

1872 1562 1967 1618 sed
1996 1570 2216 1634 propter
2243 1579 2304 1619 ea
2334 1580 2453 1636 qua
2479 1571 2805 1636 sequuntur,
2834 1581 2929 1637 per
2956 1565 3155 1621 rubum
3177 1565 3460 1624 Christum

1873 1668 1987 1708 esse
2016 1650 2432 1724 intelligendum
2463 1658 2607 1715 526
2637 1653 2916 1721 existimo,
2964 1654 3265 1711 secundum
3313 1658 3460 1731 quod

1874 1746 2040 1804 homo
2067 1756 2167 1804 est.
2212 1749 2456 1806 Flamma
2483 1767 2614 1808 vero
2644 1752 2767 1809 rubi
2802 1751 2919 1825 ejus
2947 1751 3295 1809 divinitatem
3325 1753 3460 1826 ﬁgu-

1872 1834 2036 1892 ravit.
2094 1835 2283 1892 Bubus
2305 1853 2433 1909 ergo
2462 1838 2703 1908 ardebat,
2748 1846 2803 1895 et
2845 1854 2956 1894 non
2993 1837 3456 1907 comburebatur;

1869 1926 1998 1998 quia
2024 1926 2199 1983 Filius
2226 1927 2324 1983 Dei
2363 1928 2643 1987 hominem
2682 1947 2986 1997 assumens,
3022 1929 3166 1987 sicut
3214 1928 3332 2002 ejus
3378 1930 3459 1987 di-

1868 2019 2072 2076 vinitas
2099 2036 2212 2076 non
2241 2028 2323 2077 est
2352 2028 2560 2078 mutata
2580 2022 2638 2078 in
2658 2022 3079 2091 humanitatem,
3102 2031 3166 2079 ut
3184 2023 3460 2080 amitteret

1869 2108 2015 2182 quod
2048 2118 2162 2166 erat
2180 2128 2195 2178 ;
2246 2110 2324 2167 sic
2353 2127 2453 2167 nec
2479 2110 2596 2183 ejus
2632 2112 2947 2169 humanitas
2984 2129 3080 2185 per
3108 2111 3459 2169 divinitatem

1867 2200 2084 2269 ardens,
2113 2218 2222 2257 non
2253 2210 2334 2258 est
2361 2202 2651 2276 absumpta
2680 2204 2756 2261 ita
2784 2221 2815 2260 a
2840 2203 3153 2272 divinitate,
3196 2212 3258 2261 ut
3286 2204 3461 2261 amit-

1867 2296 2005 2345 teret
2056 2288 2488 2348 humanitatem:
2559 2292 2652 2350 sed
2722 2310 2792 2350 ex
2851 2292 3064 2349 duabus
3135 2292 3459 2350 substantiis

1870 2379 2232 2438 humanitatis
2259 2390 2422 2456 atque
2459 2384 2680 2441 deitatis
2716 2400 2862 2441 unus
2896 2382 3148 2440 Christus
3193 2400 3461 2457 perman-

1869 2470 1941 2526 sit
1993 2478 2047 2527 et
2096 2481 2399 2544 permanet,
2448 2475 2591 2530 sicut
2637 2473 2901 2545 scriptum
2954 2481 3064 2529 est:
3124 2496 3143 2520 ε
3182 2472 3459 2531 Perfectus

1869 2565 2035 2633 Deus,
2084 2565 2355 2637 perfectus
2382 2564 2571 2634 homo,
2617 2582 2685 2621 ex
2719 2564 2905 2620 anima
2932 2563 3189 2619 rationali
3243 2571 3297 2619 et
3343 2563 3460 2620 hu-

1871 2670 2032 2710 mana
2059 2671 2220 2712 carne
2254 2655 2553 2712 subsistens
2585 2654 2871 2727 (Athanas.
2902 2654 2960 2708 in
2995 2652 3222 2725 Symb.).
3254 2677 3273 2700 ι

1938 2788 2287 2863 Locutusque
2325 2797 2407 2847 est
2443 2789 2714 2856 Dominus
2767 2787 2835 2845 ad
2892 2789 3116 2862 Moysen
3162 2786 3231 2845 de
3277 2788 3460 2846 medio

1870 2877 2103 2935 ﬂammae
2158 2878 2321 2934 rubi:
2384 2901 2402 2925 ι
2447 2880 2525 2934 Ne
2554 2877 2839 2951 appropies
2881 2876 3011 2945 huc,
3052 2878 3203 2933 solve
3237 2878 3459 2934 calcea-

1871 2976 2115 3023 mentum
2147 2968 2213 3023 de
2241 2967 2473 3039 pedibus
2502 2968 2648 3034 tuis;
2700 2968 2853 3023 locus
2879 2965 3024 3022 enim
3072 2966 3130 3021 in
3177 2982 3287 3039 quo
3323 2976 3455 3034 stas,

1868 3063 2013 3111 terra
2067 3064 2253 3111 sancta
2298 3065 2397 3111 est.
2445 3056 2655 3112 Videns
2704 3055 2821 3111 vidi
2870 3054 3227 3111 aﬂlictionem
3267 3057 3458 3129 populi

1869 3144 1995 3211 mei,
2040 3144 2134 3217 qui
2166 3145 2332 3201 estin
2359 3145 2621 3217 IEgypto,
2667 3152 2722 3201 et
2769 3143 3032 3216 gemitum
3081 3143 3201 3216 ejus
3246 3145 3456 3214 audivi,

1866 3242 1919 3290 et
1948 3234 2204 3290 descendi
2235 3234 2467 3290 liberare
2492 3251 2639 3290 eum.
2687 3233 2791 3290 Sed
2820 3233 2969 3301 veni,
3024 3234 3240 3290 mittam
3283 3243 3336 3289 te
3386 3234 3458 3291 ad

1863 3323 2224 3393 Pharaonem,
2274 3334 2337 3381 ut
2375 3324 2573 3381 educas
2599 3324 2744 3381 ﬁlios
2780 3326 2941 3381 Israel
2981 3324 3047 3381 de
3085 3332 3232 3381 terra
3270 3326 3457 3397 IEgy-

1864 3412 1942 3484 pti
1982 3413 2185 3481 (Ea-od.
2218 3430 2301 3481 ιιι,
2340 3415 2393 3482 5,
2429 3415 2479 3483 7,
2518 3413 2679 3485 10).’›
2722 3415 2793 3469 Et
2821 3423 2943 3486 post
2972 3429 3177 3485 pauca:
3224 3435 3243 3461 ι
3273 3413 3453 3470 Dixit-

1863 3518 1968 3575 que
1996 3504 2212 3575 Moyses
2240 3503 2307 3559 ad
2332 3503 2630 3559 Dominum
2657 3521 2669 3560 :
2704 3503 2839 3570 Quis
2867 3520 2964 3575 ego
2992 3520 3141 3570 sum,
3170 3509 3233 3558 ut
3255 3502 3454 3560 vadam

1862 3590 1931 3647 ad
1961 3592 2322 3660 Pharaonem,
2370 3600 2424 3647 et
2452 3591 2680 3648 educam
2716 3592 2861 3649 ﬁlios
2892 3593 3055 3648 Israel
3102 3591 3167 3647 de
3208 3592 3453 3664 ngypto

1864 3681 2026 3753 (Ibid.
2066 3682 2155 3753 11)
2185 3681 2212 3737 7
2246 3706 2264 3730 ι
2320 3682 2391 3737 Et
2416 3682 2472 3737 in
2500 3682 2855 3755 sequentibus
2901 3681 2968 3739 de
2997 3680 3129 3736 ﬁliis
3156 3680 3319 3735 Israel
3361 3682 3453 3736 lo-

1859 3768 2051 3841 quitur
2078 3770 2146 3826 ad
2175 3770 2494 3838 Dominum,
2519 3770 2734 3827 dicens:
2790 3793 2817 3822 «
2852 3771 2972 3826 Non
3002 3769 3229 3825 audient
3260 3786 3450 3826 vocem

1862 3875 2057 3928 meam,
2109 3859 2204 3915 sed
2260 3860 2475 3916 dicent:
2532 3860 2652 3916 Non
2719 3861 2970 3933 apparuit
3022 3860 3124 3916 tibi
3180 3862 3450 3927 Dominus

1861 3947 2062 4017 (Exod.
2095 3965 2176 4013 ιν,
2218 3948 2311 4020 1);
2353 3973 2372 3996 ι
2433 3956 2488 4005 et
2531 3949 2728 4005 iterum
2765 3968 2777 4005 :
2839 3972 2857 3995 α
2888 3949 3145 4019 Obsecro,
3191 3949 3445 4018 Domine,

1859 4037 2016 4091 mitte
2063 4052 2225 4108 quem
2263 4037 2530 4093 missurus
2579 4055 2636 4094 es
2682 4038 2845 4108 (Ibid.
2883 4039 3046 4110 13).»
3108 4039 3235 4095 Haec
3280 4037 3448 4095 verba

1856 4125 2233 4184 demonstrant
2283 4130 2507 4201 Moysen
2566 4128 2803 4184 invitum
2870 4129 3118 4185 obedisse
3173 4128 3446 4185 mandatis

1855 4215 2078 4270 Domini
2105 4232 2118 4281 ;
2170 4223 2232 4270 ut
2260 4216 2512 4272 educeret
2544 4216 2688 4272 ﬁlios
2712 4218 2876 4272 Israel
2904 4216 2971 4272 de
2999 4225 3146 4273 terra
3173 4217 3402 4289 [Egypti
3428 4233 3440 4271 :

1855 4305 1949 4361 sed
1987 4305 2338 4377 quaerendum
2371 4305 2529 4360 nobis
2557 4313 2658 4373 est,
2709 4322 2810 4362 cur
2857 4312 3044 4362 tantus
3080 4306 3169 4362 vir
3219 4304 3444 4362 Domini

1856 4401 2185 4464 praeceptum
2219 4393 2429 4448 invitus
2456 4401 2745 4449 exsecutus
2771 4394 2861 4450 sit.
2912 4394 3119 4451 Verum
3149 4395 3292 4450 hanc
3324 4393 3442 4466 ejus

1856 4482 2210 4553 pertinaciam
2252 4483 2573 4555 spiritaliter
2610 4483 2914 4555 intelligere
2960 4484 3256 4549 debemus;
3304 4482 3442 4538 dicit

1855 4572 2003 4626 enim
2036 4572 2365 4643 Apostolus:
2436 4597 2453 4619 ι
2505 4573 2631 4627 Haec
2684 4579 2866 4626 autem
2919 4571 3107 4625 omnia
3156 4569 3214 4623 in
3266 4568 3441 4640 ﬁgura

1854 4660 2243 4730 contingebant
2270 4660 2414 4716 illis:
2447 4658 2648 4731 scripta
2676 4667 2805 4714 sunt
2833 4667 3012 4713 autem
3042 4656 3110 4713 ad
3141 4659 3437 4728 correptio-

1850 4765 1976 4804 nem
2019 4758 2284 4818 nostram,
2331 4750 2387 4803 in
2419 4766 2555 4822 quos
2584 4748 2719 4802 ﬁnes
2745 4747 3069 4802 saeculorum
3095 4746 3437 4803 devenerunt

1853 4840 1911 4909 (Ι
1938 4839 2061 4894 Cor.
2086 4856 2143 4907 x,
2166 4840 2277 4909 11).
2297 4862 2315 4885 ι
2342 4839 2443 4893 Per
2458 4833 2933 4908 Moysenigiturin
2950 4834 3054 4889 hoc
3069 4835 3187 4889 loco
3202 4836 3434 4906 apoStoli

1852 4926 2245 4999 designantur;
2279 4927 2337 4981 in
2368 4925 2530 4980 initio
2559 4937 2794 4995 namque
2823 4921 3228 4993 praedicationis
3256 4939 3435 4979 evan-

1854 5018 2040 5089 gelicae
2069 5015 2298 5088 apostoli
2325 5014 2558 5069 scientes
2592 5012 2915 5068 electionem
2958 5012 3202 5084 gentium
3237 5024 3432 5084 repro—

1850 5108 2129 5164 bationem
2168 5122 2283 5162 esse
2320 5104 2657 5172 Iudaeorum,
2709 5101 2970 5159 nolebant
3030 5103 3283 5175 gentibus
3338 5103 3433 5160 do-

1848 5195 2081 5253 ctrinam
2112 5192 2398 5265 Evangelii
2438 5192 2671 5260 tradere,
2721 5199 2783 5247 ut
2822 5190 2889 5247 de
2918 5198 3181 5263 potestate
3223 5191 3430 5249 diaboli

1841 5291 2182 5339 emerentur.
2216 5281 2371 5338 Unde
2412 5290 2464 5337 et
2503 5280 2773 5339 Dominus
2802 5281 2859 5337 in
2885 5270 3098 5338 visione
3127 5280 3429 5355 quadrupe-

1840 5372 1973 5429 dum
2028 5380 2195 5444 atque
2246 5370 2528 5443 reptilium
2579 5369 2825 5438 Petrum,
2878 5386 2976 5427 cur
3023 5376 3207 5443 gentes
3252 5367 3430 5441 despi-

1913 5598 2030 5669 (59)
2046 5592 2219 5668 Edit.,
2240 5604 2409 5654 custos
2428 5595 2784 5653 estbituminis
2808 5613 2829 5662 ;
2852 5599 3178 5669 mss.,custos
3197 5600 3271 5669 est
3295 5595 3427 5669 vim.

1913 5667 2029 5743 (60)
2054 5672 2197 5743 Filia
2219 5689 2341 5725 vero
2366 5670 2689 5743 Pharaonis.
2732 5711 2743 5723 .
2783 5711 2803 5743 _.
2850 5710 2861 5721 .
2894 5668 3163 5743 ﬁguravit,
3196 5667 3254 5724 in
3285 5668 3418 5725 edit.

1842 5740 2039 5814 rejecta
2068 5742 2286 5800 fuerant
2314 5750 2436 5815 post
2462 5742 2715 5805 verbum,
2742 5740 2979 5794 abstulit.

3035 5833 3105 5890 29
