3970 6366
523 390 630 449 907

1531 393 1629 448 ΑΙ)
1658 390 1893 449 OPERA
1929 390 1985 448 S.
2024 389 2358 448 AMBROSII
2394 389 2778 448 APPENDIX.

3739 389 3868 448 908

521 525 668 574 ceret
725 515 865 590 (61),
913 515 1267 590 reprehendit
1295 515 1522 575 dicens:
1587 541 1607 566 ε
1635 517 1792 586 Quod
1821 519 1966 575 Deus
2007 535 2110 592 pu-
2142 520 2192 579 A
2219 515 2330 574 ﬁne
2379 518 2574 574 mundi
2627 517 2846 575 Iudaeos
2881 517 2960 585 ,in
3007 517 3190 574 sinum
3232 515 3520 590 recipient,
3572 533 3717 575 curn
3768 517 3866 573 eis

523 605 783 675 riﬁcavit,
813 613 876 662 tu
905 622 1199 663 commune
1227 622 1296 662 ne
1323 605 1532 663 dixeris
1563 607 1706 679 (Act.
1738 623 1795 674 x,
1834 607 1946 676 15).
1977 633 1996 654 ι
2023 607 2108 664 Ad

525 695 674 753 hunc
713 695 884 768 igitur
925 710 1144 752 sensum
1187 696 1425 768 pertinet
1470 695 1611 752 illud
1654 696 1799 769 quod
1841 695 2112 752 Dominus

525 785 671 842 dixit
710 785 779 842 ad
807 786 1076 860 Moysen:
1140 811 1158 834 ε
1201 787 1278 842 Ne
1326 786 1728 858 appropinques
1778 785 1907 854 huc,
1957 788 2110 842 solve

523 876 954 932 calceamentum
985 875 1052 931 de
1084 874 1314 946 pedibus
1341 875 1487 942 tuis;
1539 875 1690 930 locus
1720 874 1869 929 enim
1916 873 1972 929 in
2000 892 2110 947 quo

522 974 651 1035 stas,
703 972 847 1021 terra
875 973 1061 1021 sancta
1088 971 1170 1020 est
1215 965 1418 1035 (Exod.
1453 981 1534 1033 ιιι,
1565 965 1646 1035 5),
1675 989 1692 1012 ι
1751 981 1814 1020 ac
1854 963 1898 1020 si
1942 964 2110 1020 alicui

521 1071 592 1112 ex
642 1055 852 1128 magnis
901 1055 1162 1127 apostolis
1210 1053 1481 1132 Dominus
1528 1054 1798 1110 dixisset:
1848 1055 2112 1123 Quamvis

521 1154 768 1203 mortuos
793 1147 1044 1214 suscites,
1083 1144 1336 1218 quamvis
1358 1143 1552 1200 umbra
1570 1145 1815 1216 corporis
1835 1144 1915 1200 tui
1945 1151 2111 1216 aegro-

518 1243 605 1292 tos
631 1251 828 1301 sanes;
876 1233 934 1290 in
965 1236 1120 1290 nullo
1148 1242 1333 1290 tamen
1359 1239 1416 1288 te
1457 1233 1594 1289 mihi
1638 1251 1953 1306 comparare
2003 1251 2112 1290 au-

517 1321 682 1381 deas:
732 1323 862 1397 quia
889 1339 1085 1398 magna
1122 1339 1242 1396 quae
1270 1323 1406 1395 agis,
1451 1339 1564 1378 non
1611 1332 1740 1379 sunt
1786 1324 1854 1379 de
1891 1329 1963 1390 te,
2014 1323 2108 1378 sed

517 1439 618 1495 ego
647 1437 844 1494 operor
868 1435 963 1492 per
989 1427 1062 1476 te.
1119 1419 1499 1477 Calceamenta
1544 1429 1732 1477 autem
1779 1418 1942 1490 pedes
1993 1434 2110 1473 mu-

518 1513 704 1581 niunt,
754 1529 822 1568 ne
852 1519 1050 1568 terram
1081 1516 1306 1582 tangant
1331 1527 1343 1566 :
1397 1525 1494 1581 per
1518 1518 1718 1566 terram
1765 1523 1896 1563 vero
1924 1516 2110 1578 gentes

519 1601 896 1674 designantur.
986 1626 1004 1648 ι
1059 1599 1241 1667 Solve,
1298 1597 1500 1672 inquit,
1557 1597 1989 1654 calceamentum
2041 1595 2110 1651 de

522 1690 754 1764 pedibus
781 1692 934 1759 tuis;
967 1714 985 1738 ι
1046 1689 1238 1758 idest,
1283 1689 1437 1746 aufer
1475 1687 1664 1748 odium
1713 1694 1766 1744 et
1805 1683 2108 1758 despectio-

519 1796 642 1836 nem
685 1780 929 1853 gentium
961 1777 1028 1836 de
1053 1777 1216 1836 corde
1247 1785 1363 1834 tuo.
1425 1799 1444 1824 ε
1475 1776 1652 1834 Locus
1698 1773 1846 1832 enim
1895 1774 1954 1830 in
1999 1789 2110 1847 quo

517 1877 646 1938 stas,
699 1877 843 1926 terra
889 1877 1077 1926 sancta
1133 1874 1250 1936 est;
1276 1893 1295 1917 ι

519 1959 756 2028 habitas,
782 1974 904 2015 meo
933 1955 1198 2031 sanguine
1232 1954 1546 2028 redemptus
1574 1962 1674 2011 est.

587 2059 660 2115 Et
703 2057 763 2114 in
811 2055 1166 2130 sequentibus
1215 2053 1360 2112 dixit
1413 2052 1682 2110 Dominus
1721 2049 1790 2107 ad
1835 2050 2103 2122 Moysen:

532 2173 552 2198 ι
581 2145 725 2216 Quid
755 2153 837 2204 est
865 2143 1013 2220 quod
1040 2155 1190 2204 tenes
1221 2143 1280 2200 in
1311 2159 1477 2199 manu
1512 2141 1650 2198 tua?
1693 2141 1766 2197 At
1795 2139 1889 2195 ille
1915 2137 2062 2193 dixit
2093 2155 2105 2193 :

520 2239 706 2312 Virga.
755 2239 851 2294 Ait
894 2236 1014 2292 illi:
1048 2233 1259 2306 Projice
1287 2249 1405 2290 eam
1436 2231 1495 2287 in
1523 2239 1746 2288 terram.
1783 2228 1957 2296 Quam
1983 2243 2109 2283 cum

519 2327 862 2403 projecisset,
915 2343 1072 2384 versa
1111 2334 1194 2383 est
1228 2325 1287 2382 in
1316 2323 1630 2389 colubrum,
1677 2322 1753 2378 ita
1796 2329 1858 2378 ut
1896 2319 2110 2392 fugeret

519 2420 753 2492 Moyses,
785 2418 1037 2491 dixitque
1061 2416 1111 2473 ei
1140 2415 1414 2472 Dominus
1441 2431 1452 2470 :
1485 2409 1849 2486 Apprehende
1879 2407 2108 2465 caudam

517 2510 669 2584 ejus;
719 2526 884 2584 quam
913 2525 1040 2566 cum
1077 2504 1547 2582 apprehendisset,
1595 2519 1752 2560 versa
1791 2508 1872 2558 est
1909 2500 1968 2556 in
2000 2497 2109 2553 vir-

517 2617 638 2674 gam
665 2599 870 2672 (Exod.
903 2615 982 2666 iv,
1014 2595 1154 2669 2-4).
1177 2620 1196 2644 ι
1249 2595 1352 2652 Per
1383 2594 1596 2667 virgam
1625 2589 1799 2648 Judaei
1826 2589 2108 2661 designan-

515 2700 628 2748 tur.
677 2689 892 2762 Moyses
922 2687 1132 2760 virgam
1163 2685 1223 2742 in
1252 2699 1421 2741 manu
1447 2682 1688 2750 tenebat,
1717 2679 1846 2754 quia
1876 2676 2110 2751 apostoli

518 2779 782 2854 populum
811 2777 1124 2834 Judzeorum
1157 2791 1251 2850 per
1275 2791 1520 2832 amorem
1550 2773 1608 2830 in
1633 2771 1796 2830 corde
1829 2767 2110 2835 tenebant,

519 2881 744 2944 totaque
790 2870 995 2926 virtute
1042 2869 1364 2926 laborabant
1416 2875 1478 2923 ut
1532 2881 1624 2921 eos
1671 2879 1766 2936 per
1805 2859 2111 2918 doctrinam

523 2977 636 3018 sua:
668 2958 1077 3032 praedicationis
1113 2957 1181 3013 ad
1211 2958 1442 3013 salutem
1472 2953 1850 3028 perducerent.
1879 2947 2116 3020 Projecit

523 3049 740 3120 Moyses
784 3047 996 3118 virgam
1049 3046 1118 3101 de
1163 3061 1351 3114 manu,
1399 3044 1529 3117 quia
1581 3042 1813 3114 apostoli
1865 3038 2116 3094 videntes

527 3137 744 3195 Iudaeos
771 3136 831 3191 in
861 3135 1142 3194 Christum
1167 3135 1320 3190 nullo
1343 3133 1504 3190 modo
1528 3133 1669 3188 velle
1697 3129 1938 3197 credere,
1967 3143 2113 3182 amo-

2220 605 2385 662 ﬁdem
2441 605 2648 664 Christi
2685 605 3080 678 praedicabunt,
3139 621 3338 679 eosque
3379 605 3452 662 ad
3509 605 3862 674 sanitatem,

2221 711 2382 768 quam
2412 695 2729 764 amiserant,
2759 696 3044 754 reducent.

2291 785 2352 840 In
2399 786 2754 858 sequentibus
2801 802 3018 859 quoque
3065 784 3332 858 scriptum
3373 794 3474 855 est,
3506 785 3659 860 quod
3707 804 3858 844 cum

2219 881 2584 930 reverteretur
2631 875 2846 946 Moyses
2894 875 2952 929 in
2989 875 3312 946 Egyptum,
3356 876 3601 932 occurrit
3629 875 3685 931 ei
3732 877 3862 932 Do-

2222 962 2426 1031 minus,
2467 971 2520 1018 et
2563 964 2781 1020 volebat
2829 964 3134 1020 interﬁcere
3177 981 3320 1020 eum.
3365 965 3517 1021 Tulit
3549 965 3716 1022 illico
3749 965 3862 1020 Se-

2221 1049 2396 1121 phora
2438 1053 2811 1110 acutissimam
2846 1062 3076 1126 petram,
3111 1062 3165 1110 et
3212 1055 3555 1113 circumcidit
3603 1073 3858 1113 carnem

2220 1142 2473 1213 praeputii
2525 1141 2628 1198 ﬁlii
2685 1143 2792 1211 sui,
2841 1144 3133 1216 tetigitque
3179 1145 3342 1217 pedes
3371 1145 3509 1217 ejus,
3539 1153 3595 1201 et
3637 1145 3854 1202 dixit:

2233 1253 2252 1276 ι
2278 1230 2521 1302 Sponsus
2569 1233 2900 1304 sanguinum
2947 1242 3009 1288 tu
3039 1232 3178 1288 mihi
3212 1249 3269 1288 es
3309 1234 3511 1306 (Exod.
3543 1249 3626 1302 IV,
3648 1234 3788 1304 25).
3823 1259 3845 1282 -

2219 1321 2290 1375 Et
2317 1319 2532 1377 dimisit
2563 1337 2710 1384 eum.
2748 1330 3035 1394 postquam
3075 1322 3329 1379 dixerat:
3379 1347 3397 1372 ι
3429 1323 3682 1396 Sponsus
3714 1340 3860 1380 san-

2219 1409 2448 1481 guinum
2483 1417 2542 1466 tu
2591 1411 2732 1466 mihi
2777 1428 2853 1480 es,
2880 1435 2899 1458 ι
2945 1411 3016 1468 ob
3053 1411 3556 1470 circumcisionem.
3607 1413 3670 1471 Si
3717 1416 3864 1470 Do-

2222 1498 2403 1556 minus
2435 1499 2684 1558 occidere
2718 1501 2896 1557 voluit
2915 1501 3163 1574 Moysen,
3182 1519 3350 1575 quare
3376 1519 3486 1558 non
3517 1503 3650 1560 fecit
3684 1503 3864 1577 quod

2219 1597 2420 1666 voluit,
2452 1614 2578 1653 cum
2622 1598 2915 1654 Psalmista
2943 1599 3124 1655 dicat:
3173 1624 3192 1648 ι
3231 1599 3430 1656 Omnia
3485 1615 3862 1674 quaecunque

2217 1686 2398 1742 voluit
2439 1686 2730 1756 Dominus,
2783 1687 2913 1745 fecit
2941 1687 3114 1760 (Psal.
3164 1705 3394 1756 cxxxrv,
3426 1689 3560 1760 6)?-
3598 1688 3711 1745 Sed
3750 1705 3860 1745 vo-

2217 1775 2400 1832 luntas
2429 1792 2570 1848 saepe
2593 1792 2689 1848 pro
2709 1777 3146 1834 comminatione
3168 1777 3393 1850 ponitur
3417 1797 3428 1834 :
3453 1778 3862 1836 comminatus

1354 1865 1412 1923 id
1458 1875 1561 1936 est,
1611 1863 1852 1922 mundus
1896 1863 1955 1920 in
1998 1878 2106 1936 quo
2135 1885 2182 1945 Β
2215 1872 2298 1921 est
2339 1865 2510 1938 igitur
2544 1866 2816 1924 Dominus
2851 1867 3033 1940 Moysi
3073 1876 3333 1936 mortem,
3385 1883 3448 1924 eo
3481 1867 3629 1940 quod
3659 1867 3858 1924 incir-

2218 1954 2523 2010 cumcisum
2551 1954 2730 2012 ﬁlium
2764 1955 2952 2024 ferret,
2986 1957 3134 2012 sicut
3160 1955 3230 2012 ad
3257 1956 3532 2012 Abraham
3555 1957 3857 2030 loquitur,

2219 2040 2442 2099 dicens:
2484 2067 2504 2090 ι
2535 2043 2727 2100 Omnis
2776 2045 2960 2102 anima
3008 2061 3078 2101 ex
3121 2045 3282 2102 vobis
3332 2061 3451 2118 quae
3497 2045 3861 2104 circumcisa

2220 2147 2332 2187 non
2350 2131 2538 2202 fuerit,
2569 2132 2775 2204 peribit
2805 2133 2873 2189 de
2906 2133 3124 2206 populis
3149 2133 3266 2190 suis
3296 2134 3452 2205 (Gen.
3473 2151 3616 2203 xvn,
3651 2133 3790 2206 14).
3819 2159 3842 2184 ι·

2219 2221 2324 2276 Sed
2369 2221 2473 2277 ista
2508 2221 3018 2293 praetermittentes,
3058 2221 3127 2278 ad
3165 2223 3470 2296 spiritalem
3515 2224 3858 2297 intelligen-

2219 2308 2352 2365 tiam
2394 2325 2760 2366 recurramus.
2808 2311 3028 2383 Moyses
3077 2311 3134 2366 in
3190 2312 3296 2370 hoc
3338 2313 3459 2370 loco
3503 2330 3596 2370 eos
3621 2314 3728 2387 qui
3771 2331 3862 2370 ex

2223 2397 2472 2470 gentibus
2521 2398 2900 2468 crediderunt,
2948 2399 3232 2470 designat;
3281 2400 3338 2457 in
3370 2402 3536 2458 initio
3587 2417 3860 2476 namque

2218 2485 2347 2542 ﬁdei
2397 2487 2631 2558 apostoli
2675 2495 2728 2543 et
2767 2488 2949 2544 caeteri
3006 2487 3388 2559 praedicatores
3415 2491 3864 2549 considerantes

2220 2574 2654 2632 imbecillitatem
2679 2576 2924 2648 gentium
2957 2575 3116 2632 ﬁdem
3141 2576 3348 2634 Christi
3376 2579 3857 2650 suscipientium,

2220 2665 2518 2720 noluerunt
2562 2666 2642 2721 eis
2684 2665 2986 2722 austeriora
3031 2664 3234 2722 Christi
3266 2675 3533 2738 praecepta
3579 2668 3858 2738 primum

2220 2757 2472 2814 tradere:
2531 2773 2600 2812 ne
2649 2755 2789 2813 forte
2827 2757 3008 2812 territi
3067 2773 3180 2812 non
3229 2757 3496 2813 auderent
3538 2757 3608 2812 ad
3656 2756 3854 2817 ﬁdem

2223 2845 2428 2903 Christi
2470 2844 2874 2917 suscipiendam
2926 2844 3198 2902 accedere.
3250 2845 3376 2902 Haec
3422 2845 3500 2900 ita
3533 2861 3649 2901 esse
3701 2863 3851 2919 apo-

2223 2935 2398 2990 stolus
2448 2933 2649 2990 Paulus
2695 2933 3060 3001 demonstrat,
3111 2933 3204 3006 qui
3244 2932 3322 2989 eis
3351 2933 3446 3006 qui
3472 2951 3543 2990 ex
3569 2936 3852 3006 gentibus

2223 3022 2590 3090 crediderant,
2621 3038 2714 3094 per
2743 3023 3026 3094 epistolam
3061 3021 3326 3095 loquitur,
3357 3021 3578 3079 dicens:
3631 3047 3650 3071 ‹
3681 3024 3850 3080 Tan-

2223 3129 2386 3186 quam
2417 3112 2666 3184 parvulis
2695 3111 2753 3166 in
2793 3110 3016 3166 Christo
3058 3110 3140 3166 lac
3166 3109 3326 3166 vobis
3354 3121 3546 3182 potum
3578 3111 3733 3181 dedi,
3779 3122 3845 3170 et

529 3243 643 3284 rem
674 3242 866 3283 eorum
901 3241 934 3281 a
972 3223 1233 3281 cordibus
1259 3223 1374 3279 suis
1402 3221 1767 3295 projecerunt.
1816 3219 1918 3274 Per
1967 3217 2114 3274 colu-
2153 3237 2196 3298 α
2226 3218 2570 3298 “0399mm;
2607 3198 2860 3298 Πεξῐιὼηξξ
2896 3200 3040 3256 enim
3066 3199 3358 3298 .Potel'afisi
3391 3199 3848 3298 εθάρθῦξιίξιιιο

529 3316 692 3373 brum
743 3329 876 3371 vero
926 3313 1180 3370 diabolus
1225 3287 1559 3384 designatur.
1608 3311 1777 3367 Versa
1826 3317 1909 3364 est
1950 3305 2119 3378 igitur

2234 3290 2448 3364 quidem
2480 3291 2742 3364 potestis;
2776 3287 2961 3347 adhuc
2991 3290 3137 3345 enim
3169 3289 3300 3345 estis
3332 3291 3575 3346 carnales
3607 3291 3666 3363 (Ι
3694 3291 3839 3350 Cor.

531 3405 688 3479 virga
739 3403 797 3460 in
854 3403 1164 3471 colubrum,
1208 3401 1338 3475 quia
1385 3400 1560 3456 Judaei
1617 3417 1685 3457 ex
1732 3396 2120 3471 praedicatione

531 3496 902 3570 apostolorum
941 3493 1238 3550 deteriores
1263 3490 1466 3560 effecti,
1497 3489 1589 3563 qui
1628 3495 1755 3544 ante
1796 3486 2122 3543 dicebantur

533 3587 768 3658 populus
797 3583 917 3652 Dei,
945 3582 1077 3639 facti
1107 3591 1236 3642 sunt
1266 3581 1369 3637 ﬁlii
1404 3588 1458 3636 et
1485 3578 1730 3636 membra
1757 3575 1984 3634 diaboli.
2016 3577 2120 3632 Fu-

537 3676 616 3749 git
643 3675 878 3748 Moyses,
925 3673 1056 3746 quia
1083 3670 1338 3743 apostoli,
1387 3669 1593 3726 relictis
1621 3666 1844 3735 Judaeis,
1895 3663 2122 3720 transie-

537 3772 668 3822 runt
713 3764 782 3820 ad
831 3769 1034 3836 gentes.
1092 3762 1194 3817 Per
1238 3760 1467 3818 caudam
1507 3774 1658 3826 vero,
1707 3772 1827 3830 quae
1878 3753 2008 3809 ﬁnis
2044 3760 2126 3809 est

539 3855 807 3928 corporis,
851 3851 1020 3908 Judaei
1053 3851 1148 3925 qui
1188 3850 1246 3906 in
1277 3849 1386 3905 ﬁne
1426 3846 1620 3904 mundi
1662 3843 1928 3902 nascituri
1973 3848 2124 3910 sunt,

541 3946 918 4018 designantur.
946 3943 1160 4014 Moyses
1189 3939 1356 4013 igitur
1381 3937 1611 3996 caudam
1641 3935 1911 4008 serpentis
1937 3948 2123 4005 appre-

540 4033 756 4102 hendit,
803 4039 967 4105 atque
1002 4031 1062 4086 in
1102 4029 1313 4101 virgam
1343 4043 1500 4083 versa
1529 4033 1642 4093 est;
1699 4023 1828 4097 quia
1867 4021 2126 4094 praedica-

538 4133 688 4181 tores
733 4123 908 4180 sancti
963 4121 1020 4176 in
1064 4119 1173 4176 ﬁne
1220 4117 1414 4174 mundi
1462 4116 1678 4172 Iudaeos
1723 4110 2128 4186 quodammodo

541 4210 990 4286 apprehendent;
1035 4224 1160 4264 cum
1188 4223 1284 4278 per
1308 4222 1496 4262 eorum
1525 4202 1832 4260 doctrinam
1863 4200 1931 4256 ad
1961 4199 2125 4256 ﬁdem

544 4303 753 4364 Christi
798 4307 1209 4367 convertentur,
1261 4305 1424 4371 atque
1470 4310 1539 4351 ex
1586 4294 1718 4350 ﬁliis
1763 4291 1972 4348 diaboli
2017 4293 2129 4348 eﬁi-

547 4395 766 4450 cientur
794 4391 897 4447 ﬁlii
923 4390 1042 4447 Dei.

615 4492 750 4548 Nam
782 4497 836 4546 et
867 4487 1028 4556 illud,
1061 4486 1207 4560 quod
1238 4484 1588 4558 praecipiente
1615 4481 1874 4550 Domino,
1919 4481 2134 4553 Moyses

2227 3397 2314 3448 ιιι,
2345 3381 2421 3453 2).
2452 3406 2471 3429 ι
2515 3380 2619 3438 Sed
2647 3390 2700 3438 et
2737 3379 2972 3452 apostoli
3013 3379 3113 3448 eis,
3143 3379 3238 3452 qui
3284 3379 3429 3451 apud
3463 3379 3833 3439 Antiochiam

2229 3473 2287 3529 in
2345 3471 2626 3530 Christum
2678 3469 3042 3538 crediderant,
3098 3468 3498 3525 mandaverunt
3542 3469 3836 3529 dicentes:

2245 3562 2500 3620 .Placuit
2541 3559 2773 3634 Spiritui
2815 3568 3004 3617 sancto
3049 3566 3104 3614 et
3150 3559 3308 3615 nobis
3353 3559 3497 3615 nihil
3543 3559 3840 3632 imponere

2231 3652 2390 3708 vobis
2418 3651 2622 3721 oneris,
2666 3650 2774 3706 nisi
2803 3659 2867 3706 ut
2895 3653 3040 3712 527
3073 3647 3392 3705 abstineatis
3421 3665 3522 3705 vos
3552 3647 3620 3704 ab
3667 3649 3836 3722 escis,

2232 3768 2352 3824 quae
2382 3750 2546 3808 idolis
2593 3749 2970 3817 immolantur,
3017 3755 3071 3803 et
3095 3763 3126 3802 a
3155 3746 3541 3814 fornicatione,
3569 3753 3625 3802 et
3649 3747 3840 3803 suffo-

2231 3847 2374 3909 cato,
2430 3847 2484 3896 et
2520 3837 2783 3910 sanguine
2823 3837 2964 3909 (Act.
2998 3853 3094 3906 xv,
3124 3835 3212 3904 28,
3241 3835 3356 3907 29).
3388 3861 3406 3886 ι
3449 3835 3840 3894 Comminatus

2235 3936 2316 3984 est
2343 3927 2514 3999 igitur
2539 3927 2810 3982 Dominus
2838 3923 3014 3998 Moysi
3043 3933 3298 3996 mortem,
3339 3942 3404 3981 eo
3433 3926 3580 3998 quod
3609 3942 3835 3984 carnem

2236 4016 2488 4090 praeputii
2533 4015 2636 4072 ﬁlii
2683 4014 2770 4070 sui
2817 4014 3217 4072 circumcidere
3255 4014 3666 4072 dissimularet:
3700 4018 3836 4090 quia

2235 4105 2585 4164 credentibus
2624 4121 2694 4160 ex
2737 4103 3009 4176 gentibus,
3053 4120 3117 4160 eo
3163 4105 3310 4177 quod
3341 4103 3515 4177 tepidi
3547 4113 3728 4162 essent
3775 4107 3834 4162 in

2237 4195 2520 4262 charitate,
2547 4193 2814 4250 Dominus
2854 4201 3086 4248 mortem
3132 4195 3504 4250 comminatus
3532 4202 3654 4263 est;
3702 4212 3830 4252 cum

2239 4293 2317 4350 eis
2345 4298 2614 4364 praecepta
2647 4292 2932 4364 Evangelii
2960 4293 3048 4349 sui
3076 4291 3406 4364 anteposuit,
3436 4291 3532 4347 ubi
3561 4291 3828 4364 scriptum

2239 4391 2320 4440 est
2345 4402 2356 4440 :
2397 4405 2416 4430 α
2443 4385 2607 4438 Arcta
2636 4389 2690 4438 et
2716 4389 2945 4454 angusta
2967 4382 3061 4438 via
3084 4389 3185 4450 est,
3213 4399 3334 4454 qua:
3357 4380 3511 4438 ducit
3536 4380 3606 4437 ad
3636 4381 3830 4451 vitam,

2241 4481 2294 4529 et
2323 4473 2479 4546 pauci
2507 4480 2656 4540 sunt,
2688 4471 2783 4545 qui
2812 4471 3021 4527 vadunt
3047 4488 3143 4543 per
3173 4488 3311 4527 eam.
3345 4471 3479 4528 Lata
3505 4477 3561 4525 et
3598 4471 3833 4542 spatiosa

547 4597 770 4639 manum
813 4581 868 4636 in
897 4580 1079 4636 sinum
1112 4577 1282 4645 misit,
1307 4584 1361 4632 et
1387 4576 1654 4647 leprosam
1685 4571 1935 4640 retraxit,
1960 4579 2014 4626 et
2037 4571 2132 4626 ite-
2162 4599 2211 4658 Β
2243 4563 2334 4619 via
2361 4571 2460 4630 est,
2493 4577 2613 4635 quae
2643 4561 2797 4617 ducit
2836 4561 2905 4616 ad
2953 4570 3184 4658 mortem
3210 4569 3318 4658 :Met
3361 4560 3526 4658 multi
3561 4569 3707 4628 sunt,
3722 4562 3830 4658 qui

547 4688 668 4728 rum
701 4669 872 4738 misit,
914 4675 968 4724 et
1012 4683 1142 4722 sana
1171 4666 1362 4722 eﬁ‘ecta
1405 4673 1524 4730 est;
1573 4662 1817 4718 eamdem
1860 4658 2129 4731 signiﬁca-

547 4763 753 4820 tionem
790 4761 984 4817 habet:
1044 4776 1140 4832 per
1189 4772 1410 4814 manum
1454 4769 1690 4826 namque
1735 4750 1911 4824 Moysi
1963 4749 2138 4806 Judaei

547 4853 924 4926 designantur.
973 4851 1194 4907 Manum
1223 4847 1438 4918 Moyses
1468 4844 1523 4898 in
1555 4843 1736 4900 sinum
1766 4839 1958 4906 misit;
2011 4839 2140 4910 quia

547 4941 780 5014 apostoli
807 4939 1120 4996 Iudaeorum
1151 4938 1380 4993 salutem
1409 4932 1801 4998 desiderantes,
1829 4931 1908 4985 eis
1935 4927 2138 4984 doctri-

549 5047 676 5087 nam
706 5029 836 5086 ﬁdei
866 5028 1159 5102 praedicare
1189 5042 1300 5082 non
1333 5023 1635 5081 cessabant.
1665 5021 1882 5092 Moyses
1915 5033 2136 5074 manum

547 5118 800 5186 retraxit,
821 5126 876 5174 et
907 5119 1175 5190 leprosam
1208 5113 1421 5170 invenit
1445 5130 1458 5176 ;
1483 5112 1612 5186 quia
1639 5109 1816 5166 Judaei
1845 5124 1915 5164 ex
1942 5105 2136 5180 praedi-

545 5209 760 5268 catione
789 5207 1161 5282 apostolorum
1196 5204 1372 5259 multo
1400 5199 1610 5274 pejores
1639 5199 1836 5267 effecti,
1885 5202 1944 5253 in
1973 5195 2138 5268 pessi-

546 5319 691 5360 mam
747 5302 954 5374 lepram
1002 5294 1406 5354 incredulitatis
1459 5301 1622 5366 atque
1671 5287 2138 5363 blasphemarium

546 5390 755 5465 delapsi
783 5395 936 5458 sunt,
988 5387 1203 5460 Moyses
1232 5383 1432 5440 iterum
1466 5397 1690 5442 manum
1734 5379 1791 5435 in
1822 5378 2006 5435 sinum
2039 5376 2140 5465 mi-

543 5479 637 5550 sit,
673 5463 734 5536 et
765 5494 954 5537 sanam
983 5475 1253 5544 retraxit;
1299 5473 1428 5547 quia
1456 5471 1840 5545 praedicatores
1867 5465 2043 5524 sancti
2077 5463 2135 5520 in

617 5707 734 5831 (‘61)
776 5707 860 5764 Ita
885 5723 1052 5774 mss.;
1100 5713 1156 5761 at
1183 5701 1343 5774 edit.,
1390 5719 1455 5758 ne
1479 5705 1650 5773 gentes
1679 5698 1980 5772 despiceret,
2036 5693 2142 5754 do-

617 5796 628 5831 ι
657 5820 670 5831 .

545 5793 670 5833 cuit.

2238 4655 2454 4710 vadunt
2478 4669 2573 4726 per
2601 4654 2946 4724 eam(Matth.
2965 4669 3066 4719 vri,
3093 4651 3178 4721 14,
3211 4650 3358 4722 13);ι
3393 4658 3447 4706 et
3475 4649 3674 4706 iterum
3691 4651 3827 4720 (62):

2262 4771 2280 4794 ι
2308 4745 2414 4812 Qui
2460 4759 2567 4800 non
2613 4743 2822 4814 bajulat
2853 4758 3070 4798 crucem
3117 4757 3290 4808 suam,
3340 4748 3394 4796 et
3445 4739 3692 4812 sequitur
3725 4757 3828 4809 me,

2249 4851 2359 4890 non
2389 4841 2470 4890 est
2499 4850 2585 4890 me
2616 4834 2812 4905 dignus
2863 4833 3013 4904 (Luc.
3056 4847 3175 4899 xxv,
3207 4831 3339 4902 27);
3372 4853 3390 4878 ι
3433 4837 3488 4884 et
3528 4829 3700 4884 multa
3726 4829 3830 4884 alia

2247 4941 2367 4997 quae
2422 4923 2489 4979 de
2535 4921 2870 4978 resecatione
2910 4919 3176 4976 vitiorum
3217 4918 3278 4974 in
3323 4917 3627 4990 Evangelia
3669 4926 3722 4974 et
3774 4917 3827 4972 in

2247 5011 2412 5068 dictis
2439 5009 2753 5082 apostolicis
2781 5008 3163 5063 inveniuntur.

2318 5101 2420 5156 Per
2462 5109 2669 5172 petram
2722 5115 2854 5154 vero
2898 5096 3150 5154 Christus
3192 5093 3546 5166 intelligitur,
3607 5108 3826 5150 acumen

2247 5197 2429 5246 autem
2473 5197 2637 5261 petrae
2685 5188 2822 5244 dura
2848 5194 3115 5260 praecepta
3152 5183 3458 5258 Evangelii.
3490 5182 3643 5238 Tulit
3669 5183 3828 5255 igitur

2248 5277 2489 5352 Sephora
2514 5277 2884 5334 acutissimam
2913 5283 3144 5347 petram,
3177 5281 3229 5330 et
3247 5270 3599 5330 circumcidit
3617 5287 3824 5328 carnem

2251 5367 2502 5441 praeputii
2530 5366 2633 5422 ﬁlii
2657 5365 2780 5433 sui;
2813 5365 2944 5438 quia
2972 5363 3216 5421 Ecclesia
3243 5378 3473 5419 cernens
3519 5360 3665 5418 ﬁlios
3708 5378 3825 5419 suos

2249 5457 2406 5515 nullo
2435 5456 2598 5514 modo
2627 5471 2782 5529 posse
2810 5453 3104 5528 perfectam
3145 5450 3410 5526 consequi
3437 5451 3692 5520 salutem,
3724 5451 3825 5508 nisi

2323 5688 2440 5768 (62)
2472 5692 2553 5752 Ita
2580 5707 2746 5768 mss;
2788 5689 2921 5750 edit.
2951 5695 3155 5762 autem,
3185 5693 3235 5768 ᾳ
3258 5688 3416 5768 pauci
3443 5691 3584 5758 sunt,
3615 5687 3706 5763 qui
3728 5710 3826 5749 ea—

2249 5763 2401 5836 dunt,
2421 5763 2510 5822 "vel
2536 5766 2629 5838 qui
2655 5767 2860 5822 intrant
2881 5782 2982 5838 per
3005 5781 3140 5822 eam.
3182 5763 3492 5828 Et'itcrum,
3521 5770 3626 5820 etc.
