3970 6362
118 399 253 456 909

1028 402 1482 459 BERENGAUDI
1519 401 1892 459 EXPOSITIO
1930 375 2009 459 ιιι
2037 401 2540 460 APOCALYPSIN.

3343 409 3450 464 910

120 525 333 581 omnia
362 524 634 581 desideria
661 525 904 582 carnalia
932 525 999 581 ab
1041 542 1229 581 eorum
1281 526 1601 599 corporibus
1654 544 1746 583 ex-
1775 530 1826 587 A
1854 535 1954 583 est.
1977 527 2121 582 Illud
2142 527 2305 583 etiam
2338 527 2486 600 quod
2515 528 2572 582 in
2595 527 2741 583 Elim
2772 527 3063 584 duodecim
3102 529 3277 586 fontes
3303 547 3451 604 repe-

118 616 424 689 stirparet,
458 618 588 673 tulit
609 616 910 673 austeriora
932 625 1200 689 praecepta
1229 617 1538 689 Evangelii,
1560 625 1615 673 et
1634 633 1743 672 am-

117 706 365 775 putavit
395 721 427 761 a
454 705 779 777 corporibus
808 703 1053 761 ﬁliorum
1109 722 1333 762 suorum
1367 706 1616 762 omnium
1648 722 1744 760 nu-

118 794 408 849 trimenta
438 794 728 851 vitiorum.
762 795 824 849 In
854 793 1086 865 pedibus
1118 812 1248 850 vero
1288 794 1417 850 ﬁnis
1446 802 1528 850 est
1558 811 1747 865 corpo-

122 886 221 941 ris
248 905 261 942 :
296 886 539 957 Sephora
572 884 741 957 igitur
765 893 887 955 post
916 882 1399 939 circumcisionem
1450 885 1613 955 pedes
1643 884 1745 940 ﬁlii

122 976 231 1030 sui
260 974 479 1045 tetigit;
529 974 659 1047 quia
717 974 810 1029 ille
850 972 1336 1029 circumcisionem
1400 973 1743 1030 salutiferam

122 1064 403 1135 percipit,
435 1062 528 1135 qui
563 1062 617 1116 in
648 1062 795 1117 bono
827 1060 975 1133 quod
1034 1062 1224 1133 cmpit,
1258 1078 1430 1133 usque
1463 1062 1521 1116 in
1579 1062 1745 1117 ﬁnem

124 1154 279 1209 vitae
335 1159 664 1224 perseverat.
724 1151 1018 1222 Postquam
1052 1158 1237 1204 autem
1288 1150 1531 1222 Sephora
1586 1150 1747 1221 pedes

122 1241 252 1297 ﬁlii
283 1241 367 1297 sui
399 1241 597 1311 tetigit,
627 1240 741 1311 jam
775 1256 883 1294 non
903 1238 1102 1305 ﬁlium,
1138 1238 1231 1294 sed
1252 1255 1514 1310 sponsum
1548 1247 1743 1294 vocat:

125 1347 381 1403 sponsus
430 1345 562 1384 vero
600 1328 858 1383 Ecclesiae
885 1327 1136 1384 Christus
1155 1337 1255 1384 est.
1290 1328 1394 1383 Sed
1419 1336 1471 1383 et
1492 1326 1610 1400 ipsa
1629 1326 1745 1399 ejus

123 1435 348 1491 sponsa
377 1425 627 1485 vocatur,
658 1417 802 1472 sicut
832 1416 969 1472 dicit
999 1417 1243 1472 Joannes
1275 1416 1549 1488 Baptista:
1589 1441 1606 1463 ι
1637 1416 1742 1484 Qui

124 1508 315 1565 habet
343 1524 621 1581 sponsam,
654 1523 886 1579 sponsus
915 1516 996 1563 est
1027 1508 1211 1578 (Joan.
1238 1525 1322 1574 ιιι,
1363 1508 1477 1577 29).
1513 1533 1532 1555 ι
1573 1507 1745 1574 Quem

130 1607 203 1654 et
225 1615 489 1671 sponsum
514 1597 844 1667 sanguinum
868 1606 1028 1652 vocat
1054 1615 1066 1662 ;
1099 1597 1229 1669 quia
1255 1596 1460 1654 Christi
1483 1597 1749 1669 sanguine

127 1695 230 1742 est
262 1686 559 1758 redempta.
595 1684 722 1741 Filii
755 1700 883 1755 ergo
910 1684 1172 1739 Ecclesiae
1202 1693 1325 1755 post
1356 1684 1748 1741 circumcisio-

128 1792 276 1833 nem
309 1777 595 1844 vitiorum,
628 1782 682 1831 et
712 1774 770 1829 in
833 1773 993 1829 bonis
1021 1774 1280 1846 operibus
1311 1774 1435 1831 vitae
1493 1791 1745 1832 consum-

1853 622 2065 682 rerunt,
2096 623 2151 669 et
2180 623 2356 670 castra
2388 614 2577 670 metati
2601 623 2732 670 sunt
2756 614 2918 686 juxta
2940 631 3109 688 aquas
3141 617 3304 688 (Ibid.
3333 619 3449 691 27),

1853 704 2094 759 eamdem
2129 704 2588 775 signiﬁcationem
2620 704 2811 773 habet;
2865 722 2961 776 per
3003 722 3171 777 aquas
3217 723 3455 781 namque

1854 791 2143 849 duodecim
2181 792 2418 848 fontium
2464 793 2715 851 doctrina
2762 796 2894 850 novi
2943 795 3277 853 Testamenti
3311 796 3452 853 desi-

1855 888 2070 952 gnatur,
2106 898 2226 953 qua:
2255 898 2285 936 a
2316 882 2608 939 duodecim
2640 884 2911 952 fontibus,
2943 884 2999 939 id
3041 895 3144 953 est,
3192 903 3224 941 a
3250 886 3452 942 duode-

1854 972 1961 1028 cim
1980 973 2243 1043 apostolis
2271 989 2365 1044 per
2386 974 2705 1029 universum
2732 974 3003 1030 mundum
3020 977 3298 1032 emanavit
3322 995 3333 1032 :
3361 993 3456 1048 per

1853 1061 2198 1133 septuaginta
2235 1070 2418 1117 autem
2451 1063 2658 1134 palmas
2688 1072 2846 1120 vetus
2873 1064 3281 1121 Testamentum
3314 1065 3454 1121 desi-

1855 1156 2071 1219 gnatur,
2096 1166 2159 1205 eo
2180 1151 2326 1223 quod
2343 1168 2437 1223 per
2454 1152 2958 1225 interpretationem
2987 1154 3103 1227 (65)
3136 1155 3454 1227 Septuagin-

1856 1237 2282 1310 tainterpretum
2297 1240 2365 1295 ad
2382 1241 2637 1297 notitiam
2664 1243 2906 1313 gentium
2930 1259 3104 1315 usque
3121 1244 3450 1314 pervenerit.

1926 1325 2000 1381 Iis
2030 1326 2398 1383 nihilominus
2430 1328 2782 1400 intermissis,
2814 1347 2988 1403 pauca
3035 1330 3103 1386 de
3149 1330 3218 1386 iis
3248 1348 3369 1404 quae
3395 1333 3455 1387 in

1856 1413 1972 1487 lege
2003 1416 2405 1474 irrationabilia
2435 1434 2551 1473 esse
2582 1420 2863 1487 videntur,
2915 1419 3184 1476 dicamus.
3234 1422 3456 1478 Praece-

1857 1510 1938 1582 pit
1965 1512 2236 1567 Dominus
2269 1512 2400 1568 ﬁliis
2433 1514 2596 1569 Israel
2635 1530 2647 1567 :
2695 1514 2853 1569 cNon
2896 1531 3096 1588 coques
3144 1515 3364 1573 haedum
3394 1517 3454 1573 in

1856 1600 1995 1657 lacte
2026 1602 2217 1656 matris
2244 1618 2356 1657 sua;
2389 1602 2593 1674 (Exod.
2636 1619 2800 1670 χχιιι,
2858 1603 2987 1672 19);
3025 1628 3044 1652 ι
3105 1611 3158 1659 et
3199 1604 3401 1660 iterum
3435 1623 3449 1661 :

1869 1713 1888 1736 ι
1926 1690 2047 1745 Non
2071 1690 2251 1746 arabis
2280 1690 2447 1746 simul
2481 1691 2539 1746 in
2568 1689 2709 1746 bove
2740 1698 2794 1745 et
2821 1691 3012 1757 asino;
3044 1699 3101 1747 et
3117 1708 3229 1748 non
3259 1693 3455 1749 indues

1854 1786 2083 1847 vestem,
2108 1794 2228 1851 quae
2247 1795 2317 1834 ex
2342 1780 2465 1835 lana
2489 1780 2710 1853 linoque
2735 1786 2993 1837 contexta
3006 1787 3087 1835 est
3109 1781 3290 1851 (Deut.
3308 1797 3451 1848 χχιι,

128 1866 446 1922 mationem
482 1866 623 1937 (63),
648 1863 761 1936 jam
794 1878 904 1917 non
934 1861 1061 1930 ﬁlii,
1095 1862 1187 1918 sed
1218 1863 1407 1936 sponsi
1439 1872 1744 1932 vocantur;
1778 1888 1823 1948 Β
1865 1872 1977 1943 10).
2012 1895 2032 1921 ι
2083 1872 2227 1939 Quid
2257 1872 2403 1929 enim
2449 1880 2637 1945 peccat
2666 1873 2807 1945 quis,
2858 1872 2904 1927 si
2952 1871 3171 1929 haedum
3212 1874 3268 1929 in
3314 1874 3455 1930 lacte

128 1956 282 2029 quia
309 1955 392 2010 illi
426 1953 707 2027 conjuncti
733 1959 863 2007 sunt
892 1952 949 2005 in
980 1952 1134 2007 cmlis
1187 1969 1285 2025 per
1340 1954 1748 2027 copulationem

129 2044 548 2112 membrorum,
566 2042 657 2118 qui
691 2060 927 2118 sponsus
956 2043 1218 2101 Ecclesiae
1242 2044 1465 2100 interra
1497 2054 1749 2113 vocatur,

131 2141 201 2190 et
233 2141 336 2190 est.

218 2234 294 2288 Et
323 2231 583 2305 quoniam
614 2247 727 2287 non
757 2247 1049 2305 possumus
1080 2232 1267 2287 omnia
1303 2248 1424 2304 quae
1459 2246 1555 2303 per
1585 2231 1753 2303 Moy-

133 2338 245 2380 sen
278 2322 336 2377 in
366 2323 607 2393 IEgypto
639 2329 785 2393 gesta
835 2329 983 2388 sunt,
1017 2336 1472 2389 commemorare,
1494 2337 1665 2393 pauca
1685 2320 1753 2377 de

135 2412 221 2468 iis
251 2426 371 2484 quae
402 2418 522 2482 post
553 2411 917 2480 egressionem
941 2409 1232 2465 Israelitici
1256 2408 1447 2482 populi
1483 2425 1554 2465 ex
1585 2410 1752 2482 Egy-

134 2508 249 2573 pto
279 2500 347 2555 ab
383 2501 462 2555 eis
493 2507 639 2571 gesta
668 2507 818 2567 sunt,
859 2515 1143 2572 ponamus.
1179 2499 1310 2554 Filii
1362 2500 1533 2570 igitur
1587 2501 1751 2556 Israel

137 2598 213 2645 ut
244 2590 581 2645 Pharaonem
612 2596 667 2644 et
691 2590 982 2661 Egyptios
1012 2588 1328 2655 evaderent,
1380 2605 1476 2660 per
1507 2588 1750 2644 medium

139 2677 287 2735 sicci
319 2677 486 2733 maris
515 2677 869 2745 transierunt,
907 2685 961 2733 et
989 2693 1142 2749 aqua
1171 2679 1251 2732 eis
1273 2687 1429 2733 erant
1466 2677 1622 2750 quasi
1654 2693 1752 2748 pro

136 2784 313 2823 muro
340 2783 371 2822 a
401 2767 612 2823 dextris
640 2777 695 2822 et
722 2784 753 2821 a
784 2766 1028 2822 sinistris
1055 2767 1259 2837 (Exod.
1292 2784 1411 2835 xiv,
1438 2767 1552 2839 22).
1590 2765 1751 2822 Simi-

138 2857 282 2914 liter
320 2864 374 2912 et
405 2857 639 2928 populus
671 2854 939 2925 gentium,
1001 2862 1063 2909 ut
1111 2854 1397 2910 diabolum
1455 2870 1751 2927 omnesque

137 2947 273 3018 ejus
330 2945 595 3002 satellites
652 2944 968 3012 evaderent,
1028 2960 1124 3015 per
1153 2960 1347 3017 aquam
1409 2944 1752 3016 baptismatis

136 3036 509 3091 transierunt.
542 3036 614 3090 Et
645 3034 737 3107 qui
769 3043 931 3090 antea
957 3041 1112 3089 erant
1135 3032 1239 3088 ﬁlii
1270 3033 1501 3101 diaboli,
1523 3051 1592 3090 ex
1611 3050 1752 3107 aqua

138 3134 201 3181 et
229 3124 441 3196 Spiritu
466 3131 673 3192 sancto,
706 3116 800 3195 qui
833 3140 929 3195 per
956 3124 1268 3177 columnam
1331 3122 1477 3193 ignis
1506 3123 1750 3193 designa-

138 3218 337 3283 batur,
362 3216 534 3271 renati
568 3214 746 3271 eﬂ'ecti
779 3222 909 3270 sunt
934 3213 1037 3268 ﬁlii
1068 3213 1186 3269 Dei.
1240 3213 1396 3285 Aqua
1428 3230 1556 3285 ergo
1586 3214 1752 3269 maris

140 3307 300 3363 ﬁlios
329 3307 492 3361 Israel
524 3304 779 3372 salvavit,
816 3304 1150 3359 Pharaonem
1175 3319 1305 3359 vero
1333 3319 1460 3359 cum
1492 3300 1750 3359 omnibus

142 3394 491 3451 satellitibus
511 3394 625 3449 suis
647 3393 865 3449 necavit
888 3410 902 3459 ;
935 3392 1063 3465 quia
1083 3408 1223 3464 aqua
1249 3392 1595 3463 baptismatis
1616 3392 1748 3447 ima-

146 3485 336 3556 ginem
368 3484 464 3539 Dei
496 3485 693 3551 salvat,
728 3489 945 3554 peccata
974 3480 1177 3553 quibus
1207 3480 1496 3549 servierat,
1528 3480 1750 3536 exstin—

146 3578 276 3649 guit
308 3576 462 3648 (6i);
500 3575 752 3630 diabolus
781 3583 962 3630 autem
1009 3573 1308 3644 unicuique
1351 3572 1747 3643 exstinguitur,

149 3665 256 3738 qui
285 3681 408 3721 eum
441 3663 678 3719 ﬁdeliter
709 3679 833 3718 cum
893 3661 1152 3717 omnibus
1182 3661 1398 3733 pompis
1428 3658 1545 3731 ejus
1599 3661 1749 3717 abre-

147 3754 397 3811 nuntiat.
425 3755 595 3824 Aquae
628 3766 759 3806 vero
788 3766 907 3824 quze
940 3766 1039 3822 pro
1072 3766 1228 3805 muro
1267 3750 1346 3804 eis
1375 3757 1530 3805 erant
1561 3766 1593 3805 a
1620 3750 1752 3805 dex-

150 3843 260 3899 tris
289 3850 392 3897 eta
420 3840 682 3907 sinistris,
714 3839 877 3894 ﬁdem
900 3838 1260 3911 designabant
1289 3847 1554 3905 nostram,
1588 3855 1749 3911 quam

154 3932 217 3987 in
253 3930 579 4002 baptismate
611 3927 1097 4001 percepimus,quaa
1128 3944 1319 3983 murus
1347 3937 1427 3983 est
1457 3936 1659 3995 noster,
1684 3943 1753 3982 ex

154 4028 390 4093 utraque
419 4027 568 4091 parte
598 4017 900 4074 defendens
929 4035 1029 4073 nos
1058 4024 1112 4073 et
1133 4016 1201 4073 ab
1222 4017 1603 4073 invisibilibus
1631 4017 1752 4072 hos-

156 4110 308 4167 tibus
336 4118 390 4165 et
420 4126 451 4165 a
479 4108 818 4164 visibilibus.

233 4210 360 4265 Post
389 4209 681 4265 transitum
716 4208 881 4263 maris
912 4206 1083 4265 Rubri
1132 4217 1405 4263 venerunt
1432 4208 1489 4264 in
1519 4206 1752 4275 Marath,

157 4299 258 4355 ubi
290 4312 457 4368 aquas
488 4312 701 4351 amaras
732 4297 1091 4363 invenerunt,
1126 4313 1261 4367 quas
1306 4296 1494 4352 bibere
1524 4312 1630 4351 non
1663 4313 1753 4367 po-

160 4394 363 4443 terant.
398 4385 467 4439 Et
506 4384 746 4439 ostendit
790 4383 1060 4438 Dominus
1106 4384 1283 4453 Moysi
1318 4384 1548 4454 lignum,
1609 4384 1755 4455 quod

159 4493 290 4535 cum
323 4474 559 4529 misisset
579 4473 635 4528 in
675 4489 862 4545 aquas,
894 4472 951 4527 in
1014 4472 1361 4528 dulcedinem
1396 4491 1566 4531 versae
1625 4482 1756 4529 sunt

163 4564 370 4639 (Exod.
402 4581 499 4629 xv,
531 4563 619 4631 23,
669 4563 783 4633 25).
845 4562 946 4617 Per
973 4578 1140 4634 aquas
1167 4578 1377 4617 amaras
1434 4563 1519 4617 lex
1580 4564 1755 4635 Moysi

1860 1968 2051 2023 matris
2079 1969 2325 2041 coquat?
2353 1976 2447 2025 aut
2491 1967 2624 2041 quid
2649 1968 2889 2040 agricola
2915 1967 3212 2041 delinquit,
3245 1968 3292 2025 si
3325 1984 3453 2025 cum

1859 2054 2033 2112 bobus
2057 2063 2111 2112 et
2160 2056 2330 2113 asinis
2366 2064 2571 2113 terram
2619 2074 2841 2115 vomere
2886 2056 3143 2115 scindat?
3179 2065 3275 2114 aut
3319 2057 3455 2131 quid

1859 2145 2328 2219 oﬁ‘enditaliquis,
2355 2147 2402 2203 si
2424 2155 2630 2204 vestem
2658 2163 2728 2204 ex
2750 2149 2874 2203 lana
2893 2148 3116 2221 linoque
3136 2155 3454 2205 contextam

1860 2233 2102 2290 induat?
2157 2235 2259 2291 Sed
2316 2234 2640 2307 spiritaliter
2694 2236 2813 2293 haec
2854 2236 3044 2292 omnia
3097 2235 3456 2309 intelligenda

1860 2332 2017 2390 sunt;
2051 2340 2147 2395 per
2195 2323 2413 2380 haedum
2471 2340 2709 2398 namque
2770 2324 3152 2399 unusquisque
3203 2335 3456 2399 peccator

1860 2413 2219 2485 designatur:
2274 2421 2445 2470 mater
2501 2424 2682 2471 autem
2740 2424 2928 2472 nostra
2982 2415 3149 2488 primi
3204 2424 3457 2489 parentes

1859 2499 2102 2569 fuerunt,
2136 2518 2204 2557 ex
2226 2501 2427 2573 quibus
2456 2519 2648 2558 omnes
2667 2504 2935 2574 procreati
2957 2520 3179 2560 sumus:
3220 2506 3302 2561 lac
3322 2519 3455 2559 vero

1861 2590 2050 2645 matris
2079 2590 2218 2647 vitia
2246 2600 2393 2658 sunt,
2426 2609 2545 2664 quae
2575 2592 2643 2648 de
2680 2593 2935 2665 originali
2968 2602 3189 2666 peccato
3225 2609 3456 2666 proces-

1858 2687 2087 2747 serunt;
2122 2681 2228 2736 nisi
2275 2680 2423 2737 enim
2472 2682 2736 2753 originale
2782 2689 3062 2753 peccatum
3114 2682 3325 2749 fuisset,
3372 2681 3454 2737 vi-

1858 2768 1997 2824 tium
2031 2771 2245 2826 nullum
2272 2778 2415 2826 esset
2486 2774 2564 2827 De
2610 2771 2715 2828 hoc
2758 2772 2949 2827 matris
2994 2773 3132 2828 lacte
3167 2771 3455 2829 Psalmista

1859 2856 2123 2929 loquitur,
2155 2858 2344 2915 dicens
2377 2877 2388 2914 :
2436 2882 2453 2905 ι
2484 2860 2622 2915 Ecce
2642 2859 2791 2915 enim
2819 2860 2875 2915 in
2909 2859 3302 2933 iniquitatibus
3324 2878 3454 2918 con-

1858 2954 2049 3019 ceptus
2075 2964 2221 3013 sum,
2257 2957 2310 3004 et
2341 2949 2397 3003 in
2428 2948 2648 3006 delictis
2704 2949 2916 3021 peperit
2965 2966 3053 3005 me
3107 2957 3282 3006 mater
3335 2967 3456 3007 mea

1862 3035 2036 3106 (Psal.
2070 3054 2120 3103 L,
2150 3037 2222 3107 7).
2257 3061 2276 3084 ι
2335 3036 2536 3092 Haedus
2583 3036 2756 3109 igitur
2785 3037 2843 3093 in
2874 3038 3013 3095 lacte
3050 3040 3240 3095 matris
3268 3039 3453 3112 coqui-

1858 3132 1969 3193 tur,
1999 3125 2130 3181 dum
2162 3124 2396 3197 quilibet
2434 3133 2684 3197 peccator
2726 3126 2851 3198 igne
2883 3126 3147 3184 vitiorum
3185 3146 3357 3201 usque
3382 3129 3452 3185 ad

1857 3213 2003 3270 diem
2034 3214 2228 3269 mortis
2252 3231 2362 3269 sum
2392 3213 2664 3269 exuritur.
2709 3214 2974 3287 Praecepit
3001 3231 3129 3288 ergo
3159 3218 3450 3287 Dominus,

1858 3320 1926 3359 ne
1956 3310 2222 3375 coquatur
2245 3302 2435 3358 haedus
2466 3303 2523 3358 in
2554 3304 2692 3359 lacte
2746 3304 2937 3359 matris
2982 3321 3114 3372 suae,
3165 3304 3218 3359 id
3260 3314 3361 3373 est,
3391 3314 3454 3362 ut

1859 3399 2108 3465 peccator
2136 3407 2246 3446 non
2295 3391 2508 3447 sinatur
2546 3408 2717 3463 usque
2747 3392 2807 3447 in
2836 3391 2982 3448 diem
3014 3392 3209 3448 mortis
3236 3409 3347 3448 suae
3394 3391 3459 3448 in’

1860 3480 2097 3553 peccatis
2125 3496 2441 3551 permanere
2476 3497 2487 3535 :
2525 3479 2619 3535 sed
2661 3488 2789 3536 ante
2816 3479 2964 3536 diem
3012 3480 3207 3537 mortis
3248 3497 3360 3536 suae
3383 3479 3455 3536 ad

1858 3573 2002 3630 bona
2030 3590 2194 3646 opera
2220 3573 2429 3645 agenda
2474 3581 2779 3641 revocetur,
2811 3591 2881 3629 ne
2910 3582 3112 3646 pereat.

1944 3688 1962 3710 ι
1999 3665 2119 3720 Non
2148 3664 2328 3719 arabis
2353 3663 2518 3719 simul
2550 3662 2606 3717 in
2650 3663 2790 3719 bove
2808 3671 2860 3719 et
2900 3663 3055 3719 asino
3088 3663 3270 3734 (Deut.
3304 3679 3445 3732 χχιι,

1865 3751 1977 3823 10).
2013 3778 2030 3799 ι
2072 3752 2174 3807 Per
2200 3751 2396 3807 bovem
2429 3752 2722 3824 apostolos,
2755 3759 3088 3824 caeterosque
3120 3751 3455 3824 prazdicato—

1862 3856 1983 3896 res:
2044 3857 2139 3912 per
2193 3841 2410 3897 asinum
2476 3841 2741 3912 populum
2794 3840 3106 3896 Iudaeorum
3162 3856 3455 3911 possumus

1864 3928 2187 4001 intelligere.
2221 3932 2457 3985 Aramus
2497 3946 2648 3998 vero,
2679 3929 2899 4002 quando
2944 3928 3243 3985 secundum
3275 3928 3458 3985 tradi-

1862 4021 2070 4077 tionem
2119 4028 2429 4077 sanctorum
2463 4020 2827 4092 nosmetipsos
2872 4018 2931 4074 in
2982 4018 3144 4074 bonis
3195 4018 3455 4089 operibus

1863 4126 2209 4173 exercemus.
2231 4111 2291 4165 In
2323 4110 2462 4165 bove
2493 4110 2661 4182 igitur
2691 4119 2744 4165 et
2771 4110 2926 4165 asino
2958 4107 3122 4164 simul
3166 4116 3303 4177 arat,
3336 4107 3455 4180 qui-

1864 4215 2080 4272 cunque
2159 4198 2464 4255 doctrinam
2530 4198 2902 4269 apostolorum
2937 4241 2951 4267 ,
3024 4197 3457 4269 traditionesque

1863 4288 2175 4343 Iudaeorum
2234 4288 2398 4343 simul
2430 4304 2645 4343 servare
2686 4286 2903 4343 nititur.
2959 4290 3008 4341 A
3053 4302 3161 4359 qua
3206 4286 3458 4342 doctrina

1865 4378 2064 4433 Paulus
2118 4378 2396 4449 apostolus
2454 4378 2671 4433 Galatas
2724 4393 2977 4433 revocare
3041 4375 3273 4443 studuit,
3329 4392 3455 4430 cum

1866 4465 2072 4521 diceret
2105 4484 2116 4521 :
2163 4490 2179 4511 ι
2220 4466 2264 4521 Ο
2299 4466 2559 4522 insensati
2600 4466 2836 4521 Galatae!
2885 4465 3007 4536 quis
3036 4480 3134 4518 vos
3164 4463 3457 4519 fascinavit

1866 4555 2085 4611 veritati
2117 4572 2224 4611 non
2254 4557 2527 4612 obedire?
2554 4557 2689 4611 Dico
2713 4555 2857 4609 enim
2889 4553 3067 4619 vobis,
3098 4550 3357 4623 quoniam
3407 4552 3455 4606 si

161 4615 509 4726 designatur:
546 4615 641 4724 per
672 4615 882 4722 liglnum
916 4615 1096 4706 autem
1154 4651 1455 4722 passionem
1527 4615 1752 4719 Christi,
1786 4615 1833 4672 Β
1865 4645 2363 4713 circumcidamini,
2396 4645 2647 4702 Christus
2668 4643 2825 4698 vobis
2846 4640 2985 4696 nihil
3005 4639 3222 4711 prodest
3245 4640 3453 4710 (Galat.

163 4760 230 4799 eo
260 4742 405 4815 quod
435 4742 493 4796 in
539 4740 690 4812 ligno
725 4740 906 4796 crucis
962 4740 1229 4810 completa
1262 4739 1447 4806 fuerit,
1497 4739 1758 4796 debemus

165 4833 492 4901 intelligere.
526 4830 769 4901 Populus
806 4827 975 4898 igitur
1021 4828 1115 4900 qui
1146 4843 1212 4882 ex
1245 4827 1484 4899 zEgypto
1513 4844 1757 4900 egressus

165 4929 269 4988 est,
293 4936 459 4994 aquas
487 4935 700 4975 amaras
730 4916 943 4972 invenit
968 4934 981 4984 ;
1044 4916 1173 4988 quia
1204 4917 1376 4987 legem
1434 4927 1758 4989 acceperunt

167 5025 328 5082 quam
360 5009 589 5081 implere
605 5023 717 5063 non
750 5004 1050 5077 [mtuerunt
1073 5022 1084 5060 :
1108 5004 1201 5060 sed
1220 5005 1475 5075 gentibus
1494 5006 1561 5061 ad
1592 5006 1754 5062 ﬁdem

168 5098 371 5157 Christi
404 5096 755 5153 venientibus
784 5093 1095 5149 amaritudo
1154 5094 1289 5163 legis
1323 5110 1419 5165 per
1448 5095 1754 5166 passionem

168 5195 222 5244 et
253 5186 705 5244 resurrectionem
736 5183 944 5241 Christi
976 5183 1033 5238 in
1081 5182 1429 5239 dulcedinem
1460 5201 1617 5240 versa
1653 5193 1755 5254 est,

168 5274 295 5348 quia
322 5274 389 5331 ab
440 5275 521 5332 eis
574 5272 919 5348 spiritaliter,
969 5288 1081 5327 non
1138 5270 1432 5327 carnaliter
1477 5271 1759 5329 intellecta

244 5459 357 5534 (63)
389 5460 592 5519 Omnes
620 5459 778 5534 edit.,
811 5456 1055 5532 operibus
1082 5457 1617 5534 consummationem;
1643 5474 1757 5515 om-

171 5530 265 5589 nes
294 5530 447 5599 mss,
480 5533 725 5604 operibus
755 5530 875 5604 vita:
894 5530 1409 5604 consummationem.

245 5604 359 5686 (04)
393 5603 527 5685 Gill.
556 5603 714 5686 edit.,
762 5603 1186 5686 imaginemnDei
1212 5603 1495 5684 salutaris,
1526 5608 1758 5686 ‘peccata

174 5674 359 5755 quibus
389 5674 664 5755 servierat,
694 5675 1018 5755 exstinguit:
1049 5675 1204 5729 Rom.
1242 5675 1322 5730 sic
1350 5674 1755 5755 emendaverat,

177 5744 444 5819 imaginem
477 5744 576 5801 Dei
616 5744 913 5802 Saluatoris
964 5762 1165 5816 gerens,
1189 5750 1401 5817 peccata
1428 5745 1619 5815 quibus
1664 5761 1757 5816 po-

1868 4754 1949 4803 ιιι,
1986 4737 2061 4808 Ι).
2096 4763 2113 4784 ι
2160 4737 2458 4792 Possumus
2486 4736 2649 4790 etiam
2693 4750 2788 4805 per
2816 4733 3010 4788 bovem
3042 4730 3345 4802 quemlibet
3373 4746 3454 4785 sa-

1867 4825 2125 4897 pientiam
2159 4826 2605 4896 praedicatorum,
2664 4838 2758 4893 per
2801 4821 3018 4875 asinum
3062 4836 3192 4874 vero
3222 4819 3453 4875 stultum

1867 4914 2197 4985 intelligere.
2230 4911 2555 4983 Praecipitur
2602 4926 2728 4980 ergo
2760 4915 2821 4962 ut
2850 4924 2960 4963 non
2990 4915 3173 4964 aretur
3199 4907 3366 4963 simul
3397 4906 3455 4962 in

1865 5003 2005 5061 bove
2033 5011 2087 5061 et
2115 5003 2290 5070 asino,
2325 5001 2381 5056 id
2410 5008 2511 5067 est,
2544 5008 2605 5055 ut
2634 5015 2745 5055 non
2791 5000 3079 5071 copuletur
3124 4998 3325 5055 stultus
3374 5015 3456 5055 sa-

1867 5093 2038 5167 pienti
2067 5094 2125 5147 in
2156 5089 2567 5163 prredicationis
2598 5088 2799 5144 ofﬁcio.
2829 5089 2945 5145 Hoc
2972 5096 3154 5144 autem
3185 5088 3330 5161 quod
3359 5087 3456 5143 di—

1866 5184 1942 5241 cit
1973 5202 1985 5239 :
2018 5183 2141 5239 Non
2170 5180 2368 5237 induas
2398 5187 2605 5236 vestem
2635 5196 2704 5235 ex
2741 5179 2865 5235 lana
2890 5178 3113 5251 linoque
3142 5183 3455 5235 contextam

1869 5273 2048 5346 (Deut.
2107 5288 2253 5338 χχιι,
2313 5270 2423 5341 ll),
2485 5269 2789 5326 secundum
2832 5269 3168 5342 superiorem
3234 5283 3455 5324 sensum

1860 5459 2023 5533 putus
2048 5455 2278 5529 gentium
2307 5456 2583 5539 servierat,
2612 5454 2935 5529 exstinguit;
2982 5469 3086 5510 nos
3132 5467 3264 5510 vero
3312 5467 3459 5509 con-

1866 5547 2085 5588 sensum
2119 5546 2247 5585 mss.
2277 5539 2448 5585 εθοιιιι
2478 5544 2689 5585 sumus.

1941 5602 2057 5672 (65)
2091 5601 2294 5657 Omnes
2341 5601 2499 5668 edit.,
2547 5618 2602 5655 eo
2632 5597 2772 5672 quod
2802 5595 3165 5668 interpretatio
3192 5614 3213 5661 ;
3268 5611 3461 5653 omnes

1868 5668 2094 5740 mss.,eo
2122 5672 2262 5743 quod
2293 5689 2391 5743 per
2420 5668 2919 5742 interpretationem.
