3970 6368
523 399 623 457 911

1537 387 1633 442 AD
1672 382 1906 441 OPERA
1945 380 2006 437 S.
2032 374 2365 437 AMBROSII
2404 371 2785 430 APPENDIX.

3721 359 3826 417 912

523 543 814 602 possumus
876 522 1219 595 intelligere;
1276 522 1423 584 528
1477 534 1574 591 per
1618 517 1798 572 lanam
1852 527 2110 584 namque,
2138 509 2191 568 A
2223 506 2475 564 Christus
2495 505 2553 560 in
2583 501 2933 561 invocatione
2953 500 3035 556 sui
3067 495 3331 565 nominis,
3354 502 3410 552 et
3427 493 3608 551 Patris
3629 499 3693 548 et
3712 489 3827 562 Spi-

525 642 647 699 quai
673 622 843 680 vestis
865 628 949 678 est
972 620 1185 685 ovium,
1215 618 1520 675 doctrinam
1564 612 1934 686 apostolorum
1972 625 1983 663 :
2019 622 2116 677 per

524 696 704 771 linum
725 728 879 780 vero,
910 708 1059 784 quod
1086 725 1156 765 ex
1178 718 1322 765 terra
1340 707 1539 773 oritur,
1570 701 1876 760 doctrinam
1902 696 2114 753 Iudaeo-

526 821 650 860 rum
678 818 968 876 possumus
1010 799 1338 870 intelligere.
1380 796 1601 851 Vestem
1633 809 1760 863 ergo
1804 788 2112 853 induimus,

524 911 651 951 cum
678 889 1041 962 nosmetipsos
1067 887 1230 943 bonis
1258 883 1515 957 operibus
1549 880 1958 940 circumdamus
1993 894 2003 932 :
2047 893 2116 932 ex

526 983 650 1039 lana
675 989 856 1037 autem
886 980 1109 1051 linoque
1139 982 1396 1032 contexta
1426 974 1603 1029 utitur
1630 979 1799 1038 veste,
1848 968 1944 1041 qui
1989 982 2112 1021 cum

525 1068 920 1142 traditionibus
948 1067 1318 1139 apostolorum
1348 1062 1514 1119 etiam
1542 1059 1868 1116 traditiones
1890 1056 2118 1112 Iudaeo—

527 1176 651 1216 rum
680 1159 803 1214 vult
831 1157 1140 1213 observare.

597 1248 862 1321 Praecepit
896 1246 1060 1303 etiam
1083 1243 1353 1302 Dominus
1394 1240 1590 1314 Moysi,
1627 1248 1690 1295 ut
1717 1238 1761 1294 si
1791 1236 1915 1310 quis
1946 1236 2117 1307 lepro-

526 1355 621 1394 sus
650 1336 948 1393 mundatus
977 1341 1136 1402 esset,
1168 1333 1383 1389 veniret
1411 1330 1479 1386 ad
1510 1327 1869 1393 sacerdotem,
1929 1333 1982 1380 et
2039 1321 2117 1377 of-

529 1428 696 1483 ferret
746 1425 885 1482 duos
935 1438 1177 1497 passeres
1226 1419 1496 1478 sacerdoti
1562 1417 1752 1489 (Leuit.
1783 1430 1904 1481 xw,
1951 1412 2003 1479 3,
2035 1409 2115 1480 4).

528 1518 617 1573 Ex
642 1516 842 1589 quibus
899 1514 993 1569 ille
1040 1528 1213 1568 unum
1259 1509 1573 1575 immolans,
1605 1505 1893 1561 decurrere
1921 1501 2122 1556 faceret

529 1606 851 1679 sanguinem
880 1602 926 1675 ej
938 1621 998 1659 us
1027 1602 1086 1657 in
1108 1616 1275 1673 aquas
1305 1599 1575 1664 viventes,
1599 1603 1653 1651 et
1682 1593 1962 1664 intingens
1990 1606 2123 1661 pas-

527 1712 702 1754 serem
732 1694 924 1750 vivum
953 1691 1010 1747 in
1039 1706 1225 1764 aquas,
1258 1689 1317 1744 in
1344 1687 1547 1761 quibus
1573 1681 1896 1755 sanguinem
1927 1679 2122 1734 immo.

532 1785 627 1843 lati
658 1782 892 1857 passeris
919 1780 1208 1837 decurrere
1258 1778 1464 1834 fecerat
1513 1791 1639 1831 cum
1691 1772 1844 1845 ligno
1874 1768 2119 1835 cedrino,

2223 596 2362 651 ritus
2432 592 2607 650 sancti
2677 590 2928 663 adjungit
2998 586 3365 644 ministerium
3446 581 3827 647 sacerdotum,

2224 701 2429 757 nosque
2459 701 2490 739 a
2525 682 2759 755 peccatis
2796 679 3018 746 nostris,
3071 676 3165 750 qui
3195 691 3291 747 per
3355 675 3639 746 leprosum
3691 670 3829 726 desi-

2225 790 2474 847 gnamur,
2506 789 2602 843 per
2648 787 2836 826 eorum
2887 766 3316 832 invocationem,
3370 772 3423 820 et
3479 778 3579 835 per
3624 775 3829 832 aquam

2223 864 2569 938 baptismatis
2599 862 2794 917 abluit.
2827 860 2932 926 Qui
2980 872 3163 930 passer
3192 854 3249 910 in
3280 854 3437 928 aquis
3497 849 3835 907 viventibus

2227 950 2699 1024 intingijubetur;
2734 948 2861 1023 quia
2920 946 3014 1020 qui
3045 944 3185 1000 alios
3240 944 3418 1011 docet,
3484 941 3544 997 in
3613 938 3835 995 divinis

2226 1041 2525 1114 Scripturis
2550 1040 2772 1096 doctum
2803 1054 2919 1093 esse
2948 1042 3163 1107 oportet
3188 1051 3198 1089 :
3244 1050 3369 1088 nam
3401 1032 3447 1087 si
3513 1046 3709 1086 caecus
3740 1045 3834 1082 ca:-

2227 1150 2352 1189 cum
2411 1131 2609 1187 ducere
2656 1126 2968 1193 tentaverit,
3036 1124 3197 1180 ambo
3229 1124 3286 1179 in
3348 1123 3563 1177 foveam
3620 1118 3837 1175 cadunt

2231 1224 2443 1296 (Matth.
2473 1240 2571 1291 xv,
2609 1221 2720 1289 14).
2752 1220 2858 1287 Qui
2889 1220 3136 1290 leprosus
3166 1215 3367 1288 septies
3393 1215 3607 1287 aspergi
3642 1210 3839 1284 praeci-

2229 1315 2397 1386 pitur,
2427 1313 2554 1384 quia
2585 1311 2793 1367 nullius
2822 1308 3096 1364 munditia
3122 1307 3242 1362 sine
3282 1305 3444 1362 donis
3473 1312 3697 1375 septem
3722 1299 3837 1372 Spi-

2230 1403 2368 1458 ritus
2397 1401 2570 1458 sancti
2616 1399 2855 1474 perfecta
2884 1414 2997 1454 esse
3026 1404 3225 1469 potest.
3256 1393 3392 1462 Quis
3420 1394 3573 1449 enim
3607 1392 3747 1448 sine
3778 1389 3840 1444 ti-

2231 1508 2381 1549 more
2410 1492 2531 1559 Dei,
2559 1491 2678 1546 sine
2700 1489 2899 1561 pietate
2951 1485 3271 1558 caaterisque
3304 1480 3612 1539 virtutibus
3643 1480 3841 1537 salvus

2231 1599 2346 1640 esse
2375 1588 2554 1654 potest
2573 1582 2600 1637 ?
2630 1579 2735 1636 Sed
2766 1595 2891 1635 cum
2922 1576 3302 1649 unusquisque
3321 1591 3352 1630 a
3371 1571 3843 1647 praedicatoribus

2231 1675 2360 1732 ﬁdei
2399 1675 2635 1747 qualiter
2662 1673 2849 1729 vivere
2878 1672 3070 1727 debeat
3099 1668 3402 1727 secundum
3432 1666 3706 1722 mandata
3744 1663 3840 1720 Dei

2232 1765 2478 1834 docetur,
2510 1765 2710 1837 septies
2740 1778 2880 1837 aqua
2908 1762 3039 1817 viva
3089 1759 3412 1832 aspergitur.
3453 1756 3585 1811 Post
3643 1769 3843 1810 emun-

529 1878 656 1934 lana
690 1874 966 1943 coccinea,
1025 1880 1079 1928 et
1108 1870 1350 1943 hyssopo
1376 1874 1685 1941 aspergeret
1712 1843 1913 1938 septies
1941 1863 2114 1934 lepro-
2149 1866 2197 1926 B
2232 1855 2512 1912 dationem
2543 1871 2675 1912 vero
2707 1852 2907 1925 leprosi
2932 1867 3116 1924 passer
3143 1850 3310 1905 vivus
3347 1847 3407 1902 in
3433 1862 3564 1917 agro
3608 1843 3844 1900 avolare

529 1983 675 2036 sum,
732 1971 787 2021 et
840 1970 976 2021 tunc
1032 1961 1137 2017 rite
1197 1959 1579 2017 mundaretur.
1637 1955 1740 2012 Per
1784 1954 2121 2012 sacerdotem

530 2058 785 2116 Christus
814 2052 1191 2126 intelligitur:
1250 2050 1362 2108 duo
1425 2064 1557 2106 vero
1593 2060 1838 2118 passeres
1883 2043 2120 2099 duorum

530 2145 1003 2201 Testamentorum
1032 2142 1284 2199 doctores
1326 2138 1714 2209 intelliguntur
1748 2153 1759 2190 :
1818 2148 1912 2204 per
1954 2146 2123 2202 aquas

531 2241 712 2291 autem
743 2234 994 2290 viventes
1022 2238 1290 2303 praecepta
1330 2224 1618 2297 Evangelii
1647 2223 2022 2293 designantur,
2054 2218 2121 2273 de

531 2321 732 2397 quibus
760 2322 1032 2379 Dominus
1068 2317 1206 2373 dicit
1252 2316 1309 2370 in
1356 2311 1657 2384 Evangelio
1690 2328 1702 2365 :
1748 2331 1768 2356 ι
1811 2307 1917 2375 Qui
1947 2307 2123 2363 credit

534 2396 591 2469 in
621 2428 729 2481 me,
753 2411 896 2469 sicut
925 2408 1224 2479 Scriptura,
1247 2402 1479 2459 ﬂumina
1506 2401 1573 2456 de
1593 2406 1782 2455 ventre
1811 2397 1929 2469 ejus
1950 2396 2123 2453 ﬂuent

533 2516 687 2573 aquae
718 2500 860 2556 vivae
901 2499 1080 2569 (Joan.
1113 2511 1215 2562 vn,
1243 2491 1357 2563 38).
1396 2517 1413 2541 ι
1461 2491 1647 2563 Aquas
1677 2488 1834 2544 vivas
1854 2493 2035 2552 vocat,
2059 2502 2122 2542 eo

534 2590 684 2665 quod
711 2590 881 2647 vitam
913 2595 1169 2643 aeternam
1223 2591 1480 2656 praestent
1530 2579 1862 2637 facientibus
1908 2595 1989 2635 ea.
2022 2577 2125 2632 Per

534 2695 804 2755 passerem
838 2677 1005 2750 igitur
1021 2675 1388 2740 immolatum,
1411 2672 1555 2728 sicut
1574 2668 1841 2737 diximus,
1872 2667 2124 2724 doctores

534 2770 871 2837 Iudaeorum,
903 2764 1211 2822 sacerdotes
1238 2762 1518 2830 videlicet,
1554 2758 1755 2816 Scriba:
1787 2768 1841 2815 et
1861 2755 2124 2813 Pharisaei

535 2860 907 2931 designantur.
940 2854 1170 2927 Sanguis
1207 2868 1359 2921 vero,
1389 2851 1486 2924 qui
1525 2850 1693 2906 vitam
1723 2847 1921 2920 passeri
1980 2863 2128 2919 pra:-

537 2948 736 3015 stabat,
776 2943 1042 3018 spiritalis
1062 2949 1145 2997 est
1176 2941 1563 3012 intelligentia,
1595 2957 1715 3011 qua:
1769 2939 1829 2994 in
1858 2938 2127 2994 observa-

536 3038 786 3096 tionibus
800 3034 1112 3093 Judaeorum
1144 3030 1366 3088 latebat.
1388 3031 1458 3086 Et
1480 3030 1623 3086 sicut
1642 3045 1825 3101 passer
1853 3029 1970 3084 sine
1992 3045 2127 3085 sau-

540 3131 705 3205 guine
731 3135 981 3184 mortuus
1006 3125 1265 3189 efﬁcitur,
1296 3124 1373 3179 ita
1399 3130 1453 3178 et
1501 3122 1687 3177 multa:
1717 3121 2128 3177 observationes

2231 1944 2546 2012 sinebatur;
2579 1943 2709 2016 quia
2748 1940 3128 2015 praedicatores
3157 1938 3332 1995 sancti
3380 1943 3501 2009 post
3542 1934 3843 2006 expletum

2231 2034 2479 2091 ofﬁcium
2510 2033 2915 2106 praedicationis
2954 2046 3065 2088 sum
3094 2032 3153 2086 in
3184 2045 3314 2102 agro
3343 2026 3533 2101 patriae
3591 2022 3848 2083 caelestis

2231 2128 2450 2183 avolare
2484 2133 2885 2198 promerentur.

2303 2217 2363 2272 In
2394 2216 2505 2271 alio
2535 2230 2750 2287 quoque
2788 2215 2908 2269 loco
2937 2211 3201 2282 scriptum
3233 2218 3352 2278 est;
3401 2207 3530 2282 quia
3563 2202 3848 2279 praecepit

2230 2304 2500 2361 Dominus
2528 2304 2728 2374 Moysi,
2785 2310 2848 2358 ut
2906 2302 3165 2356 oﬁ'errent
3220 2300 3324 2356 ﬁlii
3353 2300 3518 2355 Israel
3557 2293 3850 2354 sacerdoti

2230 2409 2454 2466 caprum
2501 2391 2868 2459 emissarium,
2931 2398 3265 2462 poneretque
3325 2387 3578 2444 sacerdos
3634 2400 3851 2441 manus

2231 2502 2394 2558 super
2420 2491 2583 2556 caput
2603 2481 2741 2554 ejus,
2774 2491 2828 2538 et
2865 2479 3222 2537 conﬁteretur
3250 2495 3413 2550 super
3449 2495 3573 2533 eum
3608 2483 3851 2549 peccata

2231 2575 2476 2631 ﬁliorum
2506 2574 2694 2640 Israel,
2718 2582 2772 2629 et
2801 2571 3040 2627 mitteret
3069 2585 3195 2624 eum
3224 2584 3318 2641 per
3346 2567 3629 2622 hominem
3671 2582 3853 2637 para-

2232 2674 2371 2733 tum,
2403 2665 2460 2720 in
2489 2661 2801 2731 desertum;
2834 2660 3169 2733 utfportaret
3213 2666 3433 2731 peccata
3461 2655 3729 2710 ﬁliorum
3770 2656 3852 2710 Is-

2234 2757 2344 2812 rael
2374 2756 2433 2811 in
2462 2755 2758 2811 desertum.
2791 2754 2889 2808 Ille
2942 2756 3123 2805 autem
3159 2749 3256 2822 qui
3309 2763 3532 2818 caprum
3600 2744 3843 2800 emissa-

2235 2849 2380 2904 rium
2440 2846 2498 2901 in
2527 2847 2805 2903 desertum
2841 2840 3095 2908 ducebat,
3126 2855 3238 2894 non
3294 2835 3737 2909 permittebatur
3787 2835 3841 2889 in

2235 2946 2412 2996 castra
2468 2937 2703 3010 ingredi,
2731 2935 2838 2991 nisi
2896 2934 3049 3005 prius
3106 2931 3314 2986 levaret
3342 2928 3684 2984 vestimenta
3742 2941 3841 2982 sua

2239 3029 2422 3100 (Levit.
2455 3044 2573 3095 xvr,
2617 3026 2702 3093 l0,
2736 3024 2851 3096 24).
2884 3020 3148 3078 Eamdem
3179 3035 3307 3089 ergo
3363 3015 3837 3089 signiﬁcationem

2237 3117 2401 3173 habet
2428 3115 2699 3180 sacerdos,
2726 3129 2889 3185 quam
2919 3119 2973 3167 et
3000 3126 3163 3182 caper
3208 3106 3559 3172 emissarius;
3616 3103 3836 3176 signiﬁ-

538 3195 876 3286 Iudaaorum,
907 3217 954 3274 si
983 3214 1248 3289 spiritalis
1268 3213 1633 3285 intelligentia
1660 3211 1940 3280 defuisset,
1972 3227 2128 3266 vanae
2161 3227 2205 3289 ο
2237 3216 2364 3266 cant
2392 3207 2536 3263 enim
2565 3204 2863 3261 Dominum
2895 3211 3143 3257 nostrum
3170 3199 3354 3254 Jesum
3403 3196 3718 3254 Christum.
3753 3195 3840 3249 Sa.

542 3325 656 3367 esse
735 3308 1073 3364 viderentur.
1134 3306 1426 3377 Postquam
1456 3319 1583 3376 ergo
1638 3302 1859 3374 sanguis
1897 3301 2128 3374 passeris

545 3400 818 3473 apparuit,
882 3407 1046 3471 atque
1110 3397 1169 3452 in
1213 3412 1380 3469 aquas
1436 3395 1592 3450 vivas
1642 3393 1907 3461 decurrit,
1949 3409 2132 3465 passer

545 3497 796 3545 mortuus
826 3495 926 3556 est,
983 3486 1112 3561 quia
1157 3492 1444 3558 postquam
1474 3484 1711 3556 spiritali
1742 3481 2130 3554 intelligentia,

545 3595 667 3651 qua
692 3579 750 3634 in
779 3575 1256 3634 observationibus
1283 3573 1596 3630 Judaaorum
1625 3572 1848 3641 latebat,
1879 3586 1976 3643 per
2012 3587 2126 3642 gra-

545 3669 681 3724 tiam
737 3666 961 3723 Domini
1024 3666 1196 3721 nostri
1246 3666 1374 3721 Jesu
1412 3661 1617 3721 Christi
1650 3662 1996 3718 manifestata
2031 3667 2134 3729 est,

548 3757 798 3829 quaedam
826 3756 1236 3812 observationes
1264 3755 1461 3827 legales
1489 3753 1632 3809 nihil
1655 3753 1979 3825 profuerunt
2003 3770 2015 3807 :
2043 3749 2138 3806 sed

549 3854 604 3902 et
633 3846 738 3918 ipsi
778 3845 874 3919 qui
921 3853 1144 3919 propter
1184 3843 1489 3901 custodiam
1536 3843 1670 3915 legis
1723 3842 1889 3899 ﬁdem
1930 3841 2137 3900 Christi

552 3944 898 4009 spreverunt,
942 3934 1245 3993 secundum
1293 3934 1534 3989 animam
1582 3932 1788 3988 mortui
1831 3940 1979 3988 sunt.
2010 3931 2139 3987 San-

553 4027 674 4099 guis
704 4027 874 4098 igitur
894 4025 1125 4097 passeris
1154 4023 1312 4096 aquis
1349 4022 1669 4079 viventibus
1716 4021 1984 4078 admistus
2010 4031 2093 4077 est
2123 4038 2137 4087 ;

552 4119 682 4192 quia
708 4117 888 4173 omnis
909 4117 1209 4187 Scriptura,
1251 4132 1371 4187 quae
1398 4114 1466 4170 ad
1504 4131 1711 4170 novum
1734 4113 2142 4170 Testamentum

554 4206 812 4280 pertinet,
861 4205 1129 4277 exemplis
1183 4204 1386 4258 veteris
1440 4202 1770 4258 Testamenti
1823 4200 2145 4272 spiritaliter

555 4294 854 4355 intellectis
892 4294 1099 4365 repleta
1138 4299 1219 4347 est
1251 4290 1389 4362 (66).
1438 4291 1539 4345 Per
1566 4290 1776 4360 lignum
1809 4304 1940 4345 vero
1971 4288 2143 4345 cedri-

558 4404 693 4445 num
732 4388 910 4454 Pater,
943 4400 1037 4456 per
1059 4383 1359 4455 hyssopum
1388 4381 1592 4436 Filius:
1619 4397 1715 4451 per
1744 4382 1925 4436 lanam
1957 4388 2142 4436 autem

558 4476 892 4543 coccineam,
950 4490 1071 4547 quae
1137 4472 1406 4544 fulgorem
1451 4471 1595 4543 ignis
1658 4470 1842 4540 habet,
1909 4472 2147 4545 Spiritus

2238 3297 2429 3356 cerdos
2459 3296 2627 3368 igitur
2652 3309 2815 3365 super
2833 3306 3058 3363 caprum
3079 3287 3424 3345 emissarium
3447 3291 3674 3358 peccata
3695 3282 3833 3338 ﬁlio-

2241 3407 2362 3447 rum
2391 3388 2557 3446 Israel
2587 3387 2870 3444 confessus
2898 3391 3010 3451 est;
3034 3383 3163 3455 quia
3182 3381 3355 3437 Filius
3379 3379 3478 3435 Dei
3508 3384 3739 3450 peccata
3759 3389 3837 3447 ge-

2242 3480 2389 3538 neris
2408 3477 2633 3534 humani
2652 3492 2814 3548 super
2828 3473 3109 3531 hominem
3128 3488 3287 3545 quem
3306 3463 3841 3540 assumpsit,posuit,

2243 3581 2305 3629 ut
2328 3590 2427 3645 pro
2456 3572 2536 3627 eis
2565 3569 2680 3642 ipse
2702 3573 3025 3624 moreretur.
3056 3566 3158 3620 Per
3186 3563 3465 3619 desertum
3494 3576 3650 3627 vero,
3681 3556 3840 3628 cujus

2244 3664 2641 3721 habitationem
2669 3676 2859 3716 omnes
2912 3655 3159 3713 deliciosi
3192 3653 3638 3726 perhorrescunt,
3702 3662 3837 3707 crux

2247 3754 2583 3826 designatur,
2611 3751 2826 3810 cunctis
2852 3749 2959 3806 reis
2981 3747 3140 3803 valde
3169 3743 3476 3800 horribilis.
3509 3740 3691 3798 Duxit
3716 3753 3838 3808 ergo

2248 3847 2414 3903 homo
2465 3852 2685 3918 paratus
2732 3858 2955 3914 caprum
3012 3837 3357 3896 emissarium
3420 3834 3479 3889 in
3535 3832 3833 3895 desertum,

2249 3936 2378 4010 quia
2412 3934 2585 3991 Judaei
2643 3932 2736 4005 qui
2767 3931 2834 3987 ad
2865 3931 2970 3987 hoc
3021 3929 3197 3985 scelus
3226 3922 3652 3999 perpetrandum
3713 3935 3836 4010 prae-

2250 4008 2375 4084 sciti
2404 4026 2620 4080 fuerant
2652 4026 2669 4091 (
2676 4022 2793 4091 67),
2825 4019 3125 4077 Dominum
3155 4026 3403 4073 nostrum
3437 4010 3623 4070 Iesum
3659 4008 3833 4068 Chris-

2250 4125 2370 4172 tum
2400 4112 2814 4170 cruciﬁxerunt.
2843 4110 2933 4164 Illi
2984 4116 3165 4164 autem
3199 4106 3291 4178 qui
3320 4119 3543 4175 caprum
3607 4100 3838 4157 emissa—

2254 4203 2395 4259 rium
2418 4202 2477 4257 in
2507 4201 2781 4257 desertum
2812 4197 3067 4261 duxerat,
3099 4201 3429 4268 praeceptum
3478 4198 3561 4247 est
3591 4199 3656 4247 ut
3688 4191 3835 4246 lava—

2258 4302 2337 4351 ret
2365 4293 2517 4365 prius
2545 4290 2875 4347 vestimenta
2939 4302 3056 4355 sua,
3117 4292 3171 4341 et
3229 4284 3310 4340 sic
3364 4281 3746 4355 ingrederetur
3788 4277 3836 4331 in

2253 4394 2452 4453 castra,
2483 4384 2611 4458 quia
2643 4382 2818 4440 Judaei
2866 4380 3244 4437 interfectores
3291 4376 3499 4435 Christi
3552 4374 3614 4431 in
3672 4380 3836 4431 castra

2255 4475 2515 4532 Ecclesiae
2567 4472 2778 4544 ingredi
2810 4488 2921 4527 non
2980 4475 3295 4542 potuerunt,
3330 4466 3438 4522 nisi
3498 4465 3655 4537 prius
3713 4476 3837 4533 aqua

559 4576 780 4626 sanctus
805 4564 1138 4636 designatur.
1170 4562 1244 4618 lis
1272 4560 1447 4617 tribus
1478 4559 1572 4632 qui
1616 4559 1719 4615 rite
1754 4561 2009 4615 mundari
2048 4578 2141 4617 vo-
2177 4603 2224 4661 Β
2260 4564 2601 4637 baptismatis
2631 4563 3009 4618 abluerent“,

564 4659 726 4727 lebat,
758 4654 1179 4729 aspergebatur;
1224 4650 1353 4723 quia
1388 4650 1574 4705 nullus
1599 4665 1694 4720 per
1720 4665 1914 4721 aquam
1950 4649 2152 4722 baptis-

563 4748 724 4806 matis
752 4765 784 4803 a
822 4749 970 4819 lepra
1000 4750 1347 4817 peccatorum
1380 4738 1634 4795 mundari
1679 4748 1878 4812 potest,
1911 4741 2019 4796 nisi
2051 4743 2157 4799 sub

562 4836 911 4895 invocatione
938 4834 1116 4891 Patris
1139 4840 1192 4889 et
1212 4829 1343 4887 Filii
1370 4839 1423 4885 et
1453 4827 1692 4900 Spiritus
1721 4829 1917 4885 sancti.

633 4933 739 4992 Sed
791 4934 838 4990 si
889 4948 982 5005 per
1015 4928 1149 4987 hinc.
1166 4929 1271 4985 tria
1314 4928 1474 4983 Pater
1509 4934 1563 4982 et
1601 4927 1777 4982 Filius
1810 4936 1864 4983 et
1919 4926 2159 4999 Spiritus

564 5032 786 5082 sanctus
809 5022 1182 5092 designantur,
1223 5034 1322 5074 cur
1364 5033 1546 5089 passer
1599 5016 1763 5071 vivus
1806 5023 2032 5088 quartus
2068 5016 2161 5073 ad-

559 5112 815 5186 jungitur
834 5111 862 5166 ‘I
882 5111 983 5165 Per
1010 5124 1280 5180 passerem
1301 5123 1539 5179 namque
1559 5106 1748 5161 vivum
1774 5105 2160 5177 praedicatores

566 5206 699 5264 novi
728 5202 1060 5260 Testamenti
1098 5200 1408 5272 designatos
1438 5199 1609 5255 fuisse
1650 5199 1919 5256 diximus.
1961 5201 2161 5257 Sacer-

568 5294 667 5351 dos
699 5308 825 5366 ergo
848 5290 996 5364 ligno
1025 5288 1269 5356 cedrino,
1310 5304 1495 5356 cocco,
1531 5295 1585 5342 et
1622 5287 1860 5360 hyssopo
1890 5304 2159 5360 passerem

570 5383 762 5440 vivum
826 5379 1194 5454 adjungebat;
1266 5378 1396 5451 quia
1444 5377 1714 5434 Dominus
1754 5386 1943 5435 noster
2006 5380 2161 5436 Iesus

651 5606 765 5677 (66)
797 5608 880 5664 Ita
907 5623 1070 5673 mss.;
1101 5602 1234 5661 edit.
1266 5616 1418 5671 vero,
1452 5598 1681 5673 pertinet
1706 5599 2039 5674 spiritalibus
2079 5603 2160 5661 in-

581 5678 858 5731 tellectibus
884 5679 1095 5747 repleta
1121 5683 1214 5732 est.

654 5748 770 5819 (67)
800 5745 1002 5803 Omnes
1039 5746 1198 5815 edit.,
1224 5746 1453 5817 prcestiti
1477 5745 1697 5817 fuerant
1729 5764 1741 5803 :
1783 5764 1975 5803 omnes
2025 5764 2156 5804 mss.

2330 4634 2403 4706 Et
2421 4650 2480 4705 in
2509 4647 2935 4705 Deuteronomio
2962 4643 3219 4717 praecepit
3260 4641 3475 4713 Moyses
3502 4639 3637 4695 ﬁliis
3666 4634 3836 4700 Israel,

2263 4739 2484 4796 dicens:
2555 4762 2573 4785 ι
2634 4737 2689 4793 Si
2746 4733 3028 4792 transieris
3056 4749 3151 4805 per
3202 4747 3414 4802 agrum,
3470 4736 3524 4784 et
3570 4722 3838 4783 inveneris

2266 4845 2421 4885 avem
2478 4826 2828 4883 incubantem
2878 4839 3041 4895 super
3096 4822 3277 4894 pullos
3318 4835 3483 4886 suos;
3547 4833 3617 4872 ne
3672 4825 3835 4873 teneas

2266 4934 2423 4974 avem
2453 4934 2578 4974 cum
2607 4916 2774 4988 pullis
2799 4915 2934 4982 suis,
2969 4913 3065 4969 sed
3088 4911 3307 4967 dimitte
3333 4909 3553 4965 avolare
3608 4922 3762 4964 avem
3790 4902 3835 4958 in

2267 5024 2541 5079 campum,
2570 5016 2623 5063 et
2650 5013 2837 5077 captos
2866 5011 2991 5059 tene
3019 5002 3165 5058 ﬁlios
3188 5020 3202 5069 ;
3228 4992 3297 5056 'ut
3326 5001 3489 5071 longo
3518 4997 3682 5055 vivas
3709 5004 3836 5051 tem-

2268 5078 2405 5169 pore,
2429 5097 2484 5152 in
2514 5104 2677 5162 terra,
2737 5109 2899 5166 quam
2945 5091 3214 5148 Dominus
3260 5092 3405 5145 Deus
3466 5095 3591 5143 tuus
3650 5078 3837 5143 dederit

2266 5188 2369 5245 tibi
2403 5188 2582 5261 (Deut.
2610 5203 2752 5255 xxn,
2785 5186 2838 5252 6,
2874 5185 2952 5256 7).
2980 5208 2999 5231 ι
3042 5180 3323 5253 Numquid
3351 5178 3610 5236 dimissio
3631 5172 3834 5233 avicula

2267 5279 2385 5336 dies
2409 5277 2645 5350 alicujus
2675 5292 2869 5347 augere
2889 5280 3101 5347 poterat
3123 5271 3239 5345 (68)
3264 5271 3292 5328 ?
3315 5270 3457 5338 Non,
3497 5268 3591 5325 sed
3610 5266 3834 5341 spiritua-

2272 5369 2396 5425 liter
2481 5366 2904 5440 intelligendum
2966 5370 3068 5421 est.
3129 5363 3233 5420 Per
3303 5377 3463 5418 avem
3522 5367 3836 5433 unaquaeque

2263 5601 2537 5733 prméieositi
2563 5598 2797 5674 fuerant.

2344 5678 2363 5749 (
2439 5679 2459 5748 )
2491 5677 2571 5731 Ita
2601 5693 2732 5731 mss.
2758 5692 2770 5741 ;

2439 5655 2574 5748 )‘Ita'
2596 5655 2863 5741 iussit-at
2892 5672 3048 5741 edit.,
3083 5670 3301 5728 dimissa
3326 5667 3543 5726 avicula
3602 5666 3713 5721 dies
3736 5655 3836 5718 alie.

2267 5764 2362 5803 nos
2388 5764 2578 5819 augere
2606 5752 2839 5818 poterat.
