3970 6362
131 438 248 494 913

1065 437 1523 495 BERENGAUDI
1560 438 1935 496 EXPOSITIO
1973 438 2046 495 ΙΝ
2080 437 2582 497 APOCALYPSIN.

3340 444 3448 501 914

132 570 333 619 sancta
379 562 569 617 anima
602 561 922 633 designatur
963 580 974 618 :
1024 579 1120 635 per
1164 564 1345 636 pullos
1391 571 1573 620 autem
1625 563 1744 636 ejus
1770 566 1821 625 Α
1849 564 1970 619 leve
2019 564 2231 636 (Matth.
2271 581 2350 633 xi,
2389 564 2502 636 30).
2550 591 2568 613 ι
2606 564 2732 621 Tres
2761 573 2943 621 autem
3000 565 3227 623 bilibres
3256 567 3447 627 hordei

133 650 287 707 bona
336 667 501 723 opera
543 651 943 722 intelliguntur.
998 652 1133 707 Nam
1190 652 1334 708 sicut
1389 653 1508 708 avis
1563 653 1746 726 pullos

134 758 274 798 suos
303 741 403 798 sub
441 742 556 798 alas
601 747 911 813 congregat,
961 748 1022 796 ut
1068 757 1158 797 eas
1204 741 1441 797 fovendo
1488 742 1738 810 nutriat;

136 830 221 887 ita
271 848 615 906 unaquaque
645 840 831 887 sancta
861 834 1044 887 anima
1073 848 1235 903 opera
1264 849 1360 887 sua
1391 832 1533 888 intra
1561 832 1744 889 cordis

133 930 351 979 secreta
396 921 667 989 recondit,
699 929 753 977 et
780 937 842 977 ea
875 938 1089 993 semper
1125 922 1383 993 augendo,
1410 923 1743 995 multiplicat

131 1020 192 1067 et
223 1012 420 1078 nutrit,
452 1018 512 1065 ut
535 1026 602 1065 ex
634 1010 702 1065 iis
733 1010 1037 1066 mercedem
1079 1010 1452 1081 plenissimam
1493 1011 1738 1083 recipiat.

133 1103 318 1157 Avem
349 1102 534 1174 itaque
564 1117 688 1157 cum
724 1101 891 1173 pullis
920 1101 1035 1155 suis
1073 1099 1408 1168 invenimus,
1457 1117 1581 1157 cum
1630 1101 1742 1156 ali-

132 1207 305 1265 quem
334 1190 544 1264 justum
577 1208 675 1263 pro
706 1191 821 1247 suis
847 1190 1009 1246 bonis
1043 1191 1300 1262 operibus
1335 1191 1568 1248 amando
1612 1207 1741 1247 am-

132 1280 460 1353 plectimur.
495 1281 670 1336 Avem
702 1280 760 1336 in
788 1297 916 1352 agro
945 1281 1163 1336 avolare
1192 1280 1582 1352 permittimus,
1613 1298 1739 1338 cum

131 1385 272 1426 eum
296 1387 458 1443 quem
492 1370 879 1443 diiigebamus,
911 1386 1006 1443 per
1030 1376 1257 1425 mortem
1283 1370 1350 1426 ad
1371 1388 1536 1443 regna
1556 1373 1738 1428 coeles-

131 1458 218 1515 tia
254 1460 633 1516 conscendisse
664 1459 998 1532 gaudemus:
1040 1458 1183 1515 ﬁlios
1226 1475 1359 1514 vero
1399 1460 1514 1533 ejus
1555 1470 1740 1533 captos

132 1544 413 1619 tenemus,
448 1550 494 1605 si
522 1548 641 1622 ejus
663 1549 806 1606 bona
835 1566 999 1621 opera
1026 1549 1080 1604 in
1112 1558 1292 1605 mente
1312 1549 1632 1616 retinemus,
1663 1559 1738 1607 at-

130 1654 246 1711 que
275 1639 331 1694 in
354 1655 544 1694 eorum
578 1639 888 1695 imitatione
916 1638 1254 1711 proﬁcimus.
1287 1639 1359 1695 Et
1386 1638 1443 1693 in
1473 1638 1578 1695 hoc
1609 1640 1740 1694 lon-

131 1728 445 1801 gitudinem
479 1729 610 1785 vita
638 1729 798 1784 nobis
830 1727 1186 1801 acquirimus,
1228 1744 1348 1800 qua
1384 1744 1496 1783 non
1542 1728 1650 1783 nisi
1682 1727 1739 1783 in

127 1818 349 1874 caelesti
380 1818 721 1875 beatitudine
746 1817 1062 1874 constitutis
1099 1816 1279 1873 datur.
1331 1819 1408 1873 De
1460 1818 1740 1888 apertione

1852 661 1999 710 sunt:
2032 671 2141 709 non
2177 654 2627 711 inconvenienter
2659 671 2786 728 ergo
2815 671 2911 727 per
2930 655 3202 710 sextarium
3243 673 3448 713 nume-

1852 759 1972 798 rum
2011 744 2154 816 (71),
2175 744 2270 817 qui
2307 744 2578 815 perfectus
2616 752 2715 812 est,
2760 760 2922 815 opera
2950 752 3261 801 sanctorum
3292 745 3447 802 desi-

1852 832 2247 905 gnantur,quia
2277 832 2540 903 perfectio
2563 841 2877 888 sanctorum
2910 849 2972 889 ex
3001 833 3162 888 bonis
3190 834 3446 905 operibus

1850 920 2131 977 accrescit.
2164 921 2295 976 Tres
2324 919 2551 976 bilibres
2578 937 2705 992 ergo
2734 920 2926 979 hordei
2947 920 3172 977 denario
3201 921 3445 994 conjun-

1850 1019 2088 1084 guntur;
2149 1011 2278 1084 quia
2330 1010 2599 1082 quidquid
2636 1010 2767 1065 boni
2815 1010 2975 1066 electi
3022 1011 3080 1065 in
3111 1011 3217 1068 hoc
3245 1012 3444 1068 saculo

1851 1108 2169 1172 operantur,
2217 1099 2490 1173 quidquid
2535 1099 2749 1156 adversi
2780 1100 3086 1172 patiuntur,
3130 1117 3227 1173 pro
3259 1117 3443 1158 amore

1852 1190 2019 1246 unius
2046 1191 2146 1247 Dei
2174 1189 2572 1262 omnipotentis
2603 1196 2770 1261 agunt
2806 1197 2860 1246 et
2886 1189 3189 1262 patiuntur.

1918 1289 2095 1344 Aliter
2132 1305 2143 1343 :
2203 1304 2298 1361 per
2353 1304 2553 1361 equum
2594 1287 2633 1342 ii
2679 1287 2773 1361 qui
2804 1304 2899 1359 per
2929 1289 3098 1361 legem
3131 1288 3268 1345 salvi
3299 1288 3441 1348 facti

1849 1386 1982 1433 sunt
2033 1377 2422 1449 designantur:
2483 1394 2578 1449 per
2623 1393 2962 1433 ascensorem
2995 1377 3111 1449 ejus
3145 1378 3259 1450 ipse
3285 1377 3443 1435 dator

1850 1466 2001 1539 legis:
2039 1482 2133 1539 per
2163 1474 2416 1522 stateram
2444 1482 2575 1521 vero
2608 1466 2835 1538 aquitas
2858 1465 3059 1538 judicii
3101 1466 3442 1539 ejus.Conse-

1848 1574 2021 1631 quens
2088 1564 2169 1612 est
2223 1566 2285 1614 ut
2329 1573 2425 1631 per
2477 1555 2635 1612 binas
2692 1556 2859 1613 libras
2917 1558 3087 1615 tritici
3125 1566 3180 1614 et
3208 1574 3305 1633 per
3332 1566 3443 1615 tres

1846 1652 2077 1709 bilibres
2131 1652 2325 1710 hordei
2374 1661 2532 1709 vetus
2570 1654 2977 1709 Testamentum
3016 1653 3391 1726 intelligamus
3424 1670 3437 1710 :

1848 1758 1943 1815 per
1979 1741 2138 1798 binas
2164 1758 2291 1814 ergo
2309 1741 2476 1798 libras
2506 1741 2676 1797 tritici
2706 1741 2817 1797 duo
2845 1751 3113 1814 pracepta
3133 1742 3436 1811 charitatis,

1847 1846 1966 1903 qua
2011 1830 2069 1885 in
2109 1830 2225 1901 lege
2274 1836 2329 1885 et
2378 1830 2659 1903 prophetis
2708 1829 3017 1902 specialiter
3040 1828 3441 1887 commendan-

128 1911 289 1967 tertii
318 1911 485 1984 sigilli
514 1928 684 1984 pauca
714 1910 780 1967 de
810 1910 1000 1967 multis
1021 1910 1286 1979 diximus,
1321 1926 1467 1967 nunc
1486 1909 1734 1968 ordinem
1763 1929 1811 1990 Β
1846 1925 1963 1987 tur,
2002 1918 2379 1991 designantur,
2403 1918 2546 1975 sicut
2572 1918 2844 1976 Dominus
2870 1919 3007 1977 dicit
3026 1919 3084 1975 in
3113 1920 3435 1991 Evangelio:

125 2019 552 2077 prosequamur.

208 2129 390 2195 (Vers.
430 2130 513 2200 5.)
546 2129 748 2185 Audivi
787 2127 995 2184 tertium
1041 2128 1245 2184 animal
1285 2128 1499 2183 dicens:
1537 2126 1661 2185 Veni
1688 2134 1738 2182 et

126 2227 287 2293 vide;
317 2227 373 2283 id
403 2235 502 2296 est,
546 2227 791 2300 intellige
838 2226 1162 2300 spiritaliter
1204 2222 1348 2281 529
1394 2226 1732 2298 Scripturam

130 2316 272 2389 legis
303 2318 441 2389 (69).
474 2319 546 2373 Et
574 2334 679 2371 ecce
708 2334 869 2388 equus
892 2317 1061 2388 niger,
1104 2322 1152 2371 et
1191 2315 1284 2387 qui
1328 2316 1533 2371 sedebat
1575 2332 1736 2387 super

125 2423 252 2460 eum
280 2405 498 2460 habebat
522 2411 774 2460 stateram
803 2405 860 2458 in
886 2422 1048 2459 manu
1087 2420 1205 2459 sua.
1258 2405 1360 2459 Per
1397 2419 1599 2476 equum
1634 2404 1732 2459 ni-

126 2511 291 2566 grum
340 2495 591 2550 doctores
620 2494 754 2565 legis
783 2510 1073 2566 possumus
1120 2492 1458 2564 intelligere;
1504 2490 1732 2562 nigredo

125 2586 282 2642 enim
313 2586 438 2658 equi
468 2586 585 2641 sive
614 2586 1001 2642 obscuritatem
1026 2586 1181 2658 legis,
1209 2601 1373 2658 quam
1400 2584 1729 2650 docuerunt,

125 2674 250 2730 sive
279 2673 542 2729 duritiam
573 2674 840 2746 designat.
878 2675 1014 2731 Nam
1042 2682 1095 2730 et
1122 2676 1338 2746 Moyses
1367 2675 1616 2730 velamen
1637 2673 1730 2729 ha-

122 2762 294 2819 bebat
314 2780 477 2835 super
500 2763 696 2819 faciem
722 2781 897 2830 suam,
928 2778 993 2819 eo
1045 2763 1191 2836 quod
1237 2764 1495 2836 splendor
1544 2763 1730 2819 vultus

124 2852 267 2925 ejus,
303 2851 357 2908 id
387 2859 487 2918 est,
519 2852 785 2923 spiritalis
805 2851 1169 2924 intelligentia
1195 2850 1254 2907 in
1277 2852 1392 2923 lege
1421 2867 1454 2905 a
1483 2851 1730 2924 lippien-

127 2940 281 2997 tibus
308 2941 485 2996 oculis
514 2957 623 2995 non
673 2948 854 3012 posset
901 2939 1098 2995 videri.
1140 2939 1324 2995 Sessor
1373 2946 1554 2995 autem
1600 2941 1727 3013 equi

123 3030 403 3086 Dominus
430 3039 545 3085 est:
579 3036 780 3084 statera
810 3044 940 3084 vero
978 3029 1290 3100 aquitatem
1324 3028 1525 3101 judicii
1574 3030 1729 3101 lega-

122 3117 195 3173 lis
247 3117 609 3183 demonstrat,
640 3126 703 3173 ut
729 3125 811 3173 est
842 3117 1021 3173 istud:
1062 3141 1081 3165 ι
1105 3118 1363 3173 Animam
1394 3134 1492 3189 pro
1520 3117 1725 3185 anima,

121 3206 352 3262 oculum
379 3221 479 3278 pro
508 3206 690 3273 oculo,
746 3204 964 3260 dentem
1010 3222 1108 3278 pro
1153 3206 1335 3269 dente.
1384 3206 1575 3278 pedem
1628 3223 1727 3279 pro

120 3296 273 3368 pede.
316 3296 518 3367 (Exod.
560 3312 681 3363 χχι,
712 3295 803 3363 23,
846 3295 961 3367 24),
1013 3321 1031 3344 ι
1089 3303 1144 3351 et
1189 3296 1403 3369 qualem
1459 3296 1727 3353 inﬂixerit

114 3385 249 3457 quis
280 3383 547 3439 maculam
582 3383 722 3455 (70),
755 3383 920 3438 talem
953 3391 1006 3438 et
1034 3384 1305 3441 sustinere
1335 3390 1578 3456 cogatur.

195 3520 381 3590 (Vere.
412 3518 494 3590 6.)
546 3521 620 3575 Et
640 3520 827 3575 audiui
856 3536 1025 3575 vocem
1055 3520 1111 3574 in
1142 3521 1309 3576 medio
1334 3528 1565 3593 quatuor
1592 3524 1723 3578 ani-

118 3611 344 3667 malium
371 3609 637 3665 dicentem.
680 3610 861 3666 Potest
906 3626 1001 3683 per
1044 3627 1233 3667 vocem
1283 3627 1403 3684 qua
1450 3613 1594 3669 facta
1641 3623 1721 3671 est

116 3701 177 3757 in
213 3701 397 3757 medio
426 3710 660 3774 quatuor
686 3701 1030 3770 animalium,
1077 3718 1188 3758 vox
1229 3703 1485 3761 Ecclesia
1523 3705 1717 3778 accipi,

115 3791 345 3848 Domini
381 3790 815 3847 misericordiam
873 3791 1239 3863 implorantis.
1283 3793 1509 3849 Bilibris
1558 3794 1722 3849 tritici

114 3881 362 3949 denario,
395 3887 442 3935 et
470 3887 572 3936 tres
609 3881 821 3936 bilibres
857 3881 1039 3936 hordei
1084 3882 1323 3946 denario,
1373 3889 1421 3937 et
1464 3884 1646 3937 vinum
1673 3890 1720 3938 et

116 3970 290 4025 oleum
315 3987 380 4024 ne
408 3969 622 4025 laseris.
656 3970 847 4041 Magna
877 3976 1006 4024 sunt
1036 3985 1155 4042 qua
1190 3971 1440 4042 protulit,
1474 3980 1527 4028 et
1559 3972 1719 4028 valde

116 4064 371 4121 obscura.
424 4066 528 4121 Per
554 4064 803 4122 triticum
833 4082 902 4123 ex
940 4084 1048 4140 quo
1086 4066 1243 4140 panis
1286 4067 1529 4140 optimus
1575 4086 1718 4126 con-

116 4151 325 4221 ﬁcitur,
394 4153 641 4209 divinam
708 4154 1045 4227 Scripturam
1112 4172 1402 4228 possumus
1448 4158 1717 4231 accipere,

116 4263 241 4321 qua
271 4253 353 4301 est
379 4246 535 4317 panis
584 4247 936 4303 animarum:
992 4247 1114 4302 dua
1161 4265 1294 4304 vero
1342 4249 1496 4306 libra
1543 4250 1717 4308 tritici

115 4336 233 4391 duo
264 4336 609 4390 Testamenta
637 4335 945 4406 designant,
977 4336 1177 4408 quibus
1215 4337 1405 4393 divina
1435 4338 1718 4411 Scriptura

117 4424 415 4481 dividitur.
447 4424 534 4478 Ex
564 4422 631 4477 iis
660 4422 872 4479 duabus
900 4424 1057 4480 libris
1086 4425 1258 4481 tritici
1290 4443 1540 4498 magnam
1566 4429 1713 4487 cibo-

118 4530 245 4569 rum
277 4511 490 4582 copiam
524 4510 682 4567 nobis
714 4510 888 4567 sancti
920 4512 1103 4567 Patres
1131 4524 1594 4584 praparaverunt,
1618 4519 1713 4590 qui

119 4619 238 4660 eam
299 4601 682 4675 multipliciter
737 4611 1154 4673 exposuerunt:
1211 4604 1469 4661 denarius
1526 4616 1708 4664 autem

119 4693 420 4751 Dominum
456 4690 723 4762 designat.
759 4690 910 4747 Bina
942 4707 1068 4764 ergo
1090 4690 1244 4749 libra
1286 4694 1460 4750 tritici
1487 4694 1712 4753 denario

117 4790 479 4861 copulantur;
506 4787 634 4861 quia
664 4787 811 4862 quod
834 4796 1019 4843 sancta
1039 4788 1323 4861 Scriptura
1355 4791 1618 4863 loquitur,
1643 4793 1711 4849 ad

117 4878 287 4933 unius
322 4878 418 4933 Dei
450 4877 933 4950 omnipotentiam,
985 4878 1444 4950 magnitudinem,
1499 4880 1711 4939 bonita-

123 4976 259 5036 tem,
281 4975 444 5040 atque
469 4966 814 5023 severitatem
841 4969 1094 5039 pertinet;
1120 4966 1386 5041 quidquid
1410 4970 1554 5025 enim
1578 4970 1709 5028 boni

120 5072 243 5128 erga
274 5055 560 5128 proximos
594 5056 826 5128 agimus,
878 5056 946 5111 de
995 5057 1092 5113 illo
1123 5066 1224 5125 est,
1257 5073 1367 5113 non
1413 5058 1481 5115 de
1526 5061 1706 5118 nobis.

118 5148 221 5203 Per
285 5147 630 5221 asperitatem
690 5164 820 5203 vero
888 5146 1079 5203 hordei
1155 5165 1319 5220 opera
1395 5160 1707 5211 sanctorum

119 5235 479 5308 designantur
509 5253 629 5310 qua
659 5252 846 5309 aspera
875 5236 1093 5309 quidem
1121 5237 1381 5295 videntur
1428 5257 1524 5313 per
1570 5260 1711 5317 ope-

119 5326 412 5395 rationem,
436 5327 526 5383 sed
559 5344 679 5401 spes
706 5344 768 5384 ea
796 5327 986 5384 suavia
1014 5327 1166 5394 facit,
1189 5329 1332 5385 sicut
1360 5330 1497 5389 dicit
1525 5334 1711 5390 Domi-

120 5432 224 5474 nus
256 5436 268 5474 :
314 5442 332 5466 ι
362 5419 561 5492 Jugum
591 5419 736 5476 enim
766 5436 947 5476 meum
980 5437 1145 5478 suave
1161 5428 1261 5490 est,
1282 5430 1336 5479 et
1356 5439 1495 5480 onus
1524 5442 1706 5483 meum

191 5600 307 5674 (69)
343 5601 498 5674 Bom.
530 5599 662 5674 edit.
696 5602 829 5669 sola,
859 5602 951 5673 qui
983 5603 1315 5673 Scripturam
1347 5603 1490 5674 legis.

190 5671 306 5746 (70)
339 5672 540 5727 Omnes
567 5671 723 5739 edit.,
766 5679 813 5727 et
851 5671 1005 5746 quale
1034 5671 1290 5744 inﬂixerit
1332 5671 1452 5746 quis
1482 5676 1705 5744 malum,

124 5744 243 5810 tale,
279 5751 404 5799 etc.:
440 5759 567 5798 mss.
601 5752 781 5799 autem
814 5753 875 5799 ut
904 5745 963 5799 in
987 5753 1272 5802 contextu.

195 5814 313 5889 (71)
351 5814 528 5886 Edit.,
554 5831 654 5889 per
683 5814 952 5872 binarium
978 5833 1276 5875 numerum.
1316 5818 1388 5876 Et
1442 5818 1607 5891 infra,
1659 5826 1708 5877 et

1742 4648 1791 4707 D

1856 2029 1875 2054 ι
1930 2008 1992 2063 In
2038 2006 2106 2062 iis
2152 2007 2367 2063 duobus
2415 2007 2688 2063 mandatis
2725 2015 2840 2064 tota
2869 2009 2961 2064 lex
2990 2008 3191 2080 pendet
3221 2017 3274 2065 et
3304 2026 3440 2082 pro-

1842 2096 2021 2169 pheta
2078 2097 2290 2169 (Matth.
2348 2113 2494 2166 xxu,
2553 2097 2669 2169 40).
2728 2122 2747 2144 ι
2814 2099 2885 2154 Et
2931 2114 3029 2170 per
3072 2106 3183 2154 tres
3212 2098 3440 2155 bilibres

1843 2185 2037 2242 hordei
2088 2193 2247 2242 vetus
2276 2187 2686 2242 Testamentum
2728 2203 3018 2260 possumus
3045 2187 3290 2260 accipere
3323 2205 3339 2257 ;
3373 2204 3438 2244 eo

1841 2273 1988 2349 quod
2018 2274 2076 2330 in
2107 2283 2218 2332 tres
2247 2283 2427 2348 partes
2456 2275 2523 2331 ab
2554 2275 2795 2332 Hebraeis
2842 2274 3144 2345 dividatur,
3197 2277 3255 2332 in
3293 2277 3438 2333 Pro-

1841 2363 2056 2436 phetas,
2104 2363 2162 2419 in
2216 2365 2432 2436 Legem,
2491 2364 2549 2419 in
2598 2364 2995 2438 Hagiographa.
3023 2365 3133 2421 Nec-
3162 2365 3437 2422 inconve-

1840 2452 2057 2508 nienter
2111 2468 2207 2524 per
2245 2452 2534 2521 hordeum,
2592 2453 2740 2526 quod
2785 2469 3036 2526 asperum
3066 2453 3229 2510 habet
3258 2455 3437 2511 corti-

1840 2557 1981 2610 cem,
2036 2551 2194 2599 vetus
2224 2542 2636 2597 Testamentum
2682 2541 3247 2615 designatur,propter
3270 2560 3435 2616 aspe-

1838 2633 2057 2688 ritatem
2133 2632 2390 2688 videlicet
2466 2639 2866 2703 praceptorum
2949 2632 3205 2704 legalium
3292 2633 3427 2705 (72).

1840 2724 1977 2779 Nam
2050 2721 2193 2777 sicut
2266 2719 2533 2775 hordeum
2601 2719 2749 2775 infra
2803 2722 3147 2792 asperitatem
3207 2722 3430 2779 corticis

1838 2811 1925 2867 sui
1980 2811 2279 2867 medullam
2304 2809 2603 2877 .continet,
2666 2826 2736 2865 ex
2793 2825 2900 2882 qua
2930 2810 3086 2881 panis
3114 2811 3429 2881 conﬁcitur,

1839 2899 1917 2957 ita
1955 2908 2009 2955 et
2068 2899 2214 2955 infra
2252 2900 2494 2956 litteram
2551 2899 2755 2954 veteris
2803 2899 3137 2955 Testamenti
3165 2900 3431 2974 spiritalis

1837 2986 2205 3060 intelligentia
2258 2987 2597 3055 continetur,
2628 3003 2697 3042 ex
2726 3003 2833 3060 qua
2864 3004 2896 3043 a
2924 2988 3199 3060 magistris
3226 2990 3431 3047 Eccle-

1836 3079 1930 3136 sia
1988 3078 2145 3151 panis
2191 3076 2456 3135 doctrina
2500 3077 2769 3150 spiritalis
2791 3077 3106 3149 conﬁcitur,
3141 3079 3208 3136 ad
3237 3081 3429 3136 nutri-

1837 3177 2021 3225 menta
2070 3168 2317 3223 ﬁdelium
2375 3167 2679 3240 proﬁcens;
2741 3167 2938 3224 scribit
2977 3168 3125 3225 enim
3152 3170 3430 3243 apostolus

1760 3292 1805 3353 C
1834 3258 2035 3314 Paulus
2080 3257 2210 3330 quia
2266 3258 2483 3313 nullum
2538 3257 2606 3313 ad
2660 3257 2961 3330 perfectum
3014 3257 3248 3315 adduxit
3295 3261 3424 3330 lex,

1832 3350 2049 3406 nullum
2091 3348 2304 3405 scilicet
2352 3364 2543 3404 eorum
2600 3347 2694 3421 qui
2745 3364 2864 3404 eam
2893 3348 3185 3404 carnaliter
3221 3347 3425 3405 intelli-

1831 3449 1967 3513 gunt
1994 3447 2048 3495 et
2084 3448 2398 3512 operantur:
2441 3455 2533 3494 eos
2561 3455 2692 3495 vero
2717 3440 2811 3512 qui
2841 3455 2957 3495 eam
2989 3438 3312 3512 spiritaliter
3342 3439 3423 3496 in-

1829 3529 2092 3602 telligunt
2159 3537 2213 3585 et
2258 3537 2553 3600 operantur
2597 3570 2613 3597 ,
2663 3527 2730 3583 ad
2797 3527 3150 3600 perfectionis
3200 3528 3422 3586 culmen

1828 3617 1947 3674 sine
2002 3616 2174 3674 dubio
2238 3617 2400 3689 erigit
2440 3616 2592 3688 (Heb.
2650 3633 2747 3685 τη,
2782 3616 2893 3689 19).
2926 3616 3057 3672 Tres
3101 3633 3229 3690 ergo
3268 3617 3422 3674 libra

1829 3705 2022 3763 hordei
2068 3707 2444 3780 duplicantur,
2486 3714 2547 3762 ut
2592 3705 2661 3763 ad
2691 3705 2992 3774 senarium,
3025 3706 3122 3779 qui
3151 3704 3422 3778 perfectus

1828 3803 1909 3853 est
1964 3812 2249 3862 numerus,
2296 3795 2639 3867 perveniant;
2669 3811 2794 3853 cum
2826 3802 2983 3850 vetus
3012 3794 3421 3853 Testamentum

1827 3901 1859 3940 a
1901 3885 2220 3941 doctoribus
2272 3885 2532 3941 Ecclesia
2582 3885 2764 3957 primo
2811 3883 3194 3954 historialiter,
3235 3892 3423 3957 postea

1826 3972 2522 4046 spiritaliterintelligitur,
2554 3972 2780 4047 ejusque
2817 3972 3079 4046 spiritalis
3112 3973 3419 4046 intelligen-

1825 4065 1904 4120 tia
1951 4062 2207 4134 Operibus
2252 4062 2532 4133 impletur.
2566 4062 2666 4117 Per
2689 4061 2978 4117 denarium
3005 4069 3189 4117 autem
3220 4069 3422 4119 atema

1826 4152 1942 4209 vita
1995 4152 2330 4224 designatur,
2379 4150 2523 4208 sicut
2550 4151 2819 4207 Dominus
2843 4150 3004 4207 docet
3032 4150 3090 4206 in
3118 4151 3421 4224 Evangelia

1827 4241 2038 4314 (Matth.
2080 4258 2179 4310 xx,
2212 4240 2291 4311 2).
2324 4241 2587 4299 Precatur
2616 4241 2786 4313 igitur
2813 4240 3115 4296 Dominum
3151 4240 3417 4309 Ecclesia,

1824 4341 1878 4389 et
1932 4332 2111 4389 dicit:
2168 4333 2393 4389 Bilibris
2444 4332 2610 4387 tritici
2662 4331 2903 4400 denario,
2959 4338 3008 4388 et
3060 4336 3164 4386 tres
3209 4332 3420 4387 bilibres

1823 4425 2009 4480 hordei
2035 4426 2277 4494 denario,
2309 4424 2366 4481 id
2393 4432 2492 4494 est,
2532 4424 2572 4480 ii
2604 4425 2696 4497 qui
2728 4423 2842 4480 duo
2874 4432 3141 4497 pracepta
3168 4422 3419 4480 charita-

1822 4513 1897 4569 tis
1930 4513 2232 4570 secundum
2279 4512 2588 4570 doctrinam
2617 4512 2774 4585 Legis
2798 4520 2961 4584 atque
2998 4510 3413 4583 Prophetarum,

1822 4610 2075 4667 Patribus
2135 4611 2391 4668 videlicet
2432 4611 2632 4667 veteris
2663 4610 2995 4667 Testamenti
3031 4628 3043 4665 :
3076 4609 3334 4666 similiter
3363 4619 3417 4669 et

1821 4702 1900 4758 eis
1940 4702 2037 4775 qui
2090 4708 2250 4758 vetus
2294 4703 2702 4759 Testamentum
2749 4699 3070 4772 spiritaliter
3098 4699 3416 4774 intelligunt

1819 4799 1875 4847 et
1922 4798 2236 4863 operantur,
2288 4790 2343 4846 id
2388 4797 2487 4858 est,
2519 4788 2775 4844 ﬁdelibus
2814 4786 3092 4856 Ecclesia,
3125 4787 3412 4854 denarium

1820 4881 1948 4936 vita
1996 4889 2215 4936 atema
2263 4878 2487 4950 dignare
2532 4876 2853 4949 largiri.Per
2879 4876 3251 4933 austeritatem
3282 4893 3413 4935 vero

1818 4970 1940 5025 vini
1975 4971 2214 5025 activam
2245 4966 2441 5036 vitam,
2473 4983 2570 5038 per
2601 4964 2989 5038 pinguedinem
3035 4965 3143 5021 olei
3170 4975 3412 5024 contem-

1818 5060 2084 5133 plativam
2137 5074 2428 5132 possumus
2493 5056 2756 5128 accipere.
2825 5054 2984 5123 Quod
3057 5073 3183 5130 ergo
3228 5058 3407 5116 dicit:

1828 5150 2014 5208 Vinum
2068 5154 2115 5204 et
2169 5149 2345 5203 oleum
2389 5164 2456 5202 ne
2496 5147 2715 5216 laseris,
2744 5146 2852 5203 tale
2880 5155 2961 5202 est
2988 5164 3051 5204 ac
3084 5146 3129 5203 si
3160 5148 3365 5205 diceret
3395 5165 3407 5204 :

1817 5242 1927 5296 Eos
1966 5239 2060 5311 qui
2100 5238 2201 5295 tibi
2246 5253 2343 5310 per
2384 5236 2579 5293 actiVa
2613 5235 2744 5292 vita
2767 5252 2930 5310 opera
2977 5236 3093 5294 sive
3154 5247 3413 5295 contem-

1818 5331 2042 5404 plativa
2062 5329 2268 5385 servire
2288 5327 2643 5397 studuerunt,
2671 5343 2740 5384 ne
2764 5326 2985 5397 laseris,
3016 5344 3138 5386 cum
3170 5328 3238 5385 ad
3260 5327 3408 5402 judi-

1818 5420 1966 5479 cium
2020 5417 2258 5475 veneris.

1810 5620 1909 5731 ξφ·
1956 5609 2057 5657 tres
2084 5600 2248 5657 libras
2277 5598 2491 5667 hordei;
2529 5614 2657 5655 mss.
2690 5604 2870 5654 autem
2901 5604 3136 5674 utroque
3162 5601 3287 5659 loco
3312 5619 3409 5660 no-

1854 5692 1900 5731 is
1927 5679 2253 5730 consonant.

1854 5679 1900 5731 is
1927 5679 2253 5730 consonant.

1888 5746 2004 5819 (72)
2033 5746 2121 5819 (Ita;
2139 5760 2300 5819 mss._;
2332 5742 2465 5798 edit.
2493 5757 2644 5819 vero.
2672 5748 2894 5815 propter
2920 5744 3256 5819 alime
3280 5763 3411 5804 σον..

1815 5816 1928 5874 ticis
1956 5813 2063 5887 sui,
2094 5816 2385 5877 Medullam
2423 5813 2680 5885 continet,
2700 5813 2804 5874 etc.
