3970 6376
565 412 671 472 915

1589 418 1685 473 ΑΙ)
1723 416 1955 474 OPERA
1992 415 2048 474 S.
2090 417 2421 475 AMBROSII
2459 417 2840 477 APPENDIX.

3785 416 3889 476 916

640 541 823 613 (Vers.
876 541 955 613 7.)
1005 540 1297 615 Sequitur:
1351 543 1425 598 Et
1467 559 1581 597 cum
1613 543 1904 615 aperuisset
1930 543 2163 615 sigillum
2195 549 2245 607 A
2274 559 2368 616 per
2414 543 2652 599 habebat
2701 544 2760 600 in
2812 543 3089 613 manibus,
3139 546 3411 618 elegitque
3461 547 3572 604 sibi
3625 546 3888 620 quinque

565 638 843 703 quartum.
877 630 1104 703 Apertio
1134 631 1303 703 sigilli
1353 632 1533 704 quarti
1562 632 1631 689 ad
1660 632 1950 705 prophetas
1979 633 2159 704 perti—

566 729 680 788 net,
713 720 808 793 qui
837 719 1135 777 adventum
1167 720 1394 789 Christi,
1448 721 1777 793 passionem,
1808 730 1863 778 et
1892 739 2157 779 resurrec-

565 810 779 865 tionem
812 809 946 882 ejus,
987 811 1438 882 vocationemque
1467 812 1708 882 gentium
1749 820 1803 867 et
1826 821 2010 883 aperto
2035 829 2158 869 ser-

566 915 748 967 mone,
798 906 851 954 et
896 914 991 970 per
1017 898 1195 954 varias
1226 898 1428 971 ﬁguras
1456 900 1833 970 praedixerunt
1862 919 1873 956 :
1908 900 2158 957 Salvator

567 988 737 1060 igitur
766 994 949 1043 noster
996 995 1252 1059 quartum
1286 988 1529 1060 sigillum
1558 990 1794 1061 aperuit,
1824 989 2045 1061 quando
2075 990 2157 1044 in-

565 1078 924 1151 telligentiam
950 1077 1337 1149 prophetarum
1364 1079 1683 1135 doctoribus
1720 1079 1977 1135 Ecclesiae
2023 1096 2156 1151 prae-

566 1167 708 1223 buit.
738 1168 843 1223 Sed
870 1166 1102 1224 dedictis
1161 1167 1550 1240 prophetarum
1594 1186 1705 1225 non
1735 1177 1816 1226 est
1862 1169 2026 1226 nobis
2068 1184 2159 1223 ne-

566 1273 713 1314 cesse
742 1257 1040 1331 quidquam
1071 1257 1273 1327 dicere,
1300 1276 1363 1315 eo
1396 1260 1543 1334 quod
1587 1260 1653 1317 ab
1683 1261 1887 1317 eisdem
1918 1260 2155 1315 doctori-

566 1347 669 1403 bus
706 1347 943 1420 expositi
961 1347 1090 1403 sint.
1116 1348 1186 1403 Et
1207 1349 1335 1421 quia
1360 1366 1473 1405 non
1499 1350 1677 1405 solum
1694 1367 1811 1423 qua
1828 1367 1858 1405 a
1874 1349 2157 1422 prophetis

568 1436 771 1510 scripta
819 1446 969 1506 sunt,
1017 1437 1112 1494 sed
1142 1446 1196 1494 et
1224 1455 1345 1512 qua
1376 1439 1443 1495 ab
1482 1439 1560 1495 eis
1589 1448 1734 1511 gesta
1760 1447 1909 1507 sunt,
1940 1439 2155 1511 spirita-

569 1527 675 1582 lem
705 1526 912 1582 habent
944 1526 1364 1598 intelligentiam
1393 1544 1563 1599 pauca
1592 1528 1659 1584 de
1683 1529 1750 1585 iis
1777 1546 1896 1601 quae
1929 1546 2022 1601 per
2052 1531 2154 1586 Da-

567 1615 685 1683 vid,
714 1616 892 1671 Eliam
923 1623 977 1670 et
1005 1616 1264 1671 Elisaeum
1296 1625 1443 1688 gesta
1467 1624 1615 1685 sunt,
1649 1617 1917 1673 dicamus.

637 1704 698 1758 In
724 1704 927 1775 Regum
962 1704 1243 1761 volumine
1270 1705 1534 1776 scriptum
1565 1706 1802 1777 est,quia
1821 1723 1944 1762 cum
1977 1707 2156 1764 David

567 1794 733 1848 vellet
786 1808 1005 1865 pergere
1028 1793 1096 1850 ad
1126 1809 1364 1866 pugnam
1395 1802 1588 1851 contra
1617 1793 1981 1874 Philistaeum,
2010 1795 2157 1850 dixit

564 1887 635 1943 ad
689 1884 849 1943 Saul:
923 1908 941 1931 ι
980 1886 1239 1943 Pascebat
1293 1902 1484 1942 servus
1529 1894 1658 1942 tuus
1713 1903 1926 1959 gregem
1988 1886 2158 1959 patris
2190 1904 2236 1965 Β

564 1975 676 2043 sui,
741 1983 794 2031 et
834 1974 1091 2031 veniebat
1118 1976 1204 2032 leo
1233 1977 1320 2033 vel
1352 1993 1533 2045 ursus,
1570 1977 1901 2051 tollebatque
1933 1977 2156 2033 arietem

565 2065 635 2121 de
685 2064 866 2122 medio
914 2066 1110 2138 gregis,
1165 2075 1218 2122 et
1265 2066 1612 2139 insequebar,
1679 2065 2159 2140 percutiebamque

567 2171 682 2220 eos,
738 2154 1103 2229 eruebamque
1158 2171 1283 2210 eum
1341 2155 1409 2212 de
1441 2172 1534 2212 ore
1563 2172 1773 2212 eorum.
1806 2157 1878 2212 Et
1905 2155 1987 2210 illi
2017 2173 2160 2212 con-

567 2243 861 2317 surgebant
914 2244 1205 2301 adversum
1257 2260 1366 2310 me,
1414 2254 1469 2302 et
1505 2244 1976 2318 apprehendebam
2009 2260 2157 2299 men-

566 2341 686 2392 tum
734 2352 945 2405 eorum,
998 2342 1051 2391 et
1102 2335 1455 2404 suffocabam,
1490 2334 1993 2406 interﬁciebamque
2019 2350 2153 2401 eos;

565 2441 694 2481 nam
719 2434 773 2482 et
821 2428 1031 2482 leonem
1066 2435 1120 2483 et
1146 2443 1334 2482 ursum
1381 2425 1630 2483 interfeci
1678 2441 1775 2496 ego
1804 2442 1994 2481 servus
2027 2434 2158 2482 tuus

570 2514 622 2584 (1
675 2515 798 2586 Reg.
856 2531 1000 2583 xvu,
1030 2514 1238 2587 34-36).
1271 2539 1289 2562 ι
1331 2514 1510 2572 David
1538 2512 1818 2571 Christum
1851 2514 2153 2587 signiﬁcat;

566 2618 664 2674 per
712 2604 929 2661 leonem
987 2612 1172 2660 autem
1196 2611 1251 2659 et
1280 2620 1469 2660 ursum
1503 2613 1872 2677 persecutores
1900 2602 2158 2661 Ecclesiae

568 2692 927 2766 designantur
975 2712 987 2751 :
1040 2711 1134 2767 per
1187 2694 1400 2750 leonem
1458 2693 1816 2766 imperatores
1869 2703 1923 2750 et
1977 2692 2159 2749 caateri

566 2781 849 2855 principes
892 2792 1050 2841 terrae
1084 2800 1097 2840 :
1149 2799 1245 2856 per
1270 2800 1459 2840 ursum
1489 2782 1666 2839 Judaei
1711 2781 1979 2855 designati
2009 2789 2158 2850 sunt,

569 2872 668 2945 qui
720 2873 1021 2930 Ecclesiam
1080 2874 1179 2929 Dei
1235 2872 1508 2946 persecuti
1545 2881 1675 2929 sunt
1714 2889 1726 2928 :
1787 2889 1884 2944 per
1936 2872 2160 2928 arietem

569 2980 702 3021 vero
730 2972 996 3036 martyres
1034 2963 1414 3034 designantur.
1467 2963 1577 3019 Leo
1606 2963 1776 3034 igitur
1802 2971 1856 3018 et
1884 2979 2044 3020 ursus
2072 2978 2164 3017 ve-

568 3051 675 3119 nit,
728 3059 891 3125 atque
938 3052 1163 3107 arietem
1220 3051 1289 3106 de
1329 3050 1509 3107 medio
1534 3050 1711 3121 gregis
1739 3049 2001 3117 abstulit;
2035 3050 2165 3122 quia

567 3147 943 3213 persecutores
992 3138 1253 3211 quosdam
1310 3138 1377 3194 de
1399 3138 1644 3194 Ecclesia
1672 3138 1859 3194 fideles
1893 3139 2158 3208 tulerunt,

2272 631 2691 703 limpidissimos
2724 631 2935 704 lapides
2981 631 3049 688 de
3095 639 3360 702 torrente,
3420 643 3473 691 et
3503 634 3664 690 misit
3696 650 3801 689 eos
3830 633 3888 689 in

2269 737 2453 793 peram
2478 764 2494 790 ,
2550 737 2717 793 quam
2767 720 3003 778 habebat
3049 737 3271 791 secum,
3325 732 3380 780 et
3424 723 3661 781 fundam
3715 740 3889 779 manu

2267 809 2418 877 tulit,
2454 817 2508 865 et
2545 808 2815 881 processit
2850 816 3042 865 contra
3078 810 3440 867 Pbilistmum.
3474 813 3578 869 Per
3609 811 3885 869 baculum

2267 916 2376 972 quo
2424 899 2594 956 homo
2640 908 2998 969 sustentatur,
3047 901 3280 974 apostoli
3341 902 3734 976 designantur,
3792 902 3885 976 qui

2268 987 2552 1044 Christum
2613 989 2770 1061 quasi
2815 990 3217 1056 sustinuerunt,
3274 1009 3401 1051 cum
3458 1011 3597 1066 opus
3648 1003 3890 1067 propter

2268 1077 2414 1151 quod
2448 1077 2506 1133 in
2537 1079 2809 1135 mundum
2838 1083 3533 1155 venerat,compleverunt,
3565 1086 3722 1143 sicut
3744 1087 3888 1142 dicit

2267 1167 2547 1237 apostolus
2602 1166 2804 1224 Paulus
2856 1186 2868 1223 :
2934 1192 2954 1216 ι
3004 1169 3105 1225 Dei
3155 1173 3301 1226 enim
3349 1172 3629 1244 adjutores
3684 1191 3888 1230 sumus

2270 1255 2317 1325 (Ι
2350 1255 2473 1310 Cor.
2508 1272 2590 1324 nr,
2623 1255 2708 1327 9).
2745 1281 2764 1304 ›
2806 1256 2908 1312 Per
2936 1273 3122 1329 peram
3171 1268 3352 1316 autem
3401 1260 3519 1333 ejus
3548 1261 3890 1319 humanitas

2267 1342 2583 1414 designatur
2616 1361 2627 1399 :
2672 1360 2769 1415 per
2797 1345 3041 1418 quinque
3073 1346 3282 1419 lapides
3302 1349 3545 1423 quinque
3568 1351 3705 1407 libri
3727 1352 3889 1424 Moy-

2267 1434 2334 1502 si,
2388 1451 2525 1507 quos
2571 1434 2629 1490 in
2672 1452 2857 1508 peram
2899 1438 3086 1505 misit;
3125 1441 3255 1512 quia
3301 1443 3586 1498 scientiam
3619 1445 3890 1518 quinque

2268 1521 2535 1579 librorum
2554 1523 2792 1595 homini,
2828 1542 2989 1598 quem
3017 1531 3566 1602 assumpserat,dedit
3591 1550 3604 1588 :
3628 1549 3737 1605 per
3757 1534 3890 1589 fun-

2266 1611 2392 1667 dam
2443 1621 2623 1670 autem
2674 1614 2793 1686 ejus
2842 1617 3086 1688 linguam
3117 1620 3362 1692 accipere
3393 1637 3713 1694 possumus.
3751 1622 3888 1677 Pro-

2268 1697 2444 1755 cessio
2469 1716 2599 1756 vero
2630 1701 2808 1757 David
2839 1711 3031 1760 contra
3063 1705 3409 1764 Philistaeum
3440 1708 3655 1764 duobus
3690 1709 3889 1764 modis

2267 1790 2569 1845 secundum
2625 1791 2943 1864 allegoriam
3006 1792 3243 1868 intelligi
3310 1804 3533 1869 potest;
3600 1799 3891 1870 processit

2268 1893 2501 1952 namque
2532 1879 2785 1936 Salvator
2808 1891 2995 1939 noster
3025 1894 3218 1942 contra
3246 1886 3609 1956 Philistzeum,
3643 1888 3891 1960 quando

2269 1966 2468 2023 ductus
2496 1975 2578 2023 est
2611 1968 2669 2023 in
2693 1968 2969 2027 desertum
3000 1988 3031 2028 a
3059 1973 3268 2046 Spiritu
3297 1984 3505 2044 sancto,
3537 1983 3599 2031 ut
3632 1984 3890 2033 tentare-

2267 2064 2358 2113 tur
2385 2074 2418 2112 a
2445 2057 2688 2129 diabolo,
2724 2061 3079 2135 vinceretque
3121 2064 3428 2122 diabolum.
3484 2067 3751 2140 Quinque
3807 2070 3890 2125 la-

2271 2146 2425 2218 pides
2468 2149 2647 2204 David
2694 2149 2753 2205 in
2801 2167 2988 2223 peram
3040 2154 3213 2224 misit,
3255 2156 3349 2212 sed
3392 2174 3463 2213 ex
3505 2173 3617 2213 uno
3646 2159 3891 2215 Goliam

2269 2237 2567 2306 prostravit
2595 2254 2608 2303 ;
2644 2238 2773 2309 quia
2803 2241 3055 2298 Salvator
3083 2247 3587 2303 noster’scientiam
3618 2249 3892 2321 quinque

2269 2325 2537 2381 librorum
2570 2330 2858 2400 aequaliter
2879 2334 3139 2403 possedit,
3163 2337 3255 2391 sed
3278 2353 3345 2391 ex
3376 2354 3510 2406 uno,
3544 2337 3598 2394 id
3622 2346 3712 2393 est
3732 2341 3894 2395 Deu-

2267 2415 2598 2483 teronomio,
2646 2416 2794 2472 trina
2842 2422 3157 2477 testimonia
3209 2428 3528 2498 assumpsit,
3560 2442 3630 2481 ex
3663 2428 3897 2499 quibus

2265 2508 2375 2556 tres
2404 2502 2739 2559 tentationes
2761 2504 2967 2562 diaboli
2982 2508 3209 2566 devicit.
3229 2513 3300 2567 Et
3315 2514 3460 2569 sicut
3482 2515 3662 2571 David
3692 2516 3895 2572 funda

2269 2591 2503 2664 lapidem
2535 2592 2691 2665 jecit,
2723 2605 2778 2652 et
2799 2597 3014 2654 Goliam
3048 2600 3364 2670 interfecit;
3398 2604 3474 2658 ita
3505 2611 3559 2658 et
3587 2607 3895 2661 Dominus

2268 2688 2455 2737 noster
2480 2682 2635 2738 Jesus
2681 2682 2931 2742 Christus
2962 2687 3149 2760 lingua
3191 2699 3392 2746 sancta;
3441 2691 3758 2764 Scriptura:
3790 2703 3895 2750 te-

2269 2770 2529 2828 stimonia
2558 2774 2810 2843 protulit,
2841 2784 2896 2831 et
2924 2776 3208 2833 diabolum
3239 2780 3540 2853 superavit.

2340 2861 2553 2918 Aliter:
2588 2863 2831 2934 perrexit
2857 2866 3034 2922 David
3065 2868 3134 2924 ad
3180 2884 3416 2940 pugnam
3447 2876 3639 2925 contra
3677 2870 3892 2927 Phili-

2271 2957 2462 3005 stzeum
2499 2967 2511 3005 :
2549 2951 2808 3006 similiter
2823 2961 2877 3008 et
2896 2952 3167 3023 Christus,
3195 2965 3255 3012 ut
3287 2957 3571 3013 diabolum
3592 2958 3887 3029 vinceret,

2273 3038 2340 3094 ad
2371 3038 2678 3111 passionem
2697 3044 3029 3113 properavit.
3054 3045 3233 3101 David
3265 3046 3445 3119 lapide
3473 3046 3690 3102 Goliam
3726 3047 3887 3119 deje-

2272 3128 2370 3197 cit,
2411 3129 2671 3184 similiter
2697 3138 2750 3185 et
2782 3131 3035 3190 Christus
3063 3135 3346 3191 diabolum
3373 3144 3550 3191 morte
3571 3152 3669 3191 sua
3700 3153 3888 3207 pere-

567 3236 731 3300 atque
759 3244 858 3299 pro
880 3226 1084 3285 Christi
1106 3226 1332 3282 nomine
1353 3225 1769 3283 interfecerunt.
1801 3227 1873 3283 Et
1892 3227 2035 3284 sicut
2061 3230 2162 3283 Da-
2194 3259 2237 3319 α
2433 3220 2681 3319 Cumque
2721 3223 2962 3319 gladium
2994 3240 3104 3319 non
3136 3225 3362 3282 haberet
3382 3226 3437 3282 in
3471 3243 3638 3282 manu
3659 3228 3882 3296 David,

567 3316 665 3376 vid
708 3317 923 3372 leonem
978 3324 1033 3372 et
1086 3331 1275 3371 ursum
1332 3315 1612 3372 insecutus
1674 3317 1965 3388 percussit,
1997 3325 2159 3390 atque

566 3405 793 3462 arietem
840 3405 908 3462 de
950 3420 1043 3461 ore
1100 3420 1292 3461 eorum
1340 3403 1522 3460 eruit:
1560 3403 1817 3460 similiter
1849 3414 1903 3461 et
1934 3407 2161 3465 Redem-

567 3502 693 3566 ptor
739 3503 924 3550 noster
979 3492 1244 3568 quosdam
1275 3510 1346 3549 ex
1374 3493 1816 3564 persecutoribus
1844 3503 2162 3566 persecutus

568 3590 670 3651 est,
721 3584 943 3656 quando
989 3583 1068 3639 eis
1096 3599 1309 3656 poenam
1341 3599 1504 3657 quam
1537 3583 1908 3653 merebantur,
1938 3585 1996 3640 in
2027 3601 2161 3656 prai-

568 3673 711 3730 senti
765 3674 966 3730 saeculo
1017 3675 1303 3747 irrogavit,
1359 3676 1503 3731 sicut
1546 3674 1727 3748 primo
1761 3682 1905 3739 530
1934 3675 2159 3745 Herodi,

568 3776 625 3826 et
659 3769 859 3827 iterum
899 3771 1161 3841 secundo,
1218 3780 1273 3828 et
1322 3773 1507 3841 tertio,
1556 3781 1612 3830 et
1644 3773 1835 3829 multis
1860 3773 2004 3830 aliis.
2036 3774 2159 3829 Per-

568 3856 740 3912 cussit
767 3857 988 3931 quippe.
1029 3860 1248 3932 quando
1277 3876 1369 3917 eos
1391 3867 1594 3917 aeterna
1632 3870 1808 3917 morte
1835 3860 2154 3917 damnavit:

568 3944 793 4001 arietem
822 3946 888 4002 de
918 3964 1011 4004 ore
1037 3964 1225 4005 eorum
1255 3949 1419 4017 eruit,
1453 3950 1582 4023 quia
1614 3950 1875 4022 populum
1903 3948 2158 4004 fidelium

570 4034 638 4090 ab
667 4051 856 4091 eorum
899 4036 1227 4093 laceratione
1257 4037 1532 4094 liberavit.
1567 4039 1637 4093 Et
1676 4039 1872 4093 iterum
1905 4036 1990 4092 illi
2018 4052 2161 4092 con—

567 4122 863 4193 surgebant
890 4123 1181 4180 adversum
1206 4124 1406 4194 David,
1445 4126 1573 4198 quia
1607 4125 1944 4197 temporibus
1970 4141 2160 4197 perse-

568 4217 826 4266 cutorum
856 4227 982 4267 cum
1026 4212 1119 4267 alii
1150 4213 1501 4284 punirentur,
1533 4215 1626 4269 alii
1659 4221 1848 4270 contra
1877 4213 2159 4270 Christum

568 4297 942 4370 insurgebant,
976 4308 1038 4356 ut
1086 4301 1206 4373 ejus
1237 4318 1435 4357 nomen
1462 4312 1625 4374 atque
1677 4304 1948 4359 culturam
1976 4302 2159 4358 fundi-

566 4393 655 4442 tus
682 4388 1227 4461 exstinguerentSed
1252 4391 1432 4447 David
1452 4390 1893 4463 apprehendebat
1913 4398 2157 4447 mentum

566 4491 781 4545 eorum,
840 4486 893 4534 et
939 4479 1259 4548 suffocabat,
1311 4479 1779 4552 interticiebatque
1823 4496 1915 4536 eos
1953 4482 2009 4536 (Ι
2033 4483 2154 4552 Περ,

564 4583 706 4635 xvn,
755 4568 870 4639 35).
927 4569 1028 4624 Per
1084 4577 1356 4638 mentum,
1421 4571 1566 4644 quod
1596 4570 1678 4625 ori
1709 4578 1790 4626 est
1818 4570 2155 4642 proximum,

562 4653 915 4728 blasphemiae
942 4658 1255 4715 Judaeorum
1286 4666 1455 4731 atque
1503 4675 1837 4730 paganorum
1867 4658 2152 4731 designan-

561 4754 672 4801 tur.
713 4744 966 4803 Christus
1023 4754 1269 4804 mentum
1319 4757 1725 4820 persecutorum
1770 4748 2150 4821 apprehendit,

561 4844 616 4891 et
659 4836 967 4905 suﬂ‘ocavit,
1017 4837 1401 4910 interfecitque
1448 4854 1578 4905 eos;
1614 4838 1833 4909 quando
1862 4838 2151 4911 imperato-

560 4922 715 4980 ribus
743 4925 802 4980 in
832 4926 1111 4984 Christum
1144 4926 1515 4992 credentibus,
1538 4927 1718 4983 omnis
1742 4928 1962 4984 cultura
1989 4936 2041 4984 et
2072 4946 2150 4985 er-

560 5028 653 5068 ror
684 5013 972 5084 gentilium
1004 5013 1082 5071 ita
1109 5014 1411 5071 suffocatus
1436 5020 1536 5078 est,
1580 5022 1642 5070 ut
1672 5016 1861 5072 nullus
1889 5033 2153 5089 persecu-

557 5109 741 5157 torum
770 5101 995 5157 auderet
1023 5117 1084 5158 os
1110 5102 1179 5157 ad
1207 5102 1700 5174 blasphemandum
1723 5104 2004 5162 Christum
2026 5122 2150 5177 ape-

557 5193 686 5261 rire;
733 5207 1031 5265 omnesque
1056 5192 1317 5249 exstincti
1340 5201 1488 5262 sunt,
1519 5193 1869 5251 credentibus
1901 5194 1962 5250 in
1991 5195 2147 5252 Chri-

555 5289 701 5339 stum
733 5281 987 5355 gentibus
1021 5280 1165 5353 (73).

626 5371 777 5428 Idem
833 5380 1015 5428 autem
1045 5367 1225 5426 David
1248 5385 1375 5426 cum
1400 5368 1468 5425 ad
1504 5369 1711 5427 bellum
1738 5378 1930 5428 contra
1975 5369 2146 5426 Phili-

555 5466 747 5516 staeum
776 5459 903 5527 iret,
934 5459 1192 5516 baculum
1224 5474 1386 5515 suum
1416 5458 1546 5514 tulit
1573 5475 1780 5530 secum,
1817 5476 1977 5533 quem
2007 5475 2144 5515 sem-

625 5567 742 5639 (73)
777 5569 1062 5638 Omnesque
1088 5565 1331 5622 exstincti
1374 5571 1514 5639 sunt,
1547 5568 1872 5624 credentibus
1902 5569 1958 5623 in
1989 5568 2143 5626 Chri-

550 5636 689 5692 stum
721 5636 989 5703 suum;
1002 5656 1072 5694 ex
1097 5654 1226 5694 mss.
1260 5636 1592 5693 restituitur.

626 5656 752 5790 (7113
772 5709 976 5790 0_m_nes
1001 5708 1177 5790 edit.,
1224 5708 1539 5777 Philistlum',
1579 5727 1592 5764 ε

626 5708 976 5784 (71s)0_mnes
1017 5708 1177 5778 edit.,
1224 5708 1539 5777 Philistlum',
1579 5714 1628 5764 et
1653 5717 1811 5784 caput
1838 5712 1988 5771 illius
2016 5731 2144 5772 am-

545 5781 773 5852 putavit.
804 5781 910 5837 Iste
938 5786 1031 5847 est,
1063 5786 1169 5837 etc.

2273 3310 2404 3364 tulit
2444 3309 2683 3381 gladium
2741 3311 3045 3381 Philistaai,
3092 3322 3144 3369 et
3190 3315 3464 3372 interfecit
3507 3332 3633 3371 eum
3681 3317 3881 3387 gladio

2268 3418 2368 3457 suo
2418 3401 2557 3473 (74),
2590 3402 2948 3474 praeciditque
2990 3411 3151 3475 caput
3198 3404 3337 3475 ejus.
3385 3405 3616 3461 Gladius
3653 3405 3877 3462 diaboli

2270 3508 2417 3547 mors
2462 3499 2544 3547 est
2574 3507 2587 3548 :
2651 3492 2909 3549 «Invidia
2937 3494 3080 3548 enim
3120 3494 3326 3551 diaboli
3359 3513 3506 3551 mors
3540 3496 3782 3554 intravit
3813 3499 3875 3555 in

2269 3585 2456 3642 orbem
2515 3593 2780 3641 terrarum
2839 3586 2991 3656 (Sap.
3032 3603 3095 3652 II,
3144 3588 3253 3659 24).
3306 3614 3324 3637 ι
3380 3591 3485 3646 Iste
3514 3599 3597 3646 est
3622 3590 3873 3662 gladius,

2270 3684 2378 3740 quo
2408 3667 2647 3740 primum
2678 3669 2983 3739 hominem,
3017 3676 3215 3733 deinde
3240 3695 3409 3750 genus
3438 3678 3747 3734 humanum
3785 3697 3875 3735 us-

2270 3774 2374 3831 que
2421 3758 2554 3814 dum
2600 3775 2632 3813 a
2684 3760 2912 3819 Christo
2943 3764 3325 3837 redimeretur,
3357 3769 3657 3825 interfecit.
3704 3770 3876 3826 Hunc

2269 3848 2511 3919 gladium
2563 3849 2937 3921 incurrimus,
2991 3872 3114 3911 cum
3165 3872 3453 3927 peccamus
3510 3874 3522 3911 :
3581 3858 3679 3913 sed
3712 3856 3873 3916 hunc

2270 3938 2509 4011 gladium
2543 3938 2801 3996 Christus
2830 3952 2940 3993 non
2976 3939 3239 4007 habebat;
3274 3944 3402 4015 quia
3430 3954 3719 4018 peccatum
3751 3966 3869 4006 non

2267 4028 2489 4100 fecerat,
2529 4047 2631 4088 nec
2677 4030 2937 4088 inventus
2984 4032 3161 4089 fuerat
3199 4034 3360 4091 dolus
3408 4036 3465 4091 in
3512 4052 3607 4091 ore
3636 4034 3762 4108 ejus
3815 4040 3873 4109 (I

2268 4122 2412 4177 Petr.
2436 4139 2497 4191 ri,
2522 4122 2636 4195 22).
2665 4122 2931 4195 Originali
2959 4141 3177 4198 quoque
3207 4134 3427 4198 peccato
3449 4127 3732 4184 obnoxius
3750 4144 3869 4185 non

2267 4219 2421 4278 erat;
2453 4212 2582 4284 quia
2629 4227 2699 4267 ex
2726 4212 3027 4270 concubitu
3056 4215 3186 4284 viri,
3217 4217 3312 4290 qui
3340 4215 3459 4272 sine
3491 4225 3715 4289 peccato
3745 4234 3869 4274 esse

2268 4314 2381 4354 non
2411 4307 2610 4372 potest,
2643 4309 2797 4357 ortus
2838 4319 2949 4359 non
2996 4304 3192 4360 fuerat.
3223 4304 3478 4362 Christus
3520 4305 3712 4377 itaque
3738 4309 3864 4379 (75)

2268 4389 2363 4461 qui
2393 4399 2626 4446 mortem
2655 4408 2725 4448 ex
2751 4392 2937 4449 debito
2983 4409 3094 4449 non
3124 4393 3378 4463 habebat,
3425 4410 3457 4449 a
3498 4394 3725 4451 diabolo
3765 4398 3864 4469 qui

2267 4486 2459 4534 auctor
2487 4480 2604 4552 ejus
2635 4488 2771 4549 erat,
2790 4490 3021 4538 mortem
3046 4482 3341 4551 mutuavit,
3361 4490 3416 4538 et
3440 4498 3536 4555 per
3554 4500 3675 4540 eam
3706 4501 3863 4541 eum-

2267 4564 2390 4622 dem
2438 4569 2742 4642 principem
2790 4570 2983 4627 mortis
3012 4570 3305 4627 interfecit.
3340 4571 3441 4627 Per
3467 4580 3632 4644 caput
3671 4582 3860 4630 autem

2261 4656 2528 4714 Philistaai
2558 4675 2728 4731 genus
2759 4660 3066 4717 humanum
3112 4661 3172 4715 in
3223 4660 3330 4717 hoc
3360 4662 3480 4718 loco
3509 4661 3857 4734 designatur.

2260 4745 2517 4803 Praecidit
2570 4750 2749 4806 David
2813 4758 2977 4822 caput
3050 4749 3353 4819 Philistaai,
3413 4751 3541 4823 quia
3598 4752 3861 4811 Christus

2261 4851 2293 4891 a
2314 4852 2540 4909 corpore
2565 4838 2772 4896 diaboli
2799 4842 3099 4896 electorum
3117 4839 3529 4896 multitudinem
3551 4846 3856 4913 separavit.

2259 4926 2471 4984 Detulit
2501 4928 2641 4985 illud
2672 4930 2730 4985 in
2760 4929 3081 4997 Jerusalem,
3114 4928 3244 5001 quia
3272 4929 3695 4987 multitudinem
3748 4935 3857 4990 ele-

2257 5023 2472 5073 ctorum
2492 5018 2553 5074 in
2582 5019 2790 5076 coalesti
2814 5018 3178 5088 beatitudine,
3210 5035 3331 5092 quae
3358 5019 3660 5077 Jerusalem
3695 5039 3855 5081 voca-

2256 5110 2366 5172 tur,
2399 5108 2712 5164 collocavit.

2328 5196 2407 5250 De
2435 5196 2559 5251 Elia
2580 5214 2711 5253 vero
2728 5199 3014 5267 etElisaao,
3039 5199 3292 5272 quamvis
3311 5214 3501 5255 eorum
3523 5199 3670 5257 facta
3692 5202 3855 5273 plena

2257 5281 2370 5339 sint
2397 5284 2747 5356 spiritalibus
2803 5288 3076 5356 sensibus,
3105 5303 3166 5343 ea
3196 5288 3577 5344 tantummodo
3609 5292 3852 5361 profera-

2255 5389 2400 5443 mus,
2431 5391 2551 5447 quae
2609 5392 2641 5431 a
2689 5377 2928 5432 Domino
2975 5376 3033 5432 in
3079 5378 3382 5450 Evangelia
3420 5390 3853 5438 commemorata

2255 5474 2402 5522 sunt.
2436 5465 2571 5521 Nam
2600 5483 2726 5522 cum
2762 5468 3000 5523 venisset
3028 5468 3387 5525 Dominusin
3424 5470 3717 5540 Nazareth,
3752 5473 3849 5528 di-

2327 5572 2441 5644 (75)
2481 5575 2563 5630 Ita
2589 5589 2782 5630 omnes
2812 5553 2965 5641 mss;
3013 5590 3205 5631 omnes
3234 5591 3367 5631 vero
3394 5576 3552 5645 edit.,
3584 5578 3850 5635 obnoxius

2252 5651 2389 5713 erat,
2419 5645 2547 5773 ratio
2574 5645 2631 5701 in
2653 5653 2863 5717 peccato
2892 5652 3041 5704 ortus
3069 5663 3177 5702 non
3217 5645 3416 5718 fuerat.
3457 5648 3705 5707 Christus
3733 5651 3850 5707 ita-

2252 5732 2369 5773 aue.
2394 5732 2423 5772 e
2484 5758 2497 5771 .

2250 5732 2369 5787 que,
2394 5732 2497 5773 etc.
