3970 6362
219 414 331 471 917

1130 414 1588 472 BEBENGAUDI
1628 413 2002 471 EXPOSITIO
2042 415 2114 472 IN
2149 414 2651 473 APOCALYPSIN.

3428 418 3538 476 918

218 546 431 594 xerunt
458 536 509 593 ei
546 538 802 595 concives
830 536 948 610 ejus
985 554 998 593 :
1047 561 1067 585 ι
1087 538 1300 606 Quanta
1339 537 1655 594 audivimus
1685 538 1827 594 facta
1854 541 1906 600 Α
1933 538 2028 611 qui
2059 545 2113 593 et
2141 538 2392 610 angustia
2429 539 2585 611 panis
2627 546 2923 608 vocantur;
2955 540 3086 613 quia
3111 542 3298 597 nullus
3327 541 3538 614 praedi-

221 627 285 683 in
319 627 727 699 Capharnaum,
772 628 857 684 fac
901 636 956 684 et
1001 627 1094 684 hic
1143 627 1201 683 in
1240 628 1416 701 patria
1444 636 1538 684 tua
1568 629 1720 700 (Luc.
1752 646 1831 697 1v,

220 715 346 788 23).
382 739 400 763 ι
442 717 706 789 Dixitque
738 717 818 773 eis
849 734 861 773 :
910 741 927 765 ι
968 717 1144 773 Amen
1178 717 1303 774 dico
1333 717 1509 784 vobis,
1538 717 1667 789 quia
1692 717 1831 772 mul-

220 814 298 863 tas
336 806 521 862 viduas
576 815 734 863 erant
776 808 835 863 in
888 806 1085 864 diebus
1113 807 1250 863 Elize
1281 809 1339 863 in
1369 808 1557 873 Israel,
1613 808 1831 879 quando

219 898 478 953 clausum
535 904 616 952 est
660 898 882 964 coelum,
936 904 989 952 et
1031 896 1101 952 ad
1139 897 1349 951 nullam
1379 896 1601 951 illarum
1633 896 1831 951 missus
1865 968 1870 973 .

221 994 313 1041 est
341 985 512 1053 Elias,
553 985 659 1041 nisi
713 985 769 1040 in
827 985 1106 1057 Sareptam
1150 985 1390 1040 Sidonias
1437 984 1506 1039 ad
1541 985 1827 1040 mulierem

220 1072 474 1129 viduam.
522 1074 595 1129 Et
640 1074 803 1129 multi
857 1073 1057 1145 leprosi
1103 1081 1260 1128 erant
1301 1074 1359 1128 in
1405 1074 1602 1129 diebus
1642 1072 1828 1128 Elissaei

221 1163 288 1218 in
319 1164 501 1229 Israél,
522 1170 575 1217 et
604 1178 765 1217 nemo
795 1178 985 1218 eorum
1017 1164 1317 1218 mundatus
1341 1171 1442 1225 est,
1462 1163 1567 1218 nisi
1586 1163 1827 1218 Naaman

218 1253 399 1324 Syrus
430 1252 591 1323 (Ibid.
625 1252 833 1326 25-27).
882 1277 901 1301 ι
968 1253 1029 1307 In
1084 1253 1289 1322 Regum
1353 1252 1635 1307 volumine
1682 1251 1831 1308 scri-

220 1349 382 1413 ptum
440 1350 523 1398 est
568 1342 717 1416 quia,
779 1358 905 1398 cum
961 1343 1215 1414 ccepisset
1267 1341 1459 1398 Achab
1512 1358 1611 1397 rex
1664 1343 1829 1397 Israel

220 1432 407 1488 Eliam
455 1432 727 1504 persequi,
783 1431 1134 1504 prmcipiente
1163 1431 1424 1499 Domino,
1468 1430 1605 1486 abiit
1638 1432 1693 1487 in
1725 1430 1830 1486 de-

218 1531 453 1590 sertum,
506 1531 560 1577 et
614 1522 756 1578 sedit
803 1520 961 1593 juxta
1021 1530 1315 1576 torrentem
1374 1520 1621 1578 Charib:
1674 1523 1830 1579 corvi

217 1626 444 1683 quoque
503 1609 822 1667 deferebant
879 1608 929 1663 ei
985 1625 1150 1681 panes
1204 1618 1259 1666 ct
1313 1625 1506 1664 carnes
1551 1625 1728 1675 mane,
1774 1617 1832 1667 et

218 1715 392 1772 panes
442 1707 497 1756 et
544 1716 735 1755 carnes
798 1715 1041 1770 vespere,
1103 1706 1157 1754 et
1207 1698 1428 1753 bibebat
1465 1698 1532 1754 de
1582 1705 1827 1755 torrente

219 1789 347 1862 (ΙΙΙ
379 1792 501 1861 Reg.
536 1807 675 1856 xvu,
711 1790 848 1861 3-6).
884 1790 1036 1844 Elias
1067 1789 1346 1847 Christum
1394 1789 1697 1861 ﬁgurabat:
1731 1806 1827 1862 per

1939 637 2091 685 cator
2122 645 2363 702 unquam
2392 628 2461 684 ad
2494 645 2586 684 eos
2632 638 2948 698 accesserat,
3000 630 3095 703 qui
3125 631 3386 702 pabulum
3415 647 3535 687 ver-
3554 640 3571 647 '

1939 716 1994 773 bi
2024 716 2123 775 Dei
2153 718 2231 773 eis
2275 717 2599 790 impertiret.
2656 718 2902 792 Cumque
2940 721 3178 777 venisset
3224 719 3291 776 ad
3321 730 3532 792 portam

1938 807 2204 876 civitatis,
2249 808 2500 880 apparuit
2531 808 2580 864 ei
2612 809 2812 865 mulier
2840 808 3030 877 vidua,
3071 809 3336 881 colligens
3364 810 3531 881 ligna.

1934 895 2200 952 Eamdem
2257 896 2712 968 signiﬁcationem
2775 897 2938 953 habet
3003 896 3205 953 mulier
3263 914 3426 969 quam
3481 905 3536 954 et

1937 986 2171 1053 civitas;
2205 985 2477 1058 signiﬁcat
2505 986 2653 1041 enim
2685 986 2985 1043 Ecclesiam
3018 1004 3087 1042 ex
3117 987 3371 1059 gentibus
3399 1004 3534 1044 con-

1937 1082 2209 1147 gregatam
2238 1092 2249 1129 :
2276 1074 2445 1130 vidua
2470 1090 2600 1130 vero
2629 1083 2767 1144 erat,
2790 1076 2919 1148 quia
2938 1078 3108 1132 Deum
3132 1076 3313 1132 virum
3344 1093 3531 1144 suum,

1937 1163 2174 1235 peccatis
2220 1164 2335 1219 suis
2381 1163 2748 1236 exigentibus,
2804 1165 3134 1236 perdiderat.
3191 1166 3264 1221 Et
3312 1167 3534 1227 vocavit

1939 1269 2079 1322 eam,
2121 1254 2375 1326 dixitque
2403 1253 2454 1309 ei
2488 1271 2499 1309 :
2562 1279 2581 1301 ε
2607 1254 2757 1311 Aﬁ‘er
2792 1255 2930 1311 mihi
2973 1255 3259 1327 paululum
3288 1271 3440 1328 aquae
3472 1255 3533 1311 in

1940 1357 2087 1411 vase,
2118 1350 2181 1397 ut
2208 1343 2392 1399 bibam
2425 1343 2545 1414 (III
2569 1344 2691 1415 Reg.
2726 1360 2865 1413 xvu,
2901 1344 3012 1416 10).
3045 1368 3063 1393 ι
3106 1344 3319 1402 Minora
3348 1344 3530 1416 petiit,

1938 1440 2000 1488 ut
2037 1432 2106 1487 ad
2155 1432 2363 1505 majora
2409 1432 2761 1504 perveniret;
2817 1449 3105 1506 possumus
3152 1450 3387 1507 namque
3434 1450 3532 1506 per

1939 1522 2222 1593 paululum
2270 1539 2444 1595 aquae,
2499 1521 2644 1594 quod
2677 1522 2923 1579 animum
2953 1522 3191 1580 sitientis
3220 1523 3525 1595 refrigerat,

1936 1616 2276 1672 voluntatem
2327 1615 2671 1672 audientium
2718 1616 3042 1689 intelligere,
3093 1617 3223 1690 quia
3267 1617 3413 1673 sicut
3458 1617 3528 1673 si-

1935 1705 2124 1760 tientis
2154 1705 2397 1776 linguam
2427 1721 2564 1778 aqua
2593 1704 2897 1776 refrigerat,
2929 1706 3004 1761 ita
3032 1715 3087 1762 et
3106 1705 3525 1779 praedicatorum

1934 1803 2142 1851 mentes
2174 1802 2460 1868 promptus
2492 1794 2709 1850 animus
2754 1794 3091 1851 auditorum.
3142 1794 3388 1867 Cumque
3430 1795 3527 1851 illa

212 1886 520 1970 torrentem
579 1888 760 1970 autem
835 1878 1041 1937 Charib
1105 1880 1277 1970 legem
1324 1878 1606 1970 debemus
1664 1881 1821 1938 intel-
1853 1908 1901 1970 Β
1932 1894 2177 1957 pergeret
2225 1893 2288 1941 ut
2335 1885 2569 1952 afferret,
2624 1884 2885 1941 clamavit
2941 1892 3062 1955 post
3116 1891 3326 1955 tergum
3382 1882 3521 1955 ejus,

212 1968 406 2039 ligere.
442 1967 647 2025 Charib
669 1969 1059 2041 interpretatur
1087 1968 1457 2037 mendacium,
1510 1985 1620 2025 non
1667 1972 1815 2042 quod

213 2057 312 2112 lex
368 2057 713 2114 mendacium
784 2059 899 2125 sit;
978 2059 1156 2114 solent
1231 2074 1467 2132 namque
1522 2060 1815 2132 prudentes

212 2162 520 2218 proponere
570 2146 918 2204 auditoribus
965 2147 1079 2203 suis
1124 2146 1429 2220 parabolas,
1481 2155 1544 2203 ut
1573 2149 1816 2221 apertius

208 2234 599 2308 intelligantur
624 2252 705 2305 ea,
756 2253 876 2309 quae
903 2236 1085 2292 dicere
1114 2237 1334 2304 volunt,
1373 2245 1427 2293 et
1453 2236 1816 2294 introducunt

208 2326 420 2383 bestias
447 2334 501 2382 et
545 2341 675 2382 aves
714 2327 1016 2399 loquentes.
1049 2326 1205 2393 Quod
1236 2326 1279 2381 si
1311 2328 1428 2383 sola
1452 2327 1620 2383 verba
1647 2344 1816 2399 para-

208 2415 471 2473 bolarum
530 2418 811 2485 attendas,
887 2416 1233 2472 mendacium
1292 2432 1407 2473 esse
1466 2417 1807 2489 prospicies:

208 2508 302 2563 sin
348 2522 480 2562 vero
527 2522 774 2574 sensum,
815 2507 1102 2562 veritatem
1136 2506 1412 2578 probabis.
1460 2506 1730 2564 Similiter
1757 2514 1811 2564 et

206 2597 460 2669 quaedam
496 2604 762 2670 praecepta
812 2598 1026 2668 legalia,
1074 2597 1120 2651 si
1156 2597 1394 2653 litteram
1426 2588 1809 2654 tantummodo

204 2686 480 2753 attendas,
535 2686 754 2742 inutilia
810 2685 913 2741 tibi
966 2685 1345 2742 videbuntur:
1405 2686 1449 2743 si
1503 2686 1806 2758 spiritalem

206 2776 863 2848 intelligentiam,veritas
892 2776 993 2833 tibi
1026 2793 1219 2849 magna
1247 2777 1306 2833 in
1337 2778 1520 2834 littera
1551 2779 1803 2851 refulget.

200 2867 467 2936 Quasdam
501 2866 670 2939 igitur
708 2875 976 2939 praecepta
1003 2868 1197 2939 legalia
1228 2868 1433 2925 Iudaeis
1458 2868 1805 2926 mendacium

201 2964 360 3025 sunt,
408 2957 537 3030 quia
575 2972 637 3011 ea
674 2956 968 3011 carnaliter
1014 2956 1373 3029 intelligunt;
1431 2957 1593 3014 nobis
1620 2967 1804 3014 autem

200 3046 432 3113 veritas,
491 3046 619 3117 quia
664 3061 726 3101 ea
793 3046 1117 3117 spiritaliter
1164 3048 1470 3121 intelligere
1526 3063 1803 3104 curamus.

200 3136 312 3192 Per
339 3151 535 3192 corvos
567 3151 699 3190 vero
727 3134 1033 3191 sacerdotes
1078 3135 1394 3193 Iudaeorum
1424 3137 1802 3208 designantur,

200 3224 482 3280 velamine
529 3224 777 3281 cordium
826 3241 1052 3283 suorum
1108 3228 1422 3285 tenebrosi:
1470 3242 1567 3299 per
1615 3242 1804 3283 carnes

193 3313 333 3386 juge
363 3314 693 3372 sacriﬁcium
725 3316 872 3389 quod
902 3333 1060 3373 mane
1098 3328 1152 3374 et
1201 3333 1423 3390 vespere
1452 3317 1799 3373 offerebatur.

200 3409 380 3463 Panes
406 3416 590 3464 autem
621 3425 787 3481 panes
814 3410 1206 3482 pr0positionis
1246 3409 1648 3476 demonstrant,
1706 3408 1803 3482 qui

200 3495 427 3552 assidue
473 3496 529 3552 in
578 3505 873 3569 conspectu
903 3498 1124 3554 Domini
1159 3498 1503 3570 ponebantur
1536 3515 1548 3553 :
1579 3496 1803 3553 bibebat

201 3600 339 3640 vero
383 3585 451 3641 de
478 3593 739 3654 torrente,
784 3586 913 3659 quia
940 3587 998 3642 in
1030 3586 1506 3643 observationibus
1538 3586 1803 3659 legalibus

200 3674 459 3733 Christus
483 3675 875 3733 delectabatur.
918 3677 1045 3733 Post
1074 3675 1191 3733 dies
1228 3684 1410 3732 autem
1440 3676 1644 3732 multos
1682 3675 1801 3732 sic-

199 3772 361 3823 catus
392 3774 473 3822 est
502 3774 753 3834 torrens;
803 3766 933 3840 quia
979 3768 1234 3823 veniente
1277 3766 1498 3824 Christo
1525 3767 1583 3821 in
1613 3782 1797 3833 carne,

200 3866 261 3914 et
294 3858 655 3931 Evangelium
687 3858 1040 3931 praedicante,
1069 3856 1380 3913 observatio
1404 3858 1596 3929 legalis
1614 3873 1801 3913 cessa-

203 3948 290 4003 vit
318 3966 331 4016 ;
372 3956 535 4022 atque
562 3948 630 4005 ab
662 3950 759 4005 illo
787 3955 1028 4022 tempore
1058 3947 1199 4004 nihil
1230 3947 1459 4020 profuit,
1491 3946 1635 4004 sicut
1663 3947 1801 4005 dicit

202 4037 475 4095 Dominus
507 4056 519 4094 :
561 4062 581 4087 ι
610 4039 725 4095 Lex
753 4047 807 4094 et
837 4038 1114 4111 propheta:
1167 4053 1339 4110 usque
1394 4036 1463 4092 ad
1512 4037 1800 4105 Joannem,

201 4138 309 4188 etc.
344 4133 557 4203 (Matth.
594 4149 675 4199 xx,
711 4131 823 4201 13).
855 4155 873 4179 ι
916 4132 986 4186 Et
1015 4131 1216 4187 iterum
1252 4129 1392 4186 dicit
1420 4129 1488 4185 ad
1515 4129 1677 4185 Israel
1709 4145 1805 4201 per

204 4219 527 4292 prophetam
563 4237 574 4274 :
615 4243 634 4268 ι
665 4222 742 4275 Ne
769 4220 1010 4276 offeratis
1037 4222 1184 4275 ultra
1211 4220 1541 4276 sacriﬁcium
1574 4218 1796 4274 frustra.

205 4310 494 4364 Incensqu
524 4307 862 4363 abominatio
908 4315 991 4364 est
1036 4309 1174 4364 mihi
1209 4326 1220 4364 :
1267 4308 1581 4364 neomenias
1601 4315 1655 4363 et
1683 4307 1801 4364 sab-

202 4398 331 4453 bata
374 4405 556 4451 vestra
601 4411 711 4450 non
757 4396 950 4463 feram,
1008 4396 1187 4469 iniqui
1232 4404 1362 4452 sunt
1408 4405 1582 4453 castus
1631 4398 1801 4453 vestri

207 4487 342 4560 (Ira.
377 4503 414 4553 ι,
451 4484 563 4551 13).
598 4508 617 4532 ι

292 4620 312 4643 ι
349 4595 420 4651 Et
447 4594 592 4651 dixit
622 4592 890 4651 Dominus
909 4593 977 4649 ad
1002 4592 1215 4649 Eliam:
1251 4592 1400 4650 Vade
1433 4594 1490 4649 in
1521 4593 1799 4665 Sareptam

203 4684 584 4753 Sidoniorum,
615 4692 666 4739 et
698 4681 947 4738 manebis
986 4682 1094 4749 ibi;
1143 4682 1377 4755 praecepi
1408 4683 1554 4738 enim
1582 4682 1660 4738 ibi
1683 4700 1798 4738 mu-

204 4774 329 4832 lieri
364 4774 545 4830 vidua:
602 4782 662 4829 ut
711 4781 894 4845 pascat
949 4781 1002 4828 te
1052 4773 1167 4844 (III
1191 4775 1313 4844 Reg.
1346 4790 1489 4839 xvn,
1513 4774 1595 4843 9).
1627 4796 1645 4821 ι
1689 4772 1794 4839 Qui

202 4881 560 4937 consurgens,
610 4863 748 4920 abiit
802 4863 860 4919 in
901 4864 1202 4935 Sareptam.
1250 4863 1400 4918 Elias
1430 4864 1487 4917 in
1515 4864 1794 4934 Sareptam

202 4952 377 5020 abiit;
423 4953 551 5026 quia
580 4953 796 5009 Iudaeos
818 4952 1053 5025 perﬁdos
1086 4952 1339 5010 Christus
1385 4951 1793 5024 derelinquens,

204 5059 301 5115 per
349 5044 621 5115 apostolos
680 5059 806 5098 suos
852 5042 1109 5098 transivit
1154 5043 1221 5097 ad
1272 5050 1457 5114 gentes
1504 5060 1515 5098 :
1575 5042 1797 5114 Sarepta

201 5148 333 5189 vera
388 5148 647 5190 succensa
707 5132 1116 5207 interpretatur,
1175 5133 1260 5187 vel
1316 5132 1567 5203 angustia
1588 5132 1790 5203 panis;

202 5222 431 5295 gentiles
482 5223 703 5295 quippe,
737 5228 875 5285 531
918 5222 1012 5296 qui
1066 5229 1220 5277 erant
1262 5222 1458 5278 civitas
1483 5220 1708 5291 diaboli,
1739 5228 1795 5278 et

202 5320 297 5393 qui
328 5336 423 5392 per
463 5321 737 5392 Sareptam
779 5320 1153 5391 designantur,
1216 5320 1338 5391 igne
1378 5319 1640 5375 vitiorum
1674 5335 1793 5376 suc-

201 5408 348 5466 censi
379 5417 552 5466 erant.
595 5411 673 5465 De
716 5410 820 5467 hoc
853 5410 973 5482 igne
1002 5409 1283 5481 Scriptura
1312 5407 1449 5465 dicit
1483 5426 1494 5464 :
1544 5433 1561 5457 ε
1592 5408 1795 5465 Omnes

201 5515 299 5555 vos
328 5498 688 5556 ascendentes
721 5499 923 5572 ignem,
977 5498 1208 5556 accincti
1257 5497 1493 5554 ﬂammis
1520 5497 1795 5554 ambulate

202 5587 259 5645 in
292 5589 499 5644 lumine
540 5589 682 5660 ignis
728 5588 919 5658 vestri,
970 5599 1025 5646 et
1054 5589 1112 5644 in
1147 5588 1382 5644 flammis
1411 5604 1546 5661 quas
1570 5604 1793 5644 succen-

200 5677 361 5736 distis
400 5676 558 5732 vobis
590 5678 724 5749 (Isa.
758 5694 810 5745 ι,
848 5679 949 5749 Il).
1000 5703 1017 5725 ι
1061 5678 1149 5734 Illi
1180 5694 1414 5751 namque
1445 5677 1680 5733 ﬂammis
1709 5692 1792 5734 ac-

199 5765 369 5825 cincti
415 5774 565 5835 sunt,
608 5765 703 5839 qui
746 5765 871 5839 igne
896 5766 1161 5826 vitiorum
1190 5768 1435 5843 undique
1460 5773 1792 5835 exuruntur,

1927 1974 2119 2031 dicens
2152 1992 2163 2029 :
2212 1998 2230 2022 ι
2260 1973 2410 2030 Aﬁ‘er
2446 1974 2586 2030 mihi
2617 1982 2671 2031 et
2715 1974 3019 2031 buccellam
3052 1973 3208 2047 panis
3250 1973 3310 2029 in
3352 1989 3522 2030 manu

1926 2073 2020 2120 tua
2050 2064 2211 2134 (Ibid.
2245 2064 2357 2135 11).
2390 2086 2409 2110 ι
2453 2062 2617 2130 Quasi
2648 2071 2770 2135 post
2796 2071 3007 2136 tergum
3036 2063 3195 2121 nobis
3221 2071 3325 2132 est,
3371 2062 3520 2136 quod

1923 2158 2240 2231 ignoramus
2266 2175 2278 2213 :
2311 2159 2464 2215 Elias
2490 2174 2617 2229 ergo
2646 2167 2769 2231 post
2797 2165 3006 2230 tergum
3042 2154 3293 2213 mulieris
3321 2156 3520 2212 clama-

1922 2249 2026 2317 vit,
2058 2249 2184 2323 quia
2216 2248 2597 2321 praedicatores
2625 2248 2799 2305 sancti
2832 2246 3087 2320 gentibus
3114 2249 3309 2315 Deum,
3351 2262 3512 2320 quem

1922 2339 2267 2412 ignorabant,
2300 2339 2774 2411 pradicaverunt;
2824 2337 2971 2393 unde
3000 2344 3055 2393 et
3086 2352 3182 2411 per
3207 2337 3511 2395 bucoellam

1922 2430 2081 2503 panis
2109 2429 2269 2487 initia
2298 2429 2426 2486 ﬁdei
2454 2445 2744 2502 possumus
2773 2429 3100 2501 intelligere.

1987 2575 2060 2630 Et
2089 2574 2218 2647 quia
2252 2574 2334 2630 illi
2381 2582 2752 2646 competenter
2791 2573 2860 2630 ad
2904 2572 3067 2629 ﬁdem
3114 2572 3367 2640 veniunt,
3416 2572 3511 2645 qui

1919 2663 2139 2720 student
2170 2664 2324 2735 prius
2354 2673 2572 2736 peccata
2601 2679 2696 2718 sua
2722 2661 2993 2730 conﬁteri,
3036 2669 3179 2717 recte
3207 2658 3503 2718 subditur:

1915 2752 2179 2825 Dixitque
2228 2753 2278 2809 ei
2322 2753 2520 2809 mulier
2553 2771 2565 2809 :
2631 2776 2650 2801 ι
2678 2751 2835 2808 Vivit
2871 2750 3141 2807 Dominus
3183 2751 3328 2806 Deus
3357 2757 3505 2819 tuus,

1915 2841 2045 2915 quia
2074 2858 2184 2897 non
2211 2842 2384 2898 habeo
2414 2857 2632 2913 panem,
2675 2840 2782 2897 nisi
2815 2848 3079 2914 quantum
3111 2847 3288 2911 potest
3317 2840 3508 2912 pugil-

1915 2930 2002 2986 lus
2034 2948 2223 3004 capere
2272 2932 2462 2988 farinae
2508 2932 2566 2986 in
2606 2930 2828 3004 hydria,
2876 2940 2931 2987 et
2964 2930 3248 3003 paululum
3292 2929 3400 2986 olei
3447 2929 3506 2985 in

1914 3021 2137 3093 lecytho
2162 3021 2447 3093 (Ibid.l2).
2470 3046 2487 3068 -
2525 3019 2801 3093 Lecythus
2821 3036 2917 3075 vas
2944 3025 3080 3087 erat,
3099 3018 3157 3073 in
3186 3034 3294 3091 quo
3323 3018 3506 3074 oleum

1913 3102 2253 3167 servabatur.
2304 3110 2600 3166 Possumus
2649 3124 2779 3165 vero
2814 3122 2908 3181 per
2937 3107 3171 3163 farinam
3215 3106 3504 3177 rationem,

1915 3220 2010 3277 per
2056 3204 2238 3259 oleum
2277 3212 2458 3259 autem
2514 3218 2679 3275 opera
2732 3200 3121 3259 misericordia
3173 3199 3498 3273 intelligere.

1913 3292 2148 3350 Gentilis
2178 3309 2306 3365 ergo
2336 3293 2573 3364 populus
2599 3306 2932 3363 cognoscens
2960 3306 3017 3347 se
3046 3288 3285 3362 graviter
3326 3303 3506 3345 erras-

1909 3397 1987 3450 se,
2022 3381 2386 3437 conﬁtebatur
2417 3380 2558 3436 nihil
2592 3380 2650 3436 in
2680 3397 2735 3436 se
2763 3379 2894 3436 boni
2925 3394 3072 3446 esse;
3123 3376 3230 3433 nisi
3260 3384 3505 3433 tantum-

1910 3470 2075 3525 modo
2120 3469 2266 3542 quod
2309 3486 2500 3542 parum
2546 3469 2798 3536 rationis,
2845 3475 2898 3523 et
2926 3481 3116 3540 parum
3149 3483 3218 3522 ex
3248 3465 3507 3539 operibus

1912 3557 2302 3615 misericordias
2357 3558 2637 3614 videretur
2688 3556 2908 3614 habere.
2972 3556 3216 3614 Gentiles
3269 3570 3505 3628 namque

1908 3666 2104 3723 parum
2143 3648 2376 3706 rationis
2404 3646 2711 3715 habebant;
2745 3647 2875 3722 quia
2902 3662 2971 3703 ex
3001 3652 3152 3718 parte
3193 3643 3505 3701 rationabi-

1909 3741 2009 3809 les,
2052 3757 2122 3797 ex
2161 3739 2407 3796 maxima
2451 3746 2632 3793 autem
2685 3745 2836 3811 parte
2876 3734 3281 3792 irrationabiles
3325 3741 3501 3790 erant.

1908 3829 2053 3897 Quid
2092 3830 2239 3885 enim
2280 3827 2734 3897 irrationabilius,
2782 3843 2945 3899 quam
2990 3824 3170 3881 dicere
3216 3823 3366 3896 ligno
3410 3830 3505 3879 aut

1909 3918 2080 3990 lapidi
2118 3936 2129 3974 :
2171 3921 2317 3975 Deus
2348 3934 2501 3973 meus
2529 3933 2586 3972 es
2617 3916 2715 3972 tu?
2753 3914 3037 3971 Habebam
3067 3921 3123 3969 et
3157 3927 3351 3985 parum
3386 3910 3505 3969 mi-

1908 4008 2253 4075 sericordiae;
2302 4008 2431 4080 quia
2475 4007 2591 4079 ipsa
2633 4013 2829 4062 natura
2868 4019 3007 4077 saepe
3037 4019 3129 4059 eos
3169 4001 3237 4059 ad
3268 4001 3374 4057 hoc
3403 4000 3503 4057 im-

1910 4097 2169 4171 pellebat,
2211 4105 2274 4152 ut
2310 4096 2525 4152 miseris
2566 4093 2942 4152 subvenirent.
2991 4092 3092 4147 Per
3121 4107 3250 4146 vasa
3285 4105 3414 4145 vero
3444 4088 3502 4145 in

1910 4187 2111 4262 quibus
2154 4186 2331 4243 farina
2372 4195 2425 4242 et
2453 4186 2636 4241 oleum
2667 4182 3070 4249 continebatur,
3119 4196 3308 4236 eorum
3338 4180 3505 4236 corda

1908 4278 2284 4350 designantur.
2326 4303 2343 4325 ι
2373 4277 2458 4332 En
2478 4275 2678 4348 colligo
2707 4274 2816 4331 duo
2847 4273 3014 4346 ligna,
3045 4279 3107 4328 ut
3137 4270 3504 4344 ingrediar,et

1909 4367 2105 4424 faciam
2156 4369 2296 4424 illud
2327 4367 2467 4423 mihi
2512 4374 2566 4423 et
2612 4365 2729 4421 ﬁlio
2781 4381 2923 4432 meo,
2972 4370 3033 4419 ut
3073 4362 3421 4418 comedamus
3448 4368 3504 4417 et

1910 4458 2213 4514 moriamur
2245 4457 2458 4529 (Ibid).
2491 4482 2509 4503 ι
2553 4455 2724 4529 Ligna
2752 4472 2871 4529 quae
2902 4454 2959 4510 in
2988 4452 3212 4509 civitate
3233 4452 3500 4524 colligun-

1908 4555 2019 4617 tur,
2050 4548 2192 4604 nihil
2224 4548 2481 4605 utilitatis
2525 4546 2747 4612 habent,
2799 4542 2995 4600 nisiut
3023 4541 3137 4616 igni
3175 4541 3499 4598 comburan-

1829 4635 1878 4695 D
1908 4643 2019 4693 tur.
2075 4639 2177 4694 Per
2224 4638 2370 4709 ligna
2417 4636 2586 4708 igitur
2630 4651 2839 4692 errores
2886 4632 3176 4704 gentilium
3228 4629 3500 4687 diabolica

1906 4727 2096 4783 fraude
2126 4728 2337 4784 inventi
2374 4726 2749 4798 designantur.
2796 4722 2993 4779 Mulier
3028 4721 3177 4792 ligna
3204 4720 3315 4777 duo
3343 4719 3498 4776 colli-

1905 4818 2081 4889 gebat,
2106 4818 2233 4891 quia
2263 4816 2484 4889 gentilis
2510 4815 2743 4887 populus
2771 4828 2840 4867 ex
2870 4810 3123 4867 doctrina
3151 4810 3498 4883 philosopho-

1904 4922 2025 4962 rum
2079 4915 2241 4979 atque
2288 4913 2567 4977 poetarum
2620 4903 2866 4960 diversos
2922 4916 3132 4956 errores
3185 4899 3495 4971 colligebat,

1904 5013 2004 5069 pro
2035 4997 2233 5068 quibus
2265 5003 2525 5067 perpetuo
2558 4992 2813 5050 incendio
2854 4990 3178 5049 traderetur.
3225 4990 3329 5048 Sed
3363 4989 3497 5063 quid

1904 5097 2003 5153 est,
2036 5086 2183 5159 quod
2212 5086 2349 5142 dicit
2377 5104 2388 5141 :
2449 5108 2468 5133 ι
2504 5086 2573 5142 Ut
2601 5084 2952 5141 comedamus
2997 5091 3051 5140 et
3090 5082 3433 5139 moriamur?
3464 5106 3483 5128 ι

1904 5178 2011 5233 Nos
2042 5174 2187 5231 enim
2223 5175 2347 5231 ideo
2377 5174 2737 5241 comedimus,
2760 5182 2822 5229 ut
2844 5174 3014 5229 vitam
3046 5173 3105 5229 in
3136 5185 3361 5245 corpore
3389 5186 3495 5226 ser-

1904 5282 2098 5321 vemus
2130 5284 2141 5320 :
2170 5263 2288 5320 haec
2318 5271 2497 5319 autem
2530 5262 2653 5318 ideo
2682 5280 2736 5319 se
2763 5262 2898 5318 dicit
2927 5261 3229 5329 comedere,
3276 5269 3337 5317 ut
3369 5276 3498 5315 mo-

1903 5357 2114 5422 riatur;
2176 5354 2305 5427 quia
2365 5353 2617 5410 doctrina
2685 5352 2974 5426 gentilium
3037 5358 3268 5407 mortem
3325 5350 3500 5423 magis

1904 5444 2071 5501 infert
2101 5460 2260 5517 quam
2291 5442 2484 5499 vitam.

1942 5586 2060 5665 bAd
2102 5603 2263 5662 quam
2313 5587 2464 5643 Elias
2505 5604 2517 5642 :
2578 5610 2597 5634 ι
2641 5583 2811 5652 Vade,
2863 5591 2916 5640 et
2962 5582 3048 5639 fac
3090 5582 3234 5640 sicut
3279 5582 3499 5653 dixisti,

1904 5685 2282 5734 verumtamen
2330 5674 2466 5732 mihi
2514 5675 2598 5732 fac
2627 5690 2694 5731 ex
2743 5673 2861 5746 ipsa
2914 5672 3152 5731 farinula
3194 5672 3497 5730 subcineri-

1903 5767 2052 5829 cium
2080 5783 2275 5842 panem
2305 5765 2619 5841 parvulum,
2661 5770 2714 5819 et
2740 5762 2876 5821 aﬁ‘er
2902 5761 2972 5821 ad
3010 5778 3131 5833 me;
3177 5761 3281 5821 tibi
3310 5770 3494 5821 autem
