3964 6426
475 418 582 476 919

1479 420 1575 476 AD
1613 418 1848 476 OPERA
1885 417 1940 474 S.
1976 415 2306 476 AMBROSII
2343 414 2721 472 APPENDIX.

3705 405 3835 464 920

477 551 532 598 et
559 543 679 600 ﬁlio
722 551 820 600 tuo
867 543 1035 602 facies
1089 553 1274 618 postea
1321 545 1488 617 (Ibid.
1521 545 1634 616 13).
1671 571 1690 593 ι
1743 544 1844 600 Per
1880 558 2074 616 panem

2189 541 2553 597 mercenarios
2592 547 2753 596 vocat
2803 539 2985 612 (Joan.
3046 555 3104 607 χ,
3155 537 3269 610 12).
3333 536 3572 593 Ειὶδωιιε
3627 533 3835 606 igitur

452 629 634 700 ﬁdes,
679 648 776 704 per
821 633 1063 690 cinerem
1101 650 1232 722 vero
1261 651 1404 706 saepe
1445 632 1768 706 paenitentia
1815 631 2078 703 designa-

478 732 594 794 tur,
641 727 786 784 sicut
813 727 950 784 dicit
976 729 1168 785 beatus
1197 729 1298 786 Iob
1327 729 1394 786 ad
1429 729 1724 786 Dominum
1761 746 1774 784 :
1819 751 1837 774 ι
1868 727 2078 783 Idcirco

455 813 596 886 .ipse
625 831 712 870 me
739 816 1106 887 reprehendo,
1155 825 1209 874 et
1237 835 1337 889 ago
1381 817 1758 890 paenitentiam
1788 815 1846 871 in
1887 815 2079 871 favilla

480 912 536 960 et
581 904 764 960 cinere
805 906 928 978 (Job
963 923 1100 975 xui,
1131 907 1210 978 6).
1254 932 1272 955 ι
1337 907 1500 962 Panis
1547 908 1718 978 igitur
1761 905 1944 961 cinere
1989 921 2076 962 co-

481 994 752 1066 operitur,
802 1011 928 1052 cum
960 995 1194 1068 quilibet
1224 995 1481 1053 inﬁdelis
1519 995 1586 1051 ad
1631 995 1794 1052 ﬁdem
1825 995 2073 1061 veniens,

480 1083 723 1154 primum
777 1083 960 1140 studet
987 1083 1184 1140 deﬂere
1227 1086 1368 1140 mala
1400 1102 1520 1158 quae
1551 1085 1715 1152 fecit;
1763 1093 1824 1141 ut
1864 1099 2078 1142 conve—

480 1171 728 1228 nientius
768 1171 838 1228 ad
885 1172 1050 1228 ﬁdem
1099 1173 1304 1231 Christi
1348 1173 1790 1246 percipiendam,
1838 1191 1957 1248 qua:
2011 1175 2069 1229 in

480 1259 812 1332 baptismate
863 1259 1047 1329 datur,
1094 1261 1335 1318 accedat.
1389 1262 1540 1318 Elias
1586 1263 1772 1335 itaque
1817 1263 2072 1334 praecepit

481 1349 702 1406 mulieri
736 1356 800 1405 ut
837 1366 907 1406 ex
938 1350 1117 1406 farina
1146 1367 1341 1423 panem
1373 1352 1592 1420 faceret,
1640 1351 1856 1423 sibique
1883 1351 2074 1407 defer-

481 1447 602 1507 ret;
635 1438 763 1512 quia
807 1438 1192 1511 praadicatores
1240 1440 1414 1496 sancti
1463 1449 1648 1512 gentes
1687 1441 2072 1509 hortabantur,

481 1535 544 1582 ut
570 1543 640 1584 ex
671 1527 902 1584 rationis
928 1528 1074 1584 bono
1104 1527 1251 1599 quod
1278 1544 1309 1584 a
1348 1529 1460 1584 Deo
1487 1539 1856 1602 perceperant,
1888 1529 2073 1585 cibum

482 1616 614 1674 ﬁdei
667 1619 784 1673 Deo
837 1627 1222 1690 praepararent,
1277 1619 1493 1692 sibique
1544 1619 1848 1688 deferrent;
1907 1619 2072 1676 ﬁdem

481 1723 720 1781 namque
755 1708 1132 1782 unusquisque
1160 1709 1229 1765 ad
1260 1708 1595 1781 baptismum
1640 1711 1889 1780 veniens,
1921 1728 2072 1784 prae-

480 1795 716 1852 dicatori
748 1795 947 1864 defert,
987 1813 1114 1853 cum
1157 1797 1226 1852 ad
1260 1797 1746 1871 interrogationem
1778 1799 2075 1856 sacerdotis

2185 629 2472 686 sanitatem
2522 629 2785 696 contulit,
2823 635 2877 684 et
2915 626 3064 684 Giezi
3094 627 3330 701 pretium
3361 625 3576 698 accepit
3612 643 3630 692 ;
3670 622 3833 697 quia

2183 719 2252 774 ab
2303 718 2383 774 eis
2423 735 2560 791 quos
2614 716 2807 774 divina
2863 715 3242 773 misericordia
3289 716 3484 782 salvat,
3541 711 3832 786 perversi

2183 807 2434 865 doctores
2463 807 2700 878 pretium
2730 805 2982 862 sanitatis
3005 805 3260 877 exigunt.
3311 805 3383 860 Et
3424 803 3552 860 ideo
3604 801 3828 858 haere-

2183 896 2279 952 des
2333 897 2495 968 lepraa
2553 911 2744 952 eorum
2799 895 3133 960 efﬁciuntur,
3185 892 3316 966 quia
3355 892 3416 948 in
3470 891 3645 947 malis
3677 905 3827 963 quae

2182 985 2274 1041 isti
2295 1001 2410 1061 _per
2458 986 2688 1057 gratiam
2729 985 2828 1041 Dei
2884 991 3358 1058 contempserunt,
3401 990 3828 1056 permanentes

2182 1075 2590 1132 damnationem
2617 1075 2722 1130 sibi
2755 1083 3072 1147 perpetuam
3094 1075 3414 1145 acquirunt.
3448 1073 3527 1128 De
3547 1070 3821 1142 apertio-

2184 1165 2348 1221 nibus
2401 1175 2637 1239 quatuor
2691 1165 3002 1237 sigillorum
3033 1180 3154 1237 quas
3184 1163 3250 1219 ad
3282 1171 3442 1219 vetus
3470 1162 3824 1217 Testamen-

2181 1260 2299 1308 tum
2320 1251 2593 1324 pertinere
2622 1260 2830 1308 certum
2865 1260 2966 1320 est,
2998 1267 3170 1324 pauca
3199 1249 3265 1307 de
3286 1251 3478 1308 multis
3497 1250 3820 1314 diximus;

2181 1351 2245 1400 ut
2277 1344 2778 1402 demonstraremus
2806 1343 2946 1400 nihil
2985 1343 3136 1400 aliud
3159 1359 3274 1400 esse
3299 1343 3616 1416 sigillorum
3641 1358 3822 1415 aper-

2183 1433 2410 1503 tionem,
2452 1434 2574 1514 nisi
2606 1433 3133 1490 demonstrationem
3165 1433 3496 1504 spiritalium
3521 1448 3823 1488 sensuum

2183 1523 2242 1580 in
2268 1524 2440 1581 veteri
2467 1525 2842 1593 Testamento,
2876 1539 2997 1596 quae
3029 1521 3190 1579 nobis
3217 1538 3315 1596 per
3333 1521 3618 1579 Christum
3649 1522 3824 1579 facta

2181 1621 2282 1670 est.

2255 1705 2438 1778 (Vers.
2497 1705 2580 1777 8.)
2636 1703 2944 1778 Sequitur:
2996 1705 3069 1760 Et
3096 1720 3202 1759 ecce
3234 1719 3396 1774 equus
3418 1702 3696 1775 pallidus,
3767 1709 3826 1757 et

2180 1794 2274 1866 qui
2325 1793 2530 1849 sedebat
2579 1809 2739 1864 super
2792 1809 2930 1861 eum,
2982 1809 3169 1848 nomen
3231 1796 3376 1854 532
3423 1791 3508 1847 illi
3540 1807 3700 1846 more
3765 1797 3824 1846 et

481 1885 718 1958 qualiter
744 1885 951 1954 credat,
983 1886 1313 1956 conﬁtetur;
1349 1888 1501 1945 Elias
1530 1905 1722 1962 panem
1763 1906 1924 1962 quem
1954 1907 2072 1946 mu-
2099 1903 2147 1965 Β
2181 1893 2427 1964 infernus
2492 1893 2802 1965 sequebatur
2865 1911 3000 1950 eum.
3052 1893 3327 1952 Videntur
3381 1892 3500 1948 haec
3547 1907 3681 1964 qua
3733 1888 3818 1945 de

484 1974 606 2032 lieri
635 1976 811 2032 facere
840 1975 1117 2049 praecepit,
1168 1977 1430 2044 comedit,
1462 1977 1593 2052 quia
1628 1979 1905 2050 profectus
1935 1979 2071 2034 ﬁlio-

481 2079 608 2120 rum
656 2080 864 2121 merces
915 2071 998 2121 est
1045 2065 1487 2138 praedicatorum.
1537 2067 1878 2140 Quapropter
1924 2069 2074 2124 Elias

485 2155 707 2211 mulieri
737 2155 992 2228 praecepit
1021 2165 1083 2212 ut
1104 2156 1210 2213 sibi
1237 2157 1500 2229 primum,
1532 2166 1717 2230 postea
1743 2159 1849 2215 sibi
1876 2167 1930 2215 et
1957 2159 2074 2215 ﬁlio

483 2262 586 2302 suo
624 2259 818 2317 panem
871 2253 1223 2317 praepararet;
1275 2247 1404 2320 quia
1443 2249 1732 2305 conversio
1776 2249 2074 2320 peccatoris

485 2332 836 2407 prmdicatori
867 2333 1046 2406 primo
1073 2334 1379 2406 imputatur
1409 2353 1421 2392 :
1476 2345 1662 2409 postea
1690 2352 1820 2392 vero
1848 2353 2072 2392 conver-

485 2441 579 2481 sus
619 2440 812 2496 panem
857 2423 963 2480 sibi
1013 2433 1298 2498 praeparat,
1345 2443 1470 2484 cum
1516 2427 1571 2484 in
1618 2427 1778 2483 bonis
1817 2427 2074 2498 operibus

485 2513 842 2585 semetipsum
871 2529 1148 2582 exercens,
1181 2521 1243 2570 ut
1279 2515 1455 2573 haeres
1491 2515 1725 2573 caelestis
1762 2515 1949 2587 patriae
1980 2515 2074 2574 ﬁat

487 2603 718 2660 obtinet.
770 2603 928 2672 Quod
972 2611 1153 2660 autem
1192 2605 1271 2661 ait
1307 2605 1502 2663 Elias:
1567 2631 1585 2654 ι
1629 2604 1839 2678 Hydria
1881 2605 2073 2663 farinae

487 2709 601 2748 non
636 2691 874 2761 deﬁciet,
910 2709 1012 2750 nec
1057 2693 1308 2767 lecytbus
1346 2694 1452 2750 olei
1496 2694 1776 2751 minuetur
1815 2711 1986 2769 usque
2015 2697 2074 2752 in

487 2781 657 2850 diem,
699 2781 758 2837 in
787 2797 894 2854 qua
921 2781 1148 2839 daturus
1195 2790 1278 2839 est
1314 2782 1583 2840 Dominus
1629 2784 1876 2856 pluviam
1913 2801 2076 2858 super

490 2881 690 2928 terram
725 2872 839 2942 (III
869 2872 992 2942 Reg.
1027 2888 1166 2940 xvu,
1201 2871 1288 2944 14)
1317 2889 1330 2939 ;
1358 2894 1376 2919 ι
1419 2871 1560 2928 illud
1603 2871 1895 2945 signiﬁcat,
1928 2873 2077 2946 quod

487 2959 626 3016 ﬁdes
679 2959 747 3015 ab
785 2960 1085 3016 electorum
1138 2959 1396 3018 cordibus
1449 2959 1700 3034 bonaque
1753 2979 1917 3034 opera
1964 2980 2075 3020 non

488 3049 766 3118 deﬁcient,
818 3065 990 3122 usque
1032 3049 1165 3106 dum
1211 3049 1478 3106 Dominus
1515 3049 1585 3107 ad
1624 3048 1898 3122 judicium
1949 3069 2074 3110 cum

489 3137 750 3196 omnibus
780 3140 984 3198 sanctis
1011 3139 1125 3196 suis
1153 3139 1355 3196 veniat.

563 3235 831 3294 Similiter
858 3245 912 3294 et
939 3237 1172 3294 Elisams
1200 3235 1483 3295 Christum
1515 3235 1802 3310 ﬁgurabat,
1831 3239 2074 3296 Naaman
2110 3253 2155 3316 α
2186 3234 2453 3308 pallidum
2486 3231 2746 3288 habuisse
2797 3229 3063 3286 dicuntur
3109 3246 3121 3284 :

493 3341 627 3381 vero
647 3326 912 3399 populum
943 3327 1207 3400 gentium.
1226 3325 1386 3387 Multi
1418 3325 1616 3401 leprosi
1637 3327 1868 3384 erantin
1893 3330 2078 3401 Israel,

490 3420 546 3472 et
575 3398 736 3472 nemo
761 3398 962 3472 eorum
981 3413 1280 3471 mundatus
1305 3421 1406 3484 est,
1452 3398 1560 3472 nisi
1591 3416 1832 3473 Naaman
1859 3417 2031 3490 Syrus

491 3503 622 3578 quia
651 3505 906 3560 veniente
934 3503 1154 3561 Christo
1201 3501 1259 3558 in
1287 3519 1470 3576 carne,
1519 3513 1573 3562 et
1599 3506 1772 3563 Iudaei
1803 3515 1857 3563 et
1896 3519 2082 3579 gentes

494 3591 648 3665 lepra
690 3598 1037 3666 peccatorum
1089 3608 1314 3649 suorum
1363 3595 1686 3652 circumdati
1737 3604 1935 3654 erant:
1987 3597 2082 3655 sed

490 3679 694 3738 Iudaeis
743 3681 800 3736 in
852 3679 1142 3752 iniquitate
1185 3698 1284 3738 sua
1329 3683 1793 3756 permanentibus,
1838 3695 2022 3757 gentes
2051 3702 2083 3742 a

491 3768 644 3840 lepra
674 3775 1020 3842 peccatorum
1050 3785 1274 3826 suorum
1307 3771 1580 3830 mundatae
1619 3781 1769 3830 sunt.
1817 3775 2082 3847 Praecepit

492 3873 622 3929 ergo
665 3858 900 3914 Elisaaus
943 3858 1208 3928 Naaman,
1252 3859 1488 3917 dicens:
1553 3887 1571 3909 ε
1609 3862 1760 3920 Vade
1802 3872 1857 3920 et
1899 3864 2082 3920 lavare

493 3948 698 4021 septies
728 3948 784 4004 in
829 3947 1086 4018 Iordane,
1131 3957 1186 4006 et
1215 3951 1443 4023 recipiet
1484 3951 1776 4009 sanitatem
1805 3969 1932 4008 caro
1967 3960 2078 4021 tua,

491 4044 656 4108 atque
686 4036 1040 4094 mundaberis
1069 4037 1179 4110 (IV
1209 4040 1333 4110 Reg.
1365 4057 1424 4108 v,
1452 4039 1563 4112 10).
1597 4065 1616 4089 ι
1657 4039 1831 4108 Abiit,
1863 4049 1916 4098 et
1947 4041 2083 4098 lavit

493 4125 552 4181 in
583 4125 820 4182 Iordane
864 4125 1082 4198 septies,
1131 4134 1186 4182 et
1216 4129 1469 4184 restituta
1495 4135 1576 4184 est
1615 4133 1741 4185 cato
1785 4129 1902 4200 ejus
1940 4129 2084 4186 sicut

491 4229 620 4270 caro
672 4215 828 4284 pueri
863 4215 1100 4286 parvuli,
1131 4223 1185 4272 et
1214 4215 1509 4272 mundatus
1537 4226 1618 4274 est
1645 4235 1676 4274 a
1715 4219 1883 4291 lepra.
1925 4221 2084 4293 Aqua

491 4297 748 4354 Idrdanis
802 4299 1137 4372 baptismum
1194 4302 1538 4375 ﬁgurabant,
1596 4321 1660 4361 eo
1714 4307 1860 4378 quod
1909 4307 1968 4364 in
2021 4324 2084 4364 ea

493 4386 748 4446 Christus
802 4388 1110 4463 baptizatus
1157 4392 1248 4450 sit.
1309 4394 1548 4450 Naaman
1613 4395 1769 4468 aquis
1830 4396 2084 4454 Iordanis

491 4475 712 4535 ablutus
741 4485 842 4548 est,
889 4486 943 4536 et
971 4480 1120 4553 lepra
1157 4482 1490 4552 mundatus;
1539 4483 1670 4557 quia
1696 4487 1928 4559 populus
1958 4504 2082 4560 gen-

493 4566 637 4622 tium
693 4585 833 4642 aqua
885 4570 1026 4626 sacri
1077 4571 1424 4644 baptismatis
1467 4589 1500 4628 a
1544 4575 1691 4646 lepra
1735 4584 2078 4648 peccatorum
2108 4615 2157 4676 Β

491 4673 719 4714 suorum
746 4665 848 4716 .est
877 4669 1230 4734 expurgatus.
1279 4663 1508 4734 Septena
1555 4681 1686 4720 vero
1724 4665 1841 4737 ejus
1878 4665 2080 4724 lavatio

491 4747 870 4820 septiformem
944 4750 1210 4823 Spiritum
1284 4760 1535 4810 sanctum
1607 4753 1902 4827 ﬁgurabat,
1983 4771 2081 4828 per

489 4837 650 4910 cujus
677 4839 1051 4913 operationem
1075 4843 1325 4900 remissio
1353 4852 1698 4916 peccatorum
1730 4846 1788 4901 in
1809 4846 2079 4918 baptismo

489 4927 684 4997 datur;
735 4929 866 5003 quia
903 4930 1049 4988 sicut
1093 4948 1292 5005 corpus
1337 4932 1636 4990 visibiliter
1673 4935 1831 5008 aquis
1875 4935 2076 5009 baptis-

489 5017 690 5088 matis,
750 5020 828 5078 ita
881 5022 1068 5079 anima
1121 5023 1487 5082 invisibiliter
1555 5041 1652 5098 per
1701 5025 2076 5098 operationem

487 5111 726 5185 Spiritus
791 5115 965 5171 sancti
1029 5132 1060 5171 a
1112 5118 1348 5189 peccatis
1409 5118 1670 5175 omnibus
1723 5118 2074 5176 emundatur.

487 5199 638 5256 Giezi
664 5209 844 5258 autem
875 5203 970 5277 qui
996 5205 1232 5276 pretium
1271 5208 1522 5264 sanitatis
1549 5225 1580 5264 a
1606 5209 1849 5264 Naaman
1878 5225 2076 5281 perce—

485 5289 590 5362 pit,
624 5291 938 5365 lepramque
966 5291 1086 5364 ejus
1113 5293 1483 5364 haereditavit,
1538 5312 1630 5352 eos
1660 5296 1927 5370 designat,
1978 5298 2076 5371 qui

486 5377 794 5438 doctrinam
824 5399 936 5439 suae
964 5383 1374 5457 praedicationis
1419 5384 1739 5443 hominibus
1782 5385 2073 5444 vendunt:

486 5481 624 5542 quos
677 5471 948 5529 Dominus
997 5471 1057 5529 in
1117 5473 1418 5547 Evangelia
1477 5490 1589 5531 non
1657 5483 1916 5548 pastores,
1982 5475 2077 5533 sed

558 5630 676 5702 (76)
717 5631 846 5687 Post
873 5649 1064 5690 vocem
1093 5634 1401 5702 novissima,
1441 5633 1614 5706 codex
1643 5635 1798 5692 Gem.
1831 5633 2077 5706 subjun-

541 5707 582 5780 ι2
623 5707 675 5756 et
695 5708 916 5780 stetere;
971 5706 1354 5780 necuulterius
1400 5705 1654 5780 producit
1698 5705 2084 5780 testimonium

525 5771 652 5848 ujus
670 5771 900 5842 cantici;
927 5773 1060 5832 edit.
1084 5775 1225 5834 illud
1243 5771 1552 5836 extendunt
1569 5793 1741 5854 usque
1753 5777 1825 5836 ad
1846 5777 2076 5839 verbum

2181 1982 2365 2056 equite
2396 1991 2592 2056 quarto
2620 1981 2906 2052 dicuntur,
2928 1983 2994 2040 ad
3023 1983 3428 2040 Antichristum
3457 1979 3754 2054 pertinere
3789 1997 3804 2035 :

2182 2071 2276 2127 sed
2306 2071 2434 2145 quia
2462 2071 2771 2144 superiores
2824 2080 2933 2128 tres
2960 2073 3172 2147 equites
3222 2073 3280 2128 in
3333 2073 3532 2130 bonam
3571 2077 3814 2143 partem

2182 2160 2527 2233 interpretati
2574 2178 2786 2230 sumus,
2835 2171 2898 2218 ut
2942 2162 3442 2218 convenirentcum
3473 2159 3818 2232 apertioni—

2179 2247 2284 2304 bus
2311 2249 2482 2304 trium
2513 2249 2821 2321 sigillorum
2847 2268 2859 2317 ;
2913 2251 3129 2306 ordinis
3159 2251 3434 2308 rectitudo
3463 2250 3628 2322 cogit,
3653 2255 3725 2304 ut
3749 2255 3816 2303 et

2181 2340 2346 2396 istum
2397 2339 2455 2394 in
2528 2339 2727 2396 bonam
2777 2349 2988 2412 partem
3044 2339 3441 2410 intelligamus,
3507 2347 3815 2411 quatenus

2179 2426 2473 2484 concordet
2501 2444 2625 2484 cum
2672 2428 2954 2499 apertione
3009 2428 3190 2501 quarti
3250 2428 3442 2500 sigilli,
3486 2445 3662 2501 quam
3729 2427 3811 2482 ad

2181 2515 2471 2589 prophetas
2521 2515 2794 2588 pertinere
2819 2515 3343 2572 demonstravimus.
3388 2518 3580 2588 Equus
3612 2516 3816 2588 igitur

2180 2605 2419 2679 pallidus
2447 2604 2737 2678 prophetas
2767 2605 3042 2676 signiﬁcat
3096 2621 3108 2660 :
3168 2605 3347 2676 pallor
3375 2621 3506 2660 vero
3541 2605 3814 2661 diversis

2182 2697 2360 2754 modis
2415 2696 2614 2753 accidit
2660 2694 3030 2762 hominibus;
3081 2693 3378 2767 aliquando
3425 2711 3670 2766 namque
3707 2711 3814 2767 pa-

2186 2802 2336 2852 vore,
2366 2783 2662 2858 aliquando
2694 2784 2976 2857 languore,
3013 2783 3326 2857 aliquando
3379 2790 3555 2839 morte
3610 2789 3818 2839 totum

2185 2891 2382 2948 corpus
2409 2881 2733 2947 occupante,
2776 2874 3082 2947 multisque
3111 2873 3293 2929 modis
3321 2873 3446 2928 aliis
3483 2873 3815 2944 pallescunt

2185 2965 2457 3022 homines.
2519 2963 2810 3036 Propheta;
2866 2962 3072 3035 itaque,
3141 2961 3237 3036 qui
3291 2961 3494 3033 populo
3541 2961 3808 3032 peccanti

2186 3055 2554 3131 praedicabant
2592 3053 2740 3126 quod
2789 3053 2846 3108 in
2881 3052 3126 3124 rapinam
3152 3059 3207 3107 et
3233 3049 3474 3123 gladium
3507 3059 3561 3106 et
3594 3049 3806 3122 perdi-

2185 3147 2392 3203 tionem
2469 3143 2734 3200 darentur
2767 3185 2781 3210 ,
2852 3158 2964 3198 non
3046 3139 3500 3197 inconvenienter
3549 3140 3804 3195 colorem

3181 3245 3356 3285 sessor
3401 3237 3580 3285 autem
3619 3226 3801 3298 hujus

2189 3323 2315 3398 equi
2344 3321 2613 3380 Dominus
2637 3327 2737 3388 est,
2763 3321 2856 3393 qui
2887 3321 2945 3374 in
2971 3318 3254 3392 prophetis
3284 3319 3400 3374 suis
3429 3317 3792 3374 iubabitavit.

2189 3411 2295 3469 Sed
2341 3409 2500 3466 valde
2557 3409 2759 3465 durum
2818 3407 3059 3476 videtur,
3139 3407 3286 3481 quod
3348 3423 3546 3463 nomen
3590 3406 3795 3462 mortis

2189 3501 2445 3558 habuisse
2474 3499 2717 3566 dicitur;
2754 3498 2868 3570 ipse
2894 3499 3043 3554 enim
3071 3497 3189 3554 vita
3210 3504 3292 3553 est
3311 3495 3562 3552 omnium
3587 3497 3790 3551 electo-

2190 3606 2312 3647 rum
2359 3604 2608 3656 suorum,
2661 3587 2806 3643 sicut
2872 3586 2987 3658 ipse
3043 3585 3214 3642 dicit:
3281 3607 3301 3632 ι
3342 3585 3458 3656 Ego
3511 3599 3631 3639 sum
3669 3583 3794 3639 vita

2187 3681 2376 3746 (Joan.
2410 3695 2526 3747 xxv,
2549 3678 2630 3748 6).
2656 3702 2674 3726 ι
2709 3676 2814 3732 Sed
2841 3676 2887 3731 si
2921 3675 3218 3746 diligenter
3235 3675 3546 3746 Scripturas
3562 3673 3790 3730 divinas

2189 3766 2612 3841 inspexerimus,
2636 3764 2982 3821 inveniemus
2998 3763 3298 3820 Dominum
3317 3771 3567 3818 nostrum
3595 3762 3787 3818 Iesum

2189 3857 2470 3916 Christum
2499 3853 2662 3912 etiam
2696 3859 2926 3910 mortem
2970 3853 3176 3910 vocari.
3219 3851 3352 3907 Nam
3382 3853 3525 3908 sicut
3553 3851 3670 3906 vita
3701 3860 3822 3908 est.

2188 3947 2438 4004 omnium
2467 3945 2786 4010 electorum,
2811 3942 3013 4015 quibus
3042 3941 3290 4014 quotidie
3318 3941 3491 3996 vitam
3521 3947 3784 3996 aeternam

2187 4037 2417 4110 largitur
2443 4052 2458 4102 ;
2504 4034 2584 4090 ita
2618 4040 2672 4090 et
2710 4048 2858 4089 mors
2884 4031 2996 4088 dici
3027 4039 3205 4103 potest
3233 4031 3615 4102 reproborum,
3644 4045 3786 4102 quos

2187 4143 2287 4200 pro
2337 4121 2635 4182 sceleribus
2688 4121 2806 4178 suis
2859 4119 3108 4194 quotidie
3169 4121 3334 4176 morti
3371 4118 3541 4176 tradit
3578 4133 3785 4192 perpe—

2188 4225 2297 4274 tua
2330 4235 2344 4285 ;
2399 4217 2516 4288 ipse
2566 4211 2715 4270 enim
2754 4211 2918 4268 habet
2958 4218 3280 4284 potestatem
3311 4209 3551 4266 animam
3580 4216 3636 4265 et
3662 4226 3782 4267 cor-

2189 4322 2292 4379 pus
2328 4303 2552 4378 perdere
2592 4303 2648 4359 iu
2703 4302 3004 4374 gehennam
3038 4301 3254 4373 (Matth.
3304 4317 3363 4368 ι,
3403 4299 3520 4372 28).
3568 4299 3780 4356 Nomen

2187 4411 2315 4468 ergo
2343 4393 2534 4450 mortis
2560 4391 2816 4448 habuisse
2844 4389 3071 4458 dicitur,
3104 4391 3237 4464 quia
3255 4389 3557 4446 Israelitico
3575 4389 3780 4462 populo

2187 4483 2434 4556 peccanti
2463 4489 2692 4539 mortem
2717 4480 2928 4549 intulit,
2958 4479 3103 4536 sicut
3121 4479 3180 4534 in
3210 4480 3428 4536 cantico
3459 4477 3778 4536 Deuteroni-

2189 4574 2288 4630 mii
2363 4573 2479 4646 ipse
2551 4571 2840 4628 manifeste
2911 4571 3252 4628 demonstrat
3279 4613 3294 4639 ,
3369 4587 3497 4629 cum
3569 4569 3706 4627 dicit
3761 4589 3774 4629 :

2203 4687 2222 4714 ε
2251 4663 2399 4735 Ignis
2430 4679 2724 4719 succensus
2741 4669 2824 4718 est
2850 4662 2906 4718 in
2930 4661 3112 4718 furore
3132 4677 3276 4729 meo,
3295 4669 3350 4718 et
3375 4659 3589 4718 ardebit
3607 4677 3778 4734 usque

2187 4753 2256 4810 ad
2296 4753 2502 4810 inferni
2549 4752 2848 4810 novissima
2898 4751 3062 4823 (76):
3122 4750 3519 4825 devorabitque
3573 4759 3774 4808 terram
3839 4822 3847 4835 1

2186 4859 2311 4900 cum
2346 4843 2589 4916 germine
2621 4859 2742 4912 suo,
2773 4849 2828 4898 et
2855 4840 3130 4896 montium
3159 4839 3518 4897 fundamenta
3555 4839 3775 4897 combu-

2186 4941 2288 4990 ret.
2321 4931 2672 5005 Congregabo
2719 4946 2882 5002 super
2927 4946 3021 4986 eos
3075 4931 3240 4995 mala,
3284 4936 3339 4986 et
3365 4928 3590 5001 sagittas
3632 4945 3774 4988 meas

2185 5022 2473 5096 complebo
2502 5022 2561 5077 in
2589 5021 2700 5077 eis:
2734 5027 3128 5077 consumentur
3147 5018 3321 5088 fame;
3354 5026 3408 5074 et
3435 5017 3775 5075 devorabunt

2185 5131 2278 5172 eos
2304 5131 2432 5172 aves
2461 5131 2648 5171 morsu
2675 5112 3042 5170 amarissimo.
3094 5113 3297 5167 Dentes
3334 5109 3635 5167 bestiarum
3675 5110 3773 5166 im.

2185 5207 2401 5262 mittam
2447 5205 2504 5261 in
2533 5221 2624 5261 eos
2647 5220 2773 5260 cum
2804 5203 2990 5259 furore
3021 5201 3359 5258 trahentium
3380 5218 3545 5274 super
3575 5209 3769 5258 terram

2185 5304 2346 5368 atque
2373 5295 2729 5367 serpentium.
2765 5293 2920 5350 Foris
2954 5291 3190 5350 vastabit
3215 5309 3308 5348 eos
3337 5291 3571 5364 gladius,
3593 5298 3648 5348 et
3677 5291 3769 5348 in-

2185 5394 2276 5444 tus
2303 5402 2493 5459 pavor,
2526 5393 2582 5443 et
2603 5385 2812 5458 reliqua
2847 5384 3022 5456 (Deut.
3056 5399 3238 5450 xxxu,
3269 5383 3481 5456 22-25).
3514 5405 3533 5428 ι

2257 5475 2417 5532 Hunc
2453 5473 2692 5548 equitem
2742 5473 2992 5531 infernus
3028 5471 3379 5546 sequebatur,
3429 5471 3560 5546 quia
3585 5488 3768 5530 omnes

2183 5635 2486 5717 comburat;
2523 5651 2623 5691 nos
2651 5651 2782 5692 vero
2801 5643 3124 5693 caeterorum
3157 5634 3282 5694 cod.
3309 5633 3627 5694 auctoritati
3649 5653 3762 5695 mo-

2184 5722 2299 5763 rem
2331 5722 2616 5783 gessimus.
