  <div class='ocr_page' id='page_1' title='image "/cluster/home/n/w/nwhite01/storage/ocr_20150623/17/umn.31951002477311b/468.png"; bbox 0 0 3964 6370; ppageno 0'>
   <div class='ocr_carea' id='block_1_1' title="bbox 212 413 3526 479">
    <p class='ocr_par' dir='ltr' id='par_1_1' title="bbox 212 413 3526 479">
     <span class='ocr_line' id='line_1_1' title="bbox 212 413 3526 479; baseline 0.001 -5"><span class='ocrx_word' id='word_1_1' title='bbox 212 416 330 475; x_wconf 74' lang='grc'>921</span> <span class='ocrx_word' id='word_1_2' title='bbox 1112 415 1571 474; x_wconf 87' lang='lat' dir='ltr'>BERENGAUDI</span> <span class='ocrx_word' id='word_1_3' title='bbox 1611 413 1985 471; x_wconf 83' lang='lat' dir='ltr'>EXPOSITIO</span> <span class='ocrx_word' id='word_1_4' title='bbox 2025 414 2097 470; x_wconf 93' lang='lat' dir='ltr'><strong>IN</strong></span> <span class='ocrx_word' id='word_1_5' title='bbox 2136 414 2640 473; x_wconf 84' lang='lat' dir='ltr'>APOCALYPSIN.</span> <span class='ocrx_word' id='word_1_6' title='bbox 3415 420 3526 479; x_wconf 78' lang='lat'>922</span> 
     </span>
    </p>
   </div>
   <div class='ocr_carea' id='block_1_2' title="bbox 208 538 3528 614">
    <p class='ocr_par' dir='ltr' id='par_1_2' title="bbox 208 538 3528 614">
     <span class='ocr_line' id='line_1_2' title="bbox 208 538 3528 614; baseline 0.002 -18"><span class='ocrx_word' id='word_1_7' title='bbox 208 540 319 612; x_wconf 86' lang='lat' dir='ltr'>qui</span> <span class='ocrx_word' id='word_1_8' title='bbox 359 538 816 596; x_wconf 88' lang='lat' dir='ltr'>comminationes</span> <span class='ocrx_word' id='word_1_9' title='bbox 845 540 1234 612; x_wconf 86' lang='lat' dir='ltr'>prophetarum</span> <span class='ocrx_word' id='word_1_10' title='bbox 1277 557 1411 614; x_wconf 90' lang='lat' dir='ltr'>quas</span> <span class='ocrx_word' id='word_1_11' title='bbox 1441 556 1510 596; x_wconf 86' lang='lat' dir='ltr'>ex</span> <span class='ocrx_word' id='word_1_12' title='bbox 1556 557 1648 597; x_wconf 89' lang='lat' dir='ltr'>ore</span> <span class='ocrx_word' id='word_1_13' title='bbox 1696 539 1900 601; x_wconf 83' lang='lat' dir='ltr'>Do—A</span> <span class='ocrx_word' id='word_1_14' title='bbox 1927 548 1980 595; x_wconf 90' lang='lat' dir='ltr'>et</span> <span class='ocrx_word' id='word_1_15' title='bbox 2028 539 2331 596; x_wconf 85' lang='lat' dir='ltr'>mercedem</span> <span class='ocrx_word' id='word_1_16' title='bbox 2371 542 2587 612; x_wconf 87' lang='lat' dir='ltr'>plenam</span> <span class='ocrx_word' id='word_1_17' title='bbox 2636 540 2885 597; x_wconf 90' lang='lat' dir='ltr'>laborum</span> <span class='ocrx_word' id='word_1_18' title='bbox 2935 559 3158 599; x_wconf 90' lang='lat' dir='ltr'>suorum</span> <span class='ocrx_word' id='word_1_19' title='bbox 3209 560 3240 599; x_wconf 90' lang='lat' dir='ltr'>a</span> <span class='ocrx_word' id='word_1_20' title='bbox 3284 547 3528 606; x_wconf 90' lang='lat' dir='ltr'>Domino</span> 
     </span>
    </p>
   </div>
   <div class='ocr_carea' id='block_1_3' title="bbox 209 629 3523 704">
    <p class='ocr_par' dir='ltr' id='par_1_3' title="bbox 209 629 3523 704">
     <span class='ocr_line' id='line_1_3' title="bbox 209 629 3523 704; baseline 0.001 -16"><span class='ocrx_word' id='word_1_21' title='bbox 209 632 362 688; x_wconf 86' lang='lat' dir='ltr'>mini</span> <span class='ocrx_word' id='word_1_22' title='bbox 392 631 458 686; x_wconf 88' lang='lat' dir='ltr'>ad</span> <span class='ocrx_word' id='word_1_23' title='bbox 488 632 748 704; x_wconf 87' lang='lat' dir='ltr'>populum</span> <span class='ocrx_word' id='word_1_24' title='bbox 773 633 1135 703; x_wconf 81' lang='lat' dir='ltr'>protulerant,</span> <span class='ocrx_word' id='word_1_25' title='bbox 1159 641 1628 704; x_wconf 88' lang='lat' dir='ltr'>contempserunt,</span> <span class='ocrx_word' id='word_1_26' title='bbox 1650 632 1815 688; x_wconf 82' lang='lat' dir='ltr'>infer-</span> <span class='ocrx_word' id='word_1_27' title='bbox 1926 629 2247 701; x_wconf 84' lang='lat' dir='ltr'>percipient.</span> <span class='ocrx_word' id='word_1_28' title='bbox 2278 629 2415 685; x_wconf 81' lang='lat' dir='ltr'>Nam</span> <span class='ocrx_word' id='word_1_29' title='bbox 2446 631 2595 687; x_wconf 88' lang='lat' dir='ltr'>hunc</span> <span class='ocrx_word' id='word_1_30' title='bbox 2625 631 2770 686; x_wconf 91' lang='lat' dir='ltr'>diem</span> <span class='ocrx_word' id='word_1_31' title='bbox 2801 631 3070 687; x_wconf 86' lang='lat' dir='ltr'>Dominus</span> <span class='ocrx_word' id='word_1_32' title='bbox 3097 632 3523 692; x_wconf 85' lang='lat' dir='ltr'>desiderandum</span> 
     </span>
    </p>
   </div>
   <div class='ocr_carea' id='block_1_4' title="bbox 208 718 3525 798">
    <p class='ocr_par' dir='ltr' id='par_1_4' title="bbox 208 718 3525 798">
     <span class='ocr_line' id='line_1_4' title="bbox 208 718 3525 798; baseline 0.002 -19"><span class='ocrx_word' id='word_1_33' title='bbox 208 740 327 780; x_wconf 88' lang='lat' dir='ltr'>nus</span> <span class='ocrx_word' id='word_1_34' title='bbox 364 723 665 779; x_wconf 78' lang='lat' dir='ltr'>absorbuit.</span> <span class='ocrx_word' id='word_1_35' title='bbox 699 724 853 780; x_wconf 87' lang='lat' dir='ltr'>Unde</span> <span class='ocrx_word' id='word_1_36' title='bbox 882 732 936 779; x_wconf 92' lang='lat' dir='ltr'>et</span> <span class='ocrx_word' id='word_1_37' title='bbox 963 725 1212 797; x_wconf 80' lang='lat' dir='ltr'>sequitur</span> <span class='ocrx_word' id='word_1_38' title='bbox 1247 742 1257 779; x_wconf 93' lang='lat'><strong>:</strong></span> <span class='ocrx_word' id='word_1_39' title='bbox 1292 725 1366 780; x_wconf 91' lang='lat' dir='ltr'>Et</span> <span class='ocrx_word' id='word_1_40' title='bbox 1389 725 1515 779; x_wconf 86' lang='lat' dir='ltr'>data</span> <span class='ocrx_word' id='word_1_41' title='bbox 1544 729 1619 778; x_wconf 88' lang='lat' dir='ltr'>est</span> <span class='ocrx_word' id='word_1_42' title='bbox 1646 723 1692 777; x_wconf 88' lang='lat' dir='ltr'>ei</span> <span class='ocrx_word' id='word_1_43' title='bbox 1706 739 1816 794; x_wconf 83' lang='lat' dir='ltr'>po-</span> <span class='ocrx_word' id='word_1_44' title='bbox 1922 735 2037 798; x_wconf 85' lang='lat' dir='ltr'>esse</span> <span class='ocrx_word' id='word_1_45' title='bbox 2084 718 2373 791; x_wconf 87' lang='lat' dir='ltr'>discipulis</span> <span class='ocrx_word' id='word_1_46' title='bbox 2417 721 2533 776; x_wconf 87' lang='lat' dir='ltr'>suis</span> <span class='ocrx_word' id='word_1_47' title='bbox 2586 722 2977 791; x_wconf 84' lang='lat' dir='ltr'>manifestavit,</span> <span class='ocrx_word' id='word_1_48' title='bbox 3032 740 3157 780; x_wconf 90' lang='lat' dir='ltr'>cum</span> <span class='ocrx_word' id='word_1_49' title='bbox 3214 725 3370 798; x_wconf 89' lang='lat' dir='ltr'>signa</span> <span class='ocrx_word' id='word_1_50' title='bbox 3415 728 3525 784; x_wconf 90' lang='lat' dir='ltr'>diei</span> 
     </span>
    </p>
   </div>
   <div class='ocr_carea' id='block_1_5' title="bbox 211 797 3527 894">
    <p class='ocr_par' dir='ltr' id='par_1_5' title="bbox 211 797 3527 894">
     <span class='ocr_line' id='line_1_5' title="bbox 211 797 3527 894; baseline 0.002 -27"><span class='ocrx_word' id='word_1_51' title='bbox 211 820 376 869; x_wconf 85' lang='lat' dir='ltr'>testas</span> <span class='ocrx_word' id='word_1_52' title='bbox 405 813 462 867; x_wconf 87' lang='lat' dir='ltr'>in</span> <span class='ocrx_word' id='word_1_53' title='bbox 490 819 721 884; x_wconf 87' lang='lat' dir='ltr'>quatuor</span> <span class='ocrx_word' id='word_1_54' title='bbox 744 820 928 885; x_wconf 82' lang='lat' dir='ltr'>partes</span> <span class='ocrx_word' id='word_1_55' title='bbox 978 820 1131 894; x_wconf 70' lang='lat' dir='ltr'>terra:</span> <span class='ocrx_word' id='word_1_56' title='bbox 1171 813 1398 867; x_wconf 84' lang='lat' dir='ltr'>occidere</span> <span class='ocrx_word' id='word_1_57' title='bbox 1441 814 1498 867; x_wconf 86' lang='lat' dir='ltr'>in</span> <span class='ocrx_word' id='word_1_58' title='bbox 1541 813 1740 884; x_wconf 86' lang='lat' dir='ltr'>gladio,</span> <span class='ocrx_word' id='word_1_59' title='bbox 1770 818 1817 865; x_wconf 89' lang='lat' dir='ltr'>et</span> <span class='ocrx_word' id='word_1_60' title='bbox 1918 797 2117 869; x_wconf 79' lang='lat' dir='ltr'>judicii</span> <span class='ocrx_word' id='word_1_61' title='bbox 2140 811 2477 881; x_wconf 67' lang='lat' dir='ltr'>praadiceret,</span> <span class='ocrx_word' id='word_1_62' title='bbox 2496 812 2712 868; x_wconf 87' lang='lat' dir='ltr'>dicens:</span> <span class='ocrx_word' id='word_1_63' title='bbox 2745 813 2914 870; x_wconf 70' lang='lat' dir='ltr'>«Cum</span> <span class='ocrx_word' id='word_1_64' title='bbox 2932 822 3112 871; x_wconf 89' lang='lat' dir='ltr'>autem</span> <span class='ocrx_word' id='word_1_65' title='bbox 3137 797 3391 872; x_wconf 83' lang='lat' dir='ltr'>videritis</span> <span class='ocrx_word' id='word_1_66' title='bbox 3411 818 3527 876; x_wconf 61' lang='lat' dir='ltr'>haec</span> 
     </span>
    </p>
   </div>
   <div class='ocr_carea' id='block_1_6' title="bbox 206 897 3526 980">
    <p class='ocr_par' dir='ltr' id='par_1_6' title="bbox 206 897 3526 980">
     <span class='ocr_line' id='line_1_6' title="bbox 206 897 3526 980; baseline 0.002 -23"><span class='ocrx_word' id='word_1_67' title='bbox 206 902 381 973; x_wconf 85' lang='lat' dir='ltr'>fame,</span> <span class='ocrx_word' id='word_1_68' title='bbox 412 909 460 957; x_wconf 90' lang='lat' dir='ltr'>et</span> <span class='ocrx_word' id='word_1_69' title='bbox 496 909 678 969; x_wconf 86' lang='lat' dir='ltr'>morte,</span> <span class='ocrx_word' id='word_1_70' title='bbox 712 909 760 957; x_wconf 87' lang='lat' dir='ltr'>et</span> <span class='ocrx_word' id='word_1_71' title='bbox 788 904 962 958; x_wconf 73' lang='lat' dir='ltr'>bestiis</span> <span class='ocrx_word' id='word_1_72' title='bbox 992 910 1163 958; x_wconf 66' lang='lat' dir='ltr'>terrae.</span> <span class='ocrx_word' id='word_1_73' title='bbox 1212 903 1313 958; x_wconf 90' lang='lat' dir='ltr'>Per</span> <span class='ocrx_word' id='word_1_74' title='bbox 1360 910 1595 975; x_wconf 85' lang='lat' dir='ltr'>quatuor</span> <span class='ocrx_word' id='word_1_75' title='bbox 1636 909 1814 973; x_wconf 88' lang='lat' dir='ltr'>partes</span> <span class='ocrx_word' id='word_1_76' title='bbox 1921 897 2062 966; x_wconf 86' lang='lat' dir='ltr'>ﬁeri,</span> <span class='ocrx_word' id='word_1_77' title='bbox 2103 899 2355 971; x_wconf 84' lang='lat' dir='ltr'>respicite</span> <span class='ocrx_word' id='word_1_78' title='bbox 2385 908 2438 956; x_wconf 89' lang='lat' dir='ltr'>et</span> <span class='ocrx_word' id='word_1_79' title='bbox 2469 902 2644 957; x_wconf 85' lang='lat' dir='ltr'>levate</span> <span class='ocrx_word' id='word_1_80' title='bbox 2673 904 2852 974; x_wconf 85' lang='lat' dir='ltr'>capita</span> <span class='ocrx_word' id='word_1_81' title='bbox 2879 913 3089 973; x_wconf 85' lang='lat' dir='ltr'>vestra;</span> <span class='ocrx_word' id='word_1_82' title='bbox 3122 906 3383 977; x_wconf 89' lang='lat' dir='ltr'>quoniam</span> <span class='ocrx_word' id='word_1_83' title='bbox 3416 924 3526 980; x_wconf 89' lang='lat' dir='ltr'>ap—</span> 
     </span>
    </p>
   </div>
   <div class='ocr_carea' id='block_1_7' title="bbox 204 987 3527 1068">
    <p class='ocr_par' dir='ltr' id='par_1_7' title="bbox 204 987 3527 1068">
     <span class='ocr_line' id='line_1_7' title="bbox 204 987 3527 1068; baseline 0.001 -20"><span class='ocrx_word' id='word_1_84' title='bbox 204 993 569 1048; x_wconf 74' lang='lat' dir='ltr'>terrzeomnis</span> <span class='ocrx_word' id='word_1_85' title='bbox 591 1002 731 1049; x_wconf 89' lang='lat' dir='ltr'>terra</span> <span class='ocrx_word' id='word_1_86' title='bbox 747 994 911 1049; x_wconf 84' lang='lat' dir='ltr'>Israel</span> <span class='ocrx_word' id='word_1_87' title='bbox 934 992 1253 1065; x_wconf 81' lang='lat' dir='ltr'>designatur</span> <span class='ocrx_word' id='word_1_88' title='bbox 1276 994 1416 1063; x_wconf 92' lang='lat'><strong>(77).</strong></span> <span class='ocrx_word' id='word_1_89' title='bbox 1440 992 1689 1068; x_wconf 73' lang='lat' dir='ltr'>Qualiter</span> <span class='ocrx_word' id='word_1_90' title='bbox 1704 1008 1812 1045; x_wconf 92' lang='lat' dir='ltr'>au-</span> <span class='ocrx_word' id='word_1_91' title='bbox 1921 987 2316 1060; x_wconf 85' lang='lat' dir='ltr'>propinquavit</span> <span class='ocrx_word' id='word_1_92' title='bbox 2350 991 2658 1062; x_wconf 85' lang='lat' dir='ltr'>redemptio</span> <span class='ocrx_word' id='word_1_93' title='bbox 2700 1002 2881 1049; x_wconf 87' lang='lat' dir='ltr'>vestra</span> <span class='ocrx_word' id='word_1_94' title='bbox 2921 996 3071 1065; x_wconf 88' lang='lat' dir='ltr'>(Luc.</span> <span class='ocrx_word' id='word_1_95' title='bbox 3104 1012 3220 1060; x_wconf 79' lang='lat' dir='ltr'>xxi,</span> <span class='ocrx_word' id='word_1_96' title='bbox 3249 996 3364 1065; x_wconf 80' lang='lat'>28).</span> <span class='ocrx_word' id='word_1_97' title='bbox 3398 1021 3416 1044; x_wconf 74' lang='grc' dir='ltr'><strong><em>ι</em></strong></span> <span class='ocrx_word' id='word_1_98' title='bbox 3456 998 3527 1052; x_wconf 88' lang='lat' dir='ltr'>Et</span> 
     </span>
    </p>
   </div>
   <div class='ocr_carea' id='block_1_8' title="bbox 206 1084 1809 1156">
    <p class='ocr_par' dir='ltr' id='par_1_8' title="bbox 206 1084 1809 1156">
     <span class='ocr_line' id='line_1_8' title="bbox 206 1084 1809 1156; baseline -0.002 -15"><span class='ocrx_word' id='word_1_99' title='bbox 206 1093 328 1141; x_wconf 87' lang='lat' dir='ltr'>tem</span> <span class='ocrx_word' id='word_1_100' title='bbox 375 1085 433 1140; x_wconf 92' lang='lat' dir='ltr'>in</span> <span class='ocrx_word' id='word_1_101' title='bbox 481 1085 682 1156; x_wconf 88' lang='lat' dir='ltr'>gladio,</span> <span class='ocrx_word' id='word_1_102' title='bbox 722 1094 776 1141; x_wconf 93' lang='lat' dir='ltr'>et</span> <span class='ocrx_word' id='word_1_103' title='bbox 814 1085 975 1154; x_wconf 85' lang='lat' dir='ltr'>fame,</span> <span class='ocrx_word' id='word_1_104' title='bbox 1009 1094 1063 1140; x_wconf 91' lang='lat' dir='ltr'>et</span> <span class='ocrx_word' id='word_1_105' title='bbox 1098 1093 1293 1153; x_wconf 88' lang='lat' dir='ltr'>morte,</span> <span class='ocrx_word' id='word_1_106' title='bbox 1326 1092 1378 1140; x_wconf 91' lang='lat' dir='ltr'>et</span> <span class='ocrx_word' id='word_1_107' title='bbox 1425 1084 1615 1140; x_wconf 72' lang='lat' dir='ltr'>bestiis</span> <span class='ocrx_word' id='word_1_108' title='bbox 1652 1091 1809 1138; x_wconf 68' lang='lat' dir='ltr'>terrae</span> 
     </span>
    </p>
   </div>
   <div class='ocr_carea' id='block_1_9' title="bbox 206 1173 1808 1246">
    <p class='ocr_par' dir='ltr' id='par_1_9' title="bbox 206 1173 1808 1246">
     <span class='ocr_line' id='line_1_9' title="bbox 206 1173 1808 1246; baseline -0.002 -17"><span class='ocrx_word' id='word_1_109' title='bbox 206 1176 529 1246; x_wconf 86' lang='lat' dir='ltr'>consumpti</span> <span class='ocrx_word' id='word_1_110' title='bbox 562 1173 786 1242; x_wconf 88' lang='lat' dir='ltr'>fuerint,</span> <span class='ocrx_word' id='word_1_111' title='bbox 820 1174 947 1229; x_wconf 88' lang='lat' dir='ltr'>libri</span> <span class='ocrx_word' id='word_1_112' title='bbox 978 1174 1374 1246; x_wconf 85' lang='lat' dir='ltr'>Prophetarum</span> <span class='ocrx_word' id='word_1_113' title='bbox 1413 1183 1574 1246; x_wconf 86' lang='lat' dir='ltr'>atque</span> <span class='ocrx_word' id='word_1_114' title='bbox 1604 1174 1808 1244; x_wconf 80' lang='lat' dir='ltr'>Regum</span> 
     </span>
    </p>
   </div>
   <div class='ocr_carea' id='block_1_10' title="bbox 205 1261 1811 1337">
    <p class='ocr_par' dir='ltr' id='par_1_10' title="bbox 205 1261 1811 1337">
     <span class='ocr_line' id='line_1_10' title="bbox 205 1261 1811 1337; baseline -0.001 -18"><span class='ocrx_word' id='word_1_115' title='bbox 205 1275 401 1337; x_wconf 89' lang='lat' dir='ltr'>aperte</span> <span class='ocrx_word' id='word_1_116' title='bbox 446 1264 841 1320; x_wconf 89' lang='lat' dir='ltr'>demonstrant.</span> <span class='ocrx_word' id='word_1_117' title='bbox 906 1263 1270 1331; x_wconf 61' lang='lat' dir='ltr'>Quaerendum</span> <span class='ocrx_word' id='word_1_118' title='bbox 1315 1278 1445 1318; x_wconf 87' lang='lat' dir='ltr'>vero</span> <span class='ocrx_word' id='word_1_119' title='bbox 1510 1261 1670 1317; x_wconf 92' lang='lat' dir='ltr'>nobis</span> <span class='ocrx_word' id='word_1_120' title='bbox 1730 1270 1811 1318; x_wconf 90' lang='lat' dir='ltr'>est</span> 
     </span>
    </p>
   </div>
   <div class='ocr_carea' id='block_1_11' title="bbox 205 1352 1817 1428">
    <p class='ocr_par' dir='ltr' id='par_1_11' title="bbox 205 1352 1817 1428">
     <span class='ocr_line' id='line_1_11' title="bbox 205 1352 1817 1428; baseline -0.001 -20"><span class='ocrx_word' id='word_1_121' title='bbox 205 1370 316 1409; x_wconf 88' lang='lat' dir='ltr'>cur</span> <span class='ocrx_word' id='word_1_122' title='bbox 344 1355 552 1427; x_wconf 91' lang='lat' dir='ltr'>apertio</span> <span class='ocrx_word' id='word_1_123' title='bbox 583 1362 818 1428; x_wconf 83' lang='lat' dir='ltr'>quatuor</span> <span class='ocrx_word' id='word_1_124' title='bbox 856 1354 1166 1426; x_wconf 85' lang='lat' dir='ltr'>sigillorum</span> <span class='ocrx_word' id='word_1_125' title='bbox 1197 1353 1265 1408; x_wconf 87' lang='lat' dir='ltr'>ad</span> <span class='ocrx_word' id='word_1_126' title='bbox 1308 1361 1464 1408; x_wconf 85' lang='lat' dir='ltr'>vetus</span> <span class='ocrx_word' id='word_1_127' title='bbox 1491 1352 1817 1407; x_wconf 89' lang='lat' dir='ltr'>Testamen-</span> 
     </span>
    </p>
   </div>
   <div class='ocr_carea' id='block_1_12' title="bbox 207 1443 1817 1514">
    <p class='ocr_par' dir='ltr' id='par_1_12' title="bbox 207 1443 1817 1514">
     <span class='ocr_line' id='line_1_12' title="bbox 207 1443 1817 1514; baseline -0.001 -18"><span class='ocrx_word' id='word_1_128' title='bbox 207 1449 359 1511; x_wconf 88' lang='lat' dir='ltr'>tum,</span> <span class='ocrx_word' id='word_1_129' title='bbox 408 1443 578 1499; x_wconf 87' lang='lat' dir='ltr'>trium</span> <span class='ocrx_word' id='word_1_130' title='bbox 627 1460 757 1499; x_wconf 86' lang='lat' dir='ltr'>vero</span> <span class='ocrx_word' id='word_1_131' title='bbox 819 1443 887 1499; x_wconf 85' lang='lat' dir='ltr'>ad</span> <span class='ocrx_word' id='word_1_132' title='bbox 955 1460 1163 1499; x_wconf 87' lang='lat' dir='ltr'>novum</span> <span class='ocrx_word' id='word_1_133' title='bbox 1228 1443 1512 1514; x_wconf 86' lang='lat' dir='ltr'>pertineat.</span> <span class='ocrx_word' id='word_1_134' title='bbox 1571 1443 1817 1509; x_wconf 83' lang='lat' dir='ltr'>Quatuor</span> 
     </span>
    </p>
   </div>
   <div class='ocr_carea' id='block_1_13' title="bbox 211 1532 1815 1605">
    <p class='ocr_par' dir='ltr' id='par_1_13' title="bbox 211 1532 1815 1605">
     <span class='ocr_line' id='line_1_13' title="bbox 211 1532 1815 1605; baseline 0.001 -20"><span class='ocrx_word' id='word_1_135' title='bbox 211 1547 455 1605; x_wconf 86' lang='lat' dir='ltr'>namque</span> <span class='ocrx_word' id='word_1_136' title='bbox 504 1541 635 1589; x_wconf 89' lang='lat' dir='ltr'>sunt</span> <span class='ocrx_word' id='word_1_137' title='bbox 680 1534 971 1601; x_wconf 86' lang='lat' dir='ltr'>elementa,</span> <span class='ocrx_word' id='word_1_138' title='bbox 1019 1533 1220 1605; x_wconf 89' lang='lat' dir='ltr'>quibus</span> <span class='ocrx_word' id='word_1_139' title='bbox 1268 1532 1569 1589; x_wconf 90' lang='lat' dir='ltr'>secundum</span> <span class='ocrx_word' id='word_1_140' title='bbox 1615 1548 1815 1602; x_wconf 89' lang='lat' dir='ltr'>corpus</span> 
     </span>
    </p>
   </div>
   <div class='ocr_carea' id='block_1_14' title="bbox 205 1620 1813 1694">
    <p class='ocr_par' dir='ltr' id='par_1_14' title="bbox 205 1620 1813 1694">
     <span class='ocr_line' id='line_1_14' title="bbox 205 1620 1813 1694; baseline 0 -20"><span class='ocrx_word' id='word_1_141' title='bbox 205 1620 602 1689; x_wconf 88' lang='lat' dir='ltr'>subsistimus;</span> <span class='ocrx_word' id='word_1_142' title='bbox 640 1630 794 1677; x_wconf 79' lang='lat' dir='ltr'>vetus</span> <span class='ocrx_word' id='word_1_143' title='bbox 842 1623 1010 1694; x_wconf 84' lang='lat' dir='ltr'>igitur</span> <span class='ocrx_word' id='word_1_144' title='bbox 1057 1623 1465 1677; x_wconf 86' lang='lat' dir='ltr'>Testamentum</span> <span class='ocrx_word' id='word_1_145' title='bbox 1496 1622 1551 1675; x_wconf 92' lang='lat' dir='ltr'>in</span> <span class='ocrx_word' id='word_1_146' title='bbox 1584 1627 1813 1694; x_wconf 88' lang='lat' dir='ltr'>quater-</span> 
     </span>
    </p>
   </div>
   <div class='ocr_carea' id='block_1_15' title="bbox 207 1708 1814 1782">
    <p class='ocr_par' dir='ltr' id='par_1_15' title="bbox 207 1708 1814 1782">
     <span class='ocr_line' id='line_1_15' title="bbox 207 1708 1814 1782; baseline 0 -18"><span class='ocrx_word' id='word_1_147' title='bbox 207 1708 372 1765; x_wconf 87' lang='lat' dir='ltr'>nario</span> <span class='ocrx_word' id='word_1_148' title='bbox 403 1726 632 1766; x_wconf 89' lang='lat' dir='ltr'>numero</span> <span class='ocrx_word' id='word_1_149' title='bbox 655 1727 765 1765; x_wconf 91' lang='lat' dir='ltr'>non</span> <span class='ocrx_word' id='word_1_150' title='bbox 792 1710 1248 1765; x_wconf 88' lang='lat' dir='ltr'>inconvenienter</span> <span class='ocrx_word' id='word_1_151' title='bbox 1272 1710 1496 1782; x_wconf 86' lang='lat' dir='ltr'>ponitur</span> <span class='ocrx_word' id='word_1_152' title='bbox 1521 1727 1533 1776; x_wconf 91' lang='lat'>;</span> <span class='ocrx_word' id='word_1_153' title='bbox 1565 1709 1694 1782; x_wconf 87' lang='lat' dir='ltr'>quia</span> <span class='ocrx_word' id='word_1_154' title='bbox 1725 1710 1814 1764; x_wconf 90' lang='lat' dir='ltr'>lex</span> 
     </span>
    </p>
   </div>
   <div class='ocr_carea' id='block_1_16' title="bbox 206 1799 1810 1873">
    <p class='ocr_par' dir='ltr' id='par_1_16' title="bbox 206 1799 1810 1873">
     <span class='ocr_line' id='line_1_16' title="bbox 206 1799 1810 1873; baseline 0.001 -19"><span class='ocrx_word' id='word_1_155' title='bbox 206 1799 391 1871; x_wconf 85' lang='lat' dir='ltr'>Moysi</span> <span class='ocrx_word' id='word_1_156' title='bbox 408 1800 550 1855; x_wconf 88' lang='lat' dir='ltr'>nihil</span> <span class='ocrx_word' id='word_1_157' title='bbox 570 1800 721 1856; x_wconf 86' lang='lat' dir='ltr'>aliud</span> <span class='ocrx_word' id='word_1_158' title='bbox 737 1801 940 1873; x_wconf 91' lang='lat' dir='ltr'>populo</span> <span class='ocrx_word' id='word_1_159' title='bbox 963 1801 1250 1868; x_wconf 87' lang='lat' dir='ltr'>Hebraico,</span> <span class='ocrx_word' id='word_1_160' title='bbox 1266 1800 1373 1855; x_wconf 88' lang='lat' dir='ltr'>nisi</span> <span class='ocrx_word' id='word_1_161' title='bbox 1386 1816 1447 1856; x_wconf 90' lang='lat' dir='ltr'>ea</span> <span class='ocrx_word' id='word_1_162' title='bbox 1463 1815 1581 1872; x_wconf 76' lang='lat' dir='ltr'>quae</span> <span class='ocrx_word' id='word_1_163' title='bbox 1599 1799 1665 1855; x_wconf 90' lang='lat' dir='ltr'>ad</span> <span class='ocrx_word' id='word_1_164' title='bbox 1681 1816 1810 1872; x_wconf 89' lang='lat' dir='ltr'>qua-</span> 
     </span>
    </p>
   </div>
   <div class='ocr_carea' id='block_1_17' title="bbox 1921 1077 3525 1155">
    <p class='ocr_par' dir='ltr' id='par_1_17' title="bbox 1921 1077 3525 1155">
     <span class='ocr_line' id='line_1_17' title="bbox 1921 1077 3525 1155; baseline 0.007 -23"><span class='ocrx_word' id='word_1_165' title='bbox 1921 1077 1979 1133; x_wconf 93' lang='lat' dir='ltr'>in</span> <span class='ocrx_word' id='word_1_166' title='bbox 2008 1079 2254 1134; x_wconf 90' lang='lat' dir='ltr'>oratione</span> <span class='ocrx_word' id='word_1_167' title='bbox 2280 1079 2571 1136; x_wconf 85' lang='lat' dir='ltr'>Dominica</span> <span class='ocrx_word' id='word_1_168' title='bbox 2595 1082 2810 1139; x_wconf 88' lang='lat' dir='ltr'>assidue</span> <span class='ocrx_word' id='word_1_169' title='bbox 2840 1084 3094 1155; x_wconf 90' lang='lat' dir='ltr'>petimus,</span> <span class='ocrx_word' id='word_1_170' title='bbox 3121 1105 3147 1136; x_wconf 86' lang='grc'>‹‹</span> <span class='ocrx_word' id='word_1_171' title='bbox 3179 1093 3238 1140; x_wconf 89' lang='lat' dir='ltr'>ut</span> <span class='ocrx_word' id='word_1_172' title='bbox 3268 1086 3525 1144; x_wconf 88' lang='lat' dir='ltr'>adveniat</span> 
     </span>
    </p>
   </div>
   <div class='ocr_carea' id='block_1_18' title="bbox 1920 1170 3526 1247">
    <p class='ocr_par' dir='ltr' id='par_1_18' title="bbox 1920 1170 3526 1247">
     <span class='ocr_line' id='line_1_18' title="bbox 1920 1170 3526 1247; baseline 0.007 -27"><span class='ocrx_word' id='word_1_173' title='bbox 1920 1181 2145 1238; x_wconf 85' lang='lat' dir='ltr'>regnum</span> <span class='ocrx_word' id='word_1_174' title='bbox 2196 1175 2353 1223; x_wconf 90' lang='lat' dir='ltr'>tuum</span> <span class='ocrx_word' id='word_1_175' title='bbox 2404 1170 2614 1238; x_wconf 80' lang='lat' dir='ltr'>(Matth.</span> <span class='ocrx_word' id='word_1_176' title='bbox 2658 1188 2736 1239; x_wconf 79' lang='lat' dir='ltr'>vr,</span> <span class='ocrx_word' id='word_1_177' title='bbox 2771 1172 2884 1241; x_wconf 86' lang='grc'>10).</span> <span class='ocrx_word' id='word_1_178' title='bbox 2921 1198 2937 1221; x_wconf 77' lang='grc' dir='ltr'><strong>ι</strong></span> <span class='ocrx_word' id='word_1_179' title='bbox 2980 1173 3185 1229; x_wconf 85' lang='lat' dir='ltr'>Verum</span> <span class='ocrx_word' id='word_1_180' title='bbox 3232 1174 3360 1247; x_wconf 90' lang='lat' dir='ltr'>quia</span> <span class='ocrx_word' id='word_1_181' title='bbox 3389 1192 3526 1232; x_wconf 90' lang='lat' dir='ltr'>san-</span> 
     </span>
    </p>
   </div>
   <div class='ocr_carea' id='block_1_19' title="bbox 1925 1258 3523 1335">
    <p class='ocr_par' dir='ltr' id='par_1_19' title="bbox 1925 1258 3523 1335">
     <span class='ocr_line' id='line_1_19' title="bbox 1925 1258 3523 1335; baseline 0.007 -26"><span class='ocrx_word' id='word_1_182' title='bbox 1925 1261 2139 1310; x_wconf 83' lang='lat' dir='ltr'>ctorum</span> <span class='ocrx_word' id='word_1_183' title='bbox 2172 1258 2498 1314; x_wconf 84' lang='lat' dir='ltr'>resurrectio</span> <span class='ocrx_word' id='word_1_184' title='bbox 2528 1266 2686 1331; x_wconf 84' lang='lat' dir='ltr'>atque</span> <span class='ocrx_word' id='word_1_185' title='bbox 2719 1260 3043 1331; x_wconf 85' lang='lat' dir='ltr'>gloriﬁcatio</span> <span class='ocrx_word' id='word_1_186' title='bbox 3088 1262 3146 1317; x_wconf 89' lang='lat' dir='ltr'>in</span> <span class='ocrx_word' id='word_1_187' title='bbox 3193 1263 3283 1319; x_wconf 92' lang='lat' dir='ltr'>die</span> <span class='ocrx_word' id='word_1_188' title='bbox 3325 1262 3523 1335; x_wconf 88' lang='lat' dir='ltr'>judicii</span> 
     </span>
    </p>
   </div>
   <div class='ocr_carea' id='block_1_20' title="bbox 1924 1342 3523 1423">
    <p class='ocr_par' dir='ltr' id='par_1_20' title="bbox 1924 1342 3523 1423">
     <span class='ocr_line' id='line_1_20' title="bbox 1924 1342 3523 1423; baseline 0.006 -25"><span class='ocrx_word' id='word_1_189' title='bbox 1924 1342 2038 1411; x_wconf 91' lang='lat' dir='ltr'>ﬁet,</span> <span class='ocrx_word' id='word_1_190' title='bbox 2071 1353 2121 1400; x_wconf 86' lang='lat' dir='ltr'>et</span> <span class='ocrx_word' id='word_1_191' title='bbox 2154 1344 2270 1401; x_wconf 90' lang='lat' dir='ltr'>dies</span> <span class='ocrx_word' id='word_1_192' title='bbox 2306 1345 2503 1417; x_wconf 86' lang='lat' dir='ltr'>judicii</span> <span class='ocrx_word' id='word_1_193' title='bbox 2534 1348 2814 1406; x_wconf 86' lang='lat' dir='ltr'>damnatio</span> <span class='ocrx_word' id='word_1_194' title='bbox 2862 1351 2966 1407; x_wconf 92' lang='lat' dir='ltr'>erit</span> <span class='ocrx_word' id='word_1_195' title='bbox 2997 1351 3317 1423; x_wconf 90' lang='lat' dir='ltr'>impiorum,</span> <span class='ocrx_word' id='word_1_196' title='bbox 3349 1353 3523 1410; x_wconf 89' lang='lat' dir='ltr'>sancti</span> 
     </span>
    </p>
   </div>
   <div class='ocr_carea' id='block_1_21' title="bbox 1924 1433 3524 1517">
    <p class='ocr_par' dir='ltr' id='par_1_21' title="bbox 1924 1433 3524 1517">
     <span class='ocr_line' id='line_1_21' title="bbox 1924 1433 3524 1517; baseline 0.009 -30"><span class='ocrx_word' id='word_1_197' title='bbox 1924 1433 2192 1490; x_wconf 90' lang='lat' dir='ltr'>ultionem</span> <span class='ocrx_word' id='word_1_198' title='bbox 2222 1437 2288 1491; x_wconf 91' lang='lat' dir='ltr'>de</span> <span class='ocrx_word' id='word_1_199' title='bbox 2322 1438 2564 1495; x_wconf 91' lang='lat' dir='ltr'>inimicis</span> <span class='ocrx_word' id='word_1_200' title='bbox 2600 1442 2712 1495; x_wconf 88' lang='lat' dir='ltr'>suis</span> <span class='ocrx_word' id='word_1_201' title='bbox 2750 1444 3049 1513; x_wconf 86' lang='lat' dir='ltr'>postulant,</span> <span class='ocrx_word' id='word_1_202' title='bbox 3080 1438 3300 1517; x_wconf 82' lang='lat' dir='ltr'>quando</span> <span class='ocrx_word' id='word_1_203' title='bbox 3332 1452 3524 1517; x_wconf 87' lang='lat' dir='ltr'>petunt</span> 
     </span>
    </p>
   </div>
   <div class='ocr_carea' id='block_1_22' title="bbox 1923 1523 3523 1601">
    <p class='ocr_par' dir='ltr' id='par_1_22' title="bbox 1923 1523 3523 1601">
     <span class='ocr_line' id='line_1_22' title="bbox 1923 1523 3523 1601; baseline 0.008 -25"><span class='ocrx_word' id='word_1_204' title='bbox 1923 1530 1985 1577; x_wconf 92' lang='lat' dir='ltr'>ut</span> <span class='ocrx_word' id='word_1_205' title='bbox 2034 1523 2151 1578; x_wconf 90' lang='lat' dir='ltr'>dies</span> <span class='ocrx_word' id='word_1_206' title='bbox 2196 1526 2416 1582; x_wconf 90' lang='lat' dir='ltr'>Domini</span> <span class='ocrx_word' id='word_1_207' title='bbox 2466 1529 2687 1594; x_wconf 86' lang='lat' dir='ltr'>veniat;</span> <span class='ocrx_word' id='word_1_208' title='bbox 2742 1531 2872 1601; x_wconf 85' lang='lat' dir='ltr'>quia</span> <span class='ocrx_word' id='word_1_209' title='bbox 2917 1549 2981 1587; x_wconf 91' lang='lat' dir='ltr'>eo</span> <span class='ocrx_word' id='word_1_210' title='bbox 3028 1534 3118 1589; x_wconf 90' lang='lat' dir='ltr'>die</span> <span class='ocrx_word' id='word_1_211' title='bbox 3169 1533 3523 1591; x_wconf 87' lang='lat' dir='ltr'>damnatione</span> 
     </span>
    </p>
   </div>
   <div class='ocr_carea' id='block_1_23' title="bbox 1922 1614 3522 1692">
    <p class='ocr_par' dir='ltr' id='par_1_23' title="bbox 1922 1614 3522 1692">
     <span class='ocr_line' id='line_1_23' title="bbox 1922 1614 3522 1692; baseline 0.007 -25"><span class='ocrx_word' id='word_1_212' title='bbox 1922 1620 2182 1683; x_wconf 89' lang='lat' dir='ltr'>perpetua</span> <span class='ocrx_word' id='word_1_213' title='bbox 2209 1614 2635 1672; x_wconf 89' lang='lat' dir='ltr'>damnabuntur.</span> <span class='ocrx_word' id='word_1_214' title='bbox 2665 1618 2769 1673; x_wconf 89' lang='lat' dir='ltr'>Sed</span> <span class='ocrx_word' id='word_1_215' title='bbox 2809 1619 2900 1675; x_wconf 92' lang='lat' dir='ltr'>hic</span> <span class='ocrx_word' id='word_1_216' title='bbox 2929 1621 3158 1692; x_wconf 70' lang='lat' dir='ltr'>quaestio</span> <span class='ocrx_word' id='word_1_217' title='bbox 3192 1623 3391 1691; x_wconf 88' lang='lat' dir='ltr'>oritur,</span> <span class='ocrx_word' id='word_1_218' title='bbox 3422 1640 3522 1680; x_wconf 91' lang='lat' dir='ltr'>cur</span> 
     </span>
    </p>
   </div>
   <div class='ocr_carea' id='block_1_24' title="bbox 1921 1702 3525 1785">
    <p class='ocr_par' dir='ltr' id='par_1_24' title="bbox 1921 1702 3525 1785">
     <span class='ocr_line' id='line_1_24' title="bbox 1921 1702 3525 1785; baseline 0.009 -30"><span class='ocrx_word' id='word_1_219' title='bbox 1921 1702 2095 1757; x_wconf 86' lang='lat' dir='ltr'>sancti</span> <span class='ocrx_word' id='word_1_220' title='bbox 2164 1703 2307 1759; x_wconf 87' lang='lat' dir='ltr'>diem</span> <span class='ocrx_word' id='word_1_221' title='bbox 2382 1706 2605 1761; x_wconf 88' lang='lat' dir='ltr'>Domini</span> <span class='ocrx_word' id='word_1_222' title='bbox 2681 1708 3012 1778; x_wconf 82' lang='lat' dir='ltr'>desiderent,</span> <span class='ocrx_word' id='word_1_223' title='bbox 3070 1728 3198 1767; x_wconf 90' lang='lat' dir='ltr'>cum</span> <span class='ocrx_word' id='word_1_224' title='bbox 3256 1713 3525 1785; x_wconf 86' lang='lat' dir='ltr'>propheta</span> 
     </span>
    </p>
   </div>
   <div class='ocr_carea' id='block_1_25' title="bbox 1918 1788 3518 1871">
    <p class='ocr_par' dir='ltr' id='par_1_25' title="bbox 1918 1788 3518 1871">
     <span class='ocr_line' id='line_1_25' title="bbox 1918 1788 3518 1871; baseline 0.007 -26"><span class='ocrx_word' id='word_1_225' title='bbox 1918 1788 2066 1846; x_wconf 87' lang='lat' dir='ltr'>dicat</span> <span class='ocrx_word' id='word_1_226' title='bbox 2101 1809 2112 1845; x_wconf 90' lang='lat'><strong>:</strong></span> <span class='ocrx_word' id='word_1_227' title='bbox 2161 1816 2179 1841; x_wconf 77' lang='grc' dir='ltr'>ι</span> <span class='ocrx_word' id='word_1_228' title='bbox 2206 1793 2300 1848; x_wconf 68' lang='lat' dir='ltr'>Vae</span> <span class='ocrx_word' id='word_1_229' title='bbox 2339 1792 2777 1853; x_wconf 87' lang='lat' dir='ltr'>desiderantibus</span> <span class='ocrx_word' id='word_1_230' title='bbox 2806 1797 2952 1853; x_wconf 90' lang='lat' dir='ltr'>diem</span> <span class='ocrx_word' id='word_1_231' title='bbox 2990 1799 3209 1854; x_wconf 90' lang='lat' dir='ltr'>Domini</span> <span class='ocrx_word' id='word_1_232' title='bbox 3243 1799 3430 1868; x_wconf 84' lang='lat' dir='ltr'>(Amos</span> <span class='ocrx_word' id='word_1_233' title='bbox 3462 1819 3518 1871; x_wconf 88' lang='lat' dir='ltr'>v,</span> 
     </span>
    </p>
   </div>
   <div class='ocr_carea' id='block_1_26' title="bbox 206 1880 3522 1963">
    <p class='ocr_par' dir='ltr' id='par_1_26' title="bbox 206 1880 3522 1963">
     <span class='ocr_line' id='line_1_26' title="bbox 206 1880 3522 1963; baseline 0.003 -20"><span class='ocrx_word' id='word_1_234' title='bbox 206 1896 341 1944; x_wconf 87' lang='lat' dir='ltr'>tuor</span> <span class='ocrx_word' id='word_1_235' title='bbox 389 1891 660 1946; x_wconf 88' lang='lat' dir='ltr'>elementa</span> <span class='ocrx_word' id='word_1_236' title='bbox 711 1890 1011 1963; x_wconf 88' lang='lat' dir='ltr'>pertinent,</span> <span class='ocrx_word' id='word_1_237' title='bbox 1042 1890 1398 1962; x_wconf 88' lang='lat' dir='ltr'>repromittit.</span> <span class='ocrx_word' id='word_1_238' title='bbox 1431 1890 1646 1945; x_wconf 87' lang='lat' dir='ltr'>Novum</span> <span class='ocrx_word' id='word_1_239' title='bbox 1678 1908 1808 1947; x_wconf 90' lang='lat' dir='ltr'>vero</span> <span class='ocrx_word' id='word_1_240' title='bbox 1838 1902 1885 1963; x_wconf 86' lang='grc' dir='ltr'>Β</span> <span class='ocrx_word' id='word_1_241' title='bbox 1923 1880 2063 1951; x_wconf 68' lang='grc' dir='ltr'>18)Ῡ</span> <span class='ocrx_word' id='word_1_242' title='bbox 2106 1882 2126 1927; x_wconf 15' lang='grc' dir='ltr'>’Δ</span> <span class='ocrx_word' id='word_1_243' title='bbox 2183 1882 2396 1939; x_wconf 69' lang='lat' dir='ltr'>SCimuS</span> <span class='ocrx_word' id='word_1_244' title='bbox 2448 1902 2682 1958; x_wconf 85' lang='lat' dir='ltr'>namque</span> <span class='ocrx_word' id='word_1_245' title='bbox 2729 1887 2874 1944; x_wconf 74' lang='lat' dir='ltr'>diem</span> <span class='ocrx_word' id='word_1_246' title='bbox 2926 1888 3150 1944; x_wconf 72' lang='lat' dir='ltr'>Domini</span> <span class='ocrx_word' id='word_1_247' title='bbox 3201 1890 3522 1947; x_wconf 73' lang='lat' dir='ltr'>damnatio-</span> 
     </span>
    </p>
   </div>
   <div class='ocr_carea' id='block_1_27' title="bbox 206 1980 1809 2052">
    <p class='ocr_par' dir='ltr' id='par_1_27' title="bbox 206 1980 1809 2052">
     <span class='ocr_line' id='line_1_27' title="bbox 206 1980 1809 2052; baseline 0.001 -17"><span class='ocrx_word' id='word_1_248' title='bbox 206 1980 620 2037; x_wconf 88' lang='lat' dir='ltr'>Testamentum</span> <span class='ocrx_word' id='word_1_249' title='bbox 669 1981 725 2036; x_wconf 89' lang='lat' dir='ltr'>in</span> <span class='ocrx_word' id='word_1_250' title='bbox 775 1982 1016 2037; x_wconf 87' lang='lat' dir='ltr'>ternario</span> <span class='ocrx_word' id='word_1_251' title='bbox 1064 1996 1295 2035; x_wconf 89' lang='lat' dir='ltr'>numero</span> <span class='ocrx_word' id='word_1_252' title='bbox 1343 1981 1566 2052; x_wconf 88' lang='lat' dir='ltr'>ponitur</span> <span class='ocrx_word' id='word_1_253' title='bbox 1615 1999 1628 2047; x_wconf 91' lang='lat'>;</span> <span class='ocrx_word' id='word_1_254' title='bbox 1680 1980 1809 2052; x_wconf 87' lang='lat' dir='ltr'>quia</span> 
     </span>
    </p>
   </div>
   <div class='ocr_carea' id='block_1_28' title="bbox 206 2069 1807 2143">
    <p class='ocr_par' dir='ltr' id='par_1_28' title="bbox 206 2069 1807 2143">
     <span class='ocr_line' id='line_1_28' title="bbox 206 2069 1807 2143; baseline 0.002 -20"><span class='ocrx_word' id='word_1_255' title='bbox 206 2069 348 2124; x_wconf 80' lang='lat' dir='ltr'>ﬁdes</span> <span class='ocrx_word' id='word_1_256' title='bbox 377 2079 576 2126; x_wconf 69' lang='lat' dir='ltr'>sanctae</span> <span class='ocrx_word' id='word_1_257' title='bbox 607 2070 916 2137; x_wconf 87' lang='lat' dir='ltr'>Trinitatis,</span> <span class='ocrx_word' id='word_1_258' title='bbox 950 2069 1067 2125; x_wconf 91' lang='lat' dir='ltr'>sine</span> <span class='ocrx_word' id='word_1_259' title='bbox 1096 2086 1204 2143; x_wconf 89' lang='lat' dir='ltr'>qua</span> <span class='ocrx_word' id='word_1_260' title='bbox 1230 2071 1370 2126; x_wconf 89' lang='lat' dir='ltr'>salvi</span> <span class='ocrx_word' id='word_1_261' title='bbox 1399 2085 1515 2125; x_wconf 90' lang='lat' dir='ltr'>esse</span> <span class='ocrx_word' id='word_1_262' title='bbox 1546 2086 1658 2125; x_wconf 91' lang='lat' dir='ltr'>non</span> <span class='ocrx_word' id='word_1_263' title='bbox 1686 2087 1807 2142; x_wconf 89' lang='lat' dir='ltr'>pos-</span> 
     </span>
    </p>
   </div>
   <div class='ocr_carea' id='block_1_29' title="bbox 206 2159 1408 2232">
    <p class='ocr_par' dir='ltr' id='par_1_29' title="bbox 206 2159 1408 2232">
     <span class='ocr_line' id='line_1_29' title="bbox 206 2159 1408 2232; baseline 0.001 -19"><span class='ocrx_word' id='word_1_264' title='bbox 206 2174 424 2227; x_wconf 88' lang='lat' dir='ltr'>sumus,</span> <span class='ocrx_word' id='word_1_265' title='bbox 456 2159 513 2214; x_wconf 92' lang='lat' dir='ltr'>in</span> <span class='ocrx_word' id='word_1_266' title='bbox 542 2176 607 2215; x_wconf 92' lang='lat' dir='ltr'>eo</span> <span class='ocrx_word' id='word_1_267' title='bbox 637 2160 945 2232; x_wconf 83' lang='lat' dir='ltr'>specialiter</span> <span class='ocrx_word' id='word_1_268' title='bbox 972 2159 1408 2215; x_wconf 87' lang='lat' dir='ltr'>commendatur.</span> 
     </span>
    </p>
   </div>
   <div class='ocr_carea' id='block_1_30' title="bbox 287 2247 1804 2320">
    <p class='ocr_par' dir='ltr' id='par_1_30' title="bbox 287 2247 1804 2320">
     <span class='ocr_line' id='line_1_30' title="bbox 287 2247 1804 2320; baseline 0.001 -17"><span class='ocrx_word' id='word_1_269' title='bbox 287 2248 467 2318; x_wconf 78' lang='lat' dir='ltr'>(Vere.</span> <span class='ocrx_word' id='word_1_270' title='bbox 517 2250 598 2319; x_wconf 91' lang='lat'>9.)</span> <span class='ocrx_word' id='word_1_271' title='bbox 649 2252 723 2306; x_wconf 91' lang='lat' dir='ltr'>Et</span> <span class='ocrx_word' id='word_1_272' title='bbox 763 2266 877 2303; x_wconf 91' lang='lat' dir='ltr'>cum</span> <span class='ocrx_word' id='word_1_273' title='bbox 917 2247 1208 2320; x_wconf 78' lang='lat' dir='ltr'>aperuisset</span> <span class='ocrx_word' id='word_1_274' title='bbox 1252 2247 1484 2317; x_wconf 76' lang='lat' dir='ltr'>sigillum</span> <span class='ocrx_word' id='word_1_275' title='bbox 1542 2250 1804 2319; x_wconf 84' lang='lat' dir='ltr'>quintum.</span> 
     </span>
    </p>
   </div>
   <div class='ocr_carea' id='block_1_31' title="bbox 205 2330 1806 2410">
    <p class='ocr_par' dir='ltr' id='par_1_31' title="bbox 205 2330 1806 2410">
     <span class='ocr_line' id='line_1_31' title="bbox 205 2330 1806 2410; baseline 0.002 -21"><span class='ocrx_word' id='word_1_276' title='bbox 205 2336 405 2404; x_wconf 81' lang='lat' dir='ltr'>Quinti</span> <span class='ocrx_word' id='word_1_277' title='bbox 453 2337 620 2410; x_wconf 90' lang='lat' dir='ltr'>sigilli</span> <span class='ocrx_word' id='word_1_278' title='bbox 665 2330 893 2410; x_wconf 88' lang='lat' dir='ltr'>apertio,</span> <span class='ocrx_word' id='word_1_279' title='bbox 935 2337 1076 2393; x_wconf 82' lang='lat' dir='ltr'>sexti</span> <span class='ocrx_word' id='word_1_280' title='bbox 1120 2344 1173 2392; x_wconf 93' lang='lat' dir='ltr'>et</span> <span class='ocrx_word' id='word_1_281' title='bbox 1220 2337 1458 2409; x_wconf 89' lang='lat' dir='ltr'>septimi,</span> <span class='ocrx_word' id='word_1_282' title='bbox 1511 2338 1654 2394; x_wconf 88' lang='lat' dir='ltr'>sicut</span> <span class='ocrx_word' id='word_1_283' title='bbox 1693 2337 1806 2409; x_wconf 88' lang='lat' dir='ltr'>jam</span> 
     </span>
    </p>
   </div>
   <div class='ocr_carea' id='block_1_32' title="bbox 204 2425 1809 2499">
    <p class='ocr_par' dir='ltr' id='par_1_32' title="bbox 204 2425 1809 2499">
     <span class='ocr_line' id='line_1_32' title="bbox 204 2425 1809 2499; baseline 0.001 -18"><span class='ocrx_word' id='word_1_284' title='bbox 204 2425 478 2495; x_wconf 85' lang='lat' dir='ltr'>diximus,</span> <span class='ocrx_word' id='word_1_285' title='bbox 501 2426 569 2482; x_wconf 90' lang='lat' dir='ltr'>ad</span> <span class='ocrx_word' id='word_1_286' title='bbox 590 2428 928 2499; x_wconf 89' lang='lat' dir='ltr'>apertionem</span> <span class='ocrx_word' id='word_1_287' title='bbox 951 2426 1082 2482; x_wconf 91' lang='lat' dir='ltr'>novi</span> <span class='ocrx_word' id='word_1_288' title='bbox 1103 2426 1438 2482; x_wconf 88' lang='lat' dir='ltr'>Testamenti</span> <span class='ocrx_word' id='word_1_289' title='bbox 1461 2426 1698 2498; x_wconf 89' lang='lat' dir='ltr'>pertinet</span> <span class='ocrx_word' id='word_1_290' title='bbox 1723 2445 1733 2482; x_wconf 92' lang='lat'>:</span> <span class='ocrx_word' id='word_1_291' title='bbox 1755 2436 1809 2483; x_wconf 90' lang='lat' dir='ltr'>et</span> 
     </span>
    </p>
   </div>
   <div class='ocr_carea' id='block_1_33' title="bbox 206 2517 1808 2588">
    <p class='ocr_par' dir='ltr' id='par_1_33' title="bbox 206 2517 1808 2588">
     <span class='ocr_line' id='line_1_33' title="bbox 206 2517 1808 2588; baseline 0.002 -18"><span class='ocrx_word' id='word_1_292' title='bbox 206 2517 468 2588; x_wconf 87' lang='lat' dir='ltr'>quamvis</span> <span class='ocrx_word' id='word_1_293' title='bbox 514 2534 723 2574; x_wconf 90' lang='lat' dir='ltr'>novum</span> <span class='ocrx_word' id='word_1_294' title='bbox 780 2519 1187 2573; x_wconf 89' lang='lat' dir='ltr'>Testamentum</span> <span class='ocrx_word' id='word_1_295' title='bbox 1236 2518 1445 2588; x_wconf 89' lang='lat' dir='ltr'>apertio</span> <span class='ocrx_word' id='word_1_296' title='bbox 1491 2518 1565 2574; x_wconf 89' lang='lat' dir='ltr'>sit</span> <span class='ocrx_word' id='word_1_297' title='bbox 1609 2518 1808 2574; x_wconf 85' lang='lat' dir='ltr'>veteris</span> 
     </span>
    </p>
   </div>
   <div class='ocr_carea' id='block_1_34' title="bbox 206 2606 1803 2679">
    <p class='ocr_par' dir='ltr' id='par_1_34' title="bbox 206 2606 1803 2679">
     <span class='ocr_line' id='line_1_34' title="bbox 206 2606 1803 2679; baseline 0 -17"><span class='ocrx_word' id='word_1_298' title='bbox 206 2606 545 2663; x_wconf 88' lang='lat' dir='ltr'>Testamenti</span> <span class='ocrx_word' id='word_1_299' title='bbox 575 2626 589 2675; x_wconf 91' lang='lat'>;</span> <span class='ocrx_word' id='word_1_300' title='bbox 630 2614 815 2664; x_wconf 84' lang='lat' dir='ltr'>tamen</span> <span class='ocrx_word' id='word_1_301' title='bbox 846 2608 1021 2664; x_wconf 88' lang='lat' dir='ltr'>multa</span> <span class='ocrx_word' id='word_1_302' title='bbox 1048 2607 1105 2662; x_wconf 91' lang='lat' dir='ltr'>in</span> <span class='ocrx_word' id='word_1_303' title='bbox 1134 2622 1199 2663; x_wconf 89' lang='lat' dir='ltr'>eo</span> <span class='ocrx_word' id='word_1_304' title='bbox 1227 2607 1455 2663; x_wconf 90' lang='lat' dir='ltr'>obscure</span> <span class='ocrx_word' id='word_1_305' title='bbox 1501 2615 1803 2679; x_wconf 90' lang='lat' dir='ltr'>ponuntur,</span> 
     </span>
    </p>
   </div>
   <div class='ocr_carea' id='block_1_35' title="bbox 204 2695 1808 2771">
    <p class='ocr_par' dir='ltr' id='par_1_35' title="bbox 204 2695 1808 2771">
     <span class='ocr_line' id='line_1_35' title="bbox 204 2695 1808 2771; baseline 0 -20"><span class='ocrx_word' id='word_1_306' title='bbox 204 2712 331 2771; x_wconf 70' lang='lat' dir='ltr'>quae</span> <span class='ocrx_word' id='word_1_307' title='bbox 378 2712 596 2753; x_wconf 88' lang='lat' dir='ltr'>necesse</span> <span class='ocrx_word' id='word_1_308' title='bbox 651 2704 733 2753; x_wconf 91' lang='lat' dir='ltr'>est</span> <span class='ocrx_word' id='word_1_309' title='bbox 795 2704 859 2751; x_wconf 90' lang='lat' dir='ltr'>ut</span> <span class='ocrx_word' id='word_1_310' title='bbox 920 2703 1284 2767; x_wconf 85' lang='lat' dir='ltr'>exponantur.</span> <span class='ocrx_word' id='word_1_311' title='bbox 1343 2696 1516 2767; x_wconf 88' lang='lat' dir='ltr'>Igitur</span> <span class='ocrx_word' id='word_1_312' title='bbox 1565 2695 1808 2767; x_wconf 88' lang='lat' dir='ltr'>sigillum</span> 
     </span>
    </p>
   </div>
   <div class='ocr_carea' id='block_1_36' title="bbox 212 2784 1807 2860">
    <p class='ocr_par' dir='ltr' id='par_1_36' title="bbox 212 2784 1807 2860">
     <span class='ocr_line' id='line_1_36' title="bbox 212 2784 1807 2860; baseline 0 -19"><span class='ocrx_word' id='word_1_313' title='bbox 212 2786 495 2860; x_wconf 84' lang='lat' dir='ltr'>quintum,</span> <span class='ocrx_word' id='word_1_314' title='bbox 543 2793 759 2841; x_wconf 87' lang='lat' dir='ltr'>sextum</span> <span class='ocrx_word' id='word_1_315' title='bbox 808 2792 864 2841; x_wconf 91' lang='lat' dir='ltr'>et</span> <span class='ocrx_word' id='word_1_316' title='bbox 921 2786 1215 2857; x_wconf 91' lang='lat' dir='ltr'>septimum</span> <span class='ocrx_word' id='word_1_317' title='bbox 1273 2785 1524 2840; x_wconf 86' lang='lat' dir='ltr'>Salvator</span> <span class='ocrx_word' id='word_1_318' title='bbox 1573 2784 1807 2857; x_wconf 89' lang='lat' dir='ltr'>aperuit,</span> 
     </span>
    </p>
   </div>
   <div class='ocr_carea' id='block_1_37' title="bbox 212 2873 1811 2948">
    <p class='ocr_par' dir='ltr' id='par_1_37' title="bbox 212 2873 1811 2948">
     <span class='ocr_line' id='line_1_37' title="bbox 212 2873 1811 2948; baseline -0.003 -18"><span class='ocrx_word' id='word_1_319' title='bbox 212 2875 435 2948; x_wconf 90' lang='lat' dir='ltr'>quando</span> <span class='ocrx_word' id='word_1_320' title='bbox 464 2892 527 2931; x_wconf 90' lang='lat' dir='ltr'>ea</span> <span class='ocrx_word' id='word_1_321' title='bbox 567 2891 688 2948; x_wconf 80' lang='lat' dir='ltr'>quae</span> <span class='ocrx_word' id='word_1_322' title='bbox 734 2891 830 2947; x_wconf 89' lang='lat' dir='ltr'>per</span> <span class='ocrx_word' id='word_1_323' title='bbox 874 2874 1160 2945; x_wconf 86' lang='lat' dir='ltr'>parabolas</span> <span class='ocrx_word' id='word_1_324' title='bbox 1200 2873 1315 2946; x_wconf 89' lang='lat' dir='ltr'>ipse</span> <span class='ocrx_word' id='word_1_325' title='bbox 1361 2873 1578 2930; x_wconf 88' lang='lat' dir='ltr'>locutus</span> <span class='ocrx_word' id='word_1_326' title='bbox 1620 2881 1721 2939; x_wconf 88' lang='lat' dir='ltr'>est,</span> <span class='ocrx_word' id='word_1_327' title='bbox 1757 2879 1811 2927; x_wconf 91' lang='lat' dir='ltr'>et</span> 
     </span>
    </p>
   </div>
   <div class='ocr_carea' id='block_1_38' title="bbox 210 2964 1807 3039">
    <p class='ocr_par' dir='ltr' id='par_1_38' title="bbox 210 2964 1807 3039">
     <span class='ocr_line' id='line_1_38' title="bbox 210 2964 1807 3039; baseline -0.001 -18"><span class='ocrx_word' id='word_1_328' title='bbox 210 2966 516 3039; x_wconf 84' lang='lat' dir='ltr'>ﬁguraliter</span> <span class='ocrx_word' id='word_1_329' title='bbox 571 2967 756 3039; x_wconf 83' lang='lat' dir='ltr'>gessit,</span> <span class='ocrx_word' id='word_1_330' title='bbox 840 2966 1160 3022; x_wconf 89' lang='lat' dir='ltr'>doctoribus</span> <span class='ocrx_word' id='word_1_331' title='bbox 1217 2965 1477 3022; x_wconf 67' lang='lat' dir='ltr'>Ecclesiae</span> <span class='ocrx_word' id='word_1_332' title='bbox 1532 2964 1807 3036; x_wconf 87' lang='lat' dir='ltr'>patefecit.</span> 
     </span>
    </p>
   </div>
   <div class='ocr_carea' id='block_1_39' title="bbox 209 3052 1811 3128">
    <p class='ocr_par' dir='ltr' id='par_1_39' title="bbox 209 3052 1811 3128">
     <span class='ocr_line' id='line_1_39' title="bbox 209 3052 1811 3128; baseline -0.002 -18"><span class='ocrx_word' id='word_1_333' title='bbox 209 3055 319 3111; x_wconf 84' lang='lat' dir='ltr'>Sed</span> <span class='ocrx_word' id='word_1_334' title='bbox 362 3056 430 3112; x_wconf 91' lang='lat' dir='ltr'>de</span> <span class='ocrx_word' id='word_1_335' title='bbox 459 3056 803 3128; x_wconf 82' lang='lat' dir='ltr'>expositione</span> <span class='ocrx_word' id='word_1_336' title='bbox 846 3055 979 3111; x_wconf 86' lang='lat' dir='ltr'>novi</span> <span class='ocrx_word' id='word_1_337' title='bbox 1009 3054 1343 3110; x_wconf 89' lang='lat' dir='ltr'>Testamenti</span> <span class='ocrx_word' id='word_1_338' title='bbox 1372 3070 1484 3108; x_wconf 90' lang='lat' dir='ltr'>non</span> <span class='ocrx_word' id='word_1_339' title='bbox 1523 3060 1604 3109; x_wconf 90' lang='lat' dir='ltr'>est</span> <span class='ocrx_word' id='word_1_340' title='bbox 1649 3052 1811 3107; x_wconf 89' lang='lat' dir='ltr'>nobis</span> 
     </span>
    </p>
   </div>
   <div class='ocr_carea' id='block_1_40' title="bbox 211 3139 1811 3218">
    <p class='ocr_par' dir='ltr' id='par_1_40' title="bbox 211 3139 1811 3218">
     <span class='ocr_line' id='line_1_40' title="bbox 211 3139 1811 3218; baseline -0.004 -17"><span class='ocrx_word' id='word_1_341' title='bbox 211 3161 432 3202; x_wconf 88' lang='lat' dir='ltr'>necesse</span> <span class='ocrx_word' id='word_1_342' title='bbox 479 3144 778 3218; x_wconf 88' lang='lat' dir='ltr'>quidquam</span> <span class='ocrx_word' id='word_1_343' title='bbox 810 3143 1013 3212; x_wconf 90' lang='lat' dir='ltr'>dicere,</span> <span class='ocrx_word' id='word_1_344' title='bbox 1056 3159 1121 3198; x_wconf 94' lang='lat' dir='ltr'>eo</span> <span class='ocrx_word' id='word_1_345' title='bbox 1153 3142 1301 3215; x_wconf 91' lang='lat' dir='ltr'>quod</span> <span class='ocrx_word' id='word_1_346' title='bbox 1331 3158 1363 3197; x_wconf 92' lang='lat' dir='ltr'>a</span> <span class='ocrx_word' id='word_1_347' title='bbox 1392 3141 1595 3199; x_wconf 89' lang='lat' dir='ltr'>sanctis</span> <span class='ocrx_word' id='word_1_348' title='bbox 1623 3139 1811 3196; x_wconf 85' lang='lat' dir='ltr'>Patri-</span> 
     </span>
    </p>
   </div>
   <div class='ocr_carea' id='block_1_41' title="bbox 212 3230 1802 3304">
    <p class='ocr_par' dir='ltr' id='par_1_41' title="bbox 212 3230 1802 3304">
     <span class='ocr_line' id='line_1_41' title="bbox 212 3230 1802 3304; baseline -0.003 -15"><span class='ocrx_word' id='word_1_349' title='bbox 212 3233 320 3289; x_wconf 90' lang='lat' dir='ltr'>bus</span> <span class='ocrx_word' id='word_1_350' title='bbox 384 3232 711 3288; x_wconf 86' lang='lat' dir='ltr'>mirabiliter</span> <span class='ocrx_word' id='word_1_351' title='bbox 773 3239 827 3287; x_wconf 89' lang='lat' dir='ltr'>et</span> <span class='ocrx_word' id='word_1_352' title='bbox 884 3230 1270 3304; x_wconf 87' lang='lat' dir='ltr'>multipliciter</span> <span class='ocrx_word' id='word_1_353' title='bbox 1333 3230 1407 3286; x_wconf 92' lang='lat' dir='ltr'>sit</span> <span class='ocrx_word' id='word_1_354' title='bbox 1469 3230 1802 3302; x_wconf 88' lang='lat' dir='ltr'>expositum.</span> 
     </span>
    </p>
   </div>
   <div class='ocr_carea' id='block_1_42' title="bbox 211 3317 1804 3393">
    <p class='ocr_par' dir='ltr' id='par_1_42' title="bbox 211 3317 1804 3393">
     <span class='ocr_line' id='line_1_42' title="bbox 211 3317 1804 3393; baseline -0.003 -17"><span class='ocrx_word' id='word_1_355' title='bbox 211 3321 406 3388; x_wconf 90' lang='lat' dir='ltr'>Quinti</span> <span class='ocrx_word' id='word_1_356' title='bbox 437 3320 607 3393; x_wconf 84' lang='lat' dir='ltr'>igitur</span> <span class='ocrx_word' id='word_1_357' title='bbox 651 3320 822 3393; x_wconf 86' lang='lat' dir='ltr'>sigilli</span> <span class='ocrx_word' id='word_1_358' title='bbox 863 3320 1074 3393; x_wconf 87' lang='lat' dir='ltr'>apertio</span> <span class='ocrx_word' id='word_1_359' title='bbox 1117 3320 1184 3376; x_wconf 91' lang='lat' dir='ltr'>ad</span> <span class='ocrx_word' id='word_1_360' title='bbox 1227 3328 1496 3392; x_wconf 76' lang='lat' dir='ltr'>martyres</span> <span class='ocrx_word' id='word_1_361' title='bbox 1524 3317 1756 3391; x_wconf 86' lang='lat' dir='ltr'>pertinet</span> <span class='ocrx_word' id='word_1_362' title='bbox 1790 3336 1804 3385; x_wconf 88' lang='lat'>;</span> 
     </span>
    </p>
   </div>
   <div class='ocr_carea' id='block_1_43' title="bbox 205 3408 1806 3487">
    <p class='ocr_par' dir='ltr' id='par_1_43' title="bbox 205 3408 1806 3487">
     <span class='ocr_line' id='line_1_43' title="bbox 205 3408 1806 3487; baseline -0.003 -19"><span class='ocrx_word' id='word_1_363' title='bbox 205 3412 466 3487; x_wconf 89' lang='lat' dir='ltr'>quintum</span> <span class='ocrx_word' id='word_1_364' title='bbox 492 3429 623 3468; x_wconf 84' lang='lat' dir='ltr'>vero</span> <span class='ocrx_word' id='word_1_365' title='bbox 644 3411 887 3485; x_wconf 87' lang='lat' dir='ltr'>sigillum</span> <span class='ocrx_word' id='word_1_366' title='bbox 904 3419 1037 3468; x_wconf 90' lang='lat' dir='ltr'>tunc</span> <span class='ocrx_word' id='word_1_367' title='bbox 1057 3410 1308 3468; x_wconf 87' lang='lat' dir='ltr'>Christus</span> <span class='ocrx_word' id='word_1_368' title='bbox 1327 3410 1561 3482; x_wconf 89' lang='lat' dir='ltr'>aperuit,</span> <span class='ocrx_word' id='word_1_369' title='bbox 1586 3408 1806 3482; x_wconf 89' lang='lat' dir='ltr'>quando</span> 
     </span>
    </p>
   </div>
   <div class='ocr_carea' id='block_1_44' title="bbox 204 3499 1806 3574">
    <p class='ocr_par' dir='ltr' id='par_1_44' title="bbox 204 3499 1806 3574">
     <span class='ocr_line' id='line_1_44' title="bbox 204 3499 1806 3574; baseline -0.002 -17"><span class='ocrx_word' id='word_1_370' title='bbox 204 3518 272 3557; x_wconf 91' lang='lat' dir='ltr'>ea</span> <span class='ocrx_word' id='word_1_371' title='bbox 299 3518 420 3574; x_wconf 72' lang='lat' dir='ltr'>quae</span> <span class='ocrx_word' id='word_1_372' title='bbox 467 3517 565 3574; x_wconf 90' lang='lat' dir='ltr'>per</span> <span class='ocrx_word' id='word_1_373' title='bbox 603 3500 888 3572; x_wconf 87' lang='lat' dir='ltr'>parabolas</span> <span class='ocrx_word' id='word_1_374' title='bbox 933 3509 985 3556; x_wconf 91' lang='lat' dir='ltr'>et</span> <span class='ocrx_word' id='word_1_375' title='bbox 1028 3500 1289 3574; x_wconf 87' lang='lat' dir='ltr'>quasdam</span> <span class='ocrx_word' id='word_1_376' title='bbox 1333 3500 1535 3572; x_wconf 88' lang='lat' dir='ltr'>ﬁguras</span> <span class='ocrx_word' id='word_1_377' title='bbox 1562 3499 1629 3556; x_wconf 89' lang='lat' dir='ltr'>de</span> <span class='ocrx_word' id='word_1_378' title='bbox 1674 3515 1806 3571; x_wconf 88' lang='lat' dir='ltr'>per-</span> 
     </span>
    </p>
   </div>
   <div class='ocr_carea' id='block_1_45' title="bbox 206 3588 1799 3662">
    <p class='ocr_par' dir='ltr' id='par_1_45' title="bbox 206 3588 1799 3662">
     <span class='ocr_line' id='line_1_45' title="bbox 206 3588 1799 3662; baseline -0.002 -16"><span class='ocrx_word' id='word_1_379' title='bbox 206 3592 490 3648; x_wconf 90' lang='lat' dir='ltr'>secutione</span> <span class='ocrx_word' id='word_1_380' title='bbox 525 3597 856 3662; x_wconf 86' lang='lat' dir='ltr'>martyrum,</span> <span class='ocrx_word' id='word_1_381' title='bbox 887 3597 942 3645; x_wconf 91' lang='lat' dir='ltr'>et</span> <span class='ocrx_word' id='word_1_382' title='bbox 987 3588 1383 3662; x_wconf 88' lang='lat' dir='ltr'>gloriﬁcatione</span> <span class='ocrx_word' id='word_1_383' title='bbox 1413 3605 1602 3644; x_wconf 87' lang='lat' dir='ltr'>eorum</span> <span class='ocrx_word' id='word_1_384' title='bbox 1622 3588 1799 3658; x_wconf 83' lang='lat' dir='ltr'>dixit,</span> 
     </span>
    </p>
   </div>
   <div class='ocr_carea' id='block_1_46' title="bbox 203 3677 1801 3750">
    <p class='ocr_par' dir='ltr' id='par_1_46' title="bbox 203 3677 1801 3750">
     <span class='ocr_line' id='line_1_46' title="bbox 203 3677 1801 3750; baseline -0.001 -16"><span class='ocrx_word' id='word_1_385' title='bbox 203 3678 528 3735; x_wconf 90' lang='lat' dir='ltr'>doctoribus</span> <span class='ocrx_word' id='word_1_386' title='bbox 571 3678 831 3734; x_wconf 63' lang='lat' dir='ltr'>Ecclesiae</span> <span class='ocrx_word' id='word_1_387' title='bbox 894 3677 1289 3734; x_wconf 87' lang='lat' dir='ltr'>manifestavit.</span> <span class='ocrx_word' id='word_1_388' title='bbox 1342 3678 1575 3750; x_wconf 88' lang='lat' dir='ltr'>Aperuit</span> <span class='ocrx_word' id='word_1_389' title='bbox 1636 3678 1801 3734; x_wconf 88' lang='lat' dir='ltr'>etiam</span> 
     </span>
    </p>
   </div>
   <div class='ocr_carea' id='block_1_47' title="bbox 203 3766 1801 3842">
    <p class='ocr_par' dir='ltr' id='par_1_47' title="bbox 203 3766 1801 3842">
     <span class='ocr_line' id='line_1_47' title="bbox 203 3766 1801 3842; baseline -0.001 -19"><span class='ocrx_word' id='word_1_390' title='bbox 203 3768 465 3842; x_wconf 86' lang='lat' dir='ltr'>quintum</span> <span class='ocrx_word' id='word_1_391' title='bbox 508 3767 775 3840; x_wconf 92' lang='lat' dir='ltr'>sigillum,</span> <span class='ocrx_word' id='word_1_392' title='bbox 838 3766 1060 3840; x_wconf 88' lang='lat' dir='ltr'>quando</span> <span class='ocrx_word' id='word_1_393' title='bbox 1105 3767 1185 3823; x_wconf 91' lang='lat' dir='ltr'>eis</span> <span class='ocrx_word' id='word_1_394' title='bbox 1245 3768 1520 3823; x_wconf 63' lang='lat' dir='ltr'>caelestem</span> <span class='ocrx_word' id='word_1_395' title='bbox 1571 3766 1801 3839; x_wconf 88' lang='lat' dir='ltr'>gloriam</span> 
     </span>
    </p>
   </div>
   <div class='ocr_carea' id='block_1_48' title="bbox 204 3855 1802 3931">
    <p class='ocr_par' dir='ltr' id='par_1_48' title="bbox 204 3855 1802 3931">
     <span class='ocr_line' id='line_1_48' title="bbox 204 3855 1802 3931; baseline -0.001 -19"><span class='ocrx_word' id='word_1_396' title='bbox 204 3872 369 3931; x_wconf 86' lang='lat' dir='ltr'>quam</span> <span class='ocrx_word' id='word_1_397' title='bbox 407 3857 753 3929; x_wconf 88' lang='lat' dir='ltr'>promiserat,</span> <span class='ocrx_word' id='word_1_398' title='bbox 797 3855 1055 3923; x_wconf 85' lang='lat' dir='ltr'>contulit,</span> <span class='ocrx_word' id='word_1_399' title='bbox 1089 3871 1289 3929; x_wconf 90' lang='lat' dir='ltr'>eosque</span> <span class='ocrx_word' id='word_1_400' title='bbox 1329 3856 1389 3911; x_wconf 91' lang='lat' dir='ltr'>in</span> <span class='ocrx_word' id='word_1_401' title='bbox 1422 3855 1625 3912; x_wconf 79' lang='lat' dir='ltr'>mundo</span> <span class='ocrx_word' id='word_1_402' title='bbox 1660 3855 1802 3927; x_wconf 65' lang='lat' dir='ltr'>apud</span> 
     </span>
    </p>
   </div>
   <div class='ocr_carea' id='block_1_49' title="bbox 204 3945 1798 4005">
    <p class='ocr_par' dir='ltr' id='par_1_49' title="bbox 204 3945 1798 4005">
     <span class='ocr_line' id='line_1_49' title="bbox 204 3945 1798 4005; baseline 0 -5"><span class='ocrx_word' id='word_1_403' title='bbox 204 3945 456 4002; x_wconf 89' lang='lat' dir='ltr'>homines</span> <span class='ocrx_word' id='word_1_404' title='bbox 500 3946 845 4003; x_wconf 79' lang='lat' dir='ltr'>clarificavit.</span> <span class='ocrx_word' id='word_1_405' title='bbox 896 3947 1013 4005; x_wconf 84' lang='lat' dir='ltr'>Vidi</span> <span class='ocrx_word' id='word_1_406' title='bbox 1062 3948 1155 4001; x_wconf 87' lang='lat' dir='ltr'>sub</span> <span class='ocrx_word' id='word_1_407' title='bbox 1217 3948 1391 4002; x_wconf 88' lang='lat' dir='ltr'>altare</span> <span class='ocrx_word' id='word_1_408' title='bbox 1451 3947 1550 4002; x_wconf 83' lang='lat' dir='ltr'>Dei</span> <span class='ocrx_word' id='word_1_409' title='bbox 1589 3947 1798 4001; x_wconf 87' lang='lat' dir='ltr'>animas</span> 
     </span>
    </p>
   </div>
   <div class='ocr_carea' id='block_1_50' title="bbox 201 4033 1797 4108">
    <p class='ocr_par' dir='ltr' id='par_1_50' title="bbox 201 4033 1797 4108">
     <span class='ocr_line' id='line_1_50' title="bbox 201 4033 1797 4108; baseline -0.001 -19"><span class='ocrx_word' id='word_1_410' title='bbox 201 4033 595 4104; x_wconf 80' lang='lat' dir='ltr'>interfectorum</span> <span class='ocrx_word' id='word_1_411' title='bbox 641 4041 859 4108; x_wconf 80' lang='lat' dir='ltr'>propter</span> <span class='ocrx_word' id='word_1_412' title='bbox 910 4036 1123 4091; x_wconf 79' lang='lat' dir='ltr'>verbum</span> <span class='ocrx_word' id='word_1_413' title='bbox 1184 4036 1302 4104; x_wconf 82' lang='lat' dir='ltr'>Dei,</span> <span class='ocrx_word' id='word_1_414' title='bbox 1342 4042 1389 4090; x_wconf 87' lang='lat' dir='ltr'>et</span> <span class='ocrx_word' id='word_1_415' title='bbox 1449 4035 1797 4090; x_wconf 85' lang='lat' dir='ltr'>testimonium</span> 
     </span>
    </p>
   </div>
   <div class='ocr_carea' id='block_1_51' title="bbox 201 4123 1790 4194">
    <p class='ocr_par' dir='ltr' id='par_1_51' title="bbox 201 4123 1790 4194">
     <span class='ocr_line' id='line_1_51' title="bbox 201 4123 1790 4194; baseline 0 -15"><span class='ocrx_word' id='word_1_416' title='bbox 201 4123 346 4190; x_wconf 84' lang='lat' dir='ltr'>Jesu,</span> <span class='ocrx_word' id='word_1_417' title='bbox 406 4124 547 4194; x_wconf 86' lang='lat' dir='ltr'>quod</span> <span class='ocrx_word' id='word_1_418' title='bbox 600 4124 873 4179; x_wconf 84' lang='lat' dir='ltr'>habebant.</span> <span class='ocrx_word' id='word_1_419' title='bbox 941 4126 1129 4181; x_wconf 83' lang='lat' dir='ltr'>Altare</span> <span class='ocrx_word' id='word_1_420' title='bbox 1184 4125 1283 4181; x_wconf 92' lang='lat' dir='ltr'>Dei</span> <span class='ocrx_word' id='word_1_421' title='bbox 1340 4125 1592 4183; x_wconf 88' lang='lat' dir='ltr'>Christus</span> <span class='ocrx_word' id='word_1_422' title='bbox 1647 4131 1729 4180; x_wconf 90' lang='lat' dir='ltr'>est</span> <span class='ocrx_word' id='word_1_423' title='bbox 1778 4140 1790 4179; x_wconf 89' lang='lat'><strong>:</strong></span> 
     </span>
    </p>
   </div>
   <div class='ocr_carea' id='block_1_52' title="bbox 202 4210 1796 4289">
    <p class='ocr_par' dir='ltr' id='par_1_52' title="bbox 202 4210 1796 4289">
     <span class='ocr_line' id='line_1_52' title="bbox 202 4210 1796 4289; baseline 0.001 -22"><span class='ocrx_word' id='word_1_424' title='bbox 202 4210 402 4267; x_wconf 79' lang='lat' dir='ltr'>animae</span> <span class='ocrx_word' id='word_1_425' title='bbox 434 4211 603 4282; x_wconf 84' lang='lat' dir='ltr'>igitur</span> <span class='ocrx_word' id='word_1_426' title='bbox 631 4223 945 4270; x_wconf 90' lang='lat' dir='ltr'>sanctorum</span> <span class='ocrx_word' id='word_1_427' title='bbox 989 4214 1090 4270; x_wconf 89' lang='lat' dir='ltr'>sub</span> <span class='ocrx_word' id='word_1_428' title='bbox 1130 4215 1298 4271; x_wconf 90' lang='lat' dir='ltr'>altare</span> <span class='ocrx_word' id='word_1_429' title='bbox 1326 4215 1635 4289; x_wconf 87' lang='lat' dir='ltr'>quiescunt,</span> <span class='ocrx_word' id='word_1_430' title='bbox 1667 4214 1796 4288; x_wconf 90' lang='lat' dir='ltr'>quia</span> 
     </span>
    </p>
   </div>
   <div class='ocr_carea' id='block_1_53' title="bbox 199 4301 1795 4377">
    <p class='ocr_par' dir='ltr' id='par_1_53' title="bbox 199 4301 1795 4377">
     <span class='ocr_line' id='line_1_53' title="bbox 199 4301 1795 4377; baseline 0.003 -21"><span class='ocrx_word' id='word_1_431' title='bbox 199 4301 345 4357; x_wconf 87' lang='lat' dir='ltr'>sicut</span> <span class='ocrx_word' id='word_1_432' title='bbox 391 4302 558 4372; x_wconf 87' lang='lat' dir='ltr'>capiti</span> <span class='ocrx_word' id='word_1_433' title='bbox 598 4303 879 4373; x_wconf 89' lang='lat' dir='ltr'>supposita</span> <span class='ocrx_word' id='word_1_434' title='bbox 923 4310 1053 4359; x_wconf 87' lang='lat' dir='ltr'>sunt</span> <span class='ocrx_word' id='word_1_435' title='bbox 1089 4305 1352 4372; x_wconf 89' lang='lat' dir='ltr'>membra,</span> <span class='ocrx_word' id='word_1_436' title='bbox 1411 4306 1570 4377; x_wconf 88' lang='lat' dir='ltr'>eique</span> <span class='ocrx_word' id='word_1_437' title='bbox 1602 4305 1795 4362; x_wconf 74' lang='lat' dir='ltr'>cohae-</span> 
     </span>
    </p>
   </div>
   <div class='ocr_carea' id='block_1_54' title="bbox 201 4388 1792 4465">
    <p class='ocr_par' dir='ltr' id='par_1_54' title="bbox 201 4388 1792 4465">
     <span class='ocr_line' id='line_1_54' title="bbox 201 4388 1792 4465; baseline 0.002 -20"><span class='ocrx_word' id='word_1_438' title='bbox 201 4396 344 4456; x_wconf 88' lang='lat' dir='ltr'>rent,</span> <span class='ocrx_word' id='word_1_439' title='bbox 400 4388 477 4444; x_wconf 88' lang='lat' dir='ltr'>ita</span> <span class='ocrx_word' id='word_1_440' title='bbox 523 4396 577 4444; x_wconf 90' lang='lat' dir='ltr'>et</span> <span class='ocrx_word' id='word_1_441' title='bbox 623 4390 821 4445; x_wconf 66' lang='lat' dir='ltr'>anima:</span> <span class='ocrx_word' id='word_1_442' title='bbox 870 4400 1183 4447; x_wconf 89' lang='lat' dir='ltr'>sanctorum</span> <span class='ocrx_word' id='word_1_443' title='bbox 1232 4394 1290 4448; x_wconf 89' lang='lat' dir='ltr'>in</span> <span class='ocrx_word' id='word_1_444' title='bbox 1351 4394 1559 4450; x_wconf 63' lang='lat' dir='ltr'>caelesti</span> <span class='ocrx_word' id='word_1_445' title='bbox 1617 4394 1792 4465; x_wconf 86' lang='lat' dir='ltr'>gloria</span> 
     </span>
    </p>
   </div>
   <div class='ocr_carea' id='block_1_55' title="bbox 198 4477 1789 4556">
    <p class='ocr_par' dir='ltr' id='par_1_55' title="bbox 198 4477 1789 4556">
     <span class='ocr_line' id='line_1_55' title="bbox 198 4477 1789 4556; baseline 0.003 -21"><span class='ocrx_word' id='word_1_446' title='bbox 198 4477 535 4546; x_wconf 65' lang='lat' dir='ltr'>constitutis,</span> <span class='ocrx_word' id='word_1_447' title='bbox 580 4477 801 4536; x_wconf 90' lang='lat' dir='ltr'>Christo</span> <span class='ocrx_word' id='word_1_448' title='bbox 848 4480 1107 4536; x_wconf 87' lang='lat' dir='ltr'>salvatori</span> <span class='ocrx_word' id='word_1_449' title='bbox 1150 4480 1408 4552; x_wconf 54' lang='lat' dir='ltr'>subjectae</span> <span class='ocrx_word' id='word_1_450' title='bbox 1450 4489 1598 4550; x_wconf 91' lang='lat' dir='ltr'>sunt,</span> <span class='ocrx_word' id='word_1_451' title='bbox 1630 4483 1789 4556; x_wconf 86' lang='lat' dir='ltr'>eique</span> 
     </span>
    </p>
   </div>
   <div class='ocr_carea' id='block_1_56' title="bbox 200 4568 1526 4644">
    <p class='ocr_par' dir='ltr' id='par_1_56' title="bbox 200 4568 1526 4644">
     <span class='ocr_line' id='line_1_56' title="bbox 200 4568 1526 4644; baseline 0.004 -19"><span class='ocrx_word' id='word_1_452' title='bbox 200 4586 298 4644; x_wconf 91' lang='lat' dir='ltr'>per</span> <span class='ocrx_word' id='word_1_453' title='bbox 324 4568 771 4641; x_wconf 86' lang='lat' dir='ltr'>conjunctionem</span> <span class='ocrx_word' id='word_1_454' title='bbox 805 4572 1177 4628; x_wconf 88' lang='lat' dir='ltr'>membrorum</span> <span class='ocrx_word' id='word_1_455' title='bbox 1210 4581 1526 4630; x_wconf 88' lang='lat' dir='ltr'>nectuntur.</span> 
     </span>
    </p>
   </div>
   <div class='ocr_carea' id='block_1_57' title="bbox 1822 4627 1871 4686">
    <p class='ocr_par' dir='ltr' id='par_1_57' title="bbox 1822 4627 1871 4686">
     <span class='ocr_line' id='line_1_57' title="bbox 1822 4627 1871 4686; baseline 0 0"><span class='ocrx_word' id='word_1_456' title='bbox 1822 4627 1871 4686; x_wconf 92' lang='lat' dir='ltr'>D</span> 
     </span>
    </p>
   </div>
   <div class='ocr_carea' id='block_1_58' title="bbox 1914 1974 3521 2052">
    <p class='ocr_par' dir='ltr' id='par_1_58' title="bbox 1914 1974 3521 2052">
     <span class='ocr_line' id='line_1_58' title="bbox 1914 1974 3521 2052; baseline 0.007 -26"><span class='ocrx_word' id='word_1_457' title='bbox 1914 1987 2038 2026; x_wconf 91' lang='lat' dir='ltr'>nem</span> <span class='ocrx_word' id='word_1_458' title='bbox 2091 1988 2207 2029; x_wconf 91' lang='lat' dir='ltr'>esse</span> <span class='ocrx_word' id='word_1_459' title='bbox 2251 1974 2571 2047; x_wconf 91' lang='lat' dir='ltr'>impiorum,</span> <span class='ocrx_word' id='word_1_460' title='bbox 2620 1977 2762 2033; x_wconf 89' lang='lat' dir='ltr'>sicut</span> <span class='ocrx_word' id='word_1_461' title='bbox 2803 1976 2914 2048; x_wconf 89' lang='lat' dir='ltr'>jam</span> <span class='ocrx_word' id='word_1_462' title='bbox 2966 1977 3234 2035; x_wconf 85' lang='lat' dir='ltr'>diximus.</span> <span class='ocrx_word' id='word_1_463' title='bbox 3269 1980 3339 2034; x_wconf 90' lang='lat' dir='ltr'>Et</span> <span class='ocrx_word' id='word_1_464' title='bbox 3387 1980 3521 2052; x_wconf 91' lang='lat' dir='ltr'>quid</span> 
     </span>
    </p>
   </div>
   <div class='ocr_carea' id='block_1_59' title="bbox 1915 2062 3520 2135">
    <p class='ocr_par' dir='ltr' id='par_1_59' title="bbox 1915 2062 3520 2135">
     <span class='ocr_line' id='line_1_59' title="bbox 1915 2062 3520 2135; baseline 0.006 -20"><span class='ocrx_word' id='word_1_465' title='bbox 1915 2076 2133 2116; x_wconf 90' lang='lat' dir='ltr'>necesse</span> <span class='ocrx_word' id='word_1_466' title='bbox 2180 2062 2288 2119; x_wconf 78' lang='lat' dir='ltr'>fuit</span> <span class='ocrx_word' id='word_1_467' title='bbox 2328 2064 2606 2135; x_wconf 68' lang='lat' dir='ltr'>prophetae</span> <span class='ocrx_word' id='word_1_468' title='bbox 2653 2066 2835 2122; x_wconf 89' lang='lat' dir='ltr'>dicere</span> <span class='ocrx_word' id='word_1_469' title='bbox 2884 2084 2895 2122; x_wconf 91' lang='lat'><strong>:</strong></span> <span class='ocrx_word' id='word_1_470' title='bbox 2954 2089 2973 2113; x_wconf 70' lang='grc' dir='ltr'><em>ε</em></span> <span class='ocrx_word' id='word_1_471' title='bbox 3013 2068 3109 2124; x_wconf 68' lang='lat' dir='ltr'>Vae</span> <span class='ocrx_word' id='word_1_472' title='bbox 3148 2067 3520 2124; x_wconf 89' lang='lat' dir='ltr'>desideranti-</span> 
     </span>
    </p>
   </div>
   <div class='ocr_carea' id='block_1_60' title="bbox 1915 2148 3523 2230">
    <p class='ocr_par' dir='ltr' id='par_1_60' title="bbox 1915 2148 3523 2230">
     <span class='ocr_line' id='line_1_60' title="bbox 1915 2148 3523 2230; baseline 0.006 -26"><span class='ocrx_word' id='word_1_473' title='bbox 1915 2148 2021 2204; x_wconf 90' lang='lat' dir='ltr'>bus</span> <span class='ocrx_word' id='word_1_474' title='bbox 2065 2150 2216 2207; x_wconf 91' lang='lat' dir='ltr'>diem</span> <span class='ocrx_word' id='word_1_475' title='bbox 2258 2153 2519 2209; x_wconf 79' lang='lat' dir='ltr'>Domini!</span> <span class='ocrx_word' id='word_1_476' title='bbox 2566 2179 2583 2201; x_wconf 83' lang='lat'><strong><em>-</em></strong></span> <span class='ocrx_word' id='word_1_477' title='bbox 2641 2172 2767 2211; x_wconf 92' lang='lat' dir='ltr'>cum</span> <span class='ocrx_word' id='word_1_478' title='bbox 2808 2158 2994 2212; x_wconf 90' lang='lat' dir='ltr'>nullus</span> <span class='ocrx_word' id='word_1_479' title='bbox 3024 2157 3229 2228; x_wconf 89' lang='lat' dir='ltr'>impius</span> <span class='ocrx_word' id='word_1_480' title='bbox 3272 2159 3523 2230; x_wconf 89' lang='lat' dir='ltr'>reperia-</span> 
     </span>
    </p>
   </div>
   <div class='ocr_carea' id='block_1_61' title="bbox 1916 2238 3521 2312">
    <p class='ocr_par' dir='ltr' id='par_1_61' title="bbox 1916 2238 3521 2312">
     <span class='ocr_line' id='line_1_61' title="bbox 1916 2238 3521 2312; baseline 0.008 -21"><span class='ocrx_word' id='word_1_481' title='bbox 1916 2243 2027 2304; x_wconf 90' lang='lat' dir='ltr'>tur,</span> <span class='ocrx_word' id='word_1_482' title='bbox 2058 2238 2152 2310; x_wconf 90' lang='lat' dir='ltr'>qui</span> <span class='ocrx_word' id='word_1_483' title='bbox 2183 2247 2277 2295; x_wconf 92' lang='lat' dir='ltr'>aut</span> <span class='ocrx_word' id='word_1_484' title='bbox 2308 2249 2536 2297; x_wconf 90' lang='lat' dir='ltr'>mortem</span> <span class='ocrx_word' id='word_1_485' title='bbox 2577 2260 2753 2312; x_wconf 90' lang='lat' dir='ltr'>suam,</span> <span class='ocrx_word' id='word_1_486' title='bbox 2786 2253 2879 2300; x_wconf 91' lang='lat' dir='ltr'>aut</span> <span class='ocrx_word' id='word_1_487' title='bbox 2920 2244 3063 2300; x_wconf 90' lang='lat' dir='ltr'>diem</span> <span class='ocrx_word' id='word_1_488' title='bbox 3114 2247 3334 2302; x_wconf 90' lang='lat' dir='ltr'>Domini</span> <span class='ocrx_word' id='word_1_489' title='bbox 3366 2247 3521 2304; x_wconf 91' lang='lat' dir='ltr'>desi-</span> 
     </span>
    </p>
   </div>
   <div class='ocr_carea' id='block_1_62' title="bbox 1916 2324 3519 2408">
    <p class='ocr_par' dir='ltr' id='par_1_62' title="bbox 1916 2324 3519 2408">
     <span class='ocr_line' id='line_1_62' title="bbox 1916 2324 3519 2408; baseline 0.007 -27"><span class='ocrx_word' id='word_1_490' title='bbox 1916 2324 2104 2392; x_wconf 89' lang='lat' dir='ltr'>deret;</span> <span class='ocrx_word' id='word_1_491' title='bbox 2155 2344 2220 2384; x_wconf 93' lang='lat' dir='ltr'>eo</span> <span class='ocrx_word' id='word_1_492' title='bbox 2266 2329 2412 2403; x_wconf 92' lang='lat' dir='ltr'>quod</span> <span class='ocrx_word' id='word_1_493' title='bbox 2462 2332 2516 2386; x_wconf 86' lang='lat' dir='ltr'>in</span> <span class='ocrx_word' id='word_1_494' title='bbox 2568 2347 2632 2387; x_wconf 90' lang='lat' dir='ltr'>eo</span> <span class='ocrx_word' id='word_1_495' title='bbox 2676 2326 2926 2388; x_wconf 88' lang='lat' dir='ltr'>damnari</span> <span class='ocrx_word' id='word_1_496' title='bbox 2977 2334 3220 2391; x_wconf 78' lang='lat' dir='ltr'>metuit?</span> <span class='ocrx_word' id='word_1_497' title='bbox 3272 2336 3343 2391; x_wconf 89' lang='lat' dir='ltr'>Et</span> <span class='ocrx_word' id='word_1_498' title='bbox 3390 2336 3519 2408; x_wconf 84' lang='lat' dir='ltr'>quia</span> 
     </span>
    </p>
   </div>
   <div class='ocr_carea' id='block_1_63' title="bbox 1915 2418 3517 2497">
    <p class='ocr_par' dir='ltr' id='par_1_63' title="bbox 1915 2418 3517 2497">
     <span class='ocr_line' id='line_1_63' title="bbox 1915 2418 3517 2497; baseline 0.008 -28"><span class='ocrx_word' id='word_1_499' title='bbox 1915 2429 2109 2471; x_wconf 90' lang='lat' dir='ltr'>verum</span> <span class='ocrx_word' id='word_1_500' title='bbox 2169 2427 2251 2474; x_wconf 86' lang='lat' dir='ltr'>est</span> <span class='ocrx_word' id='word_1_501' title='bbox 2303 2418 2452 2492; x_wconf 90' lang='lat' dir='ltr'>quod</span> <span class='ocrx_word' id='word_1_502' title='bbox 2513 2421 2779 2493; x_wconf 83' lang='lat' dir='ltr'>propheta</span> <span class='ocrx_word' id='word_1_503' title='bbox 2837 2421 3003 2490; x_wconf 86' lang='lat' dir='ltr'>dixit,</span> <span class='ocrx_word' id='word_1_504' title='bbox 3074 2423 3517 2497; x_wconf 77' lang='lat' dir='ltr'>investigandum</span> 
     </span>
    </p>
   </div>
   <div class='ocr_carea' id='block_1_64' title="bbox 1914 2506 3519 2587">
    <p class='ocr_par' dir='ltr' id='par_1_64' title="bbox 1914 2506 3519 2587">
     <span class='ocr_line' id='line_1_64' title="bbox 1914 2506 3519 2587; baseline 0.006 -26"><span class='ocrx_word' id='word_1_505' title='bbox 1914 2506 2077 2564; x_wconf 90' lang='lat' dir='ltr'>nobis</span> <span class='ocrx_word' id='word_1_506' title='bbox 2118 2518 2198 2565; x_wconf 91' lang='lat' dir='ltr'>est</span> <span class='ocrx_word' id='word_1_507' title='bbox 2246 2511 2380 2584; x_wconf 89' lang='lat' dir='ltr'>quid</span> <span class='ocrx_word' id='word_1_508' title='bbox 2422 2512 2714 2584; x_wconf 86' lang='lat' dir='ltr'>signiﬁcet.</span> <span class='ocrx_word' id='word_1_509' title='bbox 2747 2515 3037 2569; x_wconf 86' lang='lat' dir='ltr'>Damnatio</span> <span class='ocrx_word' id='word_1_510' title='bbox 3077 2514 3278 2587; x_wconf 90' lang='lat' dir='ltr'>quippe</span> <span class='ocrx_word' id='word_1_511' title='bbox 3309 2514 3519 2587; x_wconf 89' lang='lat' dir='ltr'>impio-</span> 
     </span>
    </p>
   </div>
   <div class='ocr_carea' id='block_1_65' title="bbox 1921 2601 3517 2674">
    <p class='ocr_par' dir='ltr' id='par_1_65' title="bbox 1921 2601 3517 2674">
     <span class='ocr_line' id='line_1_65' title="bbox 1921 2601 3517 2674; baseline 0.008 -25"><span class='ocrx_word' id='word_1_512' title='bbox 1921 2612 2041 2650; x_wconf 90' lang='lat' dir='ltr'>rum</span> <span class='ocrx_word' id='word_1_513' title='bbox 2097 2608 2226 2655; x_wconf 91' lang='lat' dir='ltr'>sunt</span> <span class='ocrx_word' id='word_1_514' title='bbox 2273 2608 2489 2672; x_wconf 89' lang='lat' dir='ltr'>peccata</span> <span class='ocrx_word' id='word_1_515' title='bbox 2541 2618 2553 2656; x_wconf 89' lang='lat'><strong>:</strong></span> <span class='ocrx_word' id='word_1_516' title='bbox 2605 2601 2918 2674; x_wconf 89' lang='lat' dir='ltr'>quicunque</span> <span class='ocrx_word' id='word_1_517' title='bbox 2972 2618 3100 2674; x_wconf 90' lang='lat' dir='ltr'>ergo</span> <span class='ocrx_word' id='word_1_518' title='bbox 3153 2619 3280 2659; x_wconf 90' lang='lat' dir='ltr'>cum</span> <span class='ocrx_word' id='word_1_519' title='bbox 3335 2614 3517 2662; x_wconf 90' lang='lat' dir='ltr'>scorto</span> 
     </span>
    </p>
   </div>
   <div class='ocr_carea' id='block_1_66' title="bbox 1921 2684 3510 2758">
    <p class='ocr_par' dir='ltr' id='par_1_66' title="bbox 1921 2684 3510 2758">
     <span class='ocr_line' id='line_1_66' title="bbox 1921 2684 3510 2758; baseline 0.005 -17"><span class='ocrx_word' id='word_1_520' title='bbox 1921 2684 2068 2741; x_wconf 90' lang='lat' dir='ltr'>coire</span> <span class='ocrx_word' id='word_1_521' title='bbox 2128 2687 2420 2758; x_wconf 88' lang='lat' dir='ltr'>desiderat,</span> <span class='ocrx_word' id='word_1_522' title='bbox 2478 2689 2888 2747; x_wconf 88' lang='lat' dir='ltr'>damnationem</span> <span class='ocrx_word' id='word_1_523' title='bbox 2954 2709 3107 2748; x_wconf 89' lang='lat' dir='ltr'>suam</span> <span class='ocrx_word' id='word_1_524' title='bbox 3169 2693 3440 2750; x_wconf 88' lang='lat' dir='ltr'>desiderat</span> <span class='ocrx_word' id='word_1_525' title='bbox 3498 2712 3510 2749; x_wconf 92' lang='lat'><em>:</em></span> 
     </span>
    </p>
   </div>
   <div class='ocr_carea' id='block_1_67' title="bbox 1921 2775 3514 2851">
    <p class='ocr_par' dir='ltr' id='par_1_67' title="bbox 1921 2775 3514 2851">
     <span class='ocr_line' id='line_1_67' title="bbox 1921 2775 3514 2851; baseline 0.005 -22"><span class='ocrx_word' id='word_1_526' title='bbox 1921 2775 2236 2849; x_wconf 89' lang='lat' dir='ltr'>quicunque</span> <span class='ocrx_word' id='word_1_527' title='bbox 2280 2778 2540 2833; x_wconf 85' lang='lat' dir='ltr'>inebriari</span> <span class='ocrx_word' id='word_1_528' title='bbox 2592 2780 2711 2851; x_wconf 89' lang='lat'><strong>(78)</strong></span> <span class='ocrx_word' id='word_1_529' title='bbox 2763 2780 3054 2848; x_wconf 89' lang='lat' dir='ltr'>desiderat,</span> <span class='ocrx_word' id='word_1_530' title='bbox 3105 2780 3514 2837; x_wconf 88' lang='lat' dir='ltr'>damnationem</span> 
     </span>
    </p>
   </div>
   <div class='ocr_carea' id='block_1_68' title="bbox 1921 2864 3515 2942">
    <p class='ocr_par' dir='ltr' id='par_1_68' title="bbox 1921 2864 3515 2942">
     <span class='ocr_line' id='line_1_68' title="bbox 1921 2864 3515 2942; baseline 0.005 -24"><span class='ocrx_word' id='word_1_531' title='bbox 1921 2880 2075 2918; x_wconf 90' lang='lat' dir='ltr'>suam</span> <span class='ocrx_word' id='word_1_532' title='bbox 2106 2864 2378 2921; x_wconf 88' lang='lat' dir='ltr'>desiderat</span> <span class='ocrx_word' id='word_1_533' title='bbox 2413 2885 2424 2921; x_wconf 91' lang='lat'>:</span> <span class='ocrx_word' id='word_1_534' title='bbox 2464 2868 2560 2940; x_wconf 92' lang='lat' dir='ltr'>qui</span> <span class='ocrx_word' id='word_1_535' title='bbox 2589 2884 2789 2939; x_wconf 88' lang='lat' dir='ltr'>equum</span> <span class='ocrx_word' id='word_1_536' title='bbox 2828 2876 2923 2924; x_wconf 88' lang='lat' dir='ltr'>aut</span> <span class='ocrx_word' id='word_1_537' title='bbox 2951 2868 3147 2923; x_wconf 88' lang='lat' dir='ltr'>bovem</span> <span class='ocrx_word' id='word_1_538' title='bbox 3183 2876 3276 2923; x_wconf 91' lang='lat' dir='ltr'>aut</span> <span class='ocrx_word' id='word_1_539' title='bbox 3304 2869 3515 2942; x_wconf 89' lang='lat' dir='ltr'>aliquid</span> 
     </span>
    </p>
   </div>
   <div class='ocr_carea' id='block_1_69' title="bbox 1923 2951 3514 3024">
    <p class='ocr_par' dir='ltr' id='par_1_69' title="bbox 1923 2951 3514 3024">
     <span class='ocr_line' id='line_1_69' title="bbox 1923 2951 3514 3024; baseline 0.004 -17"><span class='ocrx_word' id='word_1_540' title='bbox 1923 2951 2053 3008; x_wconf 92' lang='lat' dir='ltr'>huic</span> <span class='ocrx_word' id='word_1_541' title='bbox 2080 2953 2158 3009; x_wconf 92' lang='lat' dir='ltr'>rei</span> <span class='ocrx_word' id='word_1_542' title='bbox 2186 2954 2367 3011; x_wconf 92' lang='lat' dir='ltr'>simile</span> <span class='ocrx_word' id='word_1_543' title='bbox 2398 2956 2568 3011; x_wconf 82' lang='lat' dir='ltr'>furari</span> <span class='ocrx_word' id='word_1_544' title='bbox 2599 2956 2892 3024; x_wconf 89' lang='lat' dir='ltr'>desiderat,</span> <span class='ocrx_word' id='word_1_545' title='bbox 2921 2956 3328 3013; x_wconf 88' lang='lat' dir='ltr'>damnationem</span> <span class='ocrx_word' id='word_1_546' title='bbox 3359 2975 3514 3014; x_wconf 90' lang='lat' dir='ltr'>suam</span> 
     </span>
    </p>
   </div>
   <div class='ocr_carea' id='block_1_70' title="bbox 1920 3040 3515 3118">
    <p class='ocr_par' dir='ltr' id='par_1_70' title="bbox 1920 3040 3515 3118">
     <span class='ocr_line' id='line_1_70' title="bbox 1920 3040 3515 3118; baseline 0.004 -22"><span class='ocrx_word' id='word_1_547' title='bbox 1920 3040 2190 3099; x_wconf 89' lang='lat' dir='ltr'>desiderat</span> <span class='ocrx_word' id='word_1_548' title='bbox 2233 3061 2245 3099; x_wconf 89' lang='lat'><strong>:</strong></span> <span class='ocrx_word' id='word_1_549' title='bbox 2290 3044 2383 3116; x_wconf 91' lang='lat' dir='ltr'>qui</span> <span class='ocrx_word' id='word_1_550' title='bbox 2424 3044 2685 3101; x_wconf 90' lang='lat' dir='ltr'>damnum</span> <span class='ocrx_word' id='word_1_551' title='bbox 2738 3045 2963 3117; x_wconf 70' lang='lat' dir='ltr'>aliquod</span> <span class='ocrx_word' id='word_1_552' title='bbox 3011 3046 3264 3118; x_wconf 87' lang='lat' dir='ltr'>proximo</span> <span class='ocrx_word' id='word_1_553' title='bbox 3312 3047 3515 3103; x_wconf 86' lang='lat' dir='ltr'>inferre</span> 
     </span>
    </p>
   </div>
   <div class='ocr_carea' id='block_1_71' title="bbox 1921 3130 3515 3209">
    <p class='ocr_par' dir='ltr' id='par_1_71' title="bbox 1921 3130 3515 3209">
     <span class='ocr_line' id='line_1_71' title="bbox 1921 3130 3515 3209; baseline 0.004 -24"><span class='ocrx_word' id='word_1_554' title='bbox 1921 3130 2212 3199; x_wconf 86' lang='lat' dir='ltr'>desiderat,</span> <span class='ocrx_word' id='word_1_555' title='bbox 2245 3132 2654 3190; x_wconf 89' lang='lat' dir='ltr'>damnationem</span> <span class='ocrx_word' id='word_1_556' title='bbox 2684 3151 2837 3189; x_wconf 84' lang='lat' dir='ltr'>suam</span> <span class='ocrx_word' id='word_1_557' title='bbox 2868 3134 3158 3190; x_wconf 88' lang='lat' dir='ltr'>desiderat.</span> <span class='ocrx_word' id='word_1_558' title='bbox 3185 3135 3359 3207; x_wconf 90' lang='lat' dir='ltr'>Igitur</span> <span class='ocrx_word' id='word_1_559' title='bbox 3385 3136 3515 3209; x_wconf 89' lang='lat' dir='ltr'>quia</span> 
     </span>
    </p>
   </div>
   <div class='ocr_carea' id='block_1_72' title="bbox 1918 3219 3515 3297">
    <p class='ocr_par' dir='ltr' id='par_1_72' title="bbox 1918 3219 3515 3297">
     <span class='ocr_line' id='line_1_72' title="bbox 1918 3219 3515 3297; baseline 0.004 -23"><span class='ocrx_word' id='word_1_560' title='bbox 1918 3219 2199 3277; x_wconf 90' lang='lat' dir='ltr'>damnatio</span> <span class='ocrx_word' id='word_1_561' title='bbox 2230 3221 2524 3295; x_wconf 90' lang='lat' dir='ltr'>impiorum</span> <span class='ocrx_word' id='word_1_562' title='bbox 2557 3222 2662 3279; x_wconf 91' lang='lat' dir='ltr'>erit</span> <span class='ocrx_word' id='word_1_563' title='bbox 2691 3222 2810 3279; x_wconf 80' lang='lat' dir='ltr'>dies</span> <span class='ocrx_word' id='word_1_564' title='bbox 2832 3222 3051 3294; x_wconf 92' lang='lat' dir='ltr'>judicii,</span> <span class='ocrx_word' id='word_1_565' title='bbox 3096 3224 3411 3297; x_wconf 89' lang='lat' dir='ltr'>quicunque</span> <span class='ocrx_word' id='word_1_566' title='bbox 3452 3241 3515 3281; x_wconf 87' lang='lat' dir='ltr'>ea</span> 
     </span>
    </p>
   </div>
   <div class='ocr_carea' id='block_1_73' title="bbox 1915 3310 3513 3385">
    <p class='ocr_par' dir='ltr' id='par_1_73' title="bbox 1915 3310 3513 3385">
     <span class='ocr_line' id='line_1_73' title="bbox 1915 3310 3513 3385; baseline 0.002 -20"><span class='ocrx_word' id='word_1_567' title='bbox 1915 3310 2119 3366; x_wconf 88' lang='lat' dir='ltr'>scelera</span> <span class='ocrx_word' id='word_1_568' title='bbox 2170 3312 2513 3367; x_wconf 90' lang='lat' dir='ltr'>committere</span> <span class='ocrx_word' id='word_1_569' title='bbox 2565 3311 2838 3369; x_wconf 89' lang='lat' dir='ltr'>desiderat</span> <span class='ocrx_word' id='word_1_570' title='bbox 2894 3330 2992 3384; x_wconf 92' lang='lat' dir='ltr'>pro</span> <span class='ocrx_word' id='word_1_571' title='bbox 3048 3312 3250 3385; x_wconf 91' lang='lat' dir='ltr'>quibus</span> <span class='ocrx_word' id='word_1_572' title='bbox 3306 3312 3366 3368; x_wconf 90' lang='lat' dir='ltr'>in</span> <span class='ocrx_word' id='word_1_573' title='bbox 3422 3312 3513 3369; x_wconf 93' lang='lat' dir='ltr'>die</span> 
     </span>
    </p>
   </div>
   <div class='ocr_carea' id='block_1_74' title="bbox 1906 3396 3513 3471">
    <p class='ocr_par' dir='ltr' id='par_1_74' title="bbox 1906 3396 3513 3471">
     <span class='ocr_line' id='line_1_74' title="bbox 1906 3396 3513 3471; baseline 0.002 -17"><span class='ocrx_word' id='word_1_574' title='bbox 1906 3396 2109 3471; x_wconf 87' lang='lat' dir='ltr'>judicii</span> <span class='ocrx_word' id='word_1_575' title='bbox 2139 3398 2510 3469; x_wconf 87' lang='lat' dir='ltr'>damnabitur,</span> <span class='ocrx_word' id='word_1_576' title='bbox 2545 3400 2691 3457; x_wconf 91' lang='lat' dir='ltr'>diem</span> <span class='ocrx_word' id='word_1_577' title='bbox 2738 3399 2985 3469; x_wconf 90' lang='lat' dir='ltr'>Domini,</span> <span class='ocrx_word' id='word_1_578' title='bbox 3024 3400 3083 3457; x_wconf 91' lang='lat' dir='ltr'>id</span> <span class='ocrx_word' id='word_1_579' title='bbox 3122 3409 3225 3471; x_wconf 90' lang='lat' dir='ltr'>est,</span> <span class='ocrx_word' id='word_1_580' title='bbox 3273 3401 3513 3458; x_wconf 89' lang='lat' dir='ltr'>damna-</span> 
     </span>
    </p>
   </div>
   <div class='ocr_carea' id='block_1_75' title="bbox 1912 3491 2632 3549">
    <p class='ocr_par' dir='ltr' id='par_1_75' title="bbox 1912 3491 2632 3549">
     <span class='ocr_line' id='line_1_75' title="bbox 1912 3491 2632 3549; baseline 0.004 -3"><span class='ocrx_word' id='word_1_581' title='bbox 1912 3491 2120 3547; x_wconf 90' lang='lat' dir='ltr'>tionem</span> <span class='ocrx_word' id='word_1_582' title='bbox 2153 3508 2308 3548; x_wconf 90' lang='lat' dir='ltr'>suam</span> <span class='ocrx_word' id='word_1_583' title='bbox 2338 3492 2632 3549; x_wconf 89' lang='lat' dir='ltr'>desiderat.</span> 
     </span>
    </p>
   </div>
   <div class='ocr_carea' id='block_1_76' title="bbox 1983 3582 3510 3654">
    <p class='ocr_par' dir='ltr' id='par_1_76' title="bbox 1983 3582 3510 3654">
     <span class='ocr_line' id='line_1_76' title="bbox 1983 3582 3510 3654; baseline 0.002 -18"><span class='ocrx_word' id='word_1_584' title='bbox 1983 3583 2059 3637; x_wconf 90' lang='lat' dir='ltr'>Et</span> <span class='ocrx_word' id='word_1_585' title='bbox 2085 3582 2223 3637; x_wconf 70' lang='lat' dir='ltr'>datm</span> <span class='ocrx_word' id='word_1_586' title='bbox 2250 3589 2372 3637; x_wconf 86' lang='lat' dir='ltr'>sunt</span> <span class='ocrx_word' id='word_1_587' title='bbox 2410 3583 2524 3638; x_wconf 86' lang='lat' dir='ltr'>illis</span> <span class='ocrx_word' id='word_1_588' title='bbox 2564 3584 2785 3654; x_wconf 85' lang='lat' dir='ltr'>singulae</span> <span class='ocrx_word' id='word_1_589' title='bbox 2812 3584 2961 3638; x_wconf 68' lang='lat' dir='ltr'>stolis</span> <span class='ocrx_word' id='word_1_590' title='bbox 2986 3582 3138 3638; x_wconf 64' lang='lat' dir='ltr'>albae.</span> <span class='ocrx_word' id='word_1_591' title='bbox 3181 3582 3345 3639; x_wconf 85' lang='lat' dir='ltr'>Stolae</span> <span class='ocrx_word' id='word_1_592' title='bbox 3372 3582 3510 3639; x_wconf 67' lang='lat' dir='ltr'>albae</span> 
     </span>
    </p>
   </div>
   <div class='ocr_carea' id='block_1_77' title="bbox 1913 3669 3510 3743">
    <p class='ocr_par' dir='ltr' id='par_1_77' title="bbox 1913 3669 3510 3743">
     <span class='ocr_line' id='line_1_77' title="bbox 1913 3669 3510 3743; baseline 0.003 -20"><span class='ocrx_word' id='word_1_593' title='bbox 1913 3669 2088 3741; x_wconf 90' lang='lat' dir='ltr'>gloria</span> <span class='ocrx_word' id='word_1_594' title='bbox 2141 3677 2221 3726; x_wconf 89' lang='lat' dir='ltr'>est</span> <span class='ocrx_word' id='word_1_595' title='bbox 2286 3679 2597 3727; x_wconf 88' lang='lat' dir='ltr'>sanctarum</span> <span class='ocrx_word' id='word_1_596' title='bbox 2654 3671 2986 3735; x_wconf 88' lang='lat' dir='ltr'>animarum,</span> <span class='ocrx_word' id='word_1_597' title='bbox 3043 3670 3287 3743; x_wconf 88' lang='lat' dir='ltr'>singulas</span> <span class='ocrx_word' id='word_1_598' title='bbox 3342 3671 3510 3727; x_wconf 90' lang='lat' dir='ltr'>stolas</span> 
     </span>
    </p>
   </div>
   <div class='ocr_carea' id='block_1_78' title="bbox 1912 3759 3510 3834">
    <p class='ocr_par' dir='ltr' id='par_1_78' title="bbox 1912 3759 3510 3834">
     <span class='ocr_line' id='line_1_78' title="bbox 1912 3759 3510 3834; baseline 0.001 -19"><span class='ocrx_word' id='word_1_599' title='bbox 1912 3759 2066 3815; x_wconf 89' lang='lat' dir='ltr'>albas</span> <span class='ocrx_word' id='word_1_600' title='bbox 2112 3760 2287 3816; x_wconf 87' lang='lat' dir='ltr'>sancti</span> <span class='ocrx_word' id='word_1_601' title='bbox 2335 3761 2434 3816; x_wconf 89' lang='lat' dir='ltr'>Dei</span> <span class='ocrx_word' id='word_1_602' title='bbox 2478 3777 2628 3817; x_wconf 91' lang='lat' dir='ltr'>nunc</span> <span class='ocrx_word' id='word_1_603' title='bbox 2673 3761 2991 3834; x_wconf 87' lang='lat' dir='ltr'>possident;</span> <span class='ocrx_word' id='word_1_604' title='bbox 3029 3760 3160 3833; x_wconf 90' lang='lat' dir='ltr'>quia</span> <span class='ocrx_word' id='word_1_605' title='bbox 3186 3760 3510 3833; x_wconf 89' lang='lat' dir='ltr'>corporibus</span> 
     </span>
    </p>
   </div>
   <div class='ocr_carea' id='block_1_79' title="bbox 1910 3854 3508 3933">
    <p class='ocr_par' dir='ltr' id='par_1_79' title="bbox 1910 3854 3508 3933">
     <span class='ocr_line' id='line_1_79' title="bbox 1910 3854 3508 3933; baseline 0.004 -21"><span class='ocrx_word' id='word_1_606' title='bbox 1910 3854 2055 3912; x_wconf 85' lang='lat'><strong>533</strong></span> <span class='ocrx_word' id='word_1_607' title='bbox 2084 3858 2144 3913; x_wconf 92' lang='lat' dir='ltr'>in</span> <span class='ocrx_word' id='word_1_608' title='bbox 2186 3866 2329 3913; x_wconf 89' lang='lat' dir='ltr'>terra</span> <span class='ocrx_word' id='word_1_609' title='bbox 2376 3860 2804 3933; x_wconf 89' lang='lat' dir='ltr'>quiescentibus,</span> <span class='ocrx_word' id='word_1_610' title='bbox 2843 3861 3014 3918; x_wconf 88' lang='lat' dir='ltr'>solius</span> <span class='ocrx_word' id='word_1_611' title='bbox 3041 3861 3238 3917; x_wconf 64' lang='lat' dir='ltr'>animae</span> <span class='ocrx_word' id='word_1_612' title='bbox 3267 3862 3508 3919; x_wconf 89' lang='lat' dir='ltr'>beatitu-</span> 
     </span>
    </p>
   </div>
   <div class='ocr_carea' id='block_1_80' title="bbox 1908 3950 3506 4026">
    <p class='ocr_par' dir='ltr' id='par_1_80' title="bbox 1908 3950 3506 4026">
     <span class='ocr_line' id='line_1_80' title="bbox 1908 3950 3506 4026; baseline 0.001 -19"><span class='ocrx_word' id='word_1_613' title='bbox 1908 3950 2037 4007; x_wconf 89' lang='lat' dir='ltr'>dine</span> <span class='ocrx_word' id='word_1_614' title='bbox 2058 3960 2260 4008; x_wconf 88' lang='lat' dir='ltr'>aeterna</span> <span class='ocrx_word' id='word_1_615' title='bbox 2280 3952 2639 4024; x_wconf 89' lang='lat' dir='ltr'>perfruuntur</span> <span class='ocrx_word' id='word_1_616' title='bbox 2662 3954 2780 4025; x_wconf 88' lang='lat'>(79)</span> <span class='ocrx_word' id='word_1_617' title='bbox 2809 3972 2819 4009; x_wconf 94' lang='lat'>:</span> <span class='ocrx_word' id='word_1_618' title='bbox 2846 3953 3005 4009; x_wconf 89' lang='lat' dir='ltr'>binas</span> <span class='ocrx_word' id='word_1_619' title='bbox 3032 3954 3199 4010; x_wconf 88' lang='lat' dir='ltr'>stolas</span> <span class='ocrx_word' id='word_1_620' title='bbox 3231 3961 3361 4011; x_wconf 88' lang='lat' dir='ltr'>tunc</span> <span class='ocrx_word' id='word_1_621' title='bbox 3388 3970 3506 4026; x_wconf 89' lang='lat' dir='ltr'>per-</span> 
     </span>
    </p>
   </div>
   <div class='ocr_carea' id='block_1_81' title="bbox 1905 4039 3502 4112">
    <p class='ocr_par' dir='ltr' id='par_1_81' title="bbox 1905 4039 3502 4112">
     <span class='ocr_line' id='line_1_81' title="bbox 1905 4039 3502 4112; baseline 0.003 -16"><span class='ocrx_word' id='word_1_622' title='bbox 1905 4039 2133 4112; x_wconf 88' lang='lat' dir='ltr'>cipient,</span> <span class='ocrx_word' id='word_1_623' title='bbox 2191 4057 2315 4096; x_wconf 90' lang='lat' dir='ltr'>cum</span> <span class='ocrx_word' id='word_1_624' title='bbox 2383 4049 2503 4112; x_wconf 90' lang='lat' dir='ltr'>post</span> <span class='ocrx_word' id='word_1_625' title='bbox 2568 4041 3024 4099; x_wconf 89' lang='lat' dir='ltr'>resurrectionem</span> <span class='ocrx_word' id='word_1_626' title='bbox 3090 4043 3311 4111; x_wconf 56' lang='lat' dir='ltr'>animae,</span> <span class='ocrx_word' id='word_1_627' title='bbox 3377 4060 3502 4100; x_wconf 88' lang='lat' dir='ltr'>cum</span> 
     </span>
    </p>
   </div>
   <div class='ocr_carea' id='block_1_82' title="bbox 1904 4130 3506 4204">
    <p class='ocr_par' dir='ltr' id='par_1_82' title="bbox 1904 4130 3506 4204">
     <span class='ocr_line' id='line_1_82' title="bbox 1904 4130 3506 4204; baseline 0.002 -20"><span class='ocrx_word' id='word_1_628' title='bbox 1904 4130 2227 4201; x_wconf 90' lang='lat' dir='ltr'>corporibus</span> <span class='ocrx_word' id='word_1_629' title='bbox 2256 4130 2483 4202; x_wconf 89' lang='lat' dir='ltr'>gloriam</span> <span class='ocrx_word' id='word_1_630' title='bbox 2517 4131 2754 4187; x_wconf 82' lang='lat' dir='ltr'>caelestis</span> <span class='ocrx_word' id='word_1_631' title='bbox 2783 4132 2972 4203; x_wconf 71' lang='lat' dir='ltr'>patriai</span> <span class='ocrx_word' id='word_1_632' title='bbox 3012 4131 3133 4187; x_wconf 91' lang='lat' dir='ltr'>sine</span> <span class='ocrx_word' id='word_1_633' title='bbox 3176 4132 3285 4187; x_wconf 87' lang='lat' dir='ltr'>ﬁne</span> <span class='ocrx_word' id='word_1_634' title='bbox 3331 4131 3506 4204; x_wconf 89' lang='lat' dir='ltr'>possi-</span> 
     </span>
    </p>
   </div>
   <div class='ocr_carea' id='block_1_83' title="bbox 1903 4215 3499 4289">
    <p class='ocr_par' dir='ltr' id='par_1_83' title="bbox 1903 4215 3499 4289">
     <span class='ocr_line' id='line_1_83' title="bbox 1903 4215 3499 4289; baseline 0.001 -16"><span class='ocrx_word' id='word_1_635' title='bbox 1903 4215 2131 4273; x_wconf 90' lang='lat' dir='ltr'>debunt.</span> <span class='ocrx_word' id='word_1_636' title='bbox 2181 4219 2256 4273; x_wconf 87' lang='lat' dir='ltr'>Et</span> <span class='ocrx_word' id='word_1_637' title='bbox 2299 4218 2492 4273; x_wconf 86' lang='lat' dir='ltr'>dictum</span> <span class='ocrx_word' id='word_1_638' title='bbox 2539 4225 2613 4273; x_wconf 88' lang='lat' dir='ltr'>est</span> <span class='ocrx_word' id='word_1_639' title='bbox 2654 4219 2766 4274; x_wconf 80' lang='lat' dir='ltr'>illis</span> <span class='ocrx_word' id='word_1_640' title='bbox 2813 4226 2873 4273; x_wconf 89' lang='lat' dir='ltr'>ut</span> <span class='ocrx_word' id='word_1_641' title='bbox 2916 4219 3293 4289; x_wconf 83' lang='lat' dir='ltr'>requiescerent</span> <span class='ocrx_word' id='word_1_642' title='bbox 3328 4219 3499 4275; x_wconf 82' lang='lat' dir='ltr'>adhuc</span> 
     </span>
    </p>
   </div>
   <div class='ocr_carea' id='block_1_84' title="bbox 1904 4308 3498 4380">
    <p class='ocr_par' dir='ltr' id='par_1_84' title="bbox 1904 4308 3498 4380">
     <span class='ocr_line' id='line_1_84' title="bbox 1904 4308 3498 4380; baseline 0.001 -19"><span class='ocrx_word' id='word_1_643' title='bbox 1904 4313 2101 4378; x_wconf 83' lang='lat' dir='ltr'>tempus</span> <span class='ocrx_word' id='word_1_644' title='bbox 2129 4308 2409 4373; x_wconf 87' lang='lat' dir='ltr'>modicum,</span> <span class='ocrx_word' id='word_1_645' title='bbox 2440 4309 2598 4363; x_wconf 86' lang='lat' dir='ltr'>donec</span> <span class='ocrx_word' id='word_1_646' title='bbox 2620 4309 2941 4380; x_wconf 82' lang='lat' dir='ltr'>impleantur</span> <span class='ocrx_word' id='word_1_647' title='bbox 2967 4310 3204 4364; x_wconf 79' lang='lat' dir='ltr'>conservi</span> <span class='ocrx_word' id='word_1_648' title='bbox 3227 4326 3428 4375; x_wconf 87' lang='lat' dir='ltr'>eorum,</span> <span class='ocrx_word' id='word_1_649' title='bbox 3450 4314 3498 4364; x_wconf 89' lang='lat' dir='ltr'>et</span> 
     </span>
    </p>
   </div>
   <div class='ocr_carea' id='block_1_85' title="bbox 1899 4395 3501 4470">
    <p class='ocr_par' dir='ltr' id='par_1_85' title="bbox 1899 4395 3501 4470">
     <span class='ocr_line' id='line_1_85' title="bbox 1899 4395 3501 4470; baseline 0.001 -20"><span class='ocrx_word' id='word_1_650' title='bbox 1899 4395 2100 4467; x_wconf 85' lang='lat' dir='ltr'>fratres</span> <span class='ocrx_word' id='word_1_651' title='bbox 2118 4414 2300 4451; x_wconf 89' lang='lat' dir='ltr'>eorum</span> <span class='ocrx_word' id='word_1_652' title='bbox 2319 4398 2412 4468; x_wconf 88' lang='lat' dir='ltr'>qui</span> <span class='ocrx_word' id='word_1_653' title='bbox 2438 4398 2790 4470; x_wconf 76' lang='lat' dir='ltr'>interﬁciendi</span> <span class='ocrx_word' id='word_1_654' title='bbox 2807 4406 2950 4467; x_wconf 89' lang='lat' dir='ltr'>sunt,</span> <span class='ocrx_word' id='word_1_655' title='bbox 2971 4399 3105 4454; x_wconf 84' lang='lat' dir='ltr'>sicut</span> <span class='ocrx_word' id='word_1_656' title='bbox 3123 4404 3171 4453; x_wconf 90' lang='lat' dir='ltr'>et</span> <span class='ocrx_word' id='word_1_657' title='bbox 3194 4398 3296 4453; x_wconf 84' lang='lat' dir='ltr'>illi.</span> <span class='ocrx_word' id='word_1_658' title='bbox 3330 4397 3501 4452; x_wconf 90' lang='lat' dir='ltr'>Tem-</span> 
     </span>
    </p>
   </div>
   <div class='ocr_carea' id='block_1_86' title="bbox 1900 4487 3501 4563">
    <p class='ocr_par' dir='ltr' id='par_1_86' title="bbox 1900 4487 3501 4563">
     <span class='ocr_line' id='line_1_86' title="bbox 1900 4487 3501 4563; baseline -0.001 -19"><span class='ocrx_word' id='word_1_659' title='bbox 1900 4505 2003 4561; x_wconf 91' lang='lat' dir='ltr'>pus</span> <span class='ocrx_word' id='word_1_660' title='bbox 2028 4488 2307 4545; x_wconf 89' lang='lat' dir='ltr'>modicum</span> <span class='ocrx_word' id='word_1_661' title='bbox 2328 4496 2548 4561; x_wconf 84' lang='lat' dir='ltr'>tempus</span> <span class='ocrx_word' id='word_1_662' title='bbox 2567 4499 2648 4546; x_wconf 93' lang='lat' dir='ltr'>est</span> <span class='ocrx_word' id='word_1_663' title='bbox 2666 4507 2839 4563; x_wconf 91' lang='lat' dir='ltr'>usque</span> <span class='ocrx_word' id='word_1_664' title='bbox 2852 4490 2919 4545; x_wconf 92' lang='lat' dir='ltr'>ad</span> <span class='ocrx_word' id='word_1_665' title='bbox 2938 4489 3084 4545; x_wconf 91' lang='lat' dir='ltr'>diem</span> <span class='ocrx_word' id='word_1_666' title='bbox 3094 4488 3296 4560; x_wconf 92' lang='lat' dir='ltr'>judicii</span> <span class='ocrx_word' id='word_1_667' title='bbox 3318 4506 3329 4543; x_wconf 93' lang='lat'>:</span> <span class='ocrx_word' id='word_1_668' title='bbox 3354 4487 3501 4560; x_wconf 91' lang='lat' dir='ltr'>quod</span> 
     </span>
    </p>
   </div>
   <div class='ocr_carea' id='block_1_87' title="bbox 1901 4575 3498 4651">
    <p class='ocr_par' dir='ltr' id='par_1_87' title="bbox 1901 4575 3498 4651">
     <span class='ocr_line' id='line_1_87' title="bbox 1901 4575 3498 4651; baseline -0.001 -19"><span class='ocrx_word' id='word_1_669' title='bbox 1901 4576 2181 4633; x_wconf 90' lang='lat' dir='ltr'>modicum</span> <span class='ocrx_word' id='word_1_670' title='bbox 2206 4577 2413 4634; x_wconf 87' lang='lat' dir='ltr'>idcirco</span> <span class='ocrx_word' id='word_1_671' title='bbox 2434 4578 2661 4646; x_wconf 90' lang='lat' dir='ltr'>dicitur,</span> <span class='ocrx_word' id='word_1_672' title='bbox 2675 4578 2804 4651; x_wconf 90' lang='lat' dir='ltr'>quia</span> <span class='ocrx_word' id='word_1_673' title='bbox 2822 4578 2879 4632; x_wconf 91' lang='lat' dir='ltr'>in</span> <span class='ocrx_word' id='word_1_674' title='bbox 2896 4575 3303 4649; x_wconf 81' lang='lat' dir='ltr'>comparatione</span> <span class='ocrx_word' id='word_1_675' title='bbox 3322 4575 3498 4631; x_wconf 86' lang='lat' dir='ltr'>futuri</span> 
     </span>
    </p>
   </div>
   <div class='ocr_carea' id='block_1_88' title="bbox 274 4659 3499 4739">
    <p class='ocr_par' dir='ltr' id='par_1_88' title="bbox 274 4659 3499 4739">
     <span class='ocr_line' id='line_1_88' title="bbox 274 4659 3499 4739; baseline 0.001 -22"><span class='ocrx_word' id='word_1_676' title='bbox 274 4660 453 4732; x_wconf 83' lang='lat' dir='ltr'>(Vers.</span> <span class='ocrx_word' id='word_1_677' title='bbox 503 4659 587 4727; x_wconf 77' lang='grc'>10,</span> <span class='ocrx_word' id='word_1_678' title='bbox 634 4661 748 4732; x_wconf 87' lang='grc'>11.)</span> <span class='ocrx_word' id='word_1_679' title='bbox 806 4663 881 4717; x_wconf 89' lang='lat' dir='ltr'>Et</span> <span class='ocrx_word' id='word_1_680' title='bbox 937 4663 1237 4718; x_wconf 82' lang='lat' dir='ltr'>clamabant</span> <span class='ocrx_word' id='word_1_681' title='bbox 1275 4682 1394 4719; x_wconf 85' lang='lat' dir='ltr'>voce</span> <span class='ocrx_word' id='word_1_682' title='bbox 1432 4682 1644 4736; x_wconf 86' lang='lat' dir='ltr'>magna,</span> <span class='ocrx_word' id='word_1_683' title='bbox 1699 4665 1794 4720; x_wconf 87' lang='lat' dir='ltr'>di-</span> <span class='ocrx_word' id='word_1_684' title='bbox 1823 4659 1871 4686; x_wconf 74' lang='grc' dir='ltr'><em>υ</em></span> <span class='ocrx_word' id='word_1_685' title='bbox 1899 4667 2165 4739; x_wconf 87' lang='lat' dir='ltr'>temporis</span> <span class='ocrx_word' id='word_1_686' title='bbox 2212 4667 2371 4722; x_wconf 87' lang='lat' dir='ltr'>valde</span> <span class='ocrx_word' id='word_1_687' title='bbox 2415 4666 2695 4723; x_wconf 88' lang='lat' dir='ltr'>modicum</span> <span class='ocrx_word' id='word_1_688' title='bbox 2727 4675 2827 4722; x_wconf 90' lang='lat' dir='ltr'>est.</span> <span class='ocrx_word' id='word_1_689' title='bbox 2860 4666 3045 4722; x_wconf 87' lang='lat' dir='ltr'>Sancti</span> <span class='ocrx_word' id='word_1_690' title='bbox 3081 4681 3208 4736; x_wconf 88' lang='lat' dir='ltr'>ergo</span> <span class='ocrx_word' id='word_1_691' title='bbox 3254 4664 3349 4738; x_wconf 91' lang='lat' dir='ltr'>qui</span> <span class='ocrx_word' id='word_1_692' title='bbox 3392 4662 3499 4721; x_wconf 87' lang='lat' dir='ltr'>hoc</span> 
     </span>
    </p>
   </div>
   <div class='ocr_carea' id='block_1_89' title="bbox 197 4752 1792 4822">
    <p class='ocr_par' dir='ltr' id='par_1_89' title="bbox 197 4752 1792 4822">
     <span class='ocr_line' id='line_1_89' title="bbox 197 4752 1792 4822; baseline 0.001 -15"><span class='ocrx_word' id='word_1_693' title='bbox 197 4759 360 4807; x_wconf 83' lang='lat' dir='ltr'>centes</span> <span class='ocrx_word' id='word_1_694' title='bbox 411 4770 422 4808; x_wconf 90' lang='lat'>:</span> <span class='ocrx_word' id='word_1_695' title='bbox 482 4754 773 4822; x_wconf 85' lang='lat' dir='ltr'>Usquequo,</span> <span class='ocrx_word' id='word_1_696' title='bbox 825 4752 1049 4808; x_wconf 86' lang='lat' dir='ltr'>Domine</span> <span class='ocrx_word' id='word_1_697' title='bbox 1087 4760 1298 4808; x_wconf 81' lang='lat' dir='ltr'>sanctus</span> <span class='ocrx_word' id='word_1_698' title='bbox 1343 4762 1390 4809; x_wconf 85' lang='lat' dir='ltr'>et</span> <span class='ocrx_word' id='word_1_699' title='bbox 1448 4772 1622 4822; x_wconf 78' lang='lat' dir='ltr'>verus,</span> <span class='ocrx_word' id='word_1_700' title='bbox 1684 4772 1792 4810; x_wconf 86' lang='lat' dir='ltr'>non</span> 
     </span>
    </p>
   </div>
   <div class='ocr_carea' id='block_1_90' title="bbox 188 4841 1793 4914">
    <p class='ocr_par' dir='ltr' id='par_1_90' title="bbox 188 4841 1793 4914">
     <span class='ocr_line' id='line_1_90' title="bbox 188 4841 1793 4914; baseline 0.002 -19"><span class='ocrx_word' id='word_1_701' title='bbox 188 4841 403 4912; x_wconf 86' lang='lat' dir='ltr'>judicas</span> <span class='ocrx_word' id='word_1_702' title='bbox 429 4848 476 4896; x_wconf 83' lang='lat' dir='ltr'>et</span> <span class='ocrx_word' id='word_1_703' title='bbox 504 4858 609 4895; x_wconf 87' lang='lat' dir='ltr'>non</span> <span class='ocrx_word' id='word_1_704' title='bbox 628 4841 868 4897; x_wconf 85' lang='lat' dir='ltr'>vindicas</span> <span class='ocrx_word' id='word_1_705' title='bbox 895 4842 1202 4914; x_wconf 83' lang='lat' dir='ltr'>sanguinem</span> <span class='ocrx_word' id='word_1_706' title='bbox 1220 4850 1461 4899; x_wconf 87' lang='lat' dir='ltr'>nostrum</span> <span class='ocrx_word' id='word_1_707' title='bbox 1491 4845 1553 4899; x_wconf 89' lang='lat' dir='ltr'>de</span> <span class='ocrx_word' id='word_1_708' title='bbox 1580 4844 1666 4909; x_wconf 86' lang='lat' dir='ltr'>iis,</span> <span class='ocrx_word' id='word_1_709' title='bbox 1699 4844 1793 4914; x_wconf 86' lang='lat' dir='ltr'>qui</span> 
     </span>
    </p>
   </div>
   <div class='ocr_carea' id='block_1_91' title="bbox 197 4931 1788 5007">
    <p class='ocr_par' dir='ltr' id='par_1_91' title="bbox 197 4931 1788 5007">
     <span class='ocr_line' id='line_1_91' title="bbox 197 4931 1788 5007; baseline 0.003 -22"><span class='ocrx_word' id='word_1_710' title='bbox 197 4931 436 4986; x_wconf 83' lang='lat' dir='ltr'>habitant</span> <span class='ocrx_word' id='word_1_711' title='bbox 467 4932 523 4985; x_wconf 86' lang='lat' dir='ltr'>in</span> <span class='ocrx_word' id='word_1_712' title='bbox 554 4937 698 4986; x_wconf 87' lang='lat' dir='ltr'>terra</span> <span class='ocrx_word' id='word_1_713' title='bbox 728 4934 756 4987; x_wconf 79' lang='lat' dir='ltr'>i’</span> <span class='ocrx_word' id='word_1_714' title='bbox 790 4931 926 4988; x_wconf 91' lang='lat' dir='ltr'>Cum</span> <span class='ocrx_word' id='word_1_715' title='bbox 966 4932 1246 5004; x_wconf 89' lang='lat' dir='ltr'>Scriptura</span> <span class='ocrx_word' id='word_1_716' title='bbox 1276 4934 1555 5007; x_wconf 70' lang='lat' dir='ltr'>praecipiat</span> <span class='ocrx_word' id='word_1_717' title='bbox 1585 4934 1788 4989; x_wconf 91' lang='lat' dir='ltr'>malum</span> 
     </span>
    </p>
   </div>
   <div class='ocr_carea' id='block_1_92' title="bbox 197 5020 1790 5093">
    <p class='ocr_par' dir='ltr' id='par_1_92' title="bbox 197 5020 1790 5093">
     <span class='ocr_line' id='line_1_92' title="bbox 197 5020 1790 5093; baseline 0.001 -18"><span class='ocrx_word' id='word_1_718' title='bbox 197 5036 295 5093; x_wconf 91' lang='lat' dir='ltr'>pro</span> <span class='ocrx_word' id='word_1_719' title='bbox 323 5022 468 5077; x_wconf 89' lang='lat' dir='ltr'>malo</span> <span class='ocrx_word' id='word_1_720' title='bbox 506 5037 617 5076; x_wconf 91' lang='lat' dir='ltr'>non</span> <span class='ocrx_word' id='word_1_721' title='bbox 648 5020 872 5077; x_wconf 88' lang='lat' dir='ltr'>reddere</span> <span class='ocrx_word' id='word_1_722' title='bbox 918 5022 1094 5093; x_wconf 83' lang='lat' dir='ltr'>(Rom.</span> <span class='ocrx_word' id='word_1_723' title='bbox 1140 5041 1245 5091; x_wconf 87' lang='lat' dir='ltr'>xu,</span> <span class='ocrx_word' id='word_1_724' title='bbox 1294 5024 1404 5093; x_wconf 89' lang='grc'>17),</span> <span class='ocrx_word' id='word_1_725' title='bbox 1440 5032 1493 5080; x_wconf 90' lang='lat' dir='ltr'>et</span> <span class='ocrx_word' id='word_1_726' title='bbox 1522 5023 1790 5079; x_wconf 90' lang='lat' dir='ltr'>Dominus</span> 
     </span>
    </p>
   </div>
   <div class='ocr_carea' id='block_1_93' title="bbox 1900 4755 3500 4829">
    <p class='ocr_par' dir='ltr' id='par_1_93' title="bbox 1900 4755 3500 4829">
     <span class='ocr_line' id='line_1_93' title="bbox 1900 4755 3500 4829; baseline -0.001 -17"><span class='ocrx_word' id='word_1_727' title='bbox 1900 4756 2234 4826; x_wconf 89' lang='lat' dir='ltr'>desiderant,</span> <span class='ocrx_word' id='word_1_728' title='bbox 2299 4765 2362 4813; x_wconf 91' lang='lat' dir='ltr'>ut</span> <span class='ocrx_word' id='word_1_729' title='bbox 2404 4758 2523 4814; x_wconf 91' lang='lat' dir='ltr'>dies</span> <span class='ocrx_word' id='word_1_730' title='bbox 2573 4756 2769 4829; x_wconf 87' lang='lat' dir='ltr'>judicii</span> <span class='ocrx_word' id='word_1_731' title='bbox 2823 4755 2939 4825; x_wconf 84' lang='lat' dir='ltr'>ﬁat,</span> <span class='ocrx_word' id='word_1_732' title='bbox 2993 4757 3050 4811; x_wconf 93' lang='lat' dir='ltr'>in</span> <span class='ocrx_word' id='word_1_733' title='bbox 3100 4771 3207 4827; x_wconf 89' lang='lat' dir='ltr'>qua</span> <span class='ocrx_word' id='word_1_734' title='bbox 3257 4762 3312 4810; x_wconf 92' lang='lat' dir='ltr'>et</span> <span class='ocrx_word' id='word_1_735' title='bbox 3366 4772 3500 4812; x_wconf 90' lang='lat' dir='ltr'>cor-</span> 
     </span>
    </p>
   </div>
   <div class='ocr_carea' id='block_1_94' title="bbox 1900 4844 3500 4920">
    <p class='ocr_par' dir='ltr' id='par_1_94' title="bbox 1900 4844 3500 4920">
     <span class='ocr_line' id='line_1_94' title="bbox 1900 4844 3500 4920; baseline -0.003 -15"><span class='ocrx_word' id='word_1_736' title='bbox 1900 4864 2032 4920; x_wconf 87' lang='lat' dir='ltr'>pora</span> <span class='ocrx_word' id='word_1_737' title='bbox 2069 4858 2124 4905; x_wconf 90' lang='lat' dir='ltr'>et</span> <span class='ocrx_word' id='word_1_738' title='bbox 2164 4847 2469 4905; x_wconf 91' lang='lat' dir='ltr'>mercedem</span> <span class='ocrx_word' id='word_1_739' title='bbox 2519 4847 2735 4920; x_wconf 86' lang='lat' dir='ltr'>plenam</span> <span class='ocrx_word' id='word_1_740' title='bbox 2783 4846 3033 4902; x_wconf 87' lang='lat' dir='ltr'>laborum</span> <span class='ocrx_word' id='word_1_741' title='bbox 3073 4859 3318 4902; x_wconf 77' lang='lat' dir='ltr'>suorum“</span> <span class='ocrx_word' id='word_1_742' title='bbox 3345 4844 3500 4902; x_wconf 89' lang='lat' dir='ltr'>reci-</span> 
     </span>
    </p>
   </div>
   <div class='ocr_carea' id='block_1_95' title="bbox 1899 4933 3498 5010">
    <p class='ocr_par' dir='ltr' id='par_1_95' title="bbox 1899 4933 3498 5010">
     <span class='ocr_line' id='line_1_95' title="bbox 1899 4933 3498 5010; baseline -0.003 -17"><span class='ocrx_word' id='word_1_743' title='bbox 1899 4937 2075 5009; x_wconf 87' lang='lat' dir='ltr'>piant,</span> <span class='ocrx_word' id='word_1_744' title='bbox 2109 4946 2323 5010; x_wconf 91' lang='lat' dir='ltr'>tempus</span> <span class='ocrx_word' id='word_1_745' title='bbox 2352 4933 2631 4993; x_wconf 86' lang='lat' dir='ltr'>modicum</span> <span class='ocrx_word' id='word_1_746' title='bbox 2662 4944 2976 5007; x_wconf 87' lang='lat' dir='ltr'>exspectare</span> <span class='ocrx_word' id='word_1_747' title='bbox 3000 4935 3289 5008; x_wconf 90' lang='lat' dir='ltr'>jubentur,</span> <span class='ocrx_word' id='word_1_748' title='bbox 3321 4935 3498 4990; x_wconf 88' lang='lat' dir='ltr'>donec</span> 
     </span>
    </p>
   </div>
   <div class='ocr_carea' id='block_1_96' title="bbox 1898 5023 3497 5100">
    <p class='ocr_par' dir='ltr' id='par_1_96' title="bbox 1898 5023 3497 5100">
     <span class='ocr_line' id='line_1_96' title="bbox 1898 5023 3497 5100; baseline -0.001 -19"><span class='ocrx_word' id='word_1_749' title='bbox 1898 5027 2194 5100; x_wconf 89' lang='lat' dir='ltr'>impleatur</span> <span class='ocrx_word' id='word_1_750' title='bbox 2252 5040 2515 5081; x_wconf 88' lang='lat' dir='ltr'>numerus</span> <span class='ocrx_word' id='word_1_751' title='bbox 2586 5024 2818 5080; x_wconf 89' lang='lat' dir='ltr'>fratrum</span> <span class='ocrx_word' id='word_1_752' title='bbox 2884 5041 3112 5093; x_wconf 90' lang='lat' dir='ltr'>eorum;</span> <span class='ocrx_word' id='word_1_753' title='bbox 3190 5024 3320 5098; x_wconf 89' lang='lat' dir='ltr'>quia</span> <span class='ocrx_word' id='word_1_754' title='bbox 3378 5023 3497 5080; x_wconf 85' lang='lat' dir='ltr'>dies</span> 
     </span>
    </p>
   </div>
   <div class='ocr_carea' id='block_1_97' title="bbox 195 5109 3495 5194">
    <p class='ocr_par' dir='ltr' id='par_1_97' title="bbox 195 5109 3495 5194">
     <span class='ocr_line' id='line_1_97' title="bbox 195 5109 3495 5194; baseline 0.002 -28"><span class='ocrx_word' id='word_1_755' title='bbox 195 5109 343 5166; x_wconf 89' lang='lat' dir='ltr'>dicat</span> <span class='ocrx_word' id='word_1_756' title='bbox 372 5110 430 5166; x_wconf 91' lang='lat' dir='ltr'>in</span> <span class='ocrx_word' id='word_1_757' title='bbox 460 5111 761 5184; x_wconf 89' lang='lat' dir='ltr'>Evangelio</span> <span class='ocrx_word' id='word_1_758' title='bbox 795 5130 806 5167; x_wconf 92' lang='lat'><strong>:</strong></span> <span class='ocrx_word' id='word_1_759' title='bbox 869 5134 888 5158; x_wconf 72' lang='grc' dir='ltr'>ι</span> <span class='ocrx_word' id='word_1_760' title='bbox 936 5110 1162 5185; x_wconf 89' lang='lat' dir='ltr'>Diligite</span> <span class='ocrx_word' id='word_1_761' title='bbox 1191 5113 1447 5170; x_wconf 89' lang='lat' dir='ltr'>inimicos</span> <span class='ocrx_word' id='word_1_762' title='bbox 1476 5120 1705 5182; x_wconf 79' lang='lat' dir='ltr'>vestros,</span> <span class='ocrx_word' id='word_1_763' title='bbox 1738 5121 1790 5169; x_wconf 86' lang='lat' dir='ltr'>et</span> <span class='ocrx_word' id='word_1_764' title='bbox 1892 5117 2094 5190; x_wconf 89' lang='lat' dir='ltr'>judicii</span> <span class='ocrx_word' id='word_1_765' title='bbox 2140 5132 2251 5172; x_wconf 90' lang='lat' dir='ltr'>non</span> <span class='ocrx_word' id='word_1_766' title='bbox 2291 5116 2505 5194; x_wconf 83' lang='lat' dir='ltr'>veniet,</span> <span class='ocrx_word' id='word_1_767' title='bbox 2555 5133 2730 5190; x_wconf 90' lang='lat' dir='ltr'>usque</span> <span class='ocrx_word' id='word_1_768' title='bbox 2773 5116 2905 5174; x_wconf 92' lang='lat' dir='ltr'>dum</span> <span class='ocrx_word' id='word_1_769' title='bbox 2964 5117 3261 5190; x_wconf 87' lang='lat' dir='ltr'>impleatur</span> <span class='ocrx_word' id='word_1_770' title='bbox 3313 5116 3495 5173; x_wconf 89' lang='lat' dir='ltr'>omnis</span> 
     </span>
    </p>
   </div>
   <div class='ocr_carea' id='block_1_98' title="bbox 195 5198 1774 5275">
    <p class='ocr_par' dir='ltr' id='par_1_98' title="bbox 195 5198 1774 5275">
     <span class='ocr_line' id='line_1_98' title="bbox 195 5198 1774 5275; baseline 0.004 -21"><span class='ocrx_word' id='word_1_771' title='bbox 195 5199 493 5255; x_wconf 77' lang='lat' dir='ltr'>benefacite</span> <span class='ocrx_word' id='word_1_772' title='bbox 542 5198 611 5255; x_wconf 92' lang='lat' dir='ltr'>iis</span> <span class='ocrx_word' id='word_1_773' title='bbox 652 5200 747 5273; x_wconf 90' lang='lat' dir='ltr'>qui</span> <span class='ocrx_word' id='word_1_774' title='bbox 794 5199 1032 5257; x_wconf 90' lang='lat' dir='ltr'>oderunt</span> <span class='ocrx_word' id='word_1_775' title='bbox 1082 5219 1182 5257; x_wconf 90' lang='lat' dir='ltr'>vos</span> <span class='ocrx_word' id='word_1_776' title='bbox 1227 5202 1440 5273; x_wconf 84' lang='lat' dir='ltr'>(Matth.</span> <span class='ocrx_word' id='word_1_777' title='bbox 1485 5221 1543 5269; x_wconf 86' lang='lat' dir='ltr'>v,</span> <span class='ocrx_word' id='word_1_778' title='bbox 1588 5203 1774 5275; x_wconf 67' lang='lat' dir='ltr'>41s);-</span> 
     </span>
    </p>
   </div>
   <div class='ocr_carea' id='block_1_99' title="bbox 195 5290 1784 5363">
    <p class='ocr_par' dir='ltr' id='par_1_99' title="bbox 195 5290 1784 5363">
     <span class='ocr_line' id='line_1_99' title="bbox 195 5290 1784 5363; baseline 0.003 -17"><span class='ocrx_word' id='word_1_779' title='bbox 195 5290 325 5363; x_wconf 90' lang='lat' dir='ltr'>quid</span> <span class='ocrx_word' id='word_1_780' title='bbox 353 5297 434 5346; x_wconf 90' lang='lat' dir='ltr'>est</span> <span class='ocrx_word' id='word_1_781' title='bbox 462 5291 607 5363; x_wconf 91' lang='lat' dir='ltr'>quod</span> <span class='ocrx_word' id='word_1_782' title='bbox 655 5292 828 5347; x_wconf 88' lang='lat' dir='ltr'>sancti</span> <span class='ocrx_word' id='word_1_783' title='bbox 861 5292 918 5348; x_wconf 91' lang='lat' dir='ltr'>in</span> <span class='ocrx_word' id='word_1_784' title='bbox 947 5293 1262 5349; x_wconf 75' lang='lat' dir='ltr'>cmlestibus</span> <span class='ocrx_word' id='word_1_785' title='bbox 1301 5295 1587 5350; x_wconf 89' lang='lat' dir='ltr'>constituti</span> <span class='ocrx_word' id='word_1_786' title='bbox 1620 5296 1784 5351; x_wconf 90' lang='lat' dir='ltr'>ultio-</span> 
     </span>
    </p>
   </div>
   <div class='ocr_carea' id='block_1_100' title="bbox 195 5379 1784 5453">
    <p class='ocr_par' dir='ltr' id='par_1_100' title="bbox 195 5379 1784 5453">
     <span class='ocr_line' id='line_1_100' title="bbox 195 5379 1784 5453; baseline 0.003 -16"><span class='ocrx_word' id='word_1_787' title='bbox 195 5397 314 5437; x_wconf 89' lang='lat' dir='ltr'>nem</span> <span class='ocrx_word' id='word_1_788' title='bbox 345 5379 412 5436; x_wconf 88' lang='lat' dir='ltr'>de</span> <span class='ocrx_word' id='word_1_789' title='bbox 440 5380 681 5437; x_wconf 89' lang='lat' dir='ltr'>inimicis</span> <span class='ocrx_word' id='word_1_790' title='bbox 709 5381 825 5437; x_wconf 90' lang='lat' dir='ltr'>suis</span> <span class='ocrx_word' id='word_1_791' title='bbox 850 5390 1117 5453; x_wconf 88' lang='lat' dir='ltr'>expetunt</span> <span class='ocrx_word' id='word_1_792' title='bbox 1145 5383 1172 5439; x_wconf 80' lang='lat'>?</span> <span class='ocrx_word' id='word_1_793' title='bbox 1197 5382 1301 5439; x_wconf 91' lang='lat' dir='ltr'>Sed</span> <span class='ocrx_word' id='word_1_794' title='bbox 1333 5384 1537 5440; x_wconf 82' lang='lat' dir='ltr'>scimus</span> <span class='ocrx_word' id='word_1_795' title='bbox 1567 5393 1784 5442; x_wconf 89' lang='lat' dir='ltr'>sanctos</span> 
     </span>
    </p>
   </div>
   <div class='ocr_carea' id='block_1_101' title="bbox 192 5468 1785 5546">
    <p class='ocr_par' dir='ltr' id='par_1_101' title="bbox 192 5468 1785 5546">
     <span class='ocr_line' id='line_1_101' title="bbox 192 5468 1785 5546; baseline 0.003 -20"><span class='ocrx_word' id='word_1_796' title='bbox 192 5468 291 5527; x_wconf 89' lang='lat' dir='ltr'>Dei</span> <span class='ocrx_word' id='word_1_797' title='bbox 325 5468 471 5524; x_wconf 93' lang='lat' dir='ltr'>diem</span> <span class='ocrx_word' id='word_1_798' title='bbox 521 5468 779 5524; x_wconf 90' lang='lat' dir='ltr'>ultimum</span> <span class='ocrx_word' id='word_1_799' title='bbox 825 5469 1156 5537; x_wconf 89' lang='lat' dir='ltr'>desiderare,</span> <span class='ocrx_word' id='word_1_800' title='bbox 1203 5471 1260 5527; x_wconf 92' lang='lat' dir='ltr'>in</span> <span class='ocrx_word' id='word_1_801' title='bbox 1299 5488 1408 5544; x_wconf 87' lang='lat' dir='ltr'>quo</span> <span class='ocrx_word' id='word_1_802' title='bbox 1454 5480 1508 5527; x_wconf 91' lang='lat' dir='ltr'>ct</span> <span class='ocrx_word' id='word_1_803' title='bbox 1555 5490 1785 5546; x_wconf 89' lang='lat' dir='ltr'>corpora</span> 
     </span>
    </p>
   </div>
   <div class='ocr_carea' id='block_1_102' title="bbox 264 5564 1785 5640">
    <p class='ocr_par' dir='ltr' id='par_1_102' title="bbox 264 5564 1785 5640">
     <span class='ocr_line' id='line_1_102' title="bbox 264 5564 1785 5640; baseline 0.004 -19"><span class='ocrx_word' id='word_1_804' title='bbox 264 5567 382 5637; x_wconf 90' lang='grc'>(77)</span> <span class='ocrx_word' id='word_1_805' title='bbox 415 5565 617 5640; x_wconf 77' lang='lat' dir='ltr'>Omnes</span> <span class='ocrx_word' id='word_1_806' title='bbox 645 5564 805 5633; x_wconf 90' lang='lat' dir='ltr'>edit.,</span> <span class='ocrx_word' id='word_1_807' title='bbox 825 5567 996 5622; x_wconf 86' lang='lat' dir='ltr'>omnis</span> <span class='ocrx_word' id='word_1_808' title='bbox 1040 5574 1185 5624; x_wconf 85' lang='lat' dir='ltr'>terra</span> <span class='ocrx_word' id='word_1_809' title='bbox 1210 5569 1515 5640; x_wconf 82' lang='lat' dir='ltr'>designatur</span> <span class='ocrx_word' id='word_1_810' title='bbox 1542 5588 1554 5637; x_wconf 91' lang='lat'>;</span> <span class='ocrx_word' id='word_1_811' title='bbox 1592 5588 1785 5627; x_wconf 88' lang='lat' dir='ltr'>omnes</span> 
     </span>
    </p>
   </div>
   <div class='ocr_carea' id='block_1_103' title="bbox 191 5635 1783 5714">
    <p class='ocr_par' dir='ltr' id='par_1_103' title="bbox 191 5635 1783 5714">
     <span class='ocr_line' id='line_1_103' title="bbox 191 5635 1783 5714; baseline 0.003 -20"><span class='ocrx_word' id='word_1_812' title='bbox 191 5635 320 5694; x_wconf 83' lang='lat' dir='ltr'>vero</span> <span class='ocrx_word' id='word_1_813' title='bbox 353 5654 480 5691; x_wconf 89' lang='lat' dir='ltr'>mss.</span> <span class='ocrx_word' id='word_1_814' title='bbox 512 5635 722 5691; x_wconf 87' lang='lat' dir='ltr'>addunt</span> <span class='ocrx_word' id='word_1_815' title='bbox 766 5647 826 5698; x_wconf 73' lang='grc' dir='ltr'>τὸ</span> <span class='ocrx_word' id='word_1_816' title='bbox 871 5640 1064 5708; x_wconf 85' lang='lat' dir='ltr'>Israel,</span> <span class='ocrx_word' id='word_1_817' title='bbox 1098 5640 1243 5714; x_wconf 88' lang='lat' dir='ltr'>quod</span> <span class='ocrx_word' id='word_1_818' title='bbox 1294 5635 1658 5697; x_wconf 69' lang='lat' dir='ltr'>necessarium</span> <span class='ocrx_word' id='word_1_819' title='bbox 1692 5643 1783 5699; x_wconf 86' lang='lat' dir='ltr'>hic</span> 
     </span>
    </p>
   </div>
   <div class='ocr_carea' id='block_1_104' title="bbox 189 5716 958 5790">
    <p class='ocr_par' dir='ltr' id='par_1_104' title="bbox 189 5716 958 5790">
     <span class='ocr_line' id='line_1_104' title="bbox 189 5716 958 5790; baseline -0.004 -14"><span class='ocrx_word' id='word_1_820' title='bbox 189 5734 306 5776; x_wconf 85' lang='lat' dir='ltr'>esse</span> <span class='ocrx_word' id='word_1_821' title='bbox 331 5716 629 5790; x_wconf 87' lang='lat' dir='ltr'>ostendunt</span> <span class='ocrx_word' id='word_1_822' title='bbox 655 5717 958 5790; x_wconf 85' lang='lat' dir='ltr'>sequentia.</span> 
     </span>
    </p>
   </div>
   <div class='ocr_carea' id='block_1_105' title="bbox 259 5788 1785 5871">
    <p class='ocr_par' dir='ltr' id='par_1_105' title="bbox 259 5788 1785 5871">
     <span class='ocr_line' id='line_1_105' title="bbox 259 5788 1785 5871; baseline 0.005 -27"><span class='ocrx_word' id='word_1_823' title='bbox 259 5789 375 5862; x_wconf 89' lang='lat'><strong>(78)</strong></span> <span class='ocrx_word' id='word_1_824' title='bbox 426 5788 748 5864; x_wconf 75' lang='lat' dir='ltr'>Quicumque</span> <span class='ocrx_word' id='word_1_825' title='bbox 792 5789 1052 5848; x_wconf 84' lang='lat' dir='ltr'>inebriari</span> <span class='ocrx_word' id='word_1_826' title='bbox 1096 5806 1269 5869; x_wconf 87' lang='lat' dir='ltr'>usque</span> <span class='ocrx_word' id='word_1_827' title='bbox 1313 5793 1382 5852; x_wconf 83' lang='lat' dir='ltr'>ad</span> <span class='ocrx_word' id='word_1_828' title='bbox 1439 5794 1534 5869; x_wconf 84' lang='lat' dir='ltr'>qui</span> <span class='ocrx_word' id='word_1_829' title='bbox 1588 5811 1785 5871; x_wconf 86' lang='lat' dir='ltr'>equum</span> 
     </span>
    </p>
   </div>
   <div class='ocr_carea' id='block_1_106' title="bbox 1899 5205 3491 5280">
    <p class='ocr_par' dir='ltr' id='par_1_106' title="bbox 1899 5205 3491 5280">
     <span class='ocr_line' id='line_1_106' title="bbox 1899 5205 3491 5280; baseline 0 -19"><span class='ocrx_word' id='word_1_830' title='bbox 1899 5222 2160 5261; x_wconf 89' lang='lat' dir='ltr'>numerus</span> <span class='ocrx_word' id='word_1_831' title='bbox 2216 5205 2535 5262; x_wconf 90' lang='lat' dir='ltr'>electorum.</span> <span class='ocrx_word' id='word_1_832' title='bbox 2596 5206 2701 5262; x_wconf 90' lang='lat' dir='ltr'>Sed</span> <span class='ocrx_word' id='word_1_833' title='bbox 2753 5207 3108 5280; x_wconf 69' lang='lat' dir='ltr'>quaerendum</span> <span class='ocrx_word' id='word_1_834' title='bbox 3174 5205 3334 5263; x_wconf 90' lang='lat' dir='ltr'>nobis</span> <span class='ocrx_word' id='word_1_835' title='bbox 3391 5214 3491 5274; x_wconf 90' lang='lat' dir='ltr'>est,</span> 
     </span>
    </p>
   </div>
   <div class='ocr_carea' id='block_1_107' title="bbox 1894 5296 3491 5368">
    <p class='ocr_par' dir='ltr' id='par_1_107' title="bbox 1894 5296 3491 5368">
     <span class='ocr_line' id='line_1_107' title="bbox 1894 5296 3491 5368; baseline -0.002 -13"><span class='ocrx_word' id='word_1_836' title='bbox 1894 5314 1994 5355; x_wconf 86' lang='lat' dir='ltr'>cur</span> <span class='ocrx_word' id='word_1_837' title='bbox 2031 5298 2158 5352; x_wconf 67' lang='lat' dir='ltr'>solae</span> <span class='ocrx_word' id='word_1_838' title='bbox 2188 5296 2384 5353; x_wconf 68' lang='lat' dir='ltr'>animae</span> <span class='ocrx_word' id='word_1_839' title='bbox 2424 5313 2521 5368; x_wconf 88' lang='lat' dir='ltr'>pro</span> <span class='ocrx_word' id='word_1_840' title='bbox 2560 5296 2767 5355; x_wconf 90' lang='lat' dir='ltr'>Christi</span> <span class='ocrx_word' id='word_1_841' title='bbox 2816 5297 3039 5354; x_wconf 90' lang='lat' dir='ltr'>nomine</span> <span class='ocrx_word' id='word_1_842' title='bbox 3076 5296 3491 5353; x_wconf 81' lang='lat' dir='ltr'>interfectorum</span> 
     </span>
    </p>
   </div>
   <div class='ocr_carea' id='block_1_108' title="bbox 1895 5388 3493 5463">
    <p class='ocr_par' dir='ltr' id='par_1_108' title="bbox 1895 5388 3493 5463">
     <span class='ocr_line' id='line_1_108' title="bbox 1895 5388 3493 5463; baseline 0.001 -18"><span class='ocrx_word' id='word_1_843' title='bbox 1895 5389 1998 5446; x_wconf 90' lang='lat' dir='ltr'>sub</span> <span class='ocrx_word' id='word_1_844' title='bbox 2035 5392 2204 5446; x_wconf 83' lang='lat' dir='ltr'>altare</span> <span class='ocrx_word' id='word_1_845' title='bbox 2243 5390 2341 5446; x_wconf 92' lang='lat' dir='ltr'>Dei</span> <span class='ocrx_word' id='word_1_846' title='bbox 2381 5390 2676 5463; x_wconf 89' lang='lat' dir='ltr'>quievisse,</span> <span class='ocrx_word' id='word_1_847' title='bbox 2726 5397 2780 5445; x_wconf 88' lang='lat' dir='ltr'>et</span> <span class='ocrx_word' id='word_1_848' title='bbox 2827 5390 2995 5446; x_wconf 86' lang='lat' dir='ltr'>stolas</span> <span class='ocrx_word' id='word_1_849' title='bbox 3044 5388 3288 5462; x_wconf 89' lang='lat' dir='ltr'>singulas</span> <span class='ocrx_word' id='word_1_850' title='bbox 3327 5406 3493 5446; x_wconf 87' lang='lat' dir='ltr'>acce-</span> 
     </span>
    </p>
   </div>
   <div class='ocr_carea' id='block_1_109' title="bbox 1894 5478 3492 5553">
    <p class='ocr_par' dir='ltr' id='par_1_109' title="bbox 1894 5478 3492 5553">
     <span class='ocr_line' id='line_1_109' title="bbox 1894 5478 3492 5553; baseline 0.001 -18"><span class='ocrx_word' id='word_1_851' title='bbox 1894 5479 2039 5553; x_wconf 90' lang='lat' dir='ltr'>pisse</span> <span class='ocrx_word' id='word_1_852' title='bbox 2070 5480 2319 5552; x_wconf 89' lang='lat' dir='ltr'>legantur</span> <span class='ocrx_word' id='word_1_853' title='bbox 2352 5498 2363 5536; x_wconf 89' lang='lat'><strong>:</strong></span> <span class='ocrx_word' id='word_1_854' title='bbox 2408 5497 2536 5536; x_wconf 92' lang='lat' dir='ltr'>cum</span> <span class='ocrx_word' id='word_1_855' title='bbox 2570 5495 2762 5536; x_wconf 90' lang='lat' dir='ltr'>omnes</span> <span class='ocrx_word' id='word_1_856' title='bbox 2804 5479 3104 5536; x_wconf 89' lang='lat' dir='ltr'>electorum</span> <span class='ocrx_word' id='word_1_857' title='bbox 3144 5478 3344 5536; x_wconf 77' lang='lat' dir='ltr'>animae</span> <span class='ocrx_word' id='word_1_858' title='bbox 3387 5478 3492 5536; x_wconf 83' lang='lat' dir='ltr'>sub</span> 
     </span>
    </p>
   </div>
   <div class='ocr_carea' id='block_1_110' title="bbox 1895 5579 2447 5636">
    <p class='ocr_par' dir='ltr' id='par_1_110' title="bbox 1895 5579 2447 5636">
     <span class='ocr_line' id='line_1_110' title="bbox 1895 5579 2447 5636; baseline 0 -1"><span class='ocrx_word' id='word_1_859' title='bbox 1895 5594 1924 5635; x_wconf 90' lang='lat' dir='ltr'>e</span> <span class='ocrx_word' id='word_1_860' title='bbox 1955 5595 2082 5635; x_wconf 89' lang='lat' dir='ltr'>mss.</span> <span class='ocrx_word' id='word_1_861' title='bbox 2117 5579 2447 5636; x_wconf 88' lang='lat' dir='ltr'>restituitur.</span> 
     </span>
    </p>
   </div>
   <div class='ocr_carea' id='block_1_111' title="bbox 1968 5649 3488 5721">
    <p class='ocr_par' dir='ltr' id='par_1_111' title="bbox 1968 5649 3488 5721">
     <span class='ocr_line' id='line_1_111' title="bbox 1968 5649 3488 5721; baseline 0.001 -15"><span class='ocrx_word' id='word_1_862' title='bbox 1968 5652 2085 5721; x_wconf 87' lang='lat'><strong>(79)</strong></span> <span class='ocrx_word' id='word_1_863' title='bbox 2127 5654 2207 5707; x_wconf 80' lang='lat' dir='ltr'>lla</span> <span class='ocrx_word' id='word_1_864' title='bbox 2239 5669 2366 5707; x_wconf 86' lang='lat' dir='ltr'>mss.</span> <span class='ocrx_word' id='word_1_865' title='bbox 2394 5669 2407 5716; x_wconf 93' lang='lat'>;</span> <span class='ocrx_word' id='word_1_866' title='bbox 2439 5650 2572 5707; x_wconf 89' lang='lat' dir='ltr'>edit.</span> <span class='ocrx_word' id='word_1_867' title='bbox 2618 5658 2822 5717; x_wconf 87' lang='lat' dir='ltr'>autem,</span> <span class='ocrx_word' id='word_1_868' title='bbox 2853 5650 3002 5709; x_wconf 82' lang='lat' dir='ltr'>stolis</span> <span class='ocrx_word' id='word_1_869' title='bbox 3039 5650 3236 5707; x_wconf 72' lang='lat' dir='ltr'>animo:</span> <span class='ocrx_word' id='word_1_870' title='bbox 3271 5649 3488 5712; x_wconf 85' lang='lat' dir='ltr'>beatitu-</span> 
     </span>
    </p>
   </div>
   <div class='ocr_carea' id='block_1_112' title="bbox 1893 5721 2673 5798">
    <p class='ocr_par' dir='ltr' id='par_1_112' title="bbox 1893 5721 2673 5798">
     <span class='ocr_line' id='line_1_112' title="bbox 1893 5721 2673 5798; baseline 0.004 -21"><span class='ocrx_word' id='word_1_871' title='bbox 1893 5721 2035 5778; x_wconf 75' lang='lat' dir='ltr'>dinis</span> <span class='ocrx_word' id='word_1_872' title='bbox 2060 5730 2268 5781; x_wconf 64' lang='lat' dir='ltr'>aeterna</span> <span class='ocrx_word' id='word_1_873' title='bbox 2288 5722 2673 5798; x_wconf 82' lang='lat' dir='ltr'>perfruuntur.</span> 
     </span>
    </p>
   </div>
  </div>
