3964 6372
541 416 646 474 923

539 543 645 599 hoc
678 543 848 599 altare
879 543 1188 616 quiescant,
1219 542 1542 616 easdemque
1568 544 1735 600 stolas
1767 550 1821 599 et
1846 541 1977 614 ipse
2015 558 2138 614 pos-
2167 543 2220 602 Α

537 633 752 690 sideant
772 635 802 690 ?
828 634 932 690 Per
957 632 1170 689 animas
1195 631 1366 706 igitur
1385 632 1797 688 interfectorum
1820 649 1930 689 non
1957 633 2134 688 solum

538 731 828 796 martyres,
859 723 951 778 sed
989 729 1045 778 et
1085 739 1277 778 omnes
1314 722 1525 777 animas
1559 720 1832 792 justorum
1875 721 2138 777 debemus

533 812 824 885 accipere;
876 829 941 868 eo
985 811 1132 886 quod
1162 821 1215 866 et
1245 811 1346 883 ipsi
1397 809 1605 865 mundo
1649 809 1759 866 sint
1805 810 2032 878 mortui,
2075 817 2138 866 ut

533 901 648 956 Deo
677 901 950 969 viverent,
981 901 1125 957 sicut
1151 899 1289 955 dicit
1324 900 1620 971 Apostolus
1652 917 1663 954 :
1709 924 1728 945 ‹
1757 898 1955 954 Mortui
1987 897 2133 954 enim

534 991 686 1059 estis,
719 999 773 1046 et
805 990 920 1046 vita
958 999 1140 1046 vestra
1169 988 1489 1045 abscondita
1535 997 1616 1044 est
1660 1003 1786 1044 cum
1827 987 2049 1046 Christo
2079 988 2134 1044 in

533 1082 648 1137 Deo
699 1082 926 1151 (Coloss.
984 1096 1068 1146 ιιι,
1129 1078 1210 1147 3).
1257 1101 1274 1124 ι
1342 1079 1413 1132 Et
1470 1076 1538 1132 de
1589 1079 1882 1148 semetipso
1930 1076 2069 1133 dicit
2119 1095 2132 1132 :

549 1194 568 1218 ε
628 1169 765 1226 Mihi
822 1169 1066 1224 mundus
1119 1165 1420 1224 cruciﬁxus
1479 1173 1580 1234 est,
1640 1173 1694 1222 et
1761 1183 1858 1239 ego
1931 1165 2136 1222 mundo

536 1257 743 1329 (Galat.
795 1274 873 1324 VI,
926 1256 1062 1327 ib);
1111 1280 1130 1303 ι
1188 1263 1242 1311 et
1289 1273 1302 1312 :
1359 1281 1377 1303 ι
1416 1255 1620 1312 Omnes
1663 1253 1758 1328 qui
1807 1256 2005 1310 volunt
2050 1255 2138 1328 pie

533 1347 720 1403 vivere
773 1347 830 1403 in
889 1346 1110 1404 Christo
1163 1346 1312 1414 Iesu,
1365 1345 1797 1419 persecutionem
1851 1347 2138 1417 patiuntur

536 1435 625 1506 (Il
641 1436 774 1492 Tim.
792 1453 874 1504 ιιι,
894 1435 982 1506 12)
1001 1454 1014 1503 ;
1031 1461 1048 1484 ι
1076 1443 1162 1492 et:
1199 1459 1216 1482 ι
1238 1436 1340 1490 Per
1358 1435 1558 1490 multas
1580 1435 1960 1491 tribulationes
1979 1451 2135 1506 opor-

533 1532 612 1580 tet
631 1541 733 1580 nos
758 1525 962 1582 intrare
985 1529 1040 1580 in
1062 1541 1292 1597 regnum
1321 1525 1418 1581 Dei
1453 1526 1592 1596 (Act.
1621 1542 1740 1594 xlv,
1763 1525 1879 1595 2i).
1904 1549 1922 1570 ι
1956 1523 2059 1579 Sed
2081 1532 2136 1581 et

531 1614 770 1670 Joannes
797 1623 990 1671 auctor
1028 1613 1194 1686 hujus
1236 1613 1362 1669 libri
1408 1613 1634 1670 calicem
1671 1613 1892 1670 Domini
1933 1613 2135 1669 bibisse

533 1702 884 1773 describitur,
916 1721 1042 1760 cum
1073 1703 1193 1760 sine
1228 1702 1396 1775 gladii
1437 1702 1811 1776 peremptione
1839 1701 2130 1775 quieverit.

604 1795 789 1866 (Vers.
839 1794 952 1864 12.)
1004 1795 1080 1850 Et
1122 1809 1240 1849 cum
1285 1793 1575 1865 aperuisset
1617 1793 1854 1863 sigillum
1905 1799 2129 1848 sextum.

1577 417 1676 474 AD
1711 415 1947 474 OPERA
1983 415 2040 474 S.
2080 415 2414 474 AMBROSII
2447 415 2827 475 APPENDIX.

3770 419 3882 479 924

2325 542 2507 614 (Vera.
2542 541 2654 614 14.)
2684 546 2758 600 Et
2787 544 2973 600 caelum
3021 543 3252 609 recessit,
3285 543 3420 599 sicut
3467 543 3605 600 liber
3637 545 3883 602 involu-

2247 647 2352 698 tus.
2373 631 2474 686 Per
2493 633 2694 688 coelum
2719 641 2876 688 vetus
2897 633 3310 688 Testamentum
3331 631 3658 704 designatur
3682 651 3696 690 ε
3730 632 3882 691 liber

2248 733 2381 773 vero
2410 721 2628 792 quando
2659 720 2986 788 involvitur,
3022 719 3144 791 ejus
3178 719 3450 792 scriptura
3473 721 3542 776 ab
3567 721 3764 778 oculis
3795 721 3880 777 in-

2244 808 2518 862 tuentium
2550 808 2924 864 absconditur.
2961 807 3124 864 Liber
3153 824 3282 879 ergo
3309 809 3511 865 Iudmis
3568 809 3878 866 involutus

2244 902 2346 963 est,
2383 895 2512 968 quia
2540 896 2842 967 spiritalem
2885 897 3326 968 intelligentiam
3370 897 3423 952 in
3467 897 3644 953 veteri
3678 899 3877 954 Testa-

2247 991 2453 1053 mento,
2487 1001 2608 1057 quae
2639 985 2918 1043 Christum
2953 985 3386 1054 demonstrabat,
3420 986 3745 1060 intelligere
3778 1005 3874 1044 no-

2251 1076 2498 1131 luerunt.
2529 1076 2741 1132 Caelum
2766 1075 2950 1148 itaque
2967 1076 3109 1132 sicut
3136 1075 3278 1131 liber
3295 1075 3584 1133 involutus
3605 1079 3871 1146 recessit,

2246 1165 2376 1236 quia
2421 1171 2580 1219 vetus
2629 1165 3040 1222 Testamentum
3083 1163 3308 1221 Iudaeos
3352 1165 3676 1238 dereliquit,
3711 1177 3775 1223 et
3805 1167 3873 1223 ad

2246 1261 2432 1326 gentes
2462 1254 2738 1310 transivit.
2785 1256 2858 1310 Et
2908 1254 3078 1309 omnis
3106 1271 3254 1308 mons
3301 1261 3350 1310 et
3393 1255 3586 1312 insula
3628 1257 3702 1312 de
3741 1259 3872 1312 locis

2245 1343 2355 1399 suis
2382 1350 2536 1399 motae
2563 1350 2706 1399 sunt.
2733 1345 2804 1399 Et
2819 1345 2946 1417 quia
2975 1343 3290 1400 Iudaeorum
3322 1354 3468 1401 terra
3499 1355 3872 1403 monstruosa

2246 1441 2349 1500 est,
2398 1449 2690 1504 possumus
2722 1449 2818 1505 per
2848 1440 3062 1488 montes
3105 1449 3198 1489 eos
3240 1435 3334 1506 qui
3381 1433 3438 1489 in
3493 1435 3869 1502 civitatibus,

2244 1537 2339 1593 per
2359 1520 2566 1577 insulas
2584 1529 2762 1577 autem
2784 1538 2876 1577 eos
2892 1521 2986 1594 qui
3011 1521 3066 1576 in
3079 1523 3478 1593 campestribus
3494 1522 3863 1592 habitabant,

2243 1609 2569 1681 intelligere.
2598 1610 2702 1678 Qui
2733 1611 2801 1667 de
2828 1610 2963 1666 locis
2994 1611 3108 1665 suis
3137 1611 3271 1668 moti
3303 1621 3454 1677 sunt,
3487 1613 3620 1686 quia
3653 1630 3868 1670 omnes

2243 1707 2339 1756 aut
2366 1700 2739 1768 exterminati,
2779 1707 2875 1756 aut
2903 1699 2961 1756 in
2991 1698 3368 1772 captivitatem
3395 1701 3548 1760 ducti
3579 1712 3749 1761 sunt.

2317 1817 2500 1888 (Vere.
2537 1817 2624 1885 15,
2669 1816 2756 1884 16,
2788 1816 2902 1887 17.)
2934 1819 3009 1873 Et
3034 1833 3175 1888 reges
3208 1823 3381 1886 terrae,
3403 1823 3452 1872 et
3473 1819 3784 1892 principes,
3819 1829 3866 1876 et

533 1883 714 1976 §_isi_"i
736 1883 877 1939 δθλῖί
909 1884 1117 1976 θρεῖτῖίο
1146 1884 1214 1976 ad_
1245 1883 1557 1976 Ῐυάωοτυφ
1583 1882 1966 1976 δεξίθοῖίοηεῗωι
1987 1882 2129 1976 Sic}!
2156 1905 2203 1967 Β
2240 1882 2458 1974 tribuni,
2482 1913 2530 1960 et
2556 1882 2757 1975 divites,
2789 1913 2835 1961 et
2859 1882 3045 1976 fortes,
3093 1882 3143 1961 et
3185 1882 3375 1961 omnis
3401 1882 3582 1962 servus
3617 1882 3676 1964 et
3723 1882 3863 1964 liber

530 1971 800 2040 diximus,
852 1980 907 2028 et
951 1971 1020 2028 ad
1070 1972 1314 2044 gentium
1361 1973 1705 2029 vocationem
1749 1973 2007 2046 pertinet.
2057 1974 2117 2028 El

2233 1995 2616 2050 absconderant
2641 2013 2694 2050 se
2722 1996 2779 2050 in
2802 1996 3083 2067 speluncis,
3125 2003 3172 2052 et
3195 1997 3253 2052 in
3286 1997 3454 2068 petris
3481 1999 3784 2064 montium,
3817 2007 3861 2052 et

530 2061 660 2134 quia
684 2061 936 2119 Christus
955 2061 1022 2117 de
1042 2061 1359 2117 Iudmorum
1382 2061 1692 2134 perditione
1710 2071 1764 2118 et
1782 2061 1850 2118 de
1881 2061 2122 2134 gentium

529 2150 795 2207 electione
825 2153 1000 2207 multa
1029 2167 1124 2223 per
1152 2151 1436 2223 parabolas
1477 2159 1558 2208 est
1603 2152 1838 2219 locutus,
1871 2151 2121 2224 quaedam

530 2261 540 2288 t
567 2241 693 2292 tiam
728 2239 910 2310 gessit,
943 2255 1064 2312 quae
1095 2239 1200 2296 hoc
1225 2239 1684 2312 designaverunt;
1718 2248 1934 2296 sextum
1973 2239 2122 2311 sigil-

529 2335 644 2390 lum
693 2336 926 2407 aperuit,
968 2337 1188 2409 quando
1231 2337 1550 2394 doctoribus
1593 2337 1852 2393 Ecclesiae
1897 2352 1958 2391 ea
1999 2353 2120 2409 quas

528 2439 624 2496 per
678 2423 876 2497 ﬁguras
926 2425 1071 2482 dixit
1130 2436 1184 2484 et
1231 2428 1380 2496 fecit,
1441 2443 1536 2500 per
1579 2425 1958 2498 inspirationis
2007 2442 2118 2481 suae

528 2515 756 2588 gratiam
797 2517 1070 2588 patefecit.
1115 2519 1347 2591 Aperuit
1389 2519 1553 2574 etiam
1593 2524 1808 2573 sextum
1852 2517 2117 2590 sigillum,

526 2605 745 2678 quando
789 2621 852 2661 ea
902 2623 1022 2680 qua;
1069 2606 1350 2679 praedixit,
1399 2621 1561 2678 opere
1609 2606 1884 2678 implevit.
1945 2609 2122 2664 Terra:

525 2701 696 2750 motus
739 2695 913 2765 factus
961 2702 1034 2751 est
1079 2713 1320 2768 magnus.
1370 2695 1474 2752 Per
1515 2705 1714 2752 terram
1760 2697 1818 2752 in
1857 2696 1961 2754 hoc
1998 2697 2121 2754 loco

525 2783 698 2840 Iudaei
728 2784 1086 2857 designantur
1117 2803 1130 2841 :
1163 2792 1320 2841 terrae
1351 2794 1534 2842 motus
1561 2785 1736 2842 factus
1759 2795 1841 2843 est
1870 2802 2118 2859 magnus,

526 2872 744 2945 quando
789 2890 821 2930 a
879 2873 1139 2932 Romanis
1194 2873 1312 2931 hinc
1363 2891 1493 2947 gens
1543 2882 1626 2931 est
1688 2876 1988 2933 devastata.
2050 2878 2124 2932 Et

525 2965 605 3019 sol
659 2961 834 3032 factus
887 2970 962 3018 est
1019 2963 1189 3034 niger,
1254 2963 1392 3019 sicut
1450 2981 1630 3020 saccus
1694 2965 1954 3021 cilicinus.
2019 2967 2122 3021 Per

521 3053 690 3108 solem
746 3052 889 3107 idem
945 3052 1262 3109 Iudaeorum
1321 3057 1558 3128 populus
1603 3055 1922 3127 designatur
1972 3074 1984 3112 :
2037 3062 2118 3116 sol

521 3139 690 3212 igitur
733 3141 911 3198 factus
956 3149 1038 3198 est
1075 3141 1252 3215 niger,
1301 3151 1561 3218 tanquam
1601 3160 1790 3201 saccus
1829 3144 2114 3214 cilicinus;

2233 2086 2417 2140 dicunt
2437 2085 2696 2139 montibus
2726 2102 2744 2139 :
2773 2085 2960 2142 Cadite
2977 2102 3135 2157 super
3152 2103 3270 2154 nos,
3287 2092 3337 2140 et
3353 2086 3653 2141 abscondite
3689 2105 3800 2142 nos
3825 2107 3858 2143 a

2232 2171 2372 2242 facie
2400 2173 2620 2228 sedentis
2648 2189 2806 2244 super
2835 2175 3100 2241 thronum,
3131 2181 3181 2228 et
3207 2175 3272 2230 ab
3294 2175 3381 2230 ira
3401 2175 3564 2246 Agni,
3581 2177 3858 2246 quoniam

2229 2263 2369 2318 venit
2393 2263 2503 2318 dies
2535 2279 2754 2332 magnus
2782 2263 2881 2316 ira:
2905 2263 3167 2332 ipsorum,
3199 2269 3249 2317 et
3275 2263 3393 2332 quis
3418 2265 3616 2334 poterit
3641 2273 3809 2321 stare
3829 2268 3856 2321 9

2228 2351 2330 2406 Per
2357 2367 2506 2422 reges
2535 2357 2716 2418 terrae,
2741 2349 3018 2422 principes
3047 2358 3100 2406 et
3129 2351 3402 2420 tribunos,
3435 2369 3528 2408 eos
3555 2355 3654 2426 qui
3695 2355 3850 2412 hanc

2228 2446 2443 2512 gentem
2486 2453 2670 2510 regere
2715 2437 3067 2506 videbantur,
3114 2455 3406 2510 possumus
3443 2441 3776 2516 intelligere
3834 2463 3846 2500 :

2227 2547 2324 2603 per
2377 2528 2578 2585 divites
2616 2536 2670 2584 et
2716 2528 2906 2596 fortes,
2950 2544 3138 2584 servos
3181 2537 3234 2584 et
3289 2529 3512 2599 liberos,
3571 2543 3847 2590 caeteram

2227 2617 2662 2675 multitudinem.
2695 2615 2943 2684 Qualiter
2973 2625 3153 2672 autem
3187 2633 3243 2673 se
3265 2617 3322 2672 in
3347 2620 3630 2690 speluncis
3659 2631 3726 2677 et
3761 2640 3847 2696 pe-

2225 2709 2328 2766 tris
2384 2708 2657 2763 montium
2716 2705 3144 2775 absconderant,
3209 2707 3481 2778 Iosephus
3535 2711 3846 2769 manifeste

2227 2805 2429 2864 narrat,
2458 2795 2553 2869 qui
2583 2793 2926 2851 eversionem
2956 2795 3255 2852 Ierusalem
3287 2795 3550 2852 describit
3575 2797 3840 2872 (Ioseph.

2226 2889 2332 2944 lib.
2365 2905 2424 2943 vr
2455 2888 2532 2943 De
2564 2885 2696 2940 bello
2725 2884 2972 2950 Iudaico,
3005 2900 3054 2939 c.
3095 2885 3154 2939 11
3189 2890 3239 2939 et
3278 2887 3436 2955 seq.).
3469 2886 3648 2943 Tanta
3675 2889 3835 2945 enim

2227 2977 2333 3032 fuit
2363 2973 2610 3039 aﬁlictio,
2645 2979 2708 3028 ut
2754 2987 2880 3028 cum
2917 2971 3060 3026 fame
3089 2970 3308 3026 diutina
3345 2984 3835 3043 consumerentur,

2226 3065 2376 3122 etab
2419 3063 2670 3118 hostibus
2703 3061 2965 3127 exterius,
3006 3069 3061 3116 et
3107 3061 3284 3118 multo
3326 3063 3568 3119 deterius
3611 3081 3645 3119 a
3694 3083 3831 3137 prae-

2224 3151 2462 3209 donibus
2509 3151 2842 3206 intrinsecus
2883 3149 3255 3220 aﬂligerentur
3290 3168 3302 3206 :
3333 3151 3732 3209 absconderint
3776 3171 3831 3210 se

519 3229 649 3322 quia
686 3233 918 3322 populus
961 3231 1278 3290 Iudaeorum
1329 3233 1424 3308 qui
1474 3241 1696 3308 propter
1740 3234 2113 3306 cognitionem
2144 3263 2188 3322 ε
2225 3240 2282 3296 in
2307 3239 2486 3312 puteis
2516 3248 2570 3295 et
2606 3239 2825 3305 cloacis,
2873 3246 2929 3293 et
2973 3238 3033 3294 in
3064 3238 3394 3312 quibusdam
3426 3247 3585 3296 terra)
3615 3240 3828 3298 abditis

518 3319 685 3377 unius
712 3320 832 3389 Dei,
869 3328 924 3377 et
953 3329 1172 3394 propter
1199 3323 1503 3380 custodiam
1543 3321 1696 3394 legis,
1729 3323 1882 3377 velut
1926 3323 2006 3377 sol
2056 3322 2113 3378 in

519 3411 746 3477 mundo,
779 3409 1082 3481 refulgebat
1119 3411 1264 3467 inter
1295 3419 1517 3467 caeteras
1561 3418 1766 3482 gentes,
1817 3409 1992 3466 factus
2032 3420 2114 3468 est

516 3498 775 3554 omnibus
796 3497 1116 3554 hominibus
1138 3499 1364 3554 odiosus
1385 3507 1606 3571 propter
1623 3497 1938 3570 iniquitates
1956 3515 2108 3567 suas;

515 3603 672 3644 sacco
725 3602 961 3658 namque
1011 3586 1336 3657 ptenitentes
1389 3586 1720 3652 vestiuntur,
1772 3595 1833 3642 ut
1868 3587 2112 3644 indicent

515 3690 573 3731 se
625 3689 740 3730 esse
795 3679 1126 3744 peccatores.
1200 3674 1292 3730 Sol
1360 3690 1488 3746 ergo
1557 3675 1897 3747 nigredinem
1967 3677 2111 3734 sacci

516 3762 734 3828 habuit,
764 3761 893 3834 quia
921 3763 1181 3818 omnibus
1225 3764 1479 3835 gentibus
1525 3765 1770 3822 facinora
1795 3767 2108 3824 Iudaeorum

515 3857 829 3924 patuerunt.
864 3853 937 3908 Et
965 3853 1090 3908 luna
1124 3851 1269 3922 facta
1296 3861 1370 3908 est
1397 3856 1532 3910 sicut
1567 3857 1802 3927 sanguis.
1844 3857 2106 3914 Eamdem

515 3941 974 4012 signiﬁcationem
1031 3941 1197 4000 habet
1254 3945 1384 4000 luna
1440 3961 1602 4018 quam
1656 3946 1777 4015 sol;
1836 3946 2110 4018 signiﬁcat

515 4047 752 4104 namque
781 4033 1144 4106 Synagogam.
1190 4035 1345 4091 Luna
1385 4052 1514 4108 ergo
1547 4037 1782 4110 speciem
1827 4037 2112 4109 sanguinis

515 4119 771 4176 habuisse
820 4122 939 4178 visa
983 4133 1086 4192 est,
1141 4124 1270 4196 quia
1325 4125 1584 4181 omnibus
1637 4125 1838 4182 claruit
1892 4127 2110 4182 Iudaeos

513 4217 736 4282 propter
763 4211 1083 4269 effusionem
1114 4214 1400 4286 sanguinis
1437 4215 1644 4274 Christi
1687 4223 2110 4290 sanctorumque

513 4297 631 4369 ejus
659 4314 773 4354 esse
801 4299 1028 4356 deletos.

587 4398 768 4469 (Vers.
827 4399 939 4473 13.)
993 4402 1067 4457 Et
1114 4402 1278 4457 stellte
1331 4401 1626 4459 ceciderunt
1681 4421 1840 4476 super
1887 4413 2104 4470 terram,

511 4485 645 4541 sicut
681 4488 811 4560 ﬁcus
847 4488 1008 4543 mittit
1041 4506 1248 4559 grossos
1285 4506 1426 4558 suos,
1475 4508 1593 4546 cum
1645 4511 1679 4548 a
1725 4501 1872 4549 vento
1916 4512 2104 4567 magno

513 4582 765 4632 movetur.
796 4578 898 4634 Per
925 4579 1110 4635 stellas
1137 4579 1414 4652 principes
1443 4581 1785 4638 sacerdotum
1819 4581 2103 4656 designan-

511 4671 622 4734 tur,
645 4665 849 4722 Scriba:
873 4675 928 4722 et
955 4667 1243 4736 Pharisaei;
1277 4686 1370 4742 per
1395 4670 1560 4727 ﬁcum
1582 4679 1762 4728 autem
1785 4680 1987 4730 terram
2013 4675 2104 4730 Iu-

511 4753 756 4812 daeorum
797 4773 1086 4828 possumus
1117 4759 1422 4831 intelligere
1455 4779 1466 4817 :
1499 4761 1670 4832 grossi
1700 4779 1830 4818 vero
1859 4762 2101 4835 ejusdem

510 4844 724 4901 arboris
751 4845 965 4904 fructus
994 4849 1222 4906 inutiles
1250 4857 1538 4919 vocantur,
1559 4851 1654 4924 qui
1684 4852 1795 4908 cito
1821 4853 2100 4923 labuntur,

508 4951 634 4992 cum
682 4935 844 4992 arbor
884 4937 1071 4994 eadem
1117 4946 1280 4994 vento
1336 4941 1670 4998 concutitur.
1730 4943 1892 4998 Ficus
1936 4943 2106 5016 igitur

511 5031 678 5078 vento
706 5034 981 5081 commota
1013 5034 1113 5094 est,
1146 5035 1201 5084 et
1229 5028 1454 5086 inutiles
1493 5030 1704 5088 fructus
1731 5049 1762 5088 a
1793 5048 1848 5088 se
1881 5033 2100 5102 emisit;

509 5113 640 5188 quia
687 5122 829 5170 terra
889 5115 1202 5173 Iudaeorum
1255 5134 1287 5173 a
1339 5121 1600 5176 Romanis
1653 5121 1844 5178 invasa
1893 5131 1994 5192 est,
2052 5132 2106 5180 et

510 5211 726 5276 gentem
765 5203 1018 5260 inutilem
1063 5213 1119 5260 et
1163 5208 1276 5262 Deo
1316 5209 1580 5265 odibilem
1625 5226 1657 5266 a
1693 5227 1750 5268 se
1778 5213 2013 5284 expulit,
2043 5222 2102 5269 ut

510 5291 779 5349 habitatio
825 5293 981 5350 ﬁeret
1017 5293 1285 5351 ﬁdelium.
1335 5298 1517 5354 Stellae
1567 5299 1750 5373 itaque
1791 5317 2102 5372 grossorum

512 5397 665 5439 more
689 5383 747 5438 in
771 5390 972 5439 terram
1001 5383 1356 5454 ceciderunt;
1387 5389 1514 5460 quia
1539 5405 1630 5444 eos
1651 5389 1748 5463 qui
1779 5407 1876 5462 per
1902 5392 2102 5448 doctri-

508 5489 634 5530 nam
667 5475 802 5548 legis
829 5477 981 5534 velut
1007 5477 1178 5536 stellae
1209 5479 1266 5535 in
1292 5483 1496 5553 populo
1523 5481 1886 5553 refulgebant,
1913 5483 2100 5540 eadem

509 5578 670 5633 pcena
696 5567 990 5637 conclusit,
1024 5585 1144 5643 quae
1177 5578 1232 5628 et
1265 5577 1513 5628 casteram
1555 5571 1992 5629 multitudinem.

2131 4628 2179 4686 D

2223 3329 2376 3394 locis,
2409 3329 2692 3400 cupientes
2721 3327 2883 3394 mori,
2914 3335 2976 3382 ut
3003 3327 3274 3399 prolixam
3308 3328 3584 3385 miseriam
3618 3331 3820 3387 mortis

2221 3419 2548 3492 compendio
2576 3417 2954 3475 terminarent.
3009 3418 3113 3485 Qui
3155 3418 3320 3475 etiam
3362 3419 3597 3476 scientes
3636 3437 3697 3476 se
3726 3437 3824 3492 pro

2221 3507 2519 3564 sceleribus
2546 3507 2660 3564 suis
2689 3506 2793 3562 ista
2832 3506 2965 3578 pati,
3007 3515 3062 3562 et
3113 3514 3234 3579 post
3265 3515 3496 3563 mortem
3529 3525 3585 3564 se
3615 3508 3819 3565 inferni

2221 3612 2407 3669 pinnas
2453 3611 2578 3650 esse
2625 3610 2898 3666 passuros,
2936 3594 3234 3666 cupiebant
3271 3603 3334 3650 ut
3373 3595 3680 3664 montibus,
3721 3595 3822 3652 sub

2219 3685 2420 3759 quibus
2463 3683 2882 3751 delitescebant,
2925 3683 3370 3755 opprimerentur
3419 3691 3475 3740 et
3518 3684 3816 3742 absconde-

2219 3782 2410 3832 rentur
2437 3790 2470 3830 a
2498 3773 2637 3830 facie
2666 3772 2765 3829 Dei
2793 3779 2848 3828 et
2877 3788 2908 3828 a
2936 3771 3073 3827 facie
3102 3771 3308 3829 Christi
3331 3772 3468 3846 ejus,
3491 3790 3658 3848 quem
3689 3791 3818 3846 gra—

2217 3863 2362 3920 viter
2389 3869 2659 3918 noverant
2687 3877 2744 3917 se
2773 3860 3086 3917 offendisse.
3116 3862 3251 3917 Nam
3279 3869 3332 3917 et
3385 3863 3659 3920 Dominus
3688 3879 3810 3920 cum

2216 3951 2283 4007 ad
2313 3951 2618 4024 passionem
2649 3949 2960 4017 duceretur,
2989 3948 3096 4006 hoc
3119 3966 3211 4006 eos
3247 3967 3364 4007 esse
3405 3967 3664 4024 passuros
3694 3969 3806 4008 mu-

2217 4039 2443 4096 lieribus
2481 4055 2539 4095 se
2575 4036 3003 4095 lamentantibus
3040 4037 3321 4110 praedixit,
3345 4039 3572 4096 dicens:
3611 4040 3810 4098 «Filia:

2213 4129 2533 4196 Ierusalem,
2579 4127 2752 4183 nolite
2817 4126 2946 4183 ﬂere
3003 4141 3170 4198 super
3220 4145 3328 4196 me,
3377 4128 3472 4185 sed
3505 4146 3673 4202 super
3718 4145 3808 4185 vos

2215 4218 2360 4290 ipsas
2387 4204 2614 4285 flete,let
2641 4232 2806 4289 super
2834 4217 2979 4273 ﬁlios
3008 4226 3248 4286 vestros,
3280 4216 3410 4291 quia
3433 4234 3562 4274 ecce
3590 4218 3806 4276 venient

2214 4307 2331 4362 dies
2379 4307 2600 4379 quando
2651 4305 2838 4362 dicent
2871 4324 2883 4362 :
2917 4306 3098 4362 Beatae
3134 4306 3368 4375 steriles,
3407 4321 3529 4378 quae.
3566 4322 3683 4362 non
3729 4321 3804 4376 ge-

2215 4403 2475 4464 nuerunt,
2523 4403 2578 4453 et
2623 4395 2792 4452 ubera
2849 4413 2968 4470 quae
3024 4412 3136 4452 non
3193 4396 3538 4452 lactaverunt
3591 4397 3603 4452 l
3662 4396 3805 4450 Tunc

2214 4485 2485 4558 incipient
2529 4485 2712 4542 dicere
2752 4485 3036 4542 montibus
3081 4503 3094 4541 :
3147 4483 3336 4541 Cadite
3377 4501 3542 4556 super
3570 4500 3674 4540 nos
3705 4500 3719 4549 ;
3755 4490 3803 4536 et

2213 4576 2450 4632 collibus
2494 4594 2507 4632 :
2555 4575 2842 4648 Cooperite
2881 4591 3001 4632 nos.
3048 4574 3189 4643 Quia
3231 4575 3280 4631 si
3325 4573 3384 4630 in
3443 4573 3612 4630 viridi
3662 4573 3801 4645 ligno

2214 4663 2332 4722 haec
2350 4665 2581 4734 faciunt,
2606 4665 2664 4722 in
2683 4665 2839 4722 arido
2861 4665 2996 4738 quid
3016 4664 3113 4721 ﬁet
3134 4665 3286 4736 (Luc.
3311 4681 3478 4733 xxm,
3499 4663 3689 4734 28-31)
3719 4661 3745 4717 ‘l
3770 4684 3786 4707 ι

2211 4755 2281 4811 Se
2305 4755 2484 4811 viride
2531 4756 2759 4828 lignum,
2796 4755 2923 4811 illos
2952 4771 3082 4811 vero
3115 4755 3322 4827 lignum
3354 4754 3575 4810 aridum
3605 4759 3790 4809 vocat:

2211 4865 2275 4905 ac
2297 4847 2343 4904 si
2376 4847 2610 4904 dixisset
2643 4866 2656 4904 :
2688 4846 2744 4903 Si
2775 4847 2833 4902 in
2865 4861 2950 4902 me
2986 4845 3082 4920 qui
3109 4847 3321 4918 lignum
3351 4862 3472 4902 sum
3505 4844 3793 4902 secundum

2214 4937 2634 5005 humanitatem,
2710 4935 2890 4992 viride
2968 4943 3152 4992 autem
3219 4933 3522 4992 secundum
3604 4930 3793 4990 divini-

2212 5034 2378 5083 tatem
2411 5026 2552 5097 (80),
2609 5026 2666 5082 id
2714 5033 2814 5092 est,
2845 5025 2944 5098 qui
2994 5027 3140 5081 Deus
3192 5039 3312 5080 sum
3369 5032 3424 5081 et
3456 5023 3646 5093 homo,
3691 5023 3792 5079 hac

2214 5117 2426 5174 faciunt
2459 5133 2473 5184 ;
2509 5117 2566 5171 in
2600 5115 2714 5172 illis
2739 5115 2833 5188 qui
2878 5115 3089 5188 lignum
3138 5122 3268 5172 sunt
3302 5115 3541 5182 aridum,
3573 5119 3718 5178 534
3742 5108 3790 5165 id

2211 5221 2313 5281 est,
2357 5212 2452 5286 qui
2493 5211 2832 5268 viriditatem
2877 5211 3006 5268 ﬁdei
3046 5227 3157 5268 non
3200 5210 3424 5279 habent,
3474 5210 3610 5285 quid
3655 5207 3788 5267 ﬁet?

2213 5303 2572 5368 Subauditur,
2635 5301 2869 5374 pessime
2916 5302 3196 5374 peribunt.
3253 5302 3358 5358 Sed
3400 5310 3454 5358 et
3502 5303 3668 5360 arbor
3708 5296 3786 5354 ﬁci

2212 5408 2373 5466 quam
2404 5392 2674 5448 Dominus
2701 5401 2828 5448 ante
2847 5393 3152 5466 passionem
3185 5391 3566 5449 maledicendo
3595 5391 3784 5449 aridam

2212 5481 2362 5550 fecit,
2392 5499 2457 5537 eo
2485 5481 2632 5556 quod
2663 5481 2721 5538 in
2758 5498 2822 5538 ea
2848 5481 3089 5539 fructum
3118 5497 3231 5537 non
3261 5481 3552 5555 reperisset
3577 5477 3780 5553 (Matth.

2212 5587 2333 5640 xxi,
2366 5571 2456 5642 19)
2484 5588 2498 5638 ;
2531 5571 2748 5628 eosdem
2782 5569 2999 5627 Iudaeos
3027 5570 3363 5644 designavit,
3395 5587 3534 5645 quos
3573 5563 3778 5627 maledi-

581 5694 700 5768 (80)
723 5695 926 5756 Omnes
943 5699 1394 5769 edit.,secundum
1423 5704 1800 5762 humanin
1817 5705 2010 5773 viride,
2043 5706 2138 5762 hoc
2185 5705 2468 5761 secundum
2511 5704 2838 5761 divinitatem
2885 5720 2909 5770 ;
2960 5702 3164 5762 rectius
3237 5720 3368 5762 mss.
3425 5711 3489 5761 ut
3543 5703 3602 5762 in
3658 5715 3768 5762 con-

508 5773 641 5824 extu
