3964 6368
223 424 332 483 925

223 638 355 694 ﬁdei
387 637 602 694 nullum
634 638 939 710 reperisset.

299 730 527 788 CAPUT
556 731 675 787 VII.
716 762 787 773 —
819 730 1000 802 (Vers.
1035 731 1111 803 1.)
1144 732 1272 787 Post
1303 732 1407 786 haec
1436 728 1546 785 vidi
1590 734 1822 799 quatuor

224 821 439 891 angelos
476 827 669 876 stantes
716 838 875 893 super
931 828 1161 891 quatuor
1213 822 1433 891 angulos
1488 825 1658 874 terrae.
1714 818 1821 873 Ju-

225 910 471 968 dzeorum
501 909 807 982 dejectione
822 911 1119 982 praemissa,
1152 926 1301 966 nunc
1320 910 1556 983 qualiter
1576 907 1821 964 Ecclesia

226 1017 299 1055 ex
326 1000 579 1073 gentibus
607 1008 930 1071 congregata
968 1000 1155 1070 fuerit,
1192 1015 1411 1055 narrare
1447 998 1688 1054 inchoat.
1718 998 1821 1052 Per

227 1099 465 1163 quatuor
493 1090 693 1163 quippe
723 1092 944 1162 angelos
974 1098 1208 1162 quatuor
1246 1105 1410 1160 regna
1439 1087 1817 1159 designantur,

227 1180 584 1253 Assyriorum
632 1180 863 1247 scilicet,
918 1179 1223 1246 Persarum,
1254 1177 1613 1233 Macedonum
1658 1185 1820 1249 atque

228 1271 622 1327 Romanorum.
672 1270 773 1326 Sed
824 1269 954 1343 quia
988 1278 1225 1341 potestas
1254 1276 1488 1342 quatuor
1526 1284 1818 1338 regnorum

226 1360 299 1415 ad
343 1362 489 1416 solos
533 1361 808 1417 Romanos
857 1360 1165 1428 transierat,
1207 1376 1301 1431 per
1340 1365 1574 1431 quatuor
1606 1357 1825 1428 angelos

230 1451 336 1506 soli
366 1450 596 1507 Romani
626 1450 1032 1523 intelliguntur,
1062 1450 1155 1523 qui
1187 1457 1504 1522 potestatem
1537 1447 1641 1503 sibi
1681 1463 1824 1520 qua-

230 1549 358 1597 tuor
386 1557 676 1612 regnorum
706 1540 1151 1596 vindicaverant:
1187 1556 1281 1612 per
1309 1546 1544 1612 quatuor
1573 1555 1703 1594 vero
1732 1554 1823 1593 an-

230 1634 387 1704 gulos
439 1631 708 1687 universa:
750 1639 954 1702 gentes,
1007 1647 1127 1703 quas
1177 1630 1321 1684 intra
1367 1636 1601 1700 quatuor
1629 1627 1822 1683 mundi

230 1722 415 1791 plagas
444 1718 819 1783 continentur,
868 1718 1249 1789 designantur,
1278 1734 1411 1789 quas
1442 1716 1547 1773 sibi
1590 1714 1823 1777 Romani

229 1810 595 1882 snbjecerant.
651 1811 892 1865 Tenentes
935 1815 1164 1879 quatuor
1212 1815 1385 1862 ventos
1417 1812 1587 1873 terrm,
1619 1823 1683 1860 ne
1710 1808 1823 1875 ﬂa-

1126 421 1582 480 BERENGAUDI
1618 420 1993 478 EXPOSITIO
2027 420 2100 476 IN
2136 419 2641 479 APOCALYPSIN.

223 549 410 607 ctione
442 557 701 622 perpetua
730 548 1034 618 damnavit,
1074 565 1139 605 eo
1168 548 1314 624 quod
1344 549 1402 605 in
1432 548 1545 604 illis
1574 548 1815 605 fructum
1846 551 1895 611 A

3424 424 3531 482 926

1998 546 2180 617 (Vers.
2209 546 2293 617 4.)
2324 548 2397 602 Ει
2433 545 2617 600 audivi
2646 562 2923 601 numerum
2953 553 3302 617 signatorum,
3323 557 3530 605 centum

1928 635 2287 706 quadraginta
2338 642 2568 705 quatuor
2616 636 2789 691 millia
2835 637 3031 707 signati
3076 654 3142 691 ea:
3194 638 3336 693 omni
3384 639 3527 694 tribu

1928 724 2165 796 ﬁliorum
2213 726 2405 781 Israel.
2467 726 2569 780 Per
2614 735 2833 783 centum
2886 725 3243 800 quadraginta
3290 736 3527 800 quatuor

1930 814 2107 869 millia
2135 815 2421 887 praesentis
2448 816 2707 873 Ecclesiaa
2744 818 2903 873 electi
2940 818 3331 889 designantur;
3378 818 3528 874 duo-

1928 903 2111 959 decies
2157 920 2391 977 namque
2433 904 2674 961 duodeni
2710 906 2851 962 ﬁunt
2902 914 3123 963 centum
3168 906 3529 979 quadraginta

1929 1001 2184 1065 quatuor.
2240 994 2444 1050 Omnes
2496 995 2665 1067 igitur
2695 996 2790 1069 qui
2837 995 2997 1051 ﬁdem
3040 996 3333 1054 duodecim
3384 1013 3526 1070 apo-

1930 1084 2197 1138 stolorum
2245 1084 2591 1153 custodiunt,
2641 1095 2904 1158 actusque
2952 1085 3265 1154 imitantur,
3317 1087 3373 1143 in
3422 1086 3528 1145 hoc

1929 1188 2160 1228 numero
2190 1173 2517 1230 consistunt.
2572 1174 2676 1230 Sed
2715 1176 3067 1248 quaerendum
3108 1177 3267 1233 nobis
3295 1186 3396 1245 est,
3430 1194 3529 1235 cur

1932 1278 2002 1317 ex
2031 1263 2182 1318 omni
2223 1264 2372 1320 tribu
2419 1264 2662 1322 ﬁliorum
2707 1267 2868 1322 Israel
2913 1268 3226 1341 congregati
3270 1285 3385 1324 esse
3432 1268 3531 1324 di-

1933 1362 2147 1421 cantur,
2195 1370 2322 1410 cum
2376 1356 2551 1412 multo
2600 1356 2783 1428 plures
2827 1373 2895 1412 ex
2943 1358 3197 1429 gentibus
3246 1376 3409 1432 quam
3458 1376 3529 1416 ex

1933 1440 2135 1496 Judaeis
2155 1442 2508 1500 crediderint.
2536 1445 2741 1501 Verum
2764 1446 2810 1501 si
2842 1447 3323 1519 interpretationes
3352 1448 3527 1504 nomi-

1933 1546 2065 1584 num
2103 1530 2461 1600 attendimus,
2500 1532 2555 1587 in
2602 1534 2922 1591 nominibus
2951 1536 3241 1593 duodecim
3278 1536 3525 1593 tribuum

1933 1636 2123 1675 omnes
2142 1622 2344 1677 electos
2375 1623 2709 1692 reperiemus
2733 1625 2849 1696 (81)
2876 1644 2888 1692 ;
2922 1626 3148 1681 nomina
3173 1627 3373 1699 quippe
3396 1627 3529 1683 duo-

1932 1708 2109 1766 decim
2147 1712 2401 1767 tribuunt
2428 1712 2493 1767 ad
2521 1730 2709 1769 omnes
2739 1714 2939 1770 electos
2970 1716 3267 1786 pertinent.

2005 1806 2187 1879 ('Vers.
2228 1810 2385 1879 5-8.)
2438 1812 2528 1866 Ea:
2573 1812 2715 1867 tribu
2749 1812 2890 1868 Juda
2926 1813 3194 1868 duodecim
3231 1813 3407 1868 millia
3443 1813 3528 1868 si-

230 1907 347 1953 rent
384 1916 541 1969 super
570 1905 787 1966 terram,
817 1915 979 1969 neque
1003 1915 1161 1968 super
1189 1915 1351 1965 mare,
1386 1913 1547 1966 neque
1574 1897 1631 1950 in
1655 1897 1823 1952 ullam
1855 1921 1902 1982 Β
1932 1898 2077 1969 gnati
2105 1915 2121 1953 :
2170 1916 2235 1953 es:
2286 1899 2430 1954 tribu
2461 1900 2641 1957 Ruben
2672 1901 2942 1957 duodecim
2985 1902 3161 1957 millia
3189 1901 3383 1972 signati
3414 1918 3430 1956 :
3464 1920 3530 1956 ea:

228 1990 493 2043 arborem.
527 1989 627 2044 Per
658 1997 850 2044 ventos
890 1988 982 2061 qui
1030 1988 1204 2043 nubes
1241 1988 1506 2055 excitant,
1535 1994 1597 2043 ut
1624 1993 1823 2041 terram

231 2077 521 2149 irrigantes
572 2078 765 2134 faciem
814 2077 931 2149 ejus
977 2077 1205 2133 hilarem
1240 2076 1491 2145 reddant,
1522 2092 1585 2132 ac
1622 2074 1827 2131 fructi-

233 2168 403 2222 feram
448 2167 673 2235 faciant,
707 2184 812 2239 pax
850 2167 1065 2223 cunctis
1106 2166 1431 2223 murtalibus
1458 2174 1643 2237 optata
1671 2164 1827 2220 desi—

230 2267 450 2330 gnatur,
479 2274 598 2331 quas
646 2266 702 2313 et
758 2268 967 2313 mentes
1022 2257 1311 2312 hominum
1361 2256 1624 2325 laetificat,
1674 2262 1728 2310 et
1765 2263 1827 2311 ut

233 2349 471 2422 propriis
505 2348 842 2405 utilitatibus
880 2349 1211 2417 deserviant,
1245 2350 1556 2405 facultatem
1588 2348 1820 2405 tribuit:

232 2455 329 2511 per
370 2448 569 2495 terram
610 2447 665 2497 et
711 2455 859 2495 mare
902 2455 1092 2495 omnes
1139 2446 1323 2511 gentes
1368 2438 1701 2511 ﬁgurantur;
1734 2456 1828 2511 per

227 2526 451 2601 arbores
496 2535 702 2594 autem,
745 2526 784 2581 ii
816 2526 910 2599 qui
954 2526 1095 2581 inter
1137 2542 1229 2581 eos
1272 2524 1640 2598 principatum
1679 2534 1825 2582 tene-

235 2614 388 2669 bant.
418 2614 665 2681 Quatuor
693 2632 820 2687 ergo
848 2615 1028 2687 angeli
1055 2623 1290 2688 quatuor
1323 2625 1515 2671 ventos
1547 2615 1824 2684 tenebant,

238 2719 306 2759 ne
353 2702 549 2759 ﬂarent
591 2720 754 2777 super
806 2711 1045 2769 terram;
1102 2703 1230 2777 quia
1277 2704 1529 2773 Romani,
1583 2704 1679 2777 qui
1733 2720 1829 2776 per

238 2798 473 2862 quatuor
501 2792 723 2863 angelos
751 2790 1129 2863 designantur,
1168 2807 1386 2846 omnem
1417 2799 1616 2848 terram
1660 2792 1827 2849 caedi-

237 2879 362 2948 bus,
410 2889 464 2937 et
509 2881 736 2953 rapinis,
786 2888 840 2936 et
878 2880 1149 2937 mortibus
1199 2880 1488 2938 hominum
1535 2882 1826 2953 replentes,

238 2985 348 3025 non
394 2969 647 3026 sinebant
698 2985 868 3042 genus
915 2968 1218 3025 humanum
1275 2980 1524 3042 pacatum
1583 2987 1699 3027 esse
1767 2986 1831 3027 ac

126 3118 137 3123 ,
237 3058 510 3131 quietum.

311 3148 493 3219 (Vers.
526 3148 605 3221 2.)
638 3150 711 3204 Et
749 3147 857 3204 vidi
900 3150 1127 3205 alterum
1171 3151 1414 3221 angelum
1451 3149 1831 3206 descendentem

235 3239 303 3295 ab
333 3245 454 3294 ortu
495 3240 645 3305 solis,
675 3240 940 3296 habentem
970 3242 1173 3313 signum
1225 3241 1321 3297 Dei
1365 3242 1489 3296 vivi.
1535 3240 1689 3295 Alter
1722 3255 1831 3295 an-

238 3328 391 3400 gelus
438 3326 691 3384 Christus
719 3338 820 3397 est,
860 3328 927 3385 de
961 3346 1069 3402 quo
1106 3330 1371 3402 scriptum
1404 3337 1516 3385 est:
1565 3355 1583 3377 ι
1611 3329 1682 3383 Et
1722 3345 1832 3384 vo-

236 3416 455 3473 cabitur
500 3434 700 3474 nomen
745 3419 862 3491 ejus
903 3421 1083 3493 magni
1134 3422 1352 3478 consilii
1410 3421 1653 3494 Angelus
1693 3421 1828 3491 (Isa.

238 3522 319 3573 ix,
342 3506 423 3577 6).
454 3530 473 3554 ι
513 3508 631 3579 Ipse
669 3516 750 3564 est
774 3510 878 3577 sol,
910 3509 976 3565 de
1005 3527 1113 3583 quo
1142 3510 1407 3583 scriptum
1440 3518 1556 3566 est:
1603 3534 1621 3557 ι
1659 3508 1833 3566 Vobis

238 3602 418 3651 autem
451 3595 776 3653 timentibus
800 3613 1001 3654 nomen
1032 3615 1213 3654 meum
1247 3599 1454 3653 orietur
1473 3598 1552 3653 sol
1576 3596 1829 3669 justitiaa,

238 3692 295 3741 et
318 3684 523 3743 sanitas
555 3689 610 3742 in
651 3688 845 3759 pennis
869 3688 986 3760 ejus
1016 3689 1269 3761 (Malach.
1306 3706 1380 3757 ιν,
1416 3689 1496 3760 2).
1533 3714 1551 3736 ι
1591 3688 1678 3744 Ab
1706 3696 1832 3744 ortu

238 3774 377 3830 solis
402 3774 655 3833 Christus
677 3777 979 3847 descendit,
1027 3778 1084 3834 id
1127 3787 1230 3848 est,
1262 3796 1292 3835 a
1321 3779 1649 3851 semetipso:
1684 3794 1832 3850 quo-

239 3864 390 3920 niam
416 3881 527 3920 non
566 3882 635 3920 ex
665 3867 966 3923 concubitu
991 3868 1100 3923 viri
1130 3884 1350 3924 carnem
1380 3868 1692 3940 assumpsit,
1736 3868 1851 3923 sed‘

239 3970 270 4009 a
294 3954 606 4025 semetipso,
638 3958 730 4029 qui
764 3957 953 4028 utique
1006 3956 1112 4013 sibi
1151 3973 1368 4014 carnem
1423 3957 1828 4013 immaculatam

238 4058 308 4099 ex
328 4060 491 4101 carne
515 4044 762 4118 Virginis
782 4047 1006 4102 creavit.
1027 4047 1253 4120 Signum
1279 4054 1459 4102 autem
1488 4048 1585 4103 Dei
1619 4048 1733 4102 vivi
1752 4054 1833 4102 est

239 4132 539 4188 divinitas:
575 4150 701 4190 nam
734 4135 792 4189 in
838 4153 1001 4193 carne
1045 4137 1274 4209 positus,
1308 4138 1524 4209 signum
1574 4136 1672 4192 Dei
1712 4135 1830 4191 vivi

240 4221 472 4287 habuit;
520 4222 649 4294 quia
695 4241 757 4280 ea
804 4241 967 4296 opera
998 4226 1161 4297 gessit
1206 4242 1327 4297 quas
1383 4225 1833 4283 demonstrabant

241 4326 366 4365 eum
422 4310 644 4365 unicum
703 4328 818 4368 esse
875 4314 1076 4369 Filium
1123 4315 1242 4381 Dei,
1305 4315 1446 4371 sicut
1492 4316 1607 4388 ipse
1645 4316 1827 4373 dicit:

258 4424 275 4446 ι
315 4399 487 4471 Opera
517 4416 635 4472 quae
667 4416 765 4473 ego
791 4402 954 4469 facio,
986 4403 1101 4474 ipsa
1131 4404 1507 4460 testimonium
1538 4406 1831 4478 perhibent

240 4486 309 4544 de
340 4503 424 4542 me
451 4489 638 4556 (Joan.
671 4505 729 4555 χ,
761 4489 876 4561 25).
910 4512 928 4536 ι

316 4582 496 4654 (Vers.
529 4583 609 4655 3.)
652 4586 726 4640 Et
762 4586 1011 4641 clamavit
1063 4604 1178 4642 voce
1218 4604 1408 4659 magna
1462 4598 1694 4661 quatuor
1724 4609 1833 4647 an-

1938 1987 2077 2042 tribu
2110 1988 2226 2044 Gad
2261 1990 2531 2044 duodecim
2586 1991 2761 2047 millia
2808 1992 3046 2063 signati:
3097 2010 3162 2047 ea;
3206 1992 3345 2046 tribu
3394 1992 3531 2047 Aser

1934 2076 2203 2131 duodecim
2250 2079 2423 2133 millia
2472 2079 2702 2149 signati:
2755 2097 2819 2135 ea:
2853 2081 2995 2135 tribu
3036 2082 3373 2151 Nephtltalim
3402 2081 3529 2136 duo-

1935 2164 2095 2219 decim
2143 2166 2320 2221 millia
2374 2167 2612 2238 signati:
2679 2186 2743 2222 ex
2790 2169 2933 2223 tribu
2972 2170 3218 2225 Manasse
3262 2170 3531 2224 duodecim

1935 2254 2110 2313 millia
2155 2255 2393 2326 signati:
2456 2275 2521 2311 ea:
2580 2258 2720 2312 tribu
2774 2258 2981 2314 Simeon
3038 2258 3307 2313 duodecim
3354 2258 3531 2314 millia

1934 2343 2129 2414 signati
2158 2361 2168 2399 :
2211 2363 2275 2399 ea:
2306 2344 2448 2401 tribu
2478 2347 2602 2402 Levi
2648 2348 2919 2403 duodecim
2968 2346 3143 2403 millia
3176 2347 3372 2418 signati
3402 2365 3420 2402 :
3466 2365 3531 2403 ex

1938 2433 2079 2487 tribu
2134 2436 2383 2490 Issachar
2428 2436 2696 2491 duodecim
2743 2437 2918 2492 millia
2965 2437 3201 2507 signati:
3270 2454 3335 2491 ea:
3389 2436 3532 2491 tribu

1935 2525 2180 2580 Zabulon
2228 2525 2495 2580 duodecim
2536 2527 2709 2582 millia
2754 2527 2993 2597 signati:
3045 2544 3109 2580 ex
3159 2526 3301 2580 tribu
3341 2525 3531 2596 Joseph

1936 2615 2203 2669 duodecim
2250 2616 2425 2669 millia
2474 2615 2712 2685 signati:
2769 2633 2835 2670 ea:
2883 2616 3025 2670 tribu
3060 2613 3342 2683 Benjamin
3389 2615 3531 2669 duo-

1935 2704 2093 2758 decim
2154 2703 2326 2759 millia
2385 2703 2598 2774 signati.
2658 2703 2796 2759 Juda
2852 2705 3003 2775 prior
3059 2701 3319 2775 ponitur,
3376 2702 3529 2757 Ben-

1930 2794 2107 2868 jamin
2138 2812 2268 2851 vero
2300 2795 2568 2852 ultimus:
2621 2794 2768 2869 quod
2807 2794 2852 2851 si
2899 2794 3377 2867 interpretationes
3416 2810 3528 2849 no-

1938 2886 2148 2940 minum
2206 2885 2475 2957 inspicere
2525 2885 2884 2953 voluerimus,
2941 2884 3138 2940 Judam
3185 2883 3524 2952 inferiorem,

1938 2975 2225 3047 Benjamin
2249 2991 2379 3031 vero
2406 2976 2740 3047 superiorem
2773 2976 3076 3047 reperimus
3098 2975 3249 3046 (82);
3282 2991 3410 3030 nam
3432 2972 3527 3046 qui

1936 3066 2005 3121 ad
2033 3067 2208 3121 Deum
2238 3065 2604 3121 conscendere
2630 3065 2936 3133 desiderat,
2982 3081 3013 3120 a
3046 3064 3354 3120 minoribus
3384 3062 3527 3119 inci-

1938 3154 2041 3226 pit,
2094 3162 2156 3210 ut
2203 3153 2467 3226 gradatim
2519 3154 2812 3211 crescendo
2862 3154 2930 3210 ad
2968 3152 3173 3226 majora
3222 3151 3525 3224 perveniat,

1938 3242 2081 3299 sicut
2112 3242 2249 3299 dicit
2294 3242 2581 3299 Psalmista
2616 3261 2627 3298 ξ
2684 3269 2701 3290 ε
2740 3243 2903 3299 Ibunt
2932 3243 3105 3298 sancti
3139 3241 3205 3296 de
3232 3240 3439 3296 virtute
3469 3240 3527 3295 in

1939 3333 2202 3388 virtutem
2254 3333 2429 3403 (Psal.
2481 3350 2719 3402 Lxxxm,
2766 3333 2847 3403 8).
2903 3357 2920 3379 ι
2981 3333 3053 3387 Et
3086 3332 3215 3405 quia
3256 3330 3429 3388 sancti
3460 3330 3529 3387 ad

1938 3424 2111 3479 Deum
2142 3439 2239 3494 per
2282 3422 2387 3477 iter
2433 3422 2703 3477 virtutum
2750 3421 3146 3490 conscendunt,
3196 3420 3522 3494 subjungit:

1953 3535 1971 3559 ι
2002 3512 2298 3568 Videbitur
2336 3514 2483 3568 Deus
2528 3510 2756 3567 deorum
2799 3510 2858 3566 in
2910 3511 3041 3566 Sion
3079 3510 3292 3582 (Ibid)
3327 3535 3344 3557 ι
3388 3509 3527 3567 Juda

1937 3602 2212 3659 confessio
2259 3601 2673 3674 interpretatur.
2721 3600 2862 3657 Juda
2906 3617 3034 3673 ergo
3081 3601 3231 3673 prior
3259 3601 3523 3672 ponitur:

1938 3690 2068 3763 quia
2098 3690 2411 3763 quicunque
2443 3699 2563 3763 post
2592 3698 2812 3763 peccata
2843 3690 2911 3746 ad
2948 3692 3122 3746 Deum
3151 3690 3401 3746 converti
3431 3689 3528 3745 de-

1938 3780 2162 3848 siderat,
2186 3797 2402 3836 necesse
2427 3789 2508 3836 est
2534 3788 2594 3835 ut
2626 3780 2777 3852 prius
2807 3780 3135 3837 conﬁteatur
3162 3787 3376 3852 peccata
3408 3796 3526 3849 sua,

1937 3867 2080 3925 sicut
2110 3868 2246 3924 dicit
2288 3868 2521 3925 Iacobus
2553 3869 2871 3942 apostolus:
2922 3894 2939 3915 ι
2979 3866 3332 3926 Conﬁtemini
3362 3868 3528 3923 alter-

1938 3964 2125 4012 utrum
2157 3966 2376 4029 peccata
2408 3966 2607 4024 vestra,
2640 3967 2693 4013 et
2727 3966 2875 4013 orate
2905 3974 3003 4030 pro
3035 3958 3294 4023 invicem,
3329 3964 3391 4013 ut
3419 3958 3527 4013 sal-

1940 4045 2147 4101 vemini
2180 4046 2316 4117 (Jac.
2346 4064 2403 4114 v,
2434 4046 2545 4118 16),
2579 4071 2596 4095 ι
2636 4046 2894 4103 videlicet
2925 4055 2984 4102 ut
3016 4064 3108 4119 per
3129 4047 3529 4103 confessionem

1941 4141 2286 4207 peccatorum
2317 4143 2370 4190 et
2405 4136 2784 4208 pmnitentiam
2832 4138 3008 4193 Deum
3052 4135 3159 4192 sibi
3204 4135 3528 4207 placabilem

1940 4222 2123 4290 faciat,
2148 4239 2310 4295 quem
2340 4224 2661 4280 offenderat.
2703 4226 2774 4279 Et
2802 4224 2931 4297 quia
2958 4224 3052 4297 qui
3083 4224 3375 4280 salubriter
3404 4240 3529 4296 pas-

1939 4313 2098 4381 nitet,
2130 4322 2185 4369 et
2228 4314 2392 4371 deﬂet
2440 4316 2583 4371 mala
2626 4332 2747 4389 qua:
2793 4315 2945 4385 fecit,
2996 4316 3256 4390 gaudium
3301 4314 3355 4370 in
3386 4313 3528 4371 ccelo

1941 4402 2091 4473 facit,
2145 4405 2335 4461 oculos
2384 4405 2774 4462 misericordiae
2818 4406 2886 4462 ad
2935 4423 2990 4461 se
3037 4405 3335 4473 convertit,
3386 4404 3530 4461 sicut

1941 4492 2078 4550 dicit
2118 4495 2428 4552 Dominus:
2478 4520 2495 4542 α
2526 4496 2928 4553 Convertimini
2968 4496 3036 4551 ad
3072 4512 3179 4563 me,
3211 4504 3265 4552 et
3306 4512 3405 4567 ego
3450 4512 3529 4551 re-

1941 4591 2125 4639 vertar
2151 4584 2219 4641 ad
2263 4603 2361 4641 vos
2411 4586 2666 4657 (Zach.1,
2699 4586 2777 4655 3).
2813 4610 2831 4633 -
2879 4584 3069 4642 Ruben
3115 4583 3387 4641 secundus
3435 4600 3527 4655 po-

239 4671 370 4745 gelis
407 4672 593 4743 quibus
622 4674 801 4728 datum
827 4680 900 4729 est
940 4692 1122 4730 nocere
1152 4683 1307 4733 terra:
1333 4686 1380 4733 et
1422 4681 1580 4746 mari,
1617 4682 1826 4736 dicens:
1860 4668 1907 4726 D
1941 4673 2111 4742 nitur,
2136 4674 2229 4748 qui
2249 4674 2484 4730 ViSiOIliS
2505 4674 2654 4730 ﬁlius
2687 4674 3107 4745 interpretatur;
3142 4673 3270 4745 quia
3300 4689 3396 4745 Per
3416 4690 3525 4744 Ρω-

240 4762 415 4818 Nolite
459 4779 640 4816 nocere
684 4770 838 4817 terrie
878 4770 927 4819 et
957 4766 1097 4820 mari
1142 4783 1303 4836 neque
1345 4769 1645 4838 arboribus,
1689 4789 1831 4841 quo-

240 4851 476 4922 adusque
538 4852 796 4925 signemus
850 4871 1025 4910 servos
1078 4857 1177 4913 Dei
1228 4860 1398 4913 nostri
1464 4858 1519 4913 in
1564 4860 1832 4928 frontibus

241 4956 442 4996 eorum.
497 4942 770 5000 Clamasse
811 4944 909 5000 Dei
957 4945 1147 5002 fecisse
1190 4956 1291 5017 est,
1340 4950 1543 5005 etenim
1590 4951 1831 5009 adventu

241 5045 341 5085 suo
369 5028 499 5085 fecit
526 5040 587 5088 ut
617 5032 847 5088 Romani
878 5033 946 5090 ab
986 5034 1335 5092 infestatione
1361 5038 1572 5110 generis
1601 5039 1829 5097 humani

241 5129 534 5189 cessarent,
608 5122 869 5196 ﬁeretque
922 5141 1029 5197 pax
1079 5141 1175 5197 per
1230 5125 1549 5185 universum
1615 5132 1826 5200 orbem,

241 5208 386 5266 sicut
440 5210 577 5267 dicit
629 5212 946 5268 Psalmista:
1018 5238 1036 5261 ι
1090 5214 1312 5271 Orietur
1360 5217 1417 5272 in
1470 5218 1664 5275 diebus
1710 5219 1828 5292 ejus

236 5295 457 5370 justitia
520 5310 573 5357 et
629 5301 969 5357 abundantia
1019 5303 1169 5377 pacis
1228 5306 1401 5375 (Psal.
1458 5324 1613 5377 Lxxi,
1670 5310 1748 5380 7),
1798 5335 1816 5359 ι

241 5388 417 5447 donec
475 5393 683 5451 semina
741 5392 870 5449 ﬁdei
916 5410 1012 5465 per
1082 5395 1367 5452 universas
1422 5406 1605 5469 gentes
1669 5416 1832 5472 spar-

243 5488 518 5551 gerentur,
581 5500 645 5539 ac
700 5483 981 5556 signaculo
1040 5484 1167 5540 ﬁdei
1227 5484 1266 5541 ii
1324 5487 1418 5560 qui
1477 5488 1831 5560 praeordinati

240 5578 398 5627 erant
423 5570 491 5627 ad
518 5571 687 5628 vitam
720 5582 1002 5643 aeternam,
1033 5574 1401 5648 signarentur.

318 5711 433 5787 (8_l)
478 5711 672 5787 Edit:,_
714 5715 984 5771 duodecim
1030 5718 1283 5787 tribuum,
1327 5738 1501 5776 omnes
1549 5722 1622 5778 ad
1649 5725 1832 5781 electos

243 5783 507 5856 pertinet;
535 5783 629 5841 sed
659 5784 836 5844 locum
873 5787 1032 5847 nobis
1061 5806 1192 5848 mss.
1234 5783 1612 5853 restituerunt.

1941 4763 2229 4817 nitentiam
2260 4762 2491 4819 visionis
2536 4762 2715 4819 factus
2753 4770 2833 4817 est
2878 4761 3047 4829 ﬁlius,
3093 4763 3188 4834 qui
3220 4768 3337 4817 erat
3365 4769 3525 4818 antea

1940 4849 2088 4907 ﬁlius
2133 4852 2476 4924 perditionis.
2526 4853 2653 4907 Post
2700 4852 2894 4908 Ruben
2938 4850 3053 4907 Gad
3105 4850 3375 4923 sequitur,
3429 4851 3524 4925 qui

1937 4942 2217 4998 accinctus
2261 4942 2687 5013 interpretatur;
2739 4941 2869 5015 quia
2913 4958 3130 4999 necesse
3170 4951 3271 5011 est,
3320 4951 3382 4999 ut
3429 4944 3525 5018 qui

1937 5031 2166 5103 poenitet
2214 5047 2270 5086 se
2327 5031 2469 5085 mala
2513 5030 2758 5102 gessisse,
2807 5038 2861 5086 et
2911 5031 3048 5104 petit
3103 5050 3171 5090 ne
3226 5037 3283 5090 in
3334 5032 3525 5090 eadem

1937 5119 2230 5186 relabatur,
2259 5126 2451 5175 contra
2469 5120 2656 5176 omnia
2680 5120 2818 5176 vitia
2838 5129 3085 5178 armetur
3108 5124 3528 5195 voluptatesque

1936 5207 2178 5263 carnales
2220 5224 2251 5263 a
2297 5224 2352 5264 se
2392 5208 2692 5280 praecidat:
2733 5211 2860 5284 quia
2891 5228 3000 5268 non
3032 5220 3209 5284 potest
3240 5211 3357 5267 ﬁeri
3390 5218 3452 5268 ut
3494 5228 3525 5268 a

1937 5295 2173 5368 peccatis
2215 5295 2505 5363 abstineat,
2553 5298 2648 5372 qui
2694 5299 2752 5355 in
2784 5301 3162 5375 voluptatibus
3205 5300 3523 5358 carnalibus

1940 5386 2259 5459 requiescit.

2009 5491 2080 5545 Et
2122 5491 2251 5565 quia
2296 5493 2391 5567 qui
2438 5503 2631 5551 contra
2672 5494 2808 5551 vitia
2855 5502 3059 5567 pugnat
3104 5494 3364 5564 viriliter,
3409 5494 3525 5568 jam

1938 5578 2129 5635 beatus
2172 5598 2287 5639 esse
2332 5584 2561 5657 incipit;
2608 5587 2746 5642 Aser
2792 5586 2850 5641 in
2895 5585 3088 5643 ordine
3135 5586 3385 5659 ponitur,
3431 5588 3528 5661 qui

2012 5725 2129 5802 (82)
2153 5727 2233 5802 Ita
2256 5744 2407 5802 mss;
2426 5727 2698 5784 edit.vero
2717 5745 2728 5783 :
2748 5699 2946 5802 .ludam
2966 5728 3275 5800 inferiorem
3290 5732 3347 5785 in
3365 5730 3527 5802 pani-

1940 5797 2130 5855 tentia:
2154 5798 2433 5872 Benjamin
2450 5816 2568 5857 vero
2586 5800 2915 5872 superiorem
2934 5797 3222 5876 reperimus
3241 5802 3298 5859 in
