3964 6398
443 457 550 513 927

1481 452 1580 508 AD
1617 450 1854 508 OPEBA
1889 449 1946 506 S.
1986 449 2321 508 AMBROSII
2356 448 2734 506 APPENDIX.

3652 443 3784 501 928

441 585 634 642 beatus
694 584 1108 656 interpretatur.
1166 585 1297 640 Post
1341 583 1478 640 Aser
1523 583 1878 656 Nephthalim
1931 598 2040 655 po-
2069 583 2120 642 A
2149 581 2251 638 Dei
2298 591 2573 654 ponentur
2621 584 2834 654 (Matth.
2883 599 3020 651 xxv,
3050 582 3165 655 33).
3200 581 3378 640 Electi
3420 581 3617 655 itaque
3650 581 3778 637 ﬁlii

443 674 617 744 nitur,
661 675 757 748 qui
789 673 1042 731 dilatatio
1074 674 1191 746 (83)
1237 690 1357 730 mea
1393 673 1802 746 interpretatur.
1846 673 2040 728 Omnis

443 763 591 818 enim
627 763 722 836 qui
755 764 863 819 scit
900 780 957 819 se
986 765 1158 820 Deum
1186 761 1500 828 offendisse,
1531 770 1584 817 et
1613 761 1734 816 vult
1764 768 1825 816 ut
1853 761 1902 816 ei
1938 759 2036 815 mi-

443 853 744 910 sericordia
781 853 975 910 divina
1019 861 1320 920 succurrat,
1351 851 1512 908 debet
1547 860 1602 908 et
1647 851 1761 924 ipse
1792 851 2037 907 misereri

443 944 863 1018 quibuscunque
892 951 1088 1014 potest,
1111 949 1164 997 et
1193 941 1469 1014 quomodo
1499 949 1697 1014 potest,
1733 942 1879 998 sicut
1903 940 2039 996 dicit

442 1035 713 1090 Dominus
764 1051 775 1089 :
848 1056 866 1079 ι
926 1032 1079 1087 Beati
1137 1030 1553 1098 misericordes,
1614 1031 1874 1104 quoniam
1933 1029 2036 1102 ipsi

444 1121 882 1180 misericordiam
917 1129 1326 1195 consequentur
1366 1122 1578 1190 (Matth.
1605 1137 1658 1189 ν,
1695 1123 1772 1193 7).
1806 1145 1824 1168 ›
1884 1120 2039 1176 Illius

445 1213 649 1284 quippe
679 1227 835 1267 mens
861 1211 1288 1284 circumquaque
1309 1209 1592 1278 dilatatur,
1626 1210 1722 1283 qui
1753 1225 1848 1282 per
1873 1209 2038 1266 dilec-

442 1301 651 1357 tionem
702 1317 864 1374 quam
917 1300 1189 1374 proximis
1233 1301 1496 1356 exhibere
1550 1299 1729 1367 debet,
1779 1297 2039 1354 omnibus

443 1391 866 1466 quibuscunque
922 1398 1121 1464 potest,
1176 1391 1485 1447 miseretur.
1526 1390 1653 1445 Post
1685 1388 2036 1462 Nepbthalim
2083 1424 2092 1430 -

442 1483 716 1540 Manasses
743 1481 1015 1554 sequitur,
1049 1481 1142 1552 qui
1183 1479 1388 1535 oblitus
1435 1479 1860 1550 interpretatur;
1911 1477 2040 1550 quia

442 1571 668 1644 expedit
696 1580 758 1626 ut
785 1571 880 1644 qui
911 1579 1131 1643 peccata
1159 1585 1258 1626 sua
1303 1569 1487 1637 deﬂet,
1531 1568 1623 1641 qui
1664 1569 2040 1641 eleemosynas

442 1667 780 1740 pauperibus
810 1667 1057 1739 largitur,
1094 1665 1238 1722 535
1269 1677 1329 1724 ut
1359 1675 1577 1740 peccata
1607 1666 1725 1738 ejus
1755 1665 2038 1722 dimittan-

443 1765 552 1826 tur,
585 1757 776 1813 eadetn
809 1763 1029 1828 peccata
1058 1757 1136 1812 ita
1164 1757 1398 1828 deserat,
1431 1765 1700 1832 quatenus
1725 1773 1788 1813 ea
1819 1757 2040 1831 penitus

440 1844 648 1902 oblitus
675 1861 790 1901 esse
827 1845 1098 1902 videatur.

2147 671 2387 726 dexterae
2415 671 2750 740 eﬂiciuntur,
2789 689 2915 728 cum
2945 672 3014 728 ab
3044 671 3145 728 hac
3194 671 3309 728 vita
3351 670 3656 738 subtracti,
3703 670 3778 726 in

2147 759 2461 816 coelestibus
2477 759 2699 817 sedibus
2713 761 3054 818 collocantur
3065 761 3160 817 ubi
3175 760 3316 817 nihil
3337 769 3419 817 est
3430 761 3742 818 sinistrum
3754 805 3772 830 ,

2148 849 2240 905 sed
2271 857 2446 906 totum
2482 850 2726 906 dextera.
2755 851 2929 922 Igitur
2956 852 3083 925 quia
3124 851 3611 924 interpretationes
3644 868 3778 906 no—

2149 938 2362 994 minum
2391 939 2681 995 duodecim
2703 939 2944 996 tribuum
2976 957 3146 1013 usque
3175 939 3243 996 ad
3273 956 3396 996 eum
3429 939 3600 997 linem
3635 956 3778 1012 per-

2148 1027 2431 1096 duximus,
2456 1045 2566 1101 quo
2586 1028 2641 1084 in
2659 1029 2970 1086 caelestibus
2989 1029 3212 1086 sedibus
3232 1029 3598 1098 collocantur,
3623 1046 3775 1084 con-

2155 1131 2350 1187 gruum
2381 1125 2461 1173 est
2491 1125 2552 1173 ut
2581 1134 2642 1172 ea
2667 1135 2787 1191 quis
2835 1128 3161 1192 sequuntur,
3190 1119 3258 1174 ad
3289 1119 3775 1192 gloriﬁcationem

2146 1207 2455 1263 animarum
2486 1217 2800 1264 sanctarum
2829 1209 3242 1265 transferamus.

2221 1296 2403 1367 (Vers.
2435 1298 2488 1366 9,
2512 1297 2624 1369 10.)
2657 1299 2784 1354 Post
2805 1300 2910 1354 hac
2938 1299 3051 1354 vidi
3071 1299 3280 1354 turbam
3307 1315 3556 1370 magnam
3582 1315 3778 1370 quam

2147 1386 2484 1441 dinumerare
2530 1404 2678 1441 nemo
2717 1393 2945 1458 poterat,
3005 1404 3071 1442 ea:
3107 1387 3346 1442 omnibus
3386 1387 3656 1460 gentibus,
3717 1394 3778 1442 et

2146 1475 2412 1545 eribubus,
2445 1483 2492 1531 et
2518 1477 2758 1548 populis,
2788 1484 2835 1532 et
2867 1476 3080 1549 linguis,
3109 1483 3303 1532 stantes
3325 1484 3446 1533 ante
3475 1478 3773 1546 thronum,

2147 1574 2194 1622 et
2229 1568 2286 1622 in
2327 1575 2596 1640 conspectu
2640 1570 2780 1640 Agni
2821 1568 3007 1641 (84)...
3044 1570 3118 1625 Et
3145 1570 3444 1625 clamabant
3470 1587 3591 1624 voce
3626 1587 3777 1624 ma-

2145 1673 2270 1728 gna,
2329 1658 2584 1713 dicentes:
2645 1659 2804 1714 Salus
2857 1659 2966 1715 Deo
3008 1665 3210 1728 nostro,
3265 1658 3358 1730 qui
3403 1659 3540 1714 sedet
3584 1675 3778 1730 super

2149 1745 2414 1815 thronum,
2471 1753 2519 1801 et
2577 1746 2746 1818 Agna.
2797 1748 2902 1804 Per
2943 1747 3162 1804 turbam
3209 1747 3568 1820 superiorem,
3626 1765 3774 1821 quae

2146 1849 2378 1890 numero
2408 1835 2915 1908 comprehenditur,
2948 1837 3107 1894 electi
3137 1837 3233 1909 qui
3272 1835 3329 1892 in
3369 1837 3614 1893 Ecclesia
3650 1837 3772 1893 Dei

513 1935 587 1990 Et
625 1933 750 1990 ideo
779 1934 1000 1991 Simeon
1029 1934 1298 2008 sequitur,
1329 1937 1423 2010 qui
1455 1935 1744 1993 εχαηάίιίο
1772 1935 2035 2008 ίιηθτρτθ.
2067 1940 2111 1998 Β
2145 1921 2379 2010 singulis
2420 1924 2760 1996 temporibus
2827 1925 3096 1994 laborant,
3163 1925 3538 1998 designantur,
3596 1927 3772 1982 sicut

447 2031 610 2091 tatur;
642 2024 736 2079 ille
759 2024 906 2080 enim
935 2041 1034 2097 pro
1061 2025 1220 2081 malis
1253 2042 1371 2097 quae
1402 2024 1553 2093 fecit,
1585 2024 1880 2097 deprecans
1909 2034 1970 2080 ut
1989 2023 2039 2080 ei

440 2111 818 2182 dimittantur,
867 2131 898 2170 a
929 2117 1040 2170 Deo
1085 2115 1405 2182 exauditur,
1455 2115 1549 2188 qui
1585 2115 1774 2170 omnia
1802 2113 1938 2169 vitia
1967 2128 2038 2170 ex

440 2209 558 2256 toto
585 2201 810 2258 deserit.
839 2203 1050 2260 Deinde
1081 2203 1216 2260 Levi
1246 2203 1517 2276 sequitur,
1547 2203 1642 2276 qui
1671 2202 1892 2258 additus
1919 2202 2037 2258 sive

441 2297 754 2363 assumptus
783 2291 1180 2364 interpretatur
1208 2309 1219 2346 :
1272 2291 1401 2364 quia
1431 2291 1524 2362 qui
1556 2290 1624 2346 de
1652 2290 1888 2361 peccatis
1915 2306 2036 2362 quae

440 2377 592 2448 fecit,
637 2378 751 2451 jam
801 2379 1177 2452 paenitentiam
1222 2378 1496 2446 exercuit,
1537 2378 1629 2450 qui
1678 2387 1872 2434 contra
1899 2378 2036 2433 vitia

441 2469 730 2542 pugnavit,
757 2486 926 2543 eaque
954 2468 1181 2536 devicit,
1220 2468 1314 2540 qui
1353 2485 1478 2540 erga
1522 2468 1829 2542 indigentes
1873 2469 2034 2525 mise-

441 2557 615 2614 ricors
636 2558 870 2626 exstitit,
901 2565 1063 2630 atque
1093 2556 1180 2612 his
1200 2556 1457 2628 operibus
1489 2557 1595 2614 hoc
1626 2558 1950 2630 promeruit,
1973 2567 2036 2616 ut

439 2647 558 2721 ejus
591 2657 809 2722 peccata
837 2647 1272 2714 dimitterentur,
1321 2648 1388 2705 de
1421 2648 1584 2706 venia
1622 2648 1738 2722 jam
1784 2666 2029 2719 securus,

439 2738 694 2795 timorem
728 2736 872 2809 ignis
893 2737 1083 2794 zeterni
1112 2755 1144 2794 a
1173 2746 1354 2794 mente
1382 2738 1593 2810 abjicit,
1616 2748 1778 2812 atque
1806 2739 1864 2796 in
1885 2757 2031 2797 amo-

443 2844 556 2884 rem
586 2828 684 2884 Dei
723 2843 786 2883 ac
810 2827 1048 2884 caelestis
1098 2829 1287 2901 patriae
1317 2837 1465 2885 totus
1497 2829 1816 2898 assumitur,
1857 2829 2032 2902 iisque

437 2917 663 2974 additur
687 2916 781 2990 qui
811 2916 914 2972 ﬁlii
944 2917 1043 2973 Dei
1076 2926 1470 2990 nuncupantur
1497 2928 1551 2976 et
1583 2927 1732 2975 sunt.
1774 2921 2034 2993 Sequitur

439 3005 721 3075 Issachar,
775 3004 870 3078 qui
936 3022 1142 3062 merces
1208 3006 1648 3078 interpretatur;
1711 3007 1806 3064 sed
1867 3009 2033 3065 inter-

440 3095 803 3168 pretationem
834 3095 1000 3168 hujus
1028 3098 1271 3153 nominis
1299 3098 1502 3155 clarius
1525 3098 1864 3168 videbimus,
1894 3102 1941 3158 si
1971 3119 2036 3158 ea

440 3199 560 3256 quae
603 3194 774 3240 mater
804 3184 924 3254 Lia,
971 3203 1034 3241 eo
1081 3193 1336 3243 nascente
1380 3187 1556 3254 dixit,
1602 3204 1907 3260 ponamus;
1956 3190 2036 3245 ait

438 3272 586 3328 enim
619 3289 632 3328 :
680 3299 698 3321 ι
731 3273 989 3331 Reddidit
1016 3275 1162 3331 Deus
1190 3275 1494 3332 mercedem
1528 3275 1690 3345 mihi,
1738 3277 1866 3350 quia
1901 3278 2027 3335 dedi
2064 3292 2108 3355 ο

437 3360 695 3419 ancillam
730 3380 903 3420 meam
937 3363 1057 3420 viro
1096 3381 1216 3420 meo
1248 3365 1404 3436 (Gen.
1439 3382 1582 3434 xxx,
1617 3366 1727 3436 l8).
1761 3390 1778 3413 ι
1829 3367 1900 3424 Et
1950 3368 2030 3424 id-

435 3451 584 3508 circo
611 3452 910 3526 appellavit
935 3469 1136 3509 nomen
1155 3452 1275 3524 ejus
1306 3453 1572 3523 Issachar,
1596 3455 1651 3510 id
1677 3463 1777 3524 est,
1801 3472 2028 3514 merces.

435 3539 574 3598 Caro
608 3549 794 3598 nostra
825 3543 1027 3598 ancilla
1073 3551 1260 3598 nostra
1295 3542 1456 3599 debet
1507 3559 1621 3600 esse
1655 3561 1666 3599 :
1720 3545 1808 3600 vir
1847 3555 2032 3602 noster

435 3630 580 3686 Deus
635 3638 821 3686 noster
857 3637 956 3685 est.
1010 3630 1282 3688 Ancillam
1325 3648 1455 3688 tero
1503 3642 1745 3688 nostram
1777 3633 1897 3690 viro
1934 3651 2029 3691 no-

435 3726 549 3774 stro
577 3717 792 3784 damus,
837 3718 883 3772 si
928 3735 1148 3774 carnem
1193 3728 1437 3776 nostram
1475 3721 1571 3778 Dei
1619 3707 1850 3778 servitio
1881 3740 2030 3780 mau-

437 3805 708 3877 cipamus,
757 3805 803 3861 si
849 3822 969 3862 eam
1017 3807 1280 3880 vigilare,
1325 3809 1611 3883 jejunare,
1661 3818 1716 3868 et
1760 3813 2031 3870 abstinere

434 3894 858 3966 compellimus,
925 3905 1088 3972 atque
1144 3900 1456 3972 voluptates
1506 3899 1625 3972 ejus
1689 3901 2026 3960 edomamus.

435 3983 683 4040 Issachar
737 3984 908 4057 igitur
959 3986 1070 4042 Lias
1138 3987 1197 4044 in
1261 3989 1571 4047 mercedem
1634 3991 1794 4048 datus
1855 4000 1938 4049 est
2000 4010 2032 4048 a

437 4070 588 4139 Deo;
635 4073 764 4146 quia
809 4073 878 4130 iis
906 4073 1001 4148 qui
1046 4092 1266 4132 carnem
1309 4076 1557 4147 domant,
1602 4079 1698 4152 qui
1747 4080 1893 4135 vitia
1920 4096 2030 4136 ex-

434 4160 746 4232 stinguunt,
793 4178 855 4219 ea
905 4179 1112 4220 merces
1157 4164 1322 4222 datur
1353 4181 1386 4220 a
1435 4167 1571 4234 Deo,
1621 4174 1682 4224 ut
1725 4167 2030 4225 virtutibus

433 4249 698 4307 ditentur.

503 4349 574 4404 Et
617 4347 740 4403 ideo
767 4357 890 4420 post
927 4348 1172 4406 Issachar
1213 4349 1459 4408 Zabulon
1505 4353 1752 4426 ponitur,
1793 4356 1888 4430 qui
1934 4357 2027 4414 ba-

435 4436 738 4494 bitaculum
765 4437 1110 4496 fortitudinis
1142 4440 1550 4513 interpretatur.
1577 4442 1710 4510 Quis
1736 4455 1817 4502 est
1843 4455 2024 4504 autem

433 4526 616 4596 fortis,
640 4527 747 4584 nisi
769 4529 958 4584 Deus?
979 4529 1047 4584 de
1063 4545 1172 4602 quo
1197 4531 1485 4587 Psalmista
1507 4531 1644 4588 dicit
1668 4551 1680 4589 :
1717 4560 1732 4581 ε
1754 4536 2026 4593 Dominus

435 4616 598 4674 fortis
635 4625 688 4673 et
729 4625 941 4690 potens,
991 4619 1262 4675 Dominus
1299 4627 1490 4692 potens
1536 4621 1592 4677 in
1625 4623 1812 4695 praelio
1845 4625 2018 4695 (Psal.

431 4723 610 4776 xxm,
641 4707 723 4778 8).
758 4733 777 4757 ι
821 4709 892 4765 Et
923 4708 1071 4782 quod
1101 4707 1473 4766 habitaculum
1508 4711 1871 4782 fortitudinis,
1912 4715 2021 4771 nisi

434 4795 708 4853 habitatio
728 4797 827 4854 Dei
844 4798 872 4854 ‘i
894 4799 954 4854 In
975 4798 1073 4854 illo
1089 4799 1235 4854 enim
1257 4798 1470 4856 habitat
1485 4801 1648 4870 Deus,
1667 4801 1723 4857 in
1743 4819 1851 4876 quo
1870 4804 2022 4874 ﬁdes,

433 4886 725 4958 patientia,
776 4887 1019 4956 castitas,
1070 4887 1378 4958 humilitas,
1426 4889 1664 4947 charitas
1713 4900 2026 4966 caeteraeque

433 4975 669 5032 virtutes
697 4984 1127 5034 commorantur.
1151 4978 1223 5034 Et
1249 4979 1378 5054 quia
1408 4997 1502 5053 per
1523 4981 1893 5054 operationem
1917 4983 2024 5039 vir-

431 5072 613 5122 tutum
652 5073 924 5137 augentur
955 5067 1181 5138 praimia
1226 5069 1568 5140 meritorum,
1613 5070 1808 5144 Joseph
1839 5073 2022 5130 subse-

432 5155 643 5228 quitur,
667 5155 762 5228 qui
796 5163 1148 5227 augmentum
1182 5157 1592 5230 interpretatur.
1624 5160 1911 5232 Benjamin
1943 5162 2022 5218 ul-

434 5245 624 5313 timus,
660 5244 772 5300 imo
815 5253 868 5301 et
912 5245 1161 5318 superior
1187 5248 1432 5318 ponitur,
1481 5248 1574 5322 qui
1608 5249 1756 5306 ﬁlius
1784 5252 2021 5308 dexterae

431 5334 844 5408 interpretatur.
869 5336 1105 5392 Dextera
1125 5353 1358 5411 namque
1387 5339 1562 5394 Patris
1581 5340 1756 5397 Filius
1771 5341 1982 5398 dicitur
2005 5361 2018 5398 :

431 5432 485 5480 et
503 5426 875 5498 Evangelium
895 5425 1160 5500 loquitur,
1175 5426 1306 5500 quia
1332 5428 1506 5484 sancti
1532 5429 1631 5484 Dei
1650 5430 1716 5486 ad
1738 5430 2020 5488 dexteram

505 5573 624 5649 (83)
654 5573 832 5649 Edit.,
861 5574 977 5649 qui
1015 5574 1277 5649 beatitudo
1317 5573 1715 5647 interpretatur.
1771 5577 2022 5649 Sequitur

435 5644 739 5714 Nephthali,
779 5644 873 5715 qui
901 5645 1168 5714 dilatatio,
1203 5653 1342 5713 etc.;
1393 5644 1524 5702 mss.
1558 5663 1708 5716 vero,
1742 5656 1804 5704 ut
1831 5644 1930 5705 nos
1960 5649 2020 5706 in

684 5786 767 5841 Ita
796 5800 926 5842 mss.
957 5803 1021 5844 ac
1048 5786 1182 5845 Gill.
1213 5785 1373 5855 edit.;
1417 5796 1476 5847 at
1500 5789 1660 5848 Rom.
1689 5808 1719 5847 e
1745 5792 2021 5850 contrario

2141 2009 2255 2082 jam
2277 2011 2545 2070 diximus.
2574 2015 2645 2070 Et
2675 2014 2803 2086 quia
2835 2015 2997 2070 multi
3026 2022 3155 2071 sunt
3184 2014 3385 2081 vocati,
3420 2015 3580 2087 pauci
3609 2030 3772 2070 vero

2145 2099 2304 2156 electi
2337 2101 2548 2171 (Matth.
2581 2119 2680 2172 xx,
2715 2104 2829 2175 16),
2862 2113 2916 2160 et
2945 2104 3002 2160 in
3050 2104 3458 2176 comparatione
3487 2104 3770 2176 reprobo-

2145 2203 2268 2242 rum
2317 2190 2515 2260 exigua
2559 2199 2641 2246 est
2706 2192 2867 2248 turba
2925 2195 3248 2262 electorum,
3308 2211 3418 2249 non
3462 2191 3770 2250 immerito

2143 2291 2373 2332 numero
2403 2286 2624 2334 centum
2656 2281 3018 2352 quadraginta
3039 2291 3272 2354 quatuor
3297 2283 3556 2351 millium,
3579 2283 3768 2338 electi

2145 2364 2240 2436 qui
2285 2364 2518 2436 singulis
2565 2367 2906 2438 temporibus
2949 2369 3008 2424 in
3046 2369 3293 2425 Ecclesia
3338 2370 3438 2426 Dei
3469 2371 3764 2439 laborant,

2142 2457 2535 2530 designantur:
2587 2457 2647 2512 in
2675 2458 2884 2514 caelesti
2929 2475 3060 2514 vero
3090 2459 3454 2529 beatitudine,
3488 2463 3583 2518 ubi
3615 2463 3771 2517 sin-

2141 2549 2283 2621 gulis
2312 2547 2652 2620 temporibus
2693 2564 2762 2604 ex
2792 2548 3050 2605 omnibus
3089 2549 3364 2622 gentibus,
3399 2549 3666 2606 tribubus
3703 2560 3768 2607 et

2142 2635 2346 2708 linguis
2373 2643 2794 2708 congregantur,
2845 2643 2993 2692 tanta
3035 2652 3224 2692 eorum
3270 2637 3507 2694 eﬂicitur
3535 2638 3771 2692 multi-

2139 2725 2294 2794 tudo,
2317 2734 2378 2782 ut
2407 2727 2562 2782 nullo
2589 2741 2821 2782 numero
2845 2726 3236 2798 comprehendi
3275 2727 3466 2798 possit.
3497 2727 3601 2782 Per
3630 2735 3762 2784 stoc

2140 2814 2221 2870 las
2267 2822 2449 2871 autem
2499 2814 2650 2871 albas
2696 2815 2972 2870 munditia
3023 2815 3328 2872 animarum
3375 2815 3754 2889 designatur:

2141 2909 2334 2980 palmae
2380 2924 2512 2964 vero
2559 2908 2617 2963 in
2665 2906 2882 2979 signum
2913 2907 3158 2964 victoriae
3191 2915 3494 2980 ponuntur.
3526 2907 3759 2965 Palmas

2141 2995 2310 3069 igitur
2339 3012 2451 3051 non
2482 2997 2660 3052 solum
2710 2995 2883 3052 sancti
2932 3005 3202 3068 martyres
3253 2995 3456 3068 quibus
3504 2995 3755 3052 victoria

2143 3084 2452 3156 specialiter
2483 3084 2799 3152 ascribitur,
2829 3083 2922 3140 sed
2962 3092 3015 3140 et
3062 3101 3252 3140 omnes
3302 3084 3482 3152 electi,
3532 3083 3628 3157 qui
3684 3085 3751 3141 in

2142 3173 2249 3230 hoc
2287 3174 2486 3232 saeculo
2516 3173 2680 3246 positi
2707 3182 2898 3230 contra
2924 3173 3174 3230 visibiles
3205 3183 3258 3230 et
3287 3173 3596 3230 invisibiles
3637 3173 3744 3230 bo-

2139 3271 2248 3319 stes
2277 3263 2494 3319 fortiter
2522 3261 2876 3330 dimicarunt,
2900 3261 2958 3318 in
2975 3263 3180 3319 ccelesti
3205 3262 3542 3318 beatitudine
3564 3263 3743 3335 possi~

2139 3351 2290 3409 dent.
2316 3353 2515 3408 Palma;
2535 3359 2720 3408 autem
2736 3353 2958 3424 praemia
2970 3361 3099 3408 sunt
3123 3353 3368 3410 victoriae
3389 3362 3737 3421 sanctorum;

2137 3441 2232 3514 qui
2263 3449 2317 3497 et
2345 3457 2479 3498 voce
2497 3457 2690 3514 magna
2719 3442 2952 3497 clamare
2982 3441 3245 3498 dicuntur
3269 3461 3281 3498 :
3318 3443 3478 3498 Salus
3503 3443 3612 3498 Deo
3643 3461 3742 3498 no-

2137 3536 2270 3599 stro,
2317 3531 2410 3601 qui
2464 3531 2601 3586 sedet
2655 3548 2814 3603 super
2842 3533 3110 3598 thronum,
3140 3537 3188 3586 et
3216 3532 3385 3603 Agna,
3417 3531 3592 3588 sancti
3635 3534 3744 3590 Dei

2138 3636 2422 3694 nunquam
2461 3630 2675 3678 cessant
2705 3637 2735 3676 a
2767 3619 3020 3676 laudibus
3048 3620 3180 3687 Dei;
3206 3635 3308 3678 nec
3345 3631 3527 3677 tamen
3579 3621 3745 3678 labor

2137 3716 2218 3764 est
2251 3708 2309 3764 in
2340 3709 2612 3766 laudando
2639 3711 2837 3779 Deum,
2889 3709 3021 3782 quia
3045 3709 3189 3769 sicut
3214 3709 3394 3767 dulcis
3422 3717 3504 3768 est
3529 3712 3744 3770 sanctis

2136 3797 2280 3854 visio
2307 3799 2426 3867 Dei,
2459 3799 2538 3856 sic
2569 3805 2622 3854 et
2653 3799 2772 3854 laus
2798 3798 2922 3855 Dei.

2210 3888 2392 3959 (Vers.
2426 3889 2510 3956 11,
2547 3889 2661 3962 12.)
2686 3891 2757 3945 Et
2784 3904 2958 3944 omnes
2987 3888 3162 3960 angéli
3187 3889 3398 3946 stabant
3424 3888 3482 3944 in
3506 3889 3743 3946 circuitu

2144 3978 2340 4048 throni,
2375 3985 2422 4034 et
2449 3979 2738 4049 seniorum,
2767 3985 2814 4035 et
2843 3985 3075 4050 quatuor
3101 3980 3444 4050 animalium,
3471 3986 3518 4036 et
3545 3981 3740 4037 cecide-

2139 4074 2268 4122 runt
2307 4067 2364 4124 in
2399 4069 2567 4124 medio
2612 4069 2789 4124 throni
2825 4069 2882 4123 in
2926 4068 3089 4140 facies
3117 4086 3266 4139 suas,
3296 4075 3344 4126 et
3369 4071 3741 4128 adoraverunt

2138 4159 2329 4225 Deum,
2355 4154 2609 4215 dicentes:
2643 4160 2832 4229 Amen,
2863 4160 3164 4226 benedictio,
3201 4167 3250 4216 et
3285 4162 3528 4232 claritas,
3559 4168 3607 4218 et
3635 4181 3737 4219 sa-

2131 4247 2356 4318 pientia,
2386 4255 2435 4303 et
2461 4248 2762 4320 gratiarum
2790 4249 2948 4316 actio,
2972 4251 3158 4318 honor,
3190 4257 3239 4305 et
3279 4251 3470 4320 virtus,
3501 4257 3550 4307 et
3577 4251 3736 4322 forti-

2140 4337 2266 4391 tudo
2294 4338 2402 4393 Deo
2431 4344 2610 4393 nostro
2642 4338 2698 4392 in
2721 4339 2914 4394 saecula
2949 4341 3282 4408 saeculorum,
3329 4355 3500 4397 amen.
3550 4340 3738 4414 Supe-

2137 4426 2253 4482 rius
2285 4427 2461 4484 millia
2492 4429 2731 4486 millium
2761 4430 3081 4502 angelorum
3133 4430 3192 4486 in
3243 4429 3484 4487 circuitu
3543 4431 3736 4488 throni

2138 4522 2311 4577 Deum
2343 4521 2564 4578 laudare
2611 4522 2909 4579 dicuntur:
2952 4521 3044 4580 hic
3079 4531 3261 4580 autem
3303 4525 3458 4581 nullo
3501 4541 3734 4582 numero

2135 4611 2698 4683 comprehenduntur,
2751 4613 2845 4669 sed
2908 4629 3098 4668 omnes
3145 4612 3203 4668 in
3260 4611 3498 4670 circuitu
3542 4613 3732 4670 throni

2132 4709 2275 4760 stare
2323 4701 2607 4760 dicuntur.
2659 4704 2956 4760 Possumus
3001 4721 3099 4777 per
3143 4704 3451 4778 superiores
3488 4706 3731 4778 angelos,

2141 4793 2235 4866 qni
2267 4809 2496 4850 numero
2516 4793 3078 4868 comprehenduntur,
3113 4809 3205 4850 eos
3221 4793 3524 4869 intelligere
3543 4796 3640 4869 qui
3664 4797 3730 4854 ad

2140 4888 2356 4946 diversa
2402 4889 2582 4946 oﬂicia
2637 4890 2694 4946 in
2736 4890 2943 4947 mundo
2979 4889 3366 4949 destinantur:
3418 4908 3510 4948 eos
3547 4903 3732 4950 autem

2143 4979 2236 5052 qui
2271 4979 2391 5036 sine
2430 4997 2662 5038 numero
2704 4991 3003 5053 ponuntur,
3035 4981 3161 5038 illos
3189 4982 3284 5056 qui
3324 4983 3380 5039 in
3420 4982 3734 5042 ctelestibus

2140 5087 2264 5127 cum
2294 5073 2534 5129 Domino
2560 5083 2974 5130 conversantur.
3007 5073 3109 5130 Sed
3139 5081 3194 5129 et
3219 5073 3314 5130 hic
3336 5081 3540 5146 septem
3571 5072 3731 5132 bene-

2147 5163 2422 5222 dictiones
2471 5171 2772 5236 ponuntur,
2803 5163 2947 5219 sicut
2975 5161 3242 5236 superius,
3283 5171 3347 5219 ut
3392 5163 3732 5229 demonstret

2137 5253 2328 5310 eodem
2361 5253 2524 5310 modo
2563 5263 2615 5309 et
2641 5252 2774 5309 istos
2818 5251 3138 5309 benedicere
3191 5253 3388 5321 Deum,
3429 5253 3525 5326 qui
3557 5269 3732 5308 mun-

2137 5343 2269 5400 dum
2299 5360 2400 5398 sua
2427 5343 2821 5413 gubernatione
2860 5347 3106 5410 tuentur,
3135 5339 3281 5398 sicut
3309 5350 3364 5398 et
3388 5341 3516 5399 illos
3545 5342 3644 5416 qui
3672 5343 3730 5400 in

2135 5432 2449 5488 coelestibus
2477 5448 2602 5488 cum
2636 5432 2874 5489 Domino
2903 5439 3332 5488 commorantur.

2136 5585 2258 5651 post
2306 5593 2496 5634 vocem
2571 5577 2712 5651 Agni
2754 5575 3005 5651 addidit:
3054 5577 3233 5633 amicti
3273 5578 3421 5635 stolis
3469 5579 3630 5650 albis,
3685 5590 3733 5638 et

2128 5650 2326 5722 palma:
2363 5651 2425 5722 in
2467 5650 2710 5722 manibus
2749 5665 2949 5704 eorum.
2981 5650 3109 5704 Post
3135 5666 3326 5722 vocem
3353 5668 3486 5708 vero
3505 5652 3730 5712 dicentes

2134 5721 2420 5790 resecavit,
2453 5721 2613 5779 Salus
2639 5721 2747 5778 Deo
2775 5727 3025 5778 nostra...
3055 5727 3103 5778 et
3122 5721 3292 5794 Agna.
