3964 6366
178 343 293 403 929

1105 346 1563 407 BEBENGAUDI
1598 346 1973 408 EXPOSITIO
2012 348 2086 408 IN
2125 348 2628 409 APOCALYPSIN.

3392 353 3497 413 930

261 474 443 546 (Vers.
481 475 569 545 13,
601 475 714 548 14.)
745 478 819 533 Et
859 478 1174 547 respondens
1203 493 1340 532 unus
1386 477 1449 532 de
1487 477 1782 533 senioribus
1810 501 1860 559 Α
1893 477 2225 534 credendum
2258 486 2357 533 est.
2406 479 2545 535 Justi
2594 495 2830 552 namque
2880 482 2939 537 in
2991 481 3095 537 hac
3145 482 3259 537 vita
3305 483 3491 554 positi,

178 563 329 617 dixit
347 563 479 619 mihi
500 581 518 618 :
549 565 599 621 Ii
618 565 711 635 qui
747 564 926 620 amicti
961 566 1260 621 sunt'stolis
1285 567 1445 635 albis,
1473 566 1567 637 qui
1595 573 1717 621 sunt
1741 573 1789 621 et

176 653 323 707 unde
352 660 603 713 venerunt
622 656 649 709 i’
681 656 755 709 Et
783 654 903 709 diri
926 655 1045 711 illi:
1076 656 1299 712 Domine
1329 656 1421 723 mi,
1458 662 1513 710 tu
1539 656 1660 710 scis.
1700 656 1786 711 In-

178 749 443 813 terrogat,
478 750 536 797 ut
564 742 756 799 doceat
786 762 799 811 ;
836 759 931 816 per
962 743 1234 799 seniorem
1268 761 1502 818 namque
1535 744 1788 801 doctores

180 831 481 887 Ecclesiae:
506 848 602 904 per
630 833 894 889 Joannem
927 850 1058 889 vero
1073 833 1352 889 auditores
1373 834 1784 905 intelliguntur.

176 920 320 975 Nam
370 921 752 993 prmdicatores
798 924 973 980 sancti
1020 924 1247 995 gloriam
1296 925 1611 979 animarum
1667 938 1786 978 san-

177 1016 397 1064 ctarum
421 1010 839 1084 quibuscunque
870 1012 1048 1067 modis
1079 1020 1326 1084 possunt,
1351 1012 1615 1067 intimant
1635 1010 1787 1066 audi-

177 1097 400 1154 toribus
436 1099 550 1155 suis
579 1118 592 1167 ;
619 1107 681 1155 ut
711 1109 919 1157 mentes
951 1117 1146 1165 eorum
1175 1101 1242 1156 ad
1272 1117 1517 1157 amorem
1548 1100 1789 1156 C(elestis

178 1187 376 1258 patria
405 1187 720 1245 accendant.
754 1192 827 1245 Et
851 1190 995 1244 dixit
1013 1191 1143 1246 mihi
1170 1208 1187 1245 :
1220 1190 1269 1246 Ii
1290 1197 1412 1245 sunt
1426 1189 1519 1260 qui
1535 1196 1785 1244 venerunt

176 1294 252 1331 ea:
306 1293 498 1348 magna
554 1278 924 1347 tribulatione;
980 1286 1027 1334 et
1071 1281 1316 1337 laverunt
1351 1284 1515 1337 stolas
1562 1300 1708 1351 suas,
1739 1288 1787 1336 et

176 1367 562 1424 dealbaverunt
587 1385 673 1423 eas
700 1367 757 1422 in
786 1370 1040 1440 sanguine
1089 1371 1250 1442 Agni.
1306 1372 1409 1428 Hic
1448 1370 1788 1426 demonstrat

176 1473 295 1513 non
337 1456 403 1512 ad
436 1457 657 1525 electos,
689 1458 783 1530 qui
818 1459 876 1513 in
898 1459 1001 1516 hac
1029 1460 1143 1517 vita
1170 1460 1443 1526 laborant,
1476 1460 1569 1516 sed
1598 1460 1665 1516 ad
1692 1476 1785 1515 eos

174 1546 280 1620 qui
320 1546 377 1602 in
419 1547 625 1604 ccelesti
652 1549 768 1604 vita
795 1566 921 1605 cum
953 1552 1192 1608 Domino
1244 1551 1616 1625 requiescunt,
1668 1550 1787 1608 haec

174 1636 478 1705 pertinere.
510 1637 632 1692 Non
662 1637 808 1693 enim
842 1636 1019 1695 sancti
1067 1639 1134 1695 de
1176 1657 1373 1712 magna
1401 1640 1783 1710 tribulatione,

173 1722 277 1778 sed
306 1723 371 1779 ad
397 1742 617 1796 magnas
646 1726 1031 1784 tribulationes
1052 1728 1401 1800 perferendas
1432 1729 1489 1784 in
1515 1728 1785 1783 mundum

172 1812 435 1882 veniunt,
458 1815 601 1871 sicut
620 1814 757 1871 dicit
782 1815 1040 1873 Salomon
1070 1817 1211 1889 (85):
1234 1817 1434 1873 «Homo
1453 1817 1521 1872 ad
1541 1816 1782 1872 laborem

172 1903 446 1971 nascitur,
479 1911 533 1959 et
561 1904 680 1961 avis
709 1904 778 1960 ad
805 1906 1052 1961 volatum
1078 1906 1198 1977 (Job
1234 1924 1292 1976 v,
1321 1908 1398 1978 7).
1432 1932 1449 1953 ι
1481 1906 1553 1961 Ει
1580 1905 1783 1961 Domi-

174 2008 289 2047 nus
318 1992 454 2048 dicit
480 1991 537 2047 in
570 1993 906 2065 Evangelio:
955 2020 973 2043 ‹
1024 1994 1179 2052 Beati
1217 1995 1311 2068 qui
1343 1994 1778 2067 persecutionem

175 2080 473 2152 patiuntur
503 2089 726 2154 propter
760 2081 1032 2153 justitiam
1059 2101 1072 2152 ;
1106 2084 1367 2156 quoniam
1426 2083 1668 2156 ipsorum
1699 2087 1781 2136 est

172 2184 410 2241 regnum
441 2170 705 2226 caelorum
741 2171 954 2243 (Matth.
981 2189 1037 2241 v,
1080 2172 1194 2245 10).
1218 2196 1235 2220 ι
1276 2172 1348 2228 Et
1386 2172 1587 2227 Paulus
1609 2169 1776 2226 dicit:

190 2282 212 2304 ι
258 2258 361 2315 Per
389 2258 591 2315 multas
619 2258 1006 2317 tribulationes
1044 2270 1259 2333 oportet
1299 2277 1399 2317 nos
1459 2260 1665 2315 intrare
1721 2258 1781 2313 in

173 2362 409 2418 regnum
441 2348 707 2404 coelorum
739 2349 879 2417 (Act.
904 2367 1023 2417 XIV,
1054 2349 1221 2421 21);»
1265 2349 1357 2406 hic
1386 2348 1534 2405 enim
1564 2356 1779 2420 tempus

175 2444 267 2492 est
321 2437 718 2507 tribulationis,
748 2439 865 2495 illic
911 2447 1127 2511 tempus
1156 2439 1322 2512 pacis.
1379 2438 1563 2495 Sancti
1596 2438 1778 2510 itaque

171 2525 250 2581 de
312 2542 507 2599 magna
546 2527 905 2584 tribulatione
950 2529 1200 2598 veniunt,
1251 2529 1381 2602 quia
1427 2528 1494 2583 ab
1534 2527 1637 2583 hac
1666 2527 1781 2583 vita

171 2614 467 2684 subtracti,
497 2615 592 2671 ubi
625 2625 840 2690 tempus
877 2618 1254 2675 tribulationis
1308 2627 1408 2686 est,
1473 2617 1531 2673 in
1578 2625 1779 2673 aeterna

171 2703 364 2777 quiete
393 2706 757 2762 collocantur.
792 2707 1067 2763 Laverunt
1093 2716 1274 2763 autem
1304 2707 1471 2763 stolas
1501 2705 1780 2778 suas,quia

173 2792 394 2848 animas
411 2809 555 2862 suas,
581 2794 640 2849 in
665 2793 770 2850 hac
795 2796 911 2850 vita
932 2795 1117 2867 positi,
1149 2795 1217 2851 ab
1245 2796 1501 2851 omnibus
1522 2794 1777 2851 sordibus

171 2888 529 2953 peccatorum
564 2883 1004 2940 mundaverunt:
1048 2885 1227 2957 primo
1257 2885 1479 2958 quidem
1511 2890 1654 2947 536
1684 2899 1779 2955 per

164 2976 531 3049 baptismum,
586 2987 772 3051 postea
801 2997 932 3037 vero
984 2998 1080 3054 per
1109 2982 1485 3054 paenitentiam
1524 2992 1576 3039 et
1605 2984 1776 3055 lacry-

172 3086 317 3137 mas,
371 3087 433 3126 ac
480 3070 873 3129 misericordiae
923 3089 1106 3146 opera,
1148 3081 1202 3130 et
1257 3075 1313 3129 in
1362 3072 1575 3131 caeteris
1615 3073 1778 3129 bonis

170 3159 458 3232 operibus.
519 3160 650 3227 Quae
698 3162 863 3218 etiam
910 3163 970 3219 in
1024 3164 1286 3237 sanguine
1335 3164 1478 3237 Agni
1510 3164 1772 3219 dealbatze

168 3249 348 3305 fuisse
377 3249 675 3319 dicuntur;
723 3252 854 3324 quia
890 3252 1087 3308 animae
1116 3235 1437 3322 electorum,
1460 3271 1580 3327 quae
1609 3263 1777 3311 antea
1810 3235 1854 3294 Β

169 3346 335 3394 erant
357 3338 641 3410 nigredine
664 3347 1006 3411 peccatorum
1027 3340 1312 3410 involutae,
1336 3359 1431 3414 per
1450 3342 1778 3414 redemptio-

170 3444 304 3483 nem
344 3428 625 3501 sanguinis
654 3428 863 3487 Christi
914 3429 1204 3486 candorem
1241 3431 1529 3487 munditiae
1559 3447 1781 3487 assum-

171 3525 426 3591 pserunt.

255 3606 436 3678 (Vers.
478 3607 591 3678 15.)
643 3606 765 3663 Ideo
804 3614 927 3662 sunt
966 3614 1086 3663 ante
1125 3608 1372 3663 thronum
1412 3608 1530 3677 Dei,
1579 3614 1627 3664 et
1677 3627 1783 3665 ser-

171 3695 333 3751 viunt
358 3696 404 3750 ei
431 3696 515 3751 die
542 3714 603 3751 ac
658 3702 801 3752 nocte
853 3697 911 3751 in
953 3698 1139 3768 templo
1192 3697 1327 3769 ejus.
1388 3698 1451 3754 In
1488 3708 1784 3771 conspectu

177 3801 421 3858 namque
466 3786 566 3841 Dei
605 3787 781 3843 sancti
826 3786 925 3842 Dei
961 3787 1243 3856 assistunt,
1293 3803 1357 3844 ac
1406 3788 1620 3843 visione
1666 3788 1785 3860 ejus

176 3875 557 3934 indesinenter
601 3876 977 3947 perfruuntur.
1038 3877 1323 3949 Templum
1367 3893 1498 3933 vero
1528 3879 1629 3933 Dei
1682 3896 1785 3935 coe-

178 3966 379 4021 lestem
419 3965 672 4036 patriam,
712 3966 1001 4023 servitium
1041 3967 1139 4023 Dei
1174 3984 1416 4022 amorem
1450 3968 1547 4022 Dei
1600 3977 1781 4025 vocat.

181 4054 345 4122 Quod
375 4054 522 4110 enim
563 4056 849 4111 servitium
900 4064 1010 4111 tam
1065 4056 1398 4129 acceptabile
1429 4060 1562 4126 Deo,
1620 4075 1784 4131 quam

180 4153 247 4201 ut
277 4145 539 4217 diligatur
567 4161 635 4201 ex
666 4153 781 4203 toto
808 4146 992 4215 corde,
1024 4154 1246 4220 totaque
1277 4149 1485 4206 virtute
1515 4150 1543 4204 ‘l
1570 4150 1640 4205 Et
1663 4149 1787 4222 quis

180 4235 263 4290 ita
303 4233 556 4289 ardenter
612 4234 796 4306 diligit
855 4238 1053 4304 Deum,
1105 4237 1252 4294 sicut
1293 4237 1378 4293 illi
1418 4239 1511 4311 qui
1568 4237 1786 4294 assidue

183 4325 629 4395 contemplantur
680 4325 875 4395 faciem
925 4324 1043 4396 ejus
1071 4326 1099 4381 ‘l
1170 4330 1243 4383 Et
1297 4329 1389 4398 qui
1444 4330 1580 4384 sedet
1627 4345 1788 4400 super

189 4414 457 4479 thronum,
485 4413 687 4469 habitat
713 4431 869 4484 super
900 4413 1040 4469 illos.
1074 4414 1331 4472 Thronus
1358 4417 1454 4472 Dei
1489 4418 1663 4473 sancti
1686 4418 1785 4473 Dei

185 4508 337 4568 sunt,
374 4502 517 4557 sicut
547 4502 799 4573 superius
826 4501 1094 4559 diximus.
1129 4503 1233 4570 Qui
1262 4521 1388 4577 ergo
1427 4505 1786 4578 designantur

1812 1867 1860 1928 B

1898 567 2149 623 videntes
2172 569 2287 639 (86)
2309 568 2598 624 hominum
2616 569 2937 641 injustitias,
2958 572 3209 628 esuriant
3225 580 3277 627 et
3296 572 3495 628 sitiunt

1892 655 2189 728 justitiam,
2219 659 2500 729 cupientes
2520 675 2711 715 omnes
2731 659 2982 715 homines
2996 659 3175 731 justos
3200 676 3336 728 esse,
3354 660 3497 717 sicut

1899 748 2003 820 ipsi
2038 756 2188 805 sunt.
2225 748 2493 813 Esuriunt
2533 758 2587 804 et
2614 749 2811 806 sitiunt
2838 750 3025 819 etiam,
3066 760 3127 807 ut
3154 767 3250 807 sua
3277 749 3496 821 justitia

1898 840 2145 913 quotidie
2172 849 2402 908 crescat,
2426 840 2678 895 esuriunt
2708 849 2760 895 et
2789 841 2987 895 sitiunt
3016 841 3184 895 vitam
3211 848 3491 898 mternam.

1900 931 2116 985 Animae.
2147 947 2278 986 vero
2312 938 2626 985 sanctorum
2661 946 2771 985 non
2806 930 3051 985 esurient
3098 947 3274 1002 neque
3305 931 3496 987 sitient

1898 1019 2175 1089 amplius;
2224 1018 2353 1091 quia
2383 1018 2529 1090 quod
2559 1021 2888 1083 esuriernnt,
2924 1017 3037 1089 jam
3068 1018 3345 1092 percipere
3372 1037 3495 1075 me-

1898 1117 2132 1163 ruerunt
2157 1108 2296 1179 (87).
2329 1110 2403 1163 Et
2430 1125 2531 1162 non
2564 1108 2709 1163 cadet
2736 1125 2894 1179 super
2920 1126 3004 1164 eos
3033 1111 3133 1177 sol,
3159 1126 3321 1179 neque
3351 1110 3495 1165 ullus

1897 1203 2071 1251 (estus.
2094 1197 2196 1251 Per
2225 1197 2394 1251 solem
2425 1196 2809 1253 tribulationes
2840 1215 2974 1270 quas
3002 1198 3176 1254 sancti
3212 1198 3280 1254 ab
3316 1198 3493 1254 homi-

1898 1284 2061 1339 nibus
2090 1285 2395 1356 perferunt,
2437 1301 2725 1357 possumus
2771 1286 3076 1359 intelligere
3110 1305 3121 1342 :
3174 1303 3270 1359 per
3297 1295 3491 1343 aestum

1897 1373 2228 1428 tentationes
2258 1373 2590 1441 daemonum,
2635 1376 2752 1431 sive
2781 1376 3093 1447 voluptates
3122 1377 3385 1432 carnales.
3420 1377 3491 1432 Et

1897 1460 2026 1533 quia
2054 1463 2227 1517 sancti
2260 1462 2316 1517 in
2348 1462 2450 1519 hac
2484 1465 2599 1518 vita
2629 1464 2789 1535 positi
2822 1465 3224 1537 persecutiones
3262 1465 3495 1537 iniquo-

1896 1567 2018 1606 rum
2056 1550 2347 1607 hominum
2388 1554 2671 1609 tolerando
2702 1554 2976 1623 vicerunt,
3027 1554 3359 1612 tentationes
3386 1555 3492 1612 dae-

1896 1656 2128 1695 monum
2158 1642 2851 1713 superaverunt,desideria
2867 1645 3110 1701 carnalia
3126 1646 3184 1702 in
3204 1662 3260 1702 se
3285 1647 3492 1703 exstin-

1895 1739 2120 1801 xerunt,
2153 1733 2212 1787 in
2239 1733 2446 1789 caelesti
2492 1732 2833 1792 beatitudine
2862 1735 3049 1807 positi,
3079 1738 3298 1794 nullum
3329 1737 3493 1794 labo-

1895 1839 2009 1878 rem
2041 1825 2097 1880 in
2128 1835 2454 1899 perpetuum
2485 1828 2753 1886 sentiunt.

1968 1950 2151 2017 (Vers.
2186 1952 2298 2026 17.)
2357 1953 2617 2021 Quoniam
2658 1954 2858 2026 Agnus,
2904 1957 2996 2026 qui
3029 1956 3086 2010 in
3114 1954 3281 2010 medio
3312 1953 3490 2011 throni

1892 2046 1984 2107 est,
2014 2047 2152 2111 reget
2182 2041 2321 2097 illos.
2356 2043 2514 2115 Begit
2541 2046 2687 2101 Deus
2715 2052 2931 2101 sanctos
2959 2062 3105 2113 suos,
3138 2061 3262 2101 cum
3294 2046 3489 2101 volun-

1891 2134 2033 2184 tates
2064 2146 2252 2185 eorum
2285 2131 2362 2186 ita
2391 2131 2654 2204 disponit,
2692 2140 2754 2189 ut
2785 2133 2928 2190 nihil
2957 2134 3098 2189 velle
3127 2133 3357 2206 possint,
3383 2132 3490 2189 nisi

1894 2218 2039 2290 quod
2076 2220 2221 2275 Deus
2250 2221 2391 2275 vult.
2425 2222 2499 2276 Et
2527 2221 2740 2277 deducet
2765 2240 2847 2277 eos
2883 2224 2955 2278 ad
2982 2223 3103 2278 vita:
3125 2222 3295 2295 fontes
3323 2240 3486 2294 aqua-

1891 2323 2036 2362 rum.
2068 2308 2210 2365 Vitae
2242 2308 2366 2365 fons
2396 2309 2650 2366 Christus
2678 2320 2778 2379 est,
2813 2310 2906 2385 qui
2938 2312 3074 2368 dicit
3106 2330 3118 2367 :
3175 2336 3193 2359 ι
3226 2313 3338 2384 Ego
3366 2329 3487 2367 sum

1891 2396 2013 2453 vita
2046 2398 2226 2468 (Joan.
2261 2416 2383 2465 xrv,
2432 2399 2513 2472 6).
2564 2426 2581 2447 ι
2642 2400 2799 2468 Quod
2852 2401 2971 2457 sine
3028 2403 3125 2458 illo
3181 2410 3279 2469 est,
3330 2419 3490 2458 mor-

1890 2492 2047 2541 tuum
2085 2494 2166 2542 est
2201 2505 2212 2542 :
2261 2487 2406 2559 quod
2446 2504 2577 2543 vero
2607 2488 2663 2543 in
2696 2487 2792 2543 illo
2821 2496 2922 2557 est,
2953 2489 3069 2546 vita
3095 2496 3195 2545 est.
3246 2490 3331 2546 Ad
3358 2490 3486 2546 vita

1889 2572 2099 2629 fontem
2129 2575 2380 2633 Christus
2408 2585 2626 2633 sanctos
2654 2594 2780 2633 suos
2808 2577 2980 2646 ducit,
3017 2578 3147 2651 quia
3181 2578 3250 2634 ad
3280 2589 3489 2636 semet-

1889 2663 2071 2735 ipsum
2103 2681 2196 2720 eos
2225 2665 2414 2734 ducit;
2445 2675 2507 2722 ut
2535 2667 2647 2722 sint
2676 2683 2846 2722 unum
2879 2684 3004 2723 cum
3041 2669 3159 2725 illo.
3191 2668 3293 2724 Per
3320 2685 3487 2741 aquas

1888 2755 2108 2811 eosdem
2147 2764 2363 2812 sanctos
2394 2774 2684 2830 possumus
2706 2758 3046 2830 intelligere;
3080 2758 3193 2831 ipse
3224 2767 3304 2815 est
3329 2761 3486 2833 quip-

1889 2860 1955 2916 pe
1995 2852 2048 2899 et
2079 2843 2202 2900 fons
2230 2861 2514 2917 aquarum,
2566 2845 2695 2918 quia
2742 2848 2810 2901 ab
2853 2847 2971 2919 ipso
3014 2847 3258 2919 procedit
3304 2850 3486 2906 omnis

1889 2935 2154 2990 sanctitas
2195 2937 2516 3003 electorum,
2566 2936 2709 2991 sicut
2756 2936 2871 3009 ipse
2916 2936 3062 2993 dixit
3096 2956 3108 2994 :
3173 2963 3192 2985 ι
3228 2938 3357 2995 Sine
3396 2955 3483 2995 me

1887 3023 2030 3079 nihil
2061 3025 2289 3097 potestis
2320 3025 2495 3080 facere
2524 3025 2707 3097 (Joan.
2742 3042 2839 3094 xv,
2869 3026 2952 3099 5).
2998 3051 3017 3073 ι

1960 3117 2033 3169 Ει
2051 3115 2304 3185 absterget
2325 3115 2464 3170 Deus
2483 3132 2685 3169 omnem
2707 3117 2993 3186 lacrym‘am
3011 3116 3076 3171 ab
3100 3115 3265 3171 oculis
3281 3134 3481 3173 eorum.

1889 3202 2027 3270 Quia
2058 3210 2274 3275 tempus
2312 3203 2477 3259 ﬂendi
2511 3202 2603 3260 hic
2632 3203 2759 3272 fuit,
2806 3214 3020 3277 tempus
3051 3205 3268 3262 ridendi
3300 3207 3357 3262 in
3388 3207 3484 3263 illa

1890 3292 2229 3349 beatitudine
2259 3293 2384 3361 erit,
2439 3293 2581 3349 sicut
2614 3294 2880 3349 Dominus
2911 3294 3047 3350 dicit
3081 3313 3092 3351 ε
3149 3319 3167 3343 ε
3204 3295 3357 3352 Beati
3388 3297 3483 3369 qui

1889 3398 2041 3438 nunc
2077 3383 2284 3455 lugent,
2336 3382 2594 3455 quoniam
2639 3383 2743 3454 ipsi
2789 3383 3224 3439 consolabuntur
3270 3385 3484 3456 (Matth.

1888 3488 1948 3541 v,
1978 3471 2059 3542 5).
2101 3496 2119 3519 ι

1963 3605 2190 3663 CAPUT
2244 3606 2389 3662 VIII.
2421 3636 2492 3646 —
2522 3605 2704 3678 (Vers.
2764 3606 2844 3678 1.)
2902 3606 2976 3662 Et
3023 3622 3137 3661 cum
3195 3607 3490 3678 aperuisset

1891 3696 2129 3767 sigillum
2156 3695 2452 3766 septimum.
2505 3696 2734 3767 Apertio
2778 3696 2995 3767 septimi
3027 3695 3195 3768 sigilli
3224 3696 3292 3752 ad
3333 3698 3489 3753 nati-

1893 3786 2119 3841 vitatem
2153 3784 2357 3842 Christi
2387 3786 2661 3857 pertinet:
2692 3784 2782 3843 sed
2813 3785 3165 3859 quarendum
3198 3785 3359 3841 nobis
3386 3794 3486 3854 est,

1893 3894 1992 3933 cur
2038 3877 2097 3932 in
2141 3878 2397 3949 septimo,
2455 3893 2567 3933 non
2606 3877 2665 3932 in
2713 3877 2907 3950 quinto
2955 3877 3075 3933 loco
3123 3884 3376 3949 ponatur.
3427 3877 3489 3932 In

1896 3964 2092 4020 Genesi
2145 3965 2410 4037 scriptum
2449 3974 2551 4035 est,
2601 3966 2732 4038 quia
2772 3981 2868 4021 sex
2916 3963 3111 4020 diebus
3164 3964 3296 4020 fecit
3344 3956 3492 4021 Deus

1894 4062 2094 4110 cuncta
2120 4069 2241 4126 qua
2271 4072 2339 4109 ex
2368 4055 2507 4110 caelo
2537 4064 2588 4111 et
2628 4063 2773 4111 terra
2809 4054 3076 4127 originem
3111 4061 3489 4126 sumpserunt,

1894 4142 2131 4213 septimo
2161 4151 2343 4199 autem
2377 4144 2652 4217 requievit
2681 4146 2837 4217 (Gen.
2862 4162 2922 4213 ιι,
2956 4144 3047 4215 2):
3082 4152 3137 4200 et
3165 4143 3373 4200 idcirco
3398 4161 3491 4200 vo-

1893 4231 2041 4287 cavit
2070 4230 2215 4287 diem
2260 4233 2553 4304 septimum
2605 4235 2914 4303 sabbatum,
2963 4235 3022 4291 id
3064 4242 3169 4301 est,
3216 4234 3486 4307 requiem.

1895 4319 2026 4387 Quae
2055 4330 2137 4377 est
2163 4330 2347 4377 autem
2385 4323 2602 4394 requies
2644 4331 2853 4393 nostra,
2888 4323 2994 4380 nisi
3027 4324 3281 4380 Christus
3302 4325 3330 4380 ‘l
3370 4324 3489 4380 Non

1894 4409 2349 4468 inconvenienter
2382 4429 2509 4485 ergo
2540 4413 2598 4468 in
2630 4414 2845 4485 septimi
2878 4414 3046 4486 sigilli
3087 4414 3367 4486 apertione
3399 4430 3491 4468 na-

1895 4499 2089 4556 tivitas
2116 4501 2323 4558 Christi
2346 4502 2598 4573 ponitur;
2629 4504 2757 4575 quia
2775 4504 2889 4575 ipse
2909 4511 2987 4558 est
3009 4502 3222 4575 requies
3241 4503 3489 4558 omnium

189 4608 287 4664 per
312 4590 575 4647 thronum
606 4589 727 4658 Dei,
755 4590 855 4663 ipsi
888 4600 1018 4647 sunt
1037 4608 1201 4664 super
1222 4609 1358 4664 quos
1382 4593 1594 4650 habitat
1619 4597 1781 4650 Deus:
1816 4602 1865 4661 D
1896 4598 2209 4645 sanctorum
2241 4608 2486 4659 suorum,
2519 4607 2638 4663 quae
2671 4608 2765 4662 per
2792 4591 3084 4661 septimum
3117 4590 3264 4645 diem
3295 4590 3489 4660 ﬁgura-

190 4681 404 4737 habitat
432 4698 564 4737 vero
607 4697 771 4754 super
807 4687 1025 4736 sanctos
1054 4697 1181 4737 suos
1216 4684 1382 4750 Deus,
1413 4700 1538 4740 cum
1568 4700 1660 4739 eos
1689 4701 1790 4740 suo

191 4771 400 4828 lumine
429 4771 730 4840 illuminat,
763 4771 1069 4828 circumdat
1094 4780 1146 4828 et
1166 4780 1371 4829 tuetur.

265 4861 448 4932 (Vers.
502 4861 614 4933 16.)
661 4860 780 4918 Νοη
819 4860 1068 4927 esurient,
1114 4878 1280 4932 neque
1319 4862 1495 4917 sitient
1532 4865 1783 4934 amplius.

190 4950 329 5009 Cum
352 4951 619 5006 Dominus
648 4950 795 5008 dicat
829 4950 887 5006 in
917 4951 1250 5023 Evangelio:
1289 4976 1307 4999 ι
1338 4952 1488 5009 Beati
1529 4953 1621 5026 qui
1653 4970 1788 5010 esu-

191 5040 345 5097 riunt
365 5050 418 5097 et
439 5040 635 5096 sitiunt
649 5040 922 5112 justitiam
944 5059 957 5105 ;
983 5043 1241 5113 quoniam
1267 5042 1373 5114 ipsi
1392 5043 1786 5099 saturabuntnr

195 5132 408 5203 (Matth.
444 5149 499 5199 v,
522 5131 604 5203 6),
628 5157 646 5179 ι
687 5148 786 5188 cur
812 5131 903 5186 hic
932 5131 1103 5187 sancti
1137 5131 1232 5187 Dei
1263 5148 1544 5205 nunquam
1576 5132 1784 5189 esurire

192 5220 454 5277 dicuntur
472 5219 500 5276 ?
534 5220 637 5277 Sed
672 5220 816 5277 sicut
852 5220 1102 5293 superius
1126 5220 1393 5289 diximus,
1422 5237 1533 5276 non
1551 5220 1618 5277 ad
1647 5221 1783 5277 elec-

193 5318 300 5376 tos,
332 5308 424 5380 qui
452 5308 509 5363 in
540 5308 642 5365 hac
668 5309 783 5365 vita
809 5317 1221 5365 commorantur
1245 5327 1257 5365 :
1286 5309 1380 5366 sed
1408 5309 1477 5366 ad
1507 5310 1706 5382 eosqui
1725 5310 1782 5366 in

191 5398 401 5457 ocelesti
429 5398 770 5456 beatitudine
782 5416 907 5457 cum
928 5401 1041 5457 Deo
1062 5401 1362 5468 exsultant,
1386 5400 1493 5458 hoc
1512 5401 1783 5473 pertinere

271 5522 386 5595 (85)
418 5525 575 5581 Rom.
607 5524 764 5593 edit.,
795 5525 930 5581 sicut
953 5525 1081 5581 dicit
1107 5526 1224 5582 Job.
1269 5524 1373 5582 Sed
1412 5525 1651 5583 auctoris
1695 5526 1784 5582 la-

192 5612 358 5669 psum
372 5611 519 5669 curn
539 5612 666 5651 mss.
698 5612 761 5669 ac
777 5598 908 5654 Gill.
938 5598 1213 5653 malumus
1238 5598 1492 5653 retinere.

270 5665 733 5748 (86.)‘Edit.,‘qui
762 5669 819 5723 in
864 5670 959 5724 hac
994 5670 1105 5724 vita
1136 5676 1264 5748 sunt
1281 5669 1464 5741 positi,
1503 5669 1776 5740 loquitur:

194 5738 288 5812 qui
316 5738 542 5793 videntes
574 5755 585 5793 :
611 5738 807 5795 lacuna
835 5756 966 5798 vero
994 5742 1243 5814 suppleta
1269 5738 1350 5799 est
1375 5758 1445 5798 ex
1466 5738 1594 5799 mss.

1898 4684 2008 4733 tur.
2042 4679 2111 4733 Et
2132 4678 2263 4751 quia
2291 4695 2351 4734 ea
2377 4695 2497 4752 quae
2526 4679 2584 4733 in
2615 4678 2903 4733 nativitate
2933 4677 3138 4735 Christi
3164 4686 3311 4750 gesta
3338 4688 3487 4749 sunt,

1898 4772 2200 4843 spiritalem
2235 4772 2656 4844 intelligentiam
2691 4772 2975 4839 obtinent;
3017 4773 3312 4843 septimum
3341 4772 3488 4843 sigil-

1900 4862 2014 4917 lum
2031 4861 2286 4918 Christus
2304 4862 2537 4933 aperuit,
2554 4877 2679 4916 cum
2698 4876 2760 4915 ea
2780 4877 2899 4933 quae
2922 4877 3017 4932 per
3031 4853 3488 4931 signiﬁcationem

1897 4959 2045 5022 gesta
2088 4957 2238 5018 sunt,
2287 4949 2609 5006 doctoribus
2651 4950 2911 5005 Ecclesia
2942 4965 3040 5020 per
3069 4949 3488 5021 inspirationem

1896 5041 2133 5113 Spiritus
2178 5041 2351 5096 sancti
2401 5041 2792 5097 manifestavit.
2843 5042 3063 5097 Factum
3110 5047 3183 5095 est
3224 5041 3491 5096 silentium

1894 5129 1953 5184 in
1972 5131 2095 5184 creto
2122 5130 2277 5199 quasi
2314 5130 2485 5185 media
2510 5131 2664 5186 hora.
2693 5131 2794 5187 Per
2820 5131 3101 5187 silentium
3134 5147 3242 5203 pax
3272 5147 3390 5203 quae
3419 5128 3489 5185 ab

1894 5220 2198 5277 Octaviano
2220 5220 2489 5291 Augusto,
2505 5219 2725 5277 Christo
2746 5228 3022 5288 nascente,
3054 5236 3149 5292 per
3168 5220 3487 5274 universum

1894 5308 2081 5364 orbem
2136 5308 2279 5365 facta
2335 5316 2437 5377 est,
2496 5308 2833 5381 designatur.
2888 5309 3066 5365 Media
3118 5316 3300 5363 autem
3353 5306 3489 5364 hora

1893 5398 2177 5456 silentium
2218 5399 2425 5456 factum
2474 5406 2574 5468 est,
2624 5397 2754 5472 quia
2797 5414 2905 5471 pax
2951 5414 3112 5471 quam
3154 5397 3400 5454 Ecclesia
3428 5398 3487 5454 in

1966 5525 2082 5597 (87)
2114 5525 2332 5581 Eaedem
2367 5525 2527 5594 edit.,
2557 5526 2682 5596 quia
2725 5525 3041 5592 esurierunt,
3081 5522 3300 5595 jamque
3321 5527 3490 5597 perci-

1876 5613 2010 5669 pere
2053 5597 2219 5652 vitam
2258 5604 2509 5654 (sternam
2546 5602 2894 5662 meruerunt;
2939 5612 3069 5652 mss.
3121 5604 3304 5654 autem
3340 5606 3401 5654 ut
3428 5599 3486 5654 in

1888 5674 2174 5725 contextu.
