3964 6376
495 373 598 434 931

1501 374 1598 431 AD
1635 373 1870 431 OPERA
1903 372 1960 430 S.
2002 370 2335 431 AMBROSII
2372 370 2750 431 APPENDIX.

3703 372 3813 431 932

503 499 666 556 initio
711 496 838 553 fidei
895 498 1039 570 apud
1087 515 1323 572 paganos
1368 497 1584 568 habuit,
1633 515 1805 572 pauco
1849 507 2096 570 tempore
2123 499 2175 558 A
2203 496 2626 570 eleemosynam,
2657 505 2710 554 et
2740 513 2865 556 ecce
2893 496 3047 554 omni
3068 496 3262 554 mundi
3282 505 3414 555 sunt
3451 498 3618 556 vobis
3647 498 3812 571 (Luc.

501 587 738 653 mansit;
789 602 914 642 nam
949 604 980 642 a
1023 587 1238 644 Nerone
1285 588 1612 660 imperatore
1653 590 1960 662 interrupta
1989 597 2092 657 est,

499 686 554 734 et
580 679 743 735 Petro
765 679 1042 752 Pauloque
1075 680 1400 749 interfectis,
1432 681 1689 753 praecepit
1722 697 1914 737 omnes
1937 680 2093 740 Chri-

501 770 712 828 stianos
740 772 1012 845 persequi.

575 886 755 956 (Vers.
788 886 870 956 2.)
920 887 994 941 Et
1037 885 1149 939 vidi
1185 890 1373 956 septem
1418 885 1631 955 angelos
1664 891 1858 940 stantes
1888 887 1942 940 in
1975 903 2094 941 eon-

502 983 676 1048 spectu
707 975 824 1044 Dei,
857 983 903 1029 et
929 976 1066 1029 datm
1090 981 1214 1029 sunt
1241 973 1352 1030 illis
1381 981 1570 1045 septem
1603 975 1754 1030 tuba-3.
1789 974 1936 1030 Ordo
1965 975 2091 1031 isto-

501 1083 624 1122 rum
676 1073 880 1138 septem
931 1065 1246 1136 angelorum
1300 1063 1356 1118 in
1402 1064 1754 1136 sequentibus
1796 1073 1913 1131 est;
1963 1083 2090 1121 nam

499 1157 643 1214 sicut
673 1173 856 1228 praeco
885 1161 1012 1210 ante
1040 1169 1218 1226 regem
1250 1162 1343 1208 aut
1371 1153 1672 1226 principem
1709 1153 1966 1224 mittitur,
1995 1155 2089 1226 qui

499 1247 617 1320 ejus
637 1248 934 1303 adventum
957 1245 1249 1302 annuntiet
1274 1263 1287 1311 ;
1311 1243 1388 1299 ita
1407 1252 1461 1299 et
1479 1245 1734 1311 Joannes,
1751 1244 1880 1317 quia
1901 1261 2094 1316 magna

499 1348 654 1396 erant
701 1356 822 1412 qua:
866 1353 962 1410 per
987 1337 1208 1408 angelos
1238 1335 1688 1408 designabantur,
1746 1352 1934 1392 eorum
1984 1353 2092 1392 me-

499 1430 731 1487 moriam
762 1429 938 1485 facere
958 1427 1155 1496 voluit,
1177 1433 1469 1500 antequam
1499 1425 1567 1481 ad
1592 1441 1780 1482 eorum
1813 1426 2096 1483 narratio-

499 1537 625 1578 nem
650 1521 880 1578 veniret.

575 1640 757 1712 (Vers.
794 1638 874 1708 3.)
909 1639 984 1694 Et
1025 1637 1170 1692 alius
1219 1638 1439 1708 angelus
1477 1636 1636 1702 venit,
1695 1643 1744 1691 et
1791 1636 1929 1692 stetit
1976 1644 2097 1693 ante

499 1731 696 1794 altare,
744 1728 934 1783 habens
973 1727 1300 1782 thuribulum
1340 1743 1561 1782 aureum
1590 1727 1647 1782 in
1673 1744 1835 1782 manu
1864 1745 1963 1782 sua
1985 1745 2005 1792 ;
2049 1732 2098 1782 et

503 1819 632 1874 data
659 1823 783 1872 sunt
812 1818 858 1872 ei
890 1816 1006 1889 (88)
1049 1817 1255 1872 incensa
1295 1817 1486 1885 multa,
1534 1822 1594 1871 ut
1621 1817 1772 1872 daret
1797 1817 1860 1872 de
1886 1817 2098 1872 oratio-

501 1909 658 1964 nibus
686 1912 988 1962 sanctorum
1018 1906 1251 1961 omnium
1284 1923 1443 1977 super
1469 1907 1642 1962 altare
1686 1923 1907 1962 aureum
1952 1906 2094 1978 quod

501 2003 575 2053 est
601 2003 722 2053 ante
752 1996 1054 2052 Dominum.
1084 1995 1190 2051 Iste
1217 1995 1444 2066 angelus
1475 1994 1753 2051 Christum
1779 1995 2088 2066 signiﬁcat;

503 2086 657 2143 venit
683 2095 890 2150 autem,
938 2084 1068 2157 quia
1096 2100 1194 2156 per
1229 2083 1628 2140 incarnationis
1673 2084 2000 2154 mysterium
2033 2084 2092 2139 in

500 2174 710 2232 mundo
738 2173 1027 2246 apparuit;
1080 2188 1175 2243 per
1203 2173 1374 2228 altare
1403 2179 1584 2226 autem
1632 2187 1858 2226 aureum
1903 2172 2092 2228 Eccle-

499 2265 580 2323 sia
634 2262 970 2334 designatur.
1021 2259 1127 2326 Qui
1181 2266 1308 2314 ante
1360 2260 1531 2314 altare
1580 2259 1795 2314 stetisse
1846 2257 2087 2326 dicitur;

491 2353 709 2427 jacebat
763 2365 1000 2422 namque
1047 2348 1300 2406 Christus
1347 2347 1407 2403 in
1463 2347 1783 2431 incredulis,
1841 2348 1936 2421 qui
1965 2363 2089 2403 eum

498 2457 700 2516 purum
728 2439 1010 2496 hominem
1041 2436 1420 2494 aestimabant:
1453 2435 1628 2493 stabat
1649 2454 1784 2493 vero
1807 2454 1930 2494 cum
1962 2436 2091 2493 ﬁde-

501 2530 666 2598 libus,
707 2529 799 2603 qui
833 2545 957 2584 eum
988 2529 1164 2584 Deum
1213 2543 1403 2582 verum
1456 2543 1571 2582 esse
1609 2527 1920 2583 credebant.
1951 2529 2094 2584 Ante

499 2623 669 2679 altare
696 2637 822 2692 ergo
865 2619 1037 2687 stetit,
1085 2617 1215 2690 quia
1243 2616 1504 2689 apostolis
1537 2624 1593 2672 et
1621 2615 1832 2673 caeteris
1859 2616 2097 2672 creden-

499 2711 669 2780 tibus,
692 2727 761 2767 ex
790 2708 992 2782 quibus
1015 2707 1261 2763 Ecclesia
1289 2713 1422 2762 tunc
1450 2705 1754 2772 constabat,
1775 2705 1923 2778 quod
1951 2706 2096 2760 Deus

500 2809 660 2869 esset,
694 2797 1087 2854 manifestavit.
1139 2796 1240 2852 Per
1288 2793 1640 2850 thuribulum
1684 2811 1816 2850 vero
1860 2794 2006 2867 quod
2036 2793 2092 2849 in

503 2908 670 2950 manu
715 2889 954 2958 tenebat,
1005 2889 1170 2946 corda
1219 2891 1616 2963 apostolorum,
1666 2897 2096 2962 caaterorumque

503 2980 751 3036 ﬁdelium
787 2979 1254 3034 demonstrantur.
1297 2977 1454 3044 Quod
1489 2993 1717 3032 aureum
1747 2976 1915 3032 fuisse
1957 2976 2092 3032 dici-

502 3077 612 3134 tur,
643 3065 774 3137 quia
799 3065 965 3120 corda
993 3064 1390 3134 discipulorum
1443 3080 1540 3135 per
1576 3064 1740 3118 ﬁdem
1786 3064 2090 3135 purificata,

501 3165 555 3213 et
589 3172 684 3228 per
712 3153 1034 3225 sapientiam
1083 3170 1244 3226 quam
1275 3169 1306 3208 a
1336 3152 1554 3210 Christo
1581 3151 1906 3220 didicerant,
1939 3161 2092 3208 erant

501 3224 942 3312 inaurata.OQuod
962 3224 1310 3298 thuribulum
1333 3243 1391 3298 in
1416 3259 1580 3298 manu
1602 3242 1845 3298 tenuisse
1865 3242 2092 3312 dicitur,
2125 3224 2170 3283 (Ϊι

497 3333 627 3408 quia
665 3331 832 3390 corda
861 3331 1236 3404 apostolorum
1285 3331 1342 3385 in
1391 3347 1558 3386 manu
1607 3329 1706 3386 Dei
1740 3337 1915 3399 erant,
1951 3330 2095 3386 sicut

500 3420 637 3480 dicit
655 3421 912 3479 Salomon
938 3439 949 3477 :
989 3447 1006 3468 ι
1026 3419 1131 3477 Cor
1163 3417 1302 3490 regis
1331 3419 1388 3474 in
1417 3435 1583 3474 manu
1611 3417 1732 3487 Dei,
1769 3435 2096 3492 quocunque

501 3513 740 3570 voluerit
767 3509 1057 3567 inclinabit
1087 3509 1228 3565 illud
1265 3509 1455 3581 (Prov.
1485 3523 1605 3575 XXI,
1645 3509 1721 3579 1).
1756 3533 1773 3557 ι
1816 3507 2097 3582 Numquid

500 3619 596 3660 cor
652 3602 811 3656 istius
865 3599 1176 3655 Salomonis
1221 3597 1277 3654 in
1331 3614 1498 3653 manu
1540 3597 1640 3654 Dei
1685 3605 1820 3666 erat,
1875 3598 2094 3672 quando

502 3693 653 3749 idola
678 3690 990 3746 adorabat?
1019 3690 1298 3764 Numquid
1328 3708 1423 3747 cor
1450 3689 1712 3746 Antiochi
1741 3699 1836 3747 aut
1865 3689 2096 3746 Herodis

501 3781 560 3836 in
591 3794 757 3834 manu
801 3779 900 3835 Dei
951 3779 1112 3835 erat?
1157 3778 1436 3852 Numquid
1472 3779 1637 3836 corda
1667 3796 1852 3852 regum
1883 3789 2099 3836 sanctos

503 3869 601 3926 Dei
632 3869 1074 3943 persequentium
1124 3869 1182 3925 in
1221 3887 1388 3945 manu
1427 3869 1525 3924 Dei
1585 3870 1792 3926 erant?
1834 3871 1895 3925 In
1933 3886 2098 3926 manu

505 3960 713 4018 diaboli
743 3969 919 4029 erant,
973 3959 1068 4033 qui
1093 3959 1162 4015 ad
1191 3975 1531 4032 quascunque
1561 3961 1788 4016 volebat
1831 3959 2096 4029 facinora,

500 4067 567 4108 ea
595 4051 944 4108 inclinabat:
984 4051 1149 4108 corda
1198 4068 1328 4106 vero
1375 4067 1563 4122 regum
1597 4051 1996 4123 spiritualium,
2042 4050 2100 4106 id

505 4148 606 4208 est,
639 4149 950 4196 sanctorum
980 4139 1038 4194 in
1069 4155 1235 4194 manu
1263 4139 1364 4194 Dei
1389 4148 1551 4206 sunt;
1604 4148 1658 4195 et
1687 4138 1813 4195 ideo
1843 4155 2102 4212 quocun-

505 4245 610 4302 que
638 4228 897 4295 voluerit,
927 4227 1218 4284 inclinabit
1244 4244 1326 4284 ea.

585 4350 729 4408 535
759 4345 780 4366 “
811 4343 1100 4417 Sequitur:
1133 4345 1206 4399 Et
1225 4343 1350 4398 data
1372 4347 1495 4398 sunt
1512 4342 1560 4399 ei
1577 4344 1790 4400 incensa
1803 4347 1992 4402 multa.
2015 4347 2100 4402 In-

504 4459 663 4501 censa
677 4443 850 4498 multa
864 4452 1130 4515 prmoepta
1147 4451 1275 4499 sunt
1294 4441 1610 4515 Evangelii;
1635 4443 1855 4500 incensa
1874 4444 2022 4500 enim
2043 4444 2100 4501 in

506 4532 794 4589 thuribulo
817 4542 1196 4604 ponuntur,ut
1215 4533 1394 4590 calore
1425 4534 1566 4605 ignis
1595 4543 1837 4606 accepto,
1861 4536 2099 4607 fragran-

2202 601 2284 653 xr,
2315 585 2431 658 42).
2461 611 2479 634 ι
2513 587 2584 642 Et
2605 585 2664 641 in
2694 587 2802 642 alio
2831 587 2952 643 loco
2981 585 3245 659 scriptum
3275 595 3358 643 est
3388 607 3400 645 :
3439 612 3458 636 ι
3487 588 3652 644 Sicut
3668 605 3817 661 aqua

2203 674 2510 746 exstinguit
2541 676 2742 748 ignem,
2777 676 2852 731 ita
2881 676 3228 748 eleemosyna
3257 676 3571 749 exstinguit
3602 693 3817 750 pecca—

2204 771 2320 820 tum
2357 765 2552 836 (Eccli.
2588 783 2669 832 m,
2702 764 2817 835 33).
2850 789 2868 813 ι
2910 765 3081 821 Orant
3110 765 3276 822 etiam
3309 766 3652 824 dimittendo
3689 783 3816 839 pro-

2203 854 2398 923 ximis,
2432 873 2551 928 qua:
2581 856 2639 911 in
2666 856 2745 912 eis
2771 856 3144 930 deliquerunt,
3181 855 3330 913 sicut
3357 857 3638 913 Dominus
3675 855 3820 912 dicit

2201 944 2257 999 in
2298 944 2642 1016 Evangelio:
2691 969 2709 992 ι
2743 945 2798 1000 Si
2847 945 3168 1003 remiseritis
3213 945 3534 1002 hominibus
3579 954 3818 1018 peccata

2199 1053 2413 1106 eorum,
2444 1046 2496 1093 et
2519 1037 2680 1094 Pater
2708 1046 2889 1094 vester
2915 1039 3152 1096 caelestis
3188 1039 3431 1096 dimittet
3475 1037 3644 1095 vobis
3690 1057 3818 1112 pec-

2197 1135 2319 1195 cata
2362 1135 2544 1182 vestra
2575 1129 2786 1198 (Matth.
2819 1146 2896 1197 vr,
2931 1128 3042 1198 l5).
3080 1153 3097 1176 ι
3141 1129 3314 1184 Orant
3358 1129 3745 1186 nihilominus
3765 1137 3820 1185 et

2203 1224 2472 1288 praecepta
2513 1217 2796 1274 charitatis
2824 1218 3116 1286 servando,
3172 1219 3645 1292 quemadmodum
3680 1220 3818 1276 scri-

2203 1314 2358 1378 ptum
2387 1317 2488 1375 est,
2545 1307 2677 1380 quia
2741 1308 2998 1364 universa
3072 1309 3275 1365 delicta
3329 1310 3507 1382 operit
3557 1309 3819 1367 charitas

2206 1398 2408 1468 (Iacob.
2441 1415 2497 1466 v,
2531 1397 2647 1470 20).
2679 1399 2776 1455 Ille
2807 1399 2974 1472 igitur
3002 1399 3298 1458 salubriter
3325 1409 3444 1458 orat
3469 1403 3680 1470 Deum,
3718 1401 3818 1474 qui

2202 1494 2382 1542 servat
2421 1487 2677 1544 mandata
2705 1489 2842 1550 Dei;
2877 1489 3030 1556 nihil,
3046 1491 3196 1546 enim
3241 1491 3462 1563 prodest
3505 1492 3679 1548 nobis
3707 1492 3818 1549 cle-

2203 1577 2465 1632 mentiam
2504 1579 2603 1634 Dei
2636 1578 2820 1636 verbis
2848 1578 3162 1652 implorare,
3195 1589 3249 1636 et
3277 1581 3534 1654 operibus
3557 1581 3814 1637 irritare.

2203 1669 2376 1738 Super
2404 1667 2573 1724 altare
2603 1684 2731 1740 ergo
2759 1685 2986 1724 aureum
3016 1669 3083 1725 de
3110 1669 3452 1726 orationibus
3479 1677 3813 1726 sanctorum

2203 1755 2355 1813 dedit
2383 1758 2548 1826 Deus,
2580 1758 2799 1831 quando
2830 1775 2994 1831 super
3021 1759 3188 1816 corda
3215 1759 3557 1816 credentium
3608 1759 3812 1826 fidem,

2125 1867 2170 1926 Β
2201 1845 2506 1902 doctrinam
2586 1855 2846 1921 actusque
2912 1849 3304 1920 apostolorum,
3364 1857 3818 1921 cauterorumque

2201 1934 2621 2006 prmdicatorum
2653 1936 2867 2008 posuit;
2918 1945 2981 1993 ut
3027 1935 3294 1994 haberent
3321 1938 3469 1996 unde
3501 1937 3816 1995 erudiren-

2201 2029 2294 2078 tur
2312 2033 2365 2080 et
2391 2023 2524 2097 quid
2551 2024 2922 2082 imitarentur.

2275 2112 2437 2181 (Vers
2463 2113 2543 2186 4.)
2575 2113 2730 2170 Unde
2758 2124 2812 2172 et
2832 2115 3096 2190 sequitur.
3120 2117 3194 2173 Et
3209 2116 3440 2173 ascendit
3463 2115 3654 2188 fumus
3673 2133 3813 2174 ara-

2200 2207 2401 2256 malum
2429 2201 2491 2256 de
2528 2203 2858 2258 orationibus
2885 2212 3208 2274 sanctorum,
3239 2207 3302 2262 de
3344 2224 3510 2263 manu
3535 2207 3730 2279 angeli
3761 2206 3817 2260 in

2197 2295 2469 2359 conspectu
2515 2291 2631 2346 Dei.
2671 2291 2773 2346 Per
2823 2293 3037 2348 fumum
3087 2305 3395 2352 aromatum
3453 2312 3564 2352 non
3616 2297 3812 2352 solum

2202 2379 2474 2434 orationes
2501 2377 2770 2447 ﬁdelium,
2803 2380 2897 2436 sed
2927 2390 2982 2436 et
3013 2382 3310 2453 fragrantia
3339 2386 3616 2442 bonorum
3663 2402 3816 2458 ope—

2202 2480 2322 2520 rum
2355 2463 2691 2538 designatur,
2723 2483 2843 2539 quae
2885 2468 2954 2524 ab
2999 2469 3246 2524 Ecclesia
3293 2471 3682 2528 indesinenter
3715 2489 3818 2528 as—

2202 2556 2389 2614 cendit
2408 2558 2464 2614 in
2497 2570 2792 2631 conspectu
2820 2561 2941 2618 Dei.
2975 2561 3079 2630 Qui
3111 2561 3298 2619 fumus
3325 2563 3392 2620 de
3414 2581 3580 2620 manu
3611 2566 3818 2640 angeli

2203 2645 2565 2703 conscendere
2611 2647 2816 2704 dicitur
2860 2667 2872 2705 :
2931 2649 3060 2722 quia
3111 2649 3380 2724 quidquid
3421 2651 3551 2707 boni
3601 2651 3818 2710 ﬁdeles

2205 2735 2434 2804 faciunt,
2467 2745 2729 2808 operante
2750 2739 2862 2794 Deo
2884 2739 3111 2807 faciunt,
3125 2739 3267 2795 sicut
3286 2738 3424 2796 dicit
3447 2740 3592 2813 ipse:
3637 2768 3659 2790 ι
3675 2743 3816 2799 Sine

2206 2845 2292 2885 me
2319 2827 2461 2884 nihil
2485 2829 2708 2901 potestis
2738 2830 2914 2888 facere
2944 2831 3108 2903 (Joan
3159 2847 3258 2901 xv,
3287 2832 3368 2904 5).
3415 2856 3434 2880 ι

2279 2919 2461 2989 (Vers.
2493 2919 2576 2990 5.)
2624 2922 2702 2976 Et
2743 2921 2938 2992 accepit
2985 2922 3198 2992 angelus
3249 2922 3598 2990 thuribulum,
3633 2924 3690 2979 el
3713 2923 3810 2978 im-

2196 3009 2361 3079 plevit
2391 3009 2530 3064 illud
2557 3010 2618 3064 de
2653 3009 2770 3080 igne
2809 3011 3022 3078 altaris,
3067 3017 3116 3066 et
3167 3009 3311 3066 misit
3361 3011 3417 3065 in
3473 3018 3700 3068 terram.
3735 3013 3810 3068 Et

2200 3095 2346 3168 facta
2373 3105 2496 3153 sunt
2520 3097 2764 3170 fulgura,
2811 3117 2974 3169 voces,
3021 3107 3068 3154 et
3099 3100 3354 3169 tonitrua,
3401 3107 3447 3155 et
3493 3107 3650 3157 terra:
3677 3119 3806 3156 mo-

2203 3193 2285 3241 tus
2315 3186 2454 3258 (89).
2491 3188 2592 3243 Per
2622 3187 2800 3260 ignem
2861 3189 3100 3261 Spiritus
3145 3195 3370 3246 sanctus
3426 3188 3754 3262 designatur
3788 3207 3800 3244 :

2203 3277 2426 3347 angelus
2447 3275 2650 3349 itaque,
2683 3275 2737 3332 id
2764 3286 2866 3345 est,
2904 3277 3156 3335 Christus
3183 3277 3556 3347 thuribulum,
3589 3279 3650 3334 id
3696 3286 3799 3346 est,

2203 3364 2369 3421 corda
2397 3363 2815 3436 discipulorum,
2847 3366 2914 3422 de
2946 3367 3070 3438 igne
3099 3367 3306 3435 altaris,
3341 3367 3396 3423 id
3425 3375 3524 3434 est,
3566 3367 3636 3422 de
3682 3367 3801 3439 Spi-

2203 3453 2317 3509 ritu
2345 3461 2531 3510 sancto
2557 3455 2808 3526 implevit
2829 3473 2842 3522 ;
2862 3455 3080 3528 quando
3104 3464 3222 3528 post
3241 3456 3612 3513 ascensionem
3642 3473 3796 3514 suau;

2205 3542 2264 3598 in
2293 3543 2512 3612 coelum,
2539 3543 2755 3599 decimo
2775 3543 2864 3600 die
2893 3545 3104 3616 Spiritu
3130 3553 3320 3602 sancto
3344 3545 3510 3602 misso
3535 3545 3604 3602 de
3635 3545 3794 3613 caelo,

2205 3631 2370 3688 corda
2399 3631 2797 3704 discipulorum
2827 3633 3105 3706 implevit,
3133 3652 3196 3692 ac
3227 3635 3514 3692 scientiam
3544 3635 3793 3691 omnium

2205 3721 2517 3794 linguarum
2547 3722 2719 3779 dedit.
2753 3724 2825 3780 Et
2853 3724 2899 3778 si
2937 3741 3033 3796 per
3061 3725 3230 3781 altare
3259 3725 3504 3782 Ecclesia
3532 3723 3796 3796 designa—

2206 3817 2318 3880 tur,
2361 3828 2460 3868 cur
2488 3811 2724 3884 Spiritus
2754 3820 2976 3870 sanctus
3004 3821 3294 3886 antequam
3351 3813 3592 3882 daretur,
3655 3813 3794 3886 ignis

2206 3900 2393 3956 altaris
2456 3917 2572 3956 esse
2625 3900 2847 3969 dicitus,
2904 3903 3048 3958 sicut
3093 3901 3238 3958 idem
3295 3903 3530 3958 Joannes
3585 3902 3727 3958 dicit
3778 3918 3789 3956 :

2218 4013 2237 4036 ι
2277 3989 2531 4045 Nondum
2565 3999 2680 4046 erat
2707 3990 2946 4062 Spiritus
2973 3991 3135 4048 datus
3167 4011 3180 4060 ;
3205 3991 3335 4064 quia
3362 3993 3515 4048 Jesus
3545 3991 3790 4048 nondum

2205 4079 2382 4136 fuerat
2414 4081 2749 4152 gloriﬁcatus
2783 4083 2964 4152 (Joan.
3013 4099 3114 4152 vn,
3164 4082 3256 4154 29)
3280 4083 3308 4139 ?
3344 4108 3363 4132 ι
3419 4082 3524 4138 Sed
3558 4083 3793 4155 Spiritus

2205 4178 2424 4224 sanctus
2450 4177 2740 4242 antequam
2770 4170 3012 4240 daretur,
3067 4171 3210 4244 ignis
3239 4173 3426 4228 altaris
3456 4180 3572 4228 erat
3603 4190 3617 4240 ;
3672 4171 3792 4246 quia

2207 4273 2303 4330 per
2331 4259 2674 4315 remissionis
2703 4261 2932 4329 gratiam
2957 4259 3070 4332 jam
3093 4278 3218 4318 eum
3249 4262 3508 4319 Ecclesize
3555 4261 3788 4334 posside-

2207 4347 2318 4404 bat.
2351 4349 2488 4404 Nam
2520 4349 2790 4407 Dominus
2819 4359 2943 4408 ante
2989 4351 3295 4424 passionem
3330 4369 3483 4409 suam
3539 4353 3790 4426 promisnt

2206 4454 2264 4494 se
2295 4438 2560 4510 Spiritum
2611 4449 2861 4497 sanctum
2912 4441 3166 4498 daturum
3217 4442 3505 4515 discipulis
3548 4443 3710 4510 suis;
3742 4448 3789 4496 et

2208 4529 2354 4586 idem
2385 4531 2618 4587 Joannes
2647 4548 2773 4588 cum
2805 4531 2972 4588 verba
2997 4532 3215 4604 Caiphae
3245 4533 3512 4604 posuisset
3537 4531 3784 4589 dicentis:

508 4622 639 4678 tiam
672 4622 858 4679 odoris
885 4621 968 4678 sui
999 4621 1424 4696 circumquaque
1453 4633 1746 4696 spargant:
1771 4625 2028 4682 similiter
2047 4636 2101 4683 et
2129 4587 2177 4646 Β
2220 4643 2238 4665 ι
2268 4619 2508 4690 ΕΧΡθάίῑ
2536 4620 2716 4689 VObiS,
2758 4629 2820 4676 ιιι
2867 4638 3013 4678 unus
3053 4621 3323 4677 ῐηοτίεῑω·
3368 4621 3534 4678 homo
3563 4639 3666 4694 ῐπο
3692 4637 3787 4696 PO‘

506 4710 760 4768 Christus
789 4710 1096 4766 doctrinam
1127 4709 1413 4782 Evangelii
1438 4710 1493 4766 in
1515 4711 1772 4768 cordibus
1801 4712 2096 4786 discipulo-

506 4816 629 4855 rum
658 4815 881 4856 suorum
917 4800 1120 4872 posuit,
1170 4800 1264 4873 qui
1318 4799 1443 4872 igne
1492 4799 1780 4857 charitatis
1825 4803 2095 4872 succensi,

509 4888 729 4945 odorem
763 4889 892 4945 ﬁdei
921 4907 1033 4945 suae
1064 4907 1158 4962 per
1177 4907 1366 4946 omnes
1387 4899 1572 4962 gentes
1596 4900 1928 4962 sparserunt.
1946 4891 2098 4948 Unde

507 4988 561 5036 et
587 4982 834 5054 sequitur
867 4999 878 5037 :
927 4982 990 5038 Ut
1017 4981 1166 5036 daret
1195 4982 1256 5036 de
1291 4982 1618 5036 orationibus
1663 4988 1964 5036 sanctorum
1993 5000 2098 5037 om-

505 5069 654 5124 nium
711 5085 870 5140 super
915 5070 1088 5124 altare
1134 5086 1357 5124 aureum
1407 5071 1547 5140 quod
1599 5076 1673 5125 est
1727 5071 1783 5125 in
1831 5078 2096 5142 conspectu

507 5157 624 5214 Dei.
659 5157 866 5213 Genera
898 5157 1207 5213 orationum
1255 5159 1410 5230 plura
1447 5167 1612 5226 sunt;
1659 5168 1818 5216 orant
1863 5175 2098 5232 namque

507 5247 696 5305 ﬁdeles
747 5248 950 5316 verbis,
999 5248 1174 5303 Deum
1221 5245 1591 5318 deprecantes,
1639 5257 1702 5305 ut
1747 5249 2100 5306 dimittantur

506 5337 586 5394 eis
624 5337 812 5394 omnia
863 5344 1081 5409 peccata
1135 5351 1369 5394 eorum:
1427 5345 1586 5394 orant
1631 5347 1685 5394 et
1727 5341 2098 5412 eleemosynas

508 5422 812 5499 largiendo,
833 5425 978 5484 sicut
1005 5424 1142 5483 dicit
1173 5423 1442 5483 Dominus
1470 5426 1529 5482 in
1557 5427 1890 5500 Evangelio:
1922 5453 1941 5475 ι
1961 5429 2097 5484 Date

581 5643 698 5718 (88)
740 5645 896 5704 Rom.
944 5645 1079 5704 edit.
1126 5655 1480 5718 resecaverat,
1527 5652 1575 5705 et
1619 5646 1746 5706 data
1782 5657 1905 5708 sunt
1931 5650 2094 5710 ei.....

508 5723 628 5770 ante
652 5717 935 5773 Dominum
969 5736 980 5774 :
1022 5720 1110 5775 vel
1141 5727 1202 5774 ut
1233 5720 1388 5788 Gill.,
1415 5727 1536 5777 ante
1564 5721 1826 5778 thronum.

2207 4709 2358 4780 pulo,
2385 4717 2439 4764 et
2472 4727 2582 4765 non
2625 4718 2741 4767 tota
2797 4727 2926 4782 gens
2959 4718 3140 4782 pereat
3171 4712 3351 4783 (Joan.
3383 4729 3461 4780 XI,
3506 4711 3624 4782 50),
3660 4738 3679 4761 ι
3715 4711 3785 4766 ἰη-

2207 4798 2336 4854 tulit
2363 4797 2596 4855 dicens:
2644 4823 2662 4845 ι
2703 4796 2818 4856 Hoc
2849 4809 3031 4856 autem
3079 4817 3110 4855 a
3155 4801 3448 4874 semetipso
3487 4817 3596 4857 non
3627 4798 3783 4866 dixit,

2206 4887 2297 4944 sed
2328 4904 2452 4944 cum
2477 4895 2616 4944 esset
2644 4889 2894 4960 pontifex
2919 4888 3047 4944 anni
3090 4887 3260 4958 illius,
3293 4889 3645 4962 prophetavit
3672 4889 3785 4963 quia

2204 4977 2361 5032 Jesus
2391 4978 2692 5032 moriturus
2719 4983 2830 5032 erat
2871 4993 2969 5049 pro
2999 4987 3156 5050 gente
3184 4997 3197 5046 ;
3229 4988 3282 5036 et
3309 4995 3420 5035 non
3449 4986 3668 5034 tantum
3699 4990 3782 5048 pro

2207 5075 2385 5139 gente,
2409 5067 2502 5124 sed
2524 5067 2746 5124 utﬁlios
2771 5069 2868 5124 Dei
2893 5071 2986 5142 qui
3003 5069 3232 5142 dispersi
3252 5077 3427 5138 erant,
3444 5073 3782 5142 congregaret

2207 5157 2266 5213 in
2293 5173 2465 5212 unum
2485 5157 2646 5224 (Ibid.
2669 5158 2758 5226 51,
2781 5159 2921 5230 52).»
2947 5159 3225 5232 Numquid
3249 5157 3288 5214 ii
3309 5158 3404 5231 qui
3432 5159 3489 5214 in
3513 5157 3778 5215 Christum

2205 5245 2469 5303 credituri
2483 5255 2659 5316 erant,
2680 5247 2772 5320 qui
2797 5263 2890 5319 per
2911 5249 3195 5305 universas
3220 5258 3406 5322 gentes
3426 5249 3661 5321 dispersi
3682 5232 3780 5304 ido-

2207 5335 2276 5392 lis
2290 5335 2622 5406 serviebant,
2637 5337 2740 5393 ﬁlii
2769 5339 2867 5393 Dei
2905 5338 3108 5395 erant?
3136 5338 3308 5394 Erant
3331 5339 3517 5412 itaque
3542 5338 3660 5412 jam
3689 5335 3777 5393 ﬁlii

2205 5423 2304 5482 Dei
2346 5441 2443 5498 per
2478 5425 3047 5499 praadestinationem;
3073 5429 3234 5502 ~quia
3256 5427 3373 5502 jam
3410 5423 3774 5502 praedestinati

2279 5653 2395 5729 (89)
2419 5657 2491 5713 Et
2509 5653 2654 5728 facta
2674 5663 2910 5716 sunt.....
2933 5663 2982 5714 et
3000 5663 3158 5715 terra:
3175 5664 3369 5729 motus,
3392 5658 3451 5716 in
3476 5656 3637 5716 Rom.
3658 5648 3772 5714 edit.

2204 5726 2325 5786 loco
2353 5726 2677 5786 mota'sunt.
3057 5762 3069 5768 -
