3964 6368
177 360 293 417 933

177 585 303 633 stea
348 576 405 631 in
452 593 647 645 unum,
680 578 900 652 quando
932 595 1029 651 per
1074 578 1259 648 ﬁdem,
1292 598 1453 653 quam
1488 580 1546 636 in
1574 579 1794 653 baptis-

177 674 331 723 mate
377 675 755 738 susceperunt,
812 669 1027 740 corpori
1071 670 1331 726 Ecclesiae
1379 677 1508 725 sunt
1574 669 1788 727 sociati.

177 756 339 813 Misit
362 772 490 827 ergo
516 758 740 829 angelus
766 759 967 830 ignem,
1003 776 1165 832 quem
1201 762 1257 817 in
1290 761 1576 817 thuribulo
1613 778 1789 833 posu-

177 855 322 915 erat,
368 846 427 902 in
476 854 717 915 terram;
773 848 903 921 quia
958 849 1265 905 doctrinam
1314 850 1465 918 fidei,
1521 867 1683 923 quam
1733 850 1793 906 in

175 937 446 993 cordibus
473 938 845 1008 apostolorum
878 947 1146 1009 posuerat,
1191 956 1285 1010 per
1314 939 1614 994 adventum
1658 938 1791 1011 Spi-

177 1024 324 1083 ritus
352 1027 527 1082 sancti
558 1026 617 1080 in
645 1026 903 1082 cordibus
934 1027 1274 1095 Judzeorum,
1325 1029 1418 1100 qui
1465 1044 1560 1099 per
1614 1027 1789 1084 incre-

176 1115 473 1171 dulitatem
512 1124 653 1172 terra
687 1124 862 1184 erant,
896 1133 991 1188 per
1029 1133 1124 1172 ora
1153 1118 1526 1189 apostolorum
1570 1117 1784 1173 eﬂudit.

256 1205 420 1260 Facta
469 1212 591 1259 sunt
633 1204 875 1276 fulgura,
928 1223 1092 1273 voces,
1138 1212 1184 1260 et
1223 1207 1481 1273 tonitrua,
1539 1213 1586 1261 et
1634 1213 1789 1260 terra:

173 1300 376 1349 motus.
406 1293 509 1349 Per
546 1293 763 1365 fulgura
793 1294 1029 1349 virtutes
1069 1310 1188 1367 quae
1233 1311 1329 1366 per
1375 1296 1651 1366 apostolos
1694 1294 1786 1349 tie-

174 1380 338 1448 leant,
398 1399 494 1455 per
545 1400 708 1438 voces
755 1383 1091 1455 praedicatio,
1149 1399 1244 1455 per
1308 1384 1557 1439 tonitrua
1602 1391 1783 1440 autem

174 1472 541 1530 comminatio
568 1474 712 1546 ignis
744 1474 936 1531 aeterni
963 1475 1282 1547 designatur
1315 1495 1326 1532 :
1362 1492 1458 1547 per
1488 1484 1643 1531 terrae
1672 1492 1784 1530 mo-

176 1569 274 1618 tus
304 1580 432 1619 vero
485 1564 902 1621 conversionem
944 1566 1259 1621 Iudaeorum
1308 1582 1597 1638 possumus
1626 1565 1785 1620 intel-

176 1650 349 1723 ligere
378 1670 392 1719 ;
443 1654 696 1709 conversi
741 1662 870 1709 sunt
915 1670 1149 1727 namque
1178 1654 1247 1710 ad
1278 1654 1657 1726 paenitentiam
1692 1669 1787 1724 per

173 1739 628 1811 praedicationem
658 1742 801 1797 beati
836 1742 1000 1810 Petri,
1047 1743 1191 1799 sicut
1221 1742 1360 1798 liber
1387 1746 1628 1798 Actuum
1658 1758 1784 1813 apo-

1070 363 1531 422 BERENGAUDI
1570 363 1951 422 EXPOSITIO
1989 364 2060 422 IN
2098 366 2605 426 APOCALYPSIN.

176 494 344 544 erant
369 487 438 543 ad
464 488 635 544 vitam
665 486 955 545 aeternam.
992 488 1318 563 Congregati
1365 500 1494 548 sunt
1524 508 1654 547 vero
1682 508 1791 563 po-
1818 495 1868 553 A

3392 374 3499 431 934

1974 493 2157 564 (Vers.
2190 493 2271 565 6.)
2300 496 2371 550 Et
2390 501 2578 567 septem
2614 496 2788 567 angeli
2810 504 3139 567 paraverunt
3167 514 3237 566 se,
3272 506 3332 554 ut
3360 500 3498 555 tubis

1900 590 2163 639 canerent.
2197 585 2298 639 Per
2341 584 2483 640 tubae
2526 593 2746 641 cantum
2780 588 2961 648 536"I
2994 586 3309 658 praedicatio
3338 588 3497 644 desi-

1902 687 2135 751 gnatur;
2169 680 2553 752 praedicatores
2582 682 2785 755 quippe
2825 683 3001 739 sancti
3043 684 3109 740 ad
3140 683 3246 741 hoc
3282 701 3496 757 semper

1900 774 2076 839 parati
2105 769 2403 836 exsistunt,
2436 777 2497 824 ut
2518 787 2873 843 quoscunque
2903 782 3148 843 possunt,
3173 789 3268 844 per
3292 773 3495 831 doctri-

1900 872 2025 911 nam
2055 873 2167 912 suae
2198 857 2604 928 pradicationis
2633 861 2745 914 Deo
2770 854 3076 932 acquirunt.

1973 946 2153 1016 (Vers.
2207 948 2285 1019 7.)
2335 950 2408 1003 Et
2450 948 2658 1019 primus
2704 951 2919 1019 angelus
2970 950 3092 1004 tuba
3140 950 3340 1006 cecinit.
3391 952 3493 1007 Per

1898 1034 2139 1106 primum
2186 1037 2459 1108 angelum,
2492 1038 2635 1093 sicut
2665 1036 2780 1108 jam
2814 1037 3081 1106 diximus,
3110 1040 3493 1111 praedicatores

1898 1124 1991 1195 qui
2040 1133 2163 1180 ante
2210 1126 2380 1198 legem
2418 1128 2661 1196 fuerunt,
2703 1127 3074 1200 designantur.
3110 1130 3328 1185 Primus
3366 1145 3493 1203 ergo

1893 1216 2119 1284 angelus
2138 1217 2271 1272 tuba
2298 1218 2518 1286 cecinit,
2552 1221 2680 1291 quia
2701 1220 2873 1275 sancti
2902 1220 3008 1275 viri
3044 1220 3138 1292 qui
3169 1228 3296 1276 ante
3319 1222 3489 1293 legem

1894 1301 2137 1372 fuerunt,
2168 1307 2423 1378 quamvis
2454 1308 2658 1363 nullam
2697 1310 2865 1381 legem
2900 1309 3164 1366 haberent
3194 1310 3301 1365 nisi
3334 1320 3490 1367 natu-

1894 1394 2085 1462 ralem,
2138 1394 2242 1451 hoc
2284 1396 2705 1470 quibuscunque
2756 1408 3026 1470 poterant,
3082 1401 3318 1457 suasisse
3362 1415 3491 1458 cre—

1893 1483 2058 1539 dendi
2088 1494 2216 1541 sunt
2247 1486 2388 1558 (92),
2421 1495 2481 1541 ut
2510 1490 2683 1543 Deum
2713 1496 3012 1545 creatorem
3044 1507 3205 1546 suum
3231 1492 3492 1547 timerent

1894 1579 2056 1644 atque
2084 1572 2397 1645 diligerent,
2429 1585 2482 1631 et
2511 1576 2657 1649 quod
2679 1577 2803 1649 quis
2827 1578 2936 1649 pati
2970 1595 3079 1633 non
3111 1580 3298 1648 vellet,
3330 1580 3490 1636 alteri

1895 1677 2006 1716 non
2048 1662 2268 1719 faceret.
2302 1666 2374 1719 Et
2402 1664 2547 1734 facta
2575 1672 2649 1720 est
2676 1665 2880 1736 grando
2914 1675 2960 1722 et
2989 1668 3142 1738 ignis,
3177 1671 3330 1724 mista
3368 1688 3489 1725 san-

1894 1750 2066 1820 guine,
2093 1757 2139 1804 et
2178 1752 2394 1806 missum
2441 1760 2513 1808 est
2556 1754 2613 1809 in
2651 1761 2866 1811 terram.
2908 1758 2987 1811 Ea
3015 1772 3135 1828 quae
3161 1766 3367 1829 septem
3396 1774 3488 1813 an-

173 1829 448 1883 StOlOl‘um
494 1838 681 1886 nam“
716 1849 727 1886 ε
771 1855 788 1877 ι
818 1830 911 1898 Iis.
944 1830 1147 1904 inquit,
1189 1830 1414 1898 anditiS,
1465 1828 1784 1902 οοηψιιηοιί
1813 1852 1859 1912 Β
1894 1838 2028 1909 gelis
2044 1838 2192 1895 tubis
2210 1841 2537 1898 canentibus
2554 1842 2698 1898 facta
2717 1843 2885 1900 fuisse
2903 1844 3019 1899 visa
3037 1852 3186 1912 sunt,
3206 1828 3264 1900 in
3286 1844 3487 1901 bonam

172 1924 311 1971 sunt
353 1915 537 1982 corde,
584 1925 638 1973 et
680 1918 945 1975 dixerunt
980 1919 1048 1975 ad
1095 1919 1317 1975 Petrum
1351 1926 1405 1975 et
1432 1919 1500 1975 ad
1539 1918 1783 1991 reliquos

171 2005 457 2074 apostolos
490 2025 502 2061 ;
540 2006 663 2062 Viri
696 2006 913 2075 fratres,
959 2007 1094 2080 quid
1144 2007 1407 2063 faciemus
1438 2007 1466 2063 ?
1496 2007 1781 2063 Ostendite

174 2094 343 2150 nobis
374 2096 516 2167 (Act.
556 2113 617 2165 ιι,
664 2097 779 2171 37).
826 2123 845 2146 ι
904 2099 977 2153 Et
1024 2098 1082 2153 in
1116 2098 1473 2172 sequentibus
1512 2098 1776 2170 scriptum

172 2189 283 2251 est,
317 2182 447 2256 quia
474 2183 544 2239 ad
569 2184 712 2241 hanc
754 2186 988 2258 primam
1019 2186 1165 2241 Petri
1196 2186 1638 2259 praedicationem
1666 2203 1779 2243 cre-

172 2270 441 2328 diderunt
472 2289 540 2328 ex
572 2273 684 2329 illis
712 2274 817 2329 tria
848 2274 1042 2342 millia,
1072 2283 1258 2346 postea
1290 2292 1424 2331 vero
1462 2275 1775 2332 innumera-

171 2357 337 2415 biles.
374 2361 531 2417 Hunc
562 2360 767 2433 ignem,
801 2362 858 2418 id
883 2370 982 2430 est,
1014 2362 1282 2434 Spiritum
1313 2371 1585 2432 sanctum,
1617 2380 1781 2435 super

174 2464 281 2503 nos
327 2449 424 2522 qui
473 2457 616 2505 terra
659 2467 868 2519 sumus,
912 2450 1290 2507 misericordia
1336 2453 1557 2508 Domini
1603 2451 1779 2508 nostri

170 2537 305 2593 Jesu
351 2538 560 2596 Christi
602 2540 883 2596 eﬂ‘undere
921 2540 1199 2614 dignetur,
1247 2549 1309 2597 ut
1359 2558 1429 2597 ex
1465 2542 1778 2599 carnalibus

170 2627 452 2700 spiritales
497 2629 816 2699 eﬂicianiur,
857 2630 953 2703 qui
984 2631 1127 2686 vivit
1168 2640 1222 2688 et
1261 2641 1450 2704 regnat
1480 2632 1537 2687 in
1581 2633 1780 2690 saecula

170 2716 528 2786 saeculorum,
567 2734 727 2774 amen
764 2716 904 2791 (90).

604 2816 697 2870 DE
732 2817 1014 2873 VISIONE
1042 2817 1350 2885 QUARTA.

252 2909 440 2966 Gratia
472 2912 702 2968 Domini
746 2912 919 2968 nostri
970 2914 1096 2970 Jesu
1141 2914 1345 2972 Christi
1390 2914 1674 2986 largiente,
1710 2913 1777 2969 de

168 2999 558 3073 apertionibus
585 3009 790 3073 septem
820 3001 1128 3075 sigillorum
1152 3020 1321 3076 pauca
1339 3003 1605 3070 diximus,
1631 3017 1778 3059 nunc

169 3090 245 3146 de
270 3098 435 3145 cantu
466 3090 722 3146 tubarum
775 3099 978 3163 septem
1010 3094 1350 3165 angelorum,
1384 3091 1478 3165 qui
1508 3091 1776 3163 sequitur,

1890 1935 2120 1999 partem,
2153 1929 2295 1985 sicut
2330 1929 2468 1985 mihi
2515 1930 2753 2000 videtur,
2785 1933 3103 2005 accipienda
3139 1942 3267 1990 sunt
3301 1952 3313 1989 :
3345 1933 3491 1990 sicut

1890 2034 1920 2074 θ
1965 2020 2247 2076 contrario
2304 2021 2499 2077 effusio
2539 2023 2850 2095 phialarum
2900 2032 3105 2097 septem
3145 2024 3487 2097 angelorum,

1888 2126 2009 2183 quae
2038 2111 2306 2183 sequitur,
2349 2113 2407 2167 in
2437 2114 2656 2169 malam.
2687 2114 2789 2169 Per
2818 2114 3135 2185 grandinem
3170 2112 3339 2184 igitur
3368 2130 3490 2186 quae

1887 2199 2148 2270 percutit,
2188 2200 2353 2256 verba
2381 2208 2697 2257 sanctorum
2730 2201 2996 2271 virorum,
3025 2219 3145 2275 quae
3175 2201 3342 2258 corda
3371 2219 3489 2274 pra-

1886 2304 2083 2344 vorum
2115 2289 2408 2346 hominum
2452 2290 2730 2363 arguendo
2759 2289 3159 2362 percutiebant,
3194 2291 3486 2363 designan-

1885 2384 1997 2433 tur.
2033 2376 2163 2452 Quap
2213 2378 2394 2451 ignem
2426 2387 2480 2435 et
2517 2380 2837 2452 sanguinem
2873 2381 3198 2452 permistum
3232 2380 3489 2438 habuisse

1885 2445 2262 2523 describitur:
2290 2485 2384 2540 per
2414 2469 2596 2539 ignem
2619 2445 3111 2540 ‘Spiritus-sanctus
3142 2469 3484 2541 designatur,

1886 2556 1981 2627 qui
2011 2554 2069 2610 in
2115 2558 2320 2612 sanctis
2366 2557 2682 2614 inhabitans
2728 2558 2862 2626 suis,
2905 2558 3159 2613 minister
3187 2559 3483 2613 verborum

1886 2658 2075 2699 eorum
2103 2646 2317 2701 exstitit
2342 2664 2353 2701 :
2385 2662 2480 2716 per
2508 2645 2830 2719 sanguinem
2861 2663 2993 2702 vero
3022 2645 3275 2703 Christus
3305 2646 3484 2702 intel-

1885 2732 2094 2804 ligitur,
2131 2733 2225 2806 qui
2254 2741 2308 2789 et
2339 2750 2371 2788 a
2398 2734 2652 2789 Patribus
2679 2750 2821 2807 saepe
2850 2733 3147 2807 praedictus
3174 2741 3279 2803 est,
3312 2743 3367 2791 et
3395 2752 3484 2791 eo-

1886 2838 2009 2877 rum
2053 2823 2266 2878 actibus
2300 2823 2716 2895 praeﬁguratus:
2769 2831 2914 2879 terra
2942 2834 3124 2881 autem
3154 2824 3341 2880 saeculi
3373 2824 3485 2880 ho-

1887 2911 2063 2967 mines
2095 2920 2316 2983 peccato
2345 2911 2598 2968 subditos
2626 2912 2985 2968 demonstrat.

1956 3003 2028 3056 Et
2057 3001 2210 3054 tertia
2236 3018 2367 3071 pars
2403 3008 2558 3056 terrae
2585 3001 2851 3056 combusta
2869 3008 3007 3057 est...
3041 3007 3090 3056 et
3117 3020 3264 3058 omne
3300 3002 3482 3072 fenum

1888 3091 2054 3146 viride
2079 3092 2400 3146 combustum
2426 3098 2518 3147 est.
2570 3090 2670 3147 Per
2697 3092 2912 3148 tertiam
2942 3100 3149 3163 partem
3181 3101 3337 3150 terrae
3367 3110 3481 3161 eos,

168 3179 358 3251 aliqua
411 3181 770 3253 proferamus.
825 3182 927 3237 Per
972 3192 1176 3254 septem
1231 3183 1452 3253 angelos
1499 3182 1774 3249 doctores,
1799 3217 1845 3279 α
1887 3181 1979 3254 qui
2013 3198 2108 3253 per
2145 3181 2456 3237 doctrinam
2500 3189 2553 3237 et
2587 3183 2838 3253 exempla
2882 3182 3152 3241 bonorum
3191 3182 3482 3239 hominum

170 3267 273 3341 qui
319 3268 383 3323 ad
416 3269 780 3325 erudiendum
826 3271 1090 3343 populum
1121 3269 1219 3325 Dei
1250 3286 1281 3324 a
1307 3272 1419 3325 Deo
1449 3269 1599 3324 missi
1629 3277 1776 3337 sunt,

170 3364 232 3413 et
263 3358 553 3413 mittentur
596 3376 767 3432 usque
813 3360 880 3416 ad
925 3360 1111 3426 ﬁnem,
1144 3359 1519 3431 designantur.
1553 3359 1623 3413 Et
1652 3357 1781 3431 quia

172 3455 518 3503 sacramenta
547 3449 865 3504 divinarum
898 3448 1303 3521 Scripturarum
1336 3448 1654 3504 doctoribus
1680 3448 1780 3503 Ec-

172 3537 357 3593 clesiae
405 3538 789 3610 perspicacius,
842 3541 955 3596 Deo
996 3539 1318 3611 inspirante,
1360 3555 1523 3612 quam
1571 3536 1781 3595 caeteris

172 3633 495 3699 patuerunt,
526 3629 759 3685 rationis
788 3629 923 3685 ordo
973 3631 1252 3701 poscebat,
1296 3637 1358 3685 ut
1405 3636 1528 3701 post
1565 3643 1781 3684 resera-

175 3716 387 3772 tionem
419 3717 729 3789 sigillorum
758 3734 878 3791 quae
908 3720 1247 3791 apertionem
1278 3719 1596 3776 divinarum
1630 3717 1778 3773 Scri-

176 3813 467 3878 pturarum
519 3808 812 3880 significat,
844 3817 1048 3881 septem
1095 3810 1273 3881 angeli
1303 3816 1653 3881 ponerentur,
1686 3822 1781 3878 per

177 3913 324 3970 quos
370 3915 563 3955 omnes
609 3900 860 3958 doctores
907 3901 1095 3974 populi
1135 3901 1233 3957 Dei
1271 3900 1650 3973 designantur,
1684 3897 1780 3972 qui

179 3986 470 4043 scientiam
515 3988 832 4045 divinarum
866 3990 1275 4063 Scripturarum
1308 3989 1634 4062 locupletius
1665 4006 1781 4060 per-

178 4084 465 4145 ceperunt.
494 4078 566 4134 Et
591 4079 734 4135 sicut
763 4096 925 4135 omne
946 4096 1144 4152 corpus
1166 4080 1465 4136 electorum
1490 4082 1547 4134 in
1573 4088 1778 4150 septem

177 4173 361 4235 partes
406 4165 719 4237 divisimus,
768 4168 846 4224 ita
891 4178 944 4224 et
991 4177 1192 4240 septem
1231 4168 1410 4241 angeli
1452 4166 1598 4224 tubis
1643 4164 1781 4223 ceci-

180 4252 328 4307 nisse
376 4253 483 4307 visi
519 4263 647 4309 sunt
681 4274 692 4311 :
726 4273 823 4327 per
870 4274 1007 4328 quos
1052 4274 1243 4313 omnes
1283 4258 1538 4313 doctores
1586 4255 1778 4328 populi

181 4339 282 4396 Dei
326 4340 701 4412 designantur,
753 4346 1008 4416 quamvis
1053 4346 1121 4401 ab
1151 4363 1214 4401 eo
1261 4347 1455 4402 ordine
1487 4363 1781 4418 parumper

181 4429 515 4500 discrepent.
548 4432 682 4487 Nam
723 4433 973 4504 superius
1005 4450 1099 4505 per
1131 4436 1409 4506 poderem,
1443 4452 1562 4507 quae
1596 4436 1780 4491 talaris

181 4527 265 4577 est
306 4519 493 4575 tunica
527 4521 666 4593 (9i),
698 4531 755 4581 et
780 4521 930 4595 prior
977 4525 1033 4577 in
1064 4526 1400 4579 ornamentis
1437 4524 1659 4579 Domini
1688 4543 1778 4597 po-

1888 3271 2025 3326 salvi
2074 3270 2202 3326 facti
2234 3278 2382 3338 sunt,
2430 3270 2696 3325 debemus
2742 3270 3082 3342 intelligere:
3120 3271 3214 3343 qui
3254 3272 3378 3343 igne
3416 3272 3483 3327 ti-

1889 3363 2057 3418 moris
2086 3363 2185 3417 Dei
2215 3370 2376 3434 atque
2424 3362 2629 3418 amoris
2658 3360 2927 3434 quidquid
2976 3361 3130 3433 pravi
3162 3363 3218 3417 in
3249 3380 3306 3418 se
3353 3362 3479 3432 fuit,

1887 3450 2309 3507 combusserunt
2338 3460 2503 3523 atque
2529 3451 2872 3506 deleverunt.
2906 3449 3144 3505 Arbores
3173 3466 3302 3506 vero
3330 3451 3480 3521 illos,

1887 3542 1980 3615 qui
2010 3541 2377 3612 principatum
2408 3540 2552 3595 inter
2579 3556 2671 3595 eos
2687 3548 3002 3608 tenuerunt,
3029 3540 3379 3612 signiﬁcant:
3410 3559 3481 3598 ex

1887 3630 2087 3703 quibus
2134 3631 2295 3686 multi
2344 3646 2437 3702 per
2489 3630 2796 3686 doctrinam
2841 3638 2897 3685 et
2930 3631 3181 3701 exempla
3210 3630 3479 3688 bonorum

1887 3719 2175 3776 hominum
2207 3720 2493 3775 salvifacti
2515 3726 2666 3787 sunt,
2695 3718 2837 3774 sicut
2855 3718 3174 3775 Abimelech
3197 3735 3293 3791 per
3313 3718 3482 3775 Abra-

1886 3808 2012 3864 ham
2047 3809 2201 3880 (Gen.
2228 3825 2326 3876 xx,
2367 3810 2479 3879 l7),
2510 3816 2565 3864 et
2594 3824 2689 3880 per
2716 3808 2817 3864 Job
2850 3815 2959 3863 tres
2999 3807 3163 3865 amici
3198 3806 3316 3879 ejus
3362 3808 3482 3880 (Job

1890 3915 2029 3965 xw,
2050 3897 2129 3967 8).
2164 3897 2266 3952 Per
2292 3898 2479 3953 fenum
2512 3906 2695 3953 autem
2724 3898 2923 3965 viride,
2960 3896 3107 3970 quod
3137 3913 3298 3952 omne
3326 3913 3483 3953 com-

1889 3987 2111 4042 bustum
2149 4002 2262 4041 esse
2306 3985 2533 4054 dicitur,
2565 3987 2604 4042 ii
2635 3985 2993 4058 designantur
3020 3986 3112 4058 qui
3142 3992 3196 4041 et
3232 3985 3485 4058 superius

1891 4091 1985 4148 per
2006 4075 2222 4130 tertiam
2253 4084 2461 4148 partem
2494 4084 2650 4131 terrae
2675 4083 2729 4131 et
2758 4075 3014 4131 arborum
3046 4092 3166 4148 quae
3195 4075 3485 4133 combusta

1890 4172 1991 4233 est,
2025 4164 2082 4219 id
2127 4172 2226 4232 est,
2259 4164 2419 4220 electi
2459 4164 2554 4236 qui
2604 4181 2667 4220 eo
2716 4173 2960 4236 tempore
2990 4164 3213 4220 fuerunt
3245 4183 3258 4232 ;
3293 4164 3482 4221 fenum

1890 4270 2126 4326 namque
2156 4253 2334 4309 viride
2362 4253 2589 4309 dilﬁcile
2618 4254 2958 4323 accenditur,
2999 4254 3215 4310 aridum
3245 4272 3377 4311 vero
3407 4256 3481 4312 fa-

1889 4343 1993 4399 cile
2022 4345 2387 4401 consumitur.
2419 4346 2521 4400 Per
2567 4343 2755 4400 fenum
2786 4361 2919 4400 vero
2951 4344 3126 4401 viride
3164 4344 3344 4415 electi,
3388 4362 3485 4417 per

1889 4432 2103 4488 aridum
2152 4442 2332 4489 autem
2386 4433 2602 4505 reprobi
2634 4433 3007 4505 designantur.
3050 4436 3127 4490 De
3175 4433 3280 4489 hoc
3325 4434 3483 4489 arido

1889 4525 2016 4580 feno
2048 4525 2310 4597 propheta
2333 4524 2468 4580 dicit
2503 4542 2514 4580 :
2553 4548 2571 4571 ι
2602 4524 2743 4580 Vere
2769 4524 2951 4579 fenum
2979 4523 3093 4593 (93)
3118 4531 3198 4577 est
3225 4525 3477 4597 populus.

183 4606 357 4676 nitur,
412 4617 473 4665 ut
527 4619 580 4666 et
636 4612 693 4666 in
750 4611 1104 4683 sequentibus
1157 4629 1252 4684 per
1308 4611 1546 4685 primum
1604 4629 1777 4670 cornu
1811 4585 1859 4644 D
1891 4614 2239 4670 Exsiccatum
2286 4622 2366 4669 est
2398 4616 2603 4679 fenum,
2628 4622 2681 4668 et
2709 4612 2907 4667 cecidit
2935 4612 3034 4667 ﬂos
3066 4630 3077 4668 :
3116 4612 3341 4667 verbum
3381 4630 3478 4668 au-

182 4696 351 4768 Agni,
394 4695 571 4768 justos
602 4699 694 4771 qui
745 4708 870 4755 ante
916 4699 1192 4756 diluvium
1242 4702 1487 4770 fuerunt,
1532 4702 1779 4759 diximus

182 4790 358 4846 fuisse
403 4792 712 4865 designatos
746 4811 757 4848 :
793 4810 887 4865 per
932 4810 1122 4850 zonam
1153 4811 1285 4850 vero
1323 4812 1541 4851 auream
1573 4796 1627 4852 in
1661 4813 1777 4853 cor-

189 4898 322 4955 pore
352 4881 579 4950 Christi,
611 4891 663 4938 et
695 4900 789 4955 per
816 4884 1116 4941 secundum
1156 4901 1326 4941 cornu
1357 4885 1695 4957 patriarchas
1724 4892 1777 4942 et

182 4977 407 5027 caeteros
453 4973 548 5045 qui
587 4980 710 5028 ante
759 4972 929 5044 legem
979 4974 1203 5029 fuerunt
1254 4992 1265 5029 :
1316 4974 1407 5029 hic
1452 4982 1634 5030 autem
1684 4992 1779 5045 per

184 5059 425 5132 primum
446 5064 699 5134 angelum
724 5061 973 5119 doctores
994 5061 1087 5135 qui
1110 5064 1177 5120 ab
1199 5064 1360 5119 initio
1385 5065 1575 5119 mundi
1607 5079 1780 5137 usque

183 5150 254 5217 ad
310 5150 481 5223 legem
528 5153 771 5222 fuerunt,
829 5168 925 5226 per
982 5153 1281 5210 secundum
1336 5154 1587 5213 doctores
1644 5154 1779 5229 legis

184 5240 562 5313 designantur.

260 5421 377 5500 (90)
410 5421 616 5481 Codex.
644 5422 1187 5500 Germ.,_eﬁiciamur,
1212 5425 1334 5500 ipso
1356 5424 1663 5500 adjuvante,
1687 5429 1781 5500 qui

188 5493 403 5576 visitet
448 5502 630 5576 regnat
678 5514 795 5576 cunt
838 5493 948 5552 Deo
994 5493 1257 5576 _Patre'i_1i
1304 5493 1506 5554 unitate
1546 5493 1780 5571 Spiritus

183 5566 355 5639 sancti
376 5582 474 5637 per
500 5566 827 5623 immortalia
850 5571 1039 5624 saecula
1068 5571 1399 5639 saeculorum,
1428 5566 1600 5627 amen:

261 5637 381 5780 ἕω)
416 5639 542 5718 Quae
572 5639 762 5694 talaris
792 5646 868 5694 est
896 5641 1094 5710 tunica,
1126 5641 1279 5698 deest
1306 5641 1364 5697 in
1385 5637 1526 5698 'mss.

285 5709 353 5765 92
412 5708 586 5777 Edit.,
615 5710 842 5767 suasisse
867 5713 1041 5768 conati
1067 5720 1230 5779 sunt;
1260 5730 1389 5770 mss.
1418 5730 1526 5771 sum

285 5708 378 5779 92)
412 5708 586 5777 Edit.,
615 5710 842 5767 suasisse
867 5713 1041 5768 conati
1067 5708 1230 5779 sunt;
1260 5730 1389 5770 mss.
1418 5714 1645 5771 suasisse
1671 5731 1778 5770 cre-

1887 4710 1994 4759 tem
2031 4703 2252 4760 Domini
2283 4709 2466 4757 manet
2494 4700 2552 4755 in
2568 4709 2833 4756 aeternum
2868 4702 3116 4771 (Isa.x1.,
3150 4701 3199 4768 7,
3224 4700 3303 4769 8);
3330 4725 3348 4748 ι
3386 4718 3481 4773 per

1887 4797 2073 4851 fenum
2105 4796 2273 4868 igitur
2315 4794 2511 4862 viride,
2559 4793 2597 4847 ii
2634 4791 2728 4863 qui
2772 4791 2878 4846 ﬁde
2923 4798 3077 4846 erant
3123 4791 3290 4867 viridi
3336 4791 3477 4847 desi-

1888 4896 2141 4960 gnantur,
2174 4886 2267 4959 qui
2315 4882 2475 4941 omn‘e
2514 4882 2659 4955 quod
2685 4881 2743 4937 in
2782 4898 2838 4937 se
2867 4878 3158 4952 reprobum
3193 4880 3317 4950 fuit,
3351 4880 3478 4953 igne

1886 4976 2170 5033 charitatis
2204 4974 2640 5031 combusserunt.

1960 5069 2140 5140 (Vers.
2190 5067 2271 5135 8.)
2321 5067 2392 5121 Et
2431 5064 2684 5119 secundus
2711 5063 2927 5134 angelus
2972 5063 3095 5118 tuba
3141 5062 3339 5118 cecinit.
3373 5063 3477 5117 Per

1886 5155 2185 5214 secundum
2217 5155 2468 5229 angelum
2515 5155 2729 5225 Moyses
2756 5161 2811 5210 et
2839 5153 3022 5211 caeteri
3054 5154 3187 5227 legis
3225 5153 3476 5209 doctores

1885 5245 2259 5318 designantur.
2298 5247 2372 5302 Et
2399 5260 2504 5301 ecce
2534 5250 2786 5316 tauquam
2813 5262 2962 5301 mons
2992 5260 3213 5317 magnus
3242 5243 3358 5314 igne
3384 5259 3479 5297 ar-

1887 5420 2043 5479 dendi
2073 5428 2211 5480 sunt.

1960 5496 2076 5567 (93)
2119 5496 2199 5550 Ita
2231 5510 2403 5562 mss.;
2454 5491 2592 5551 edit.
2637 5508 2807 5567 vero,
2839 5497 2915 5567 est
2952 5490 3207 5567 populus.
3250 5492 3361 5567 _Per_
3402 5491 3475 5567 fe-

1886 5564 2013 5622 num
2028 5568 2218 5694 tigitur
2261 5567 2455 5633 viride,
2502 5567 2545 5621 ii
2596 5565 2692 5635 qui
2734 5565 2910 5636 ﬁdeles
2956 5570 3111 5619 erant
3154 5564 3280 5633 viri,
3327 5565 3477 5621 desi-

1883 5655 2023 5710 gnan
2051 5657 2136 5695 ur.
