3964 6378
128 428 240 484 937

1024 422 1481 481 BERENGAUDI
1516 419 1892 479 EXPOSITIO
1932 422 2003 478 IN
2039 418 2542 477 APOCALYPSIN.

3326 419 3435 478 938

131 553 335 626 magis,
381 568 543 625 quam
575 550 875 608 illuminat.
903 550 1199 606 Possumus
1226 565 1358 606 vero
1387 565 1483 622 per
1505 546 1726 605 tertiam
1756 549 1805 608 A
1833 553 1983 616 runt,
2032 545 2176 603 sicut
2218 543 2497 612 Nicolaus,
2534 543 2631 617 qui
2658 542 3007 615 temporibus
3054 542 3434 619 apostolorum

132 649 350 715 partem
379 641 490 697 diei
516 640 916 713 apostolos,per
942 640 1161 696 tertiam
1191 646 1370 696 autem
1389 646 1599 710 partem
1622 653 1735 696 no-

133 732 244 789 ctis
275 747 367 788 eos
387 731 483 805 qui
512 747 582 787 ex
604 730 859 803 gentibus
888 729 1259 797 crediderunt,
1284 729 1609 800 intelligere.
1629 727 1734 785 Ob-

134 821 348 878 scurati
396 827 527 876 sunt
573 835 811 892 namque
858 819 939 875 eis
996 819 1248 891 apostoli,
1279 818 1374 892 qui
1404 833 1595 873 eorum
1626 814 1738 871 do—

135 912 377 969 ctrinam
436 926 549 966 non
603 910 783 965 solum
823 916 1167 981 spreverunt,
1225 907 1319 964 sed
1374 908 1538 963 etiam
1592 905 1738 978 ipsos

134 1014 533 1072 usquequaque
579 996 854 1069 persecuti
903 1006 1054 1054 sunt.
1085 998 1164 1053 De
1193 995 1296 1052 hac
1321 1012 1509 1051 eorum
1548 993 1738 1050 obscu-

137 1089 358 1145 ratione
408 1087 678 1144 Dominus
722 1087 893 1143 dicit:
959 1111 978 1135 ς
1024 1085 1339 1144 Trademini
1368 1094 1549 1143 autem
1577 1102 1608 1141 a
1636 1100 1741 1156 pa-

137 1178 397 1236 rentibus
457 1184 511 1233 et
569 1175 836 1233 fratribus
891 1184 945 1232 et
998 1176 1242 1248 cognatis
1297 1182 1351 1232 et
1404 1174 1630 1242 amicis,
1688 1180 1742 1228 et

143 1274 325 1323 morte
354 1265 596 1322 aﬂicient
624 1281 693 1321 ex
720 1264 896 1321 vobis.
930 1265 1001 1320 Et
1029 1263 1185 1320 eritis
1218 1262 1346 1319 odio
1369 1262 1627 1319 omnibus
1646 1260 1740 1317 ho-

148 1357 399 1414 minibus
446 1365 668 1430 propter
706 1372 908 1413 nomen
950 1371 1134 1412 meum
1163 1353 1280 1427 (94)
1315 1354 1466 1427 (Luc.
1498 1369 1618 1423 nr,
1653 1352 1739 1421 16,

143 1448 263 1520 i7).
295 1472 313 1495 .

222 1547 407 1621 (Vers.
460 1545 574 1618 13.)
623 1546 697 1601 Et
741 1543 853 1601 vidi
880 1549 929 1600 et
956 1543 1141 1602 audivi
1163 1560 1334 1600 vocem
1361 1542 1519 1599 unius
1550 1542 1746 1613 aquila

142 1636 379 1691 volantis
430 1651 530 1707 per
580 1634 813 1690 medium
869 1635 1074 1702 calum,
1118 1631 1334 1688 dicentis
1362 1646 1479 1686 voce
1504 1647 1695 1702 magna
1728 1647 1740 1685 ε

152 1726 262 1795 Vw,
312 1744 409 1795 υω,
459 1742 559 1794 vce,
617 1724 980 1780 habitantibus
1025 1724 1081 1779 in
1111 1730 1253 1780 terra
1280 1742 1316 1779 a
1347 1723 1556 1778 vocibus
1586 1722 1748 1777 trium

1843 634 2058 693 exstitit
2089 634 2231 708 (Act.
2265 650 2343 703 v1,
2373 633 2454 707 ὅ),
2500 639 2554 689 et
2586 631 2747 689 multi
2776 630 2893 689 alii.
2944 632 3019 689 Et
3060 634 3187 691 data
3232 641 3307 692 est
3350 636 3438 692 illi

1844 726 2010 782 clavis
2050 725 2197 797 putei
2246 724 2440 796 abyssi.
2492 724 2594 780 Per
2630 724 2842 780 clavem
2879 722 3114 780 liberum
3143 723 3438 805 arbitrium

1846 815 2253 884 hareticorum,
2304 812 2451 887 quod
2503 812 2815 871 habuerunt
2858 813 2918 870 in
2964 814 3131 885 malo,
3176 815 3439 890 designa-

1846 913 1936 962 tur
1961 923 1975 973 ;
2031 922 2128 977 per
2155 905 2416 978 abyssum
2444 920 2574 960 vero
2603 905 2768 962 corda
2797 920 3021 962 eorum:
3078 920 3175 979 per
3212 914 3438 979 puteum

1848 1007 2031 1055 autem
2061 1015 2252 1054 eorum
2283 1014 2380 1055 ora
2408 996 2785 1070 designantur.
2830 998 2968 1054 Data
3004 1003 3086 1053 est
3118 995 3286 1069 igitur
3314 996 3441 1056 ha-

1850 1089 2037 1146 reticis
2067 1087 2240 1145 clavis
2274 1088 2423 1160 putei
2450 1086 2656 1161 abyssi,
2687 1086 2815 1162 quia
2843 1086 3100 1160 permisit
3125 1087 3274 1146 Deus
3315 1086 3441 1145 ha-

1851 1197 1996 1237 reses
2025 1196 2160 1249 esse,
2211 1178 2356 1236 sicut
2387 1176 2524 1235 dicit
2552 1178 2833 1251 apostolus
2856 1178 3094 1234 Paulus:
3164 1203 3183 1227 ι
3215 1178 3442 1253 Oportet

1852 1271 2087 1328 haereses
2127 1286 2262 1340 esse,
2304 1277 2366 1326 ut
2406 1268 2604 1343 quipro
2642 1268 2758 1327 bati
2796 1277 2945 1340 sunt,
2987 1269 3269 1329 manifesti
3307 1270 3444 1329 ﬁant

1852 1369 1997 1421 tuter
2035 1378 2133 1420 vos
2164 1363 2221 1434 (Ι
2251 1362 2375 1419 Cor.
2407 1378 2486 1430 ιι,
2532 1360 2644 1435 19).
2676 1384 2695 1412 s

1929 1451 2110 1525 (Vers.
2152 1450 2233 1522 2.)
2280 1452 2355 1508 Et
2384 1451 2594 1523 aperuit
2616 1457 2834 1523 puteum
2859 1451 3057 1526 abyssi.
3104 1452 3273 1512 Stella
3321 1470 3444 1529 qua)

1854 1541 1921 1599 de
1951 1542 2089 1597 coelo
2118 1539 2339 1610 cecidit,
2391 1547 2617 1612 puteum
2646 1541 2830 1614 abyssi
2858 1542 3110 1616 aperuit;
3161 1544 3292 1619 quia
3320 1544 3447 1602 ha-

1855 1630 2013 1689 retici
2052 1629 2121 1687 ad
2148 1629 2476 1704 proferenda
2500 1631 2663 1700 mala,
2711 1646 2831 1704 qua
2869 1631 2929 1689 in
2956 1631 3216 1691 cordibus
3254 1648 3444 1695 eorum

1857 1727 2121 1796 latebant,
2178 1741 2277 1783 ora
2331 1741 2430 1784 sua
2482 1733 2831 1800 aperuerunt.
2878 1729 2954 1786 Et
2992 1728 3229 1786 ascendit
3265 1729 3447 1801 fumus

142 1818 482 1890 angelorum,
531 1816 623 1887 qui
665 1822 819 1871 erant
863 1815 986 1870 tuba
1032 1814 1282 1870 canituri.
1330 1813 1432 1870 Per
1460 1812 1661 1870 calum
1688 1811 1749 1868 in
1852 1816 2019 1891 putei,
2074 1816 2210 1872 sicut
2265 1814 2447 1887 fumus
2493 1815 2730 1888 fornacis
2782 1833 3004 1890 magna
3064 1817 3169 1875 Per
3228 1818 3446 1878 fumum

144 1909 259 1966 hoc
285 1908 409 1963 loco
437 1905 687 1963 Ecclesia
704 1904 1041 1977 designatur;
1056 1904 1241 1978 aquila
1254 1920 1385 1961 vero
1396 1902 1678 1962 Christum
1698 1909 1751 1959 et
1782 1920 1829 1982 Β
1858 1907 2111 1965 doctrina
2137 1905 2523 1965 haereticorum
2548 1907 2865 1981 designatur
2886 1925 2901 1979 ;
2934 1907 3065 1983 quia
3089 1907 3235 1968 sicut
3260 1908 3448 1969 fumus

145 1996 431 2071 apostolos
462 1994 580 2068 ejus
608 1994 968 2051 demonstrat.
995 1993 1199 2069 Aquila
1225 2009 1353 2066 ergo
1379 2009 1476 2065 per
1502 1990 1747 2048 medium

142 2086 355 2143 coelum
385 2082 611 2139 volabat
639 2088 694 2138 et
720 2081 1027 2150 clamabat;
1071 2080 1200 2154 quia
1228 2080 1480 2138 Christus
1507 2077 1747 2152 primum

146 2190 248 2249 per
299 2172 566 2241 Iudaeam,
596 2171 831 2245 apostoli
870 2187 1000 2227 vero
1029 2169 1147 2243 ejus
1176 2186 1273 2242 per
1296 2168 1582 2225 universas
1608 2183 1750 2241 gen-

146 2272 234 2322 tes
268 2261 634 2334 Evangelium
675 2260 1149 2332 praedicaverunt:
1197 2274 1331 2332 quas
1364 2259 1530 2315 etiam
1558 2273 1752 2330 perse-

148 2352 405 2412 cutiones
450 2353 520 2409 ab
579 2349 910 2407 adversariis
962 2347 1268 2407 Ecclesiam
1324 2365 1439 2406 esse
1471 2364 1751 2422 passuram

150 2446 348 2505 multis
376 2444 556 2502 modis
584 2444 983 2517 praedixerunt.
1016 2442 1254 2517 Ideoque
1283 2442 1391 2499 tria
1422 2458 1507 2499 va
1546 2441 1751 2516 posuit,

150 2554 224 2596 ex
277 2536 479 2611 quibus
532 2534 771 2607 primum
821 2534 890 2590 ad
929 2533 1216 2590 hareticos
1247 2533 1503 2605 pertinet,
1533 2531 1629 2605 qui
1653 2532 1753 2588 Ec-

151 2627 379 2685 clesiam
421 2625 521 2681 Dei
572 2623 765 2680 multis
810 2621 991 2679 modis
1027 2622 1349 2695 impugnare
1376 2621 1558 2678 conati
1585 2629 1749 2678 sunt:

153 2714 461 2773 secundum
514 2712 584 2769 ad
626 2728 885 2785 paganos,
923 2710 1020 2784 qui
1049 2710 1294 2767 eamdem
1324 2708 1625 2767 Ecclesiam
1656 2708 1757 2764 Dei

153 2802 432 2879 persecuti
487 2809 639 2870 sunt,
691 2800 1101 2873 maximamque
1137 2798 1387 2855 ﬁdelium
1426 2796 1758 2854 multitudi-

153 2917 284 2959 nem
345 2898 741 2956 interfecerunt
773 2914 783 2952 :
837 2896 1060 2953 tertium
1093 2895 1161 2952 ad
1191 2894 1621 2961 Antichristum,
1662 2893 1759 2967 qui

153 2990 426 3064 populum
486 2986 585 3044 Dei
634 2986 692 3042 in
731 2985 841 3041 ﬁne
893 2985 1091 3041 mundi
1118 2985 1492 3041 debellaturus
1521 2990 1620 3040 est.
1652 2984 1761 3039 Nec

155 3086 350 3153 putare
370 3076 634 3134 debemus
663 3074 810 3151 quod
839 3074 957 3131 tria
988 3092 1070 3130 va
1097 3074 1167 3130 ad
1198 3075 1397 3131 electos
1427 3073 1761 3146 pertineant,

154 3167 255 3243 qui
331 3167 575 3224 diversas
612 3165 949 3223 calamitates
1003 3164 1072 3221 ab
1122 3164 1309 3236 impiis
1364 3164 1708 3236 pertulerunt
1748 3178 1760 3217 :

156 3260 255 3318 sed
313 3260 497 3332 potius
537 3257 605 3314 ad
655 3256 871 3313 eosdem
924 3255 1144 3329 impios,
1177 3255 1272 3328 qui
1301 3254 1516 3311 easdem
1547 3252 1766 3310 calami-

156 3331 328 3406 tates,
358 3347 426 3402 ab
467 3346 654 3418 impiis
689 3346 1076 3417 pertulerunt;
1115 3344 1207 3400 sed
1238 3346 1423 3417 potius
1450 3344 1518 3401 ad
1544 3343 1762 3401 eosdem
1796 3331 1840 3392 Ο

160 3438 386 3512 impios,
431 3437 526 3510 qui
582 3435 798 3493 easdem
849 3435 1188 3492 calamitates
1236 3434 1564 3491 intulerunt.
1608 3433 1762 3491 Unde

162 3536 242 3595 et,
315 3528 419 3596 γω,
471 3543 568 3595 vae,
611 3543 707 3593 vw,
759 3524 1115 3580 habitantibus
1138 3524 1193 3579 in
1228 3531 1374 3579 terra
1394 3524 1570 3592 dicit;
1603 3522 1764 3596 impii

160 3636 402 3693 namque
442 3620 538 3695 qui
564 3619 706 3676 nihil
732 3618 883 3675 aliud
914 3634 1076 3690 quam
1108 3625 1308 3674 terram
1340 3623 1615 3690 quarunt,
1657 3614 1766 3671 ha-

163 3720 433 3779 bitatores
487 3728 646 3777 terra
698 3717 824 3791 jure
874 3726 1188 3775 vocantur:
1236 3716 1376 3790 justi
1431 3724 1613 3773 autem
1669 3714 1767 3789 qui

166 3814 415 3873 coelestia
495 3828 709 3886 semper
779 3811 1148 3880 desiderant,
1225 3810 1348 3868 cali
1434 3808 1768 3865 habitatores

162 3913 312 3964 recte
375 3912 643 3962 vocantur
672 3948 689 3975 ,
754 3904 898 3962 sicut
969 3902 1106 3959 dicit
1174 3901 1453 3975 apostolus
1506 3899 1709 3956 Paulus
1750 3915 1763 3957 :

183 4018 203 4044 ι
261 3997 462 4053 Nostra
514 4001 697 4053 autem
744 3993 1091 4053 conversatio
1118 3990 1178 4050 in
1206 3992 1359 4050 calis
1387 3998 1470 4048 est
1503 3988 1764 4062 (Philipp.

168 4100 257 4152 nr,
288 4084 402 4159 20).
437 4111 456 4135 ι

241 4183 470 4241 CAPUT
499 4182 597 4240 IX.
631 4215 698 4226 —
731 4180 914 4257 (Vers.
950 4180 1029 4255 1.)
1063 4182 1136 4238 Et
1158 4181 1374 4254 quintus
1399 4180 1617 4252 angelus
1645 4177 1770 4235 tuba

169 4273 374 4330 cecinit.
431 4273 670 4341 Quintus
723 4274 952 4345 angelus
997 4271 1312 4328 defensores
1354 4270 1614 4327 Ecclesia
1670 4286 1772 4327 or-

173 4360 438 4418 tbodoxa
495 4360 623 4416 ﬁdei
680 4360 962 4432 designat:
1023 4359 1157 4416 tuba
1184 4360 1523 4429 cecinerunt,
1551 4358 1772 4432 quando

176 4467 279 4525 pro
338 4449 658 4506 defensione
701 4450 831 4507 ﬁdei
877 4448 1135 4506 omnibus
1163 4449 1341 4505 modis
1364 4447 1769 4508 laboraverunt.

174 4542 252 4599 Et
300 4540 414 4596 vidi
467 4540 679 4595 stellam
733 4539 796 4595 de
855 4541 979 4596 calo
1030 4539 1269 4595 cecidisse
1315 4540 1373 4595 in
1421 4546 1637 4596 terram.
1670 4540 1772 4597 Per

178 4632 397 4690 stellam
428 4626 809 4687 haresiarcha
840 4628 1199 4702 designantur
1229 4647 1243 4696 ;
1281 4628 1410 4702 quia
1437 4629 1581 4686 sicut
1603 4630 1773 4687 stella

178 4722 240 4779 in
289 4721 429 4778 calo
482 4720 774 4792 refulgent,
818 4718 895 4775 ita
938 4699 993 4774 et
1036 4716 1124 4773 isti
1175 4699 1465 4789 antequam
1499 4718 1774 4788 caderent,
1803 4699 1853 4759 D

183 4810 437 4867 doctrina
482 4816 537 4865 et
592 4806 860 4880 sapientia
916 4804 1257 4879 refulgebant
1302 4804 1360 4860 in
1410 4805 1672 4863 Ecclesia.
1702 4809 1781 4864 De

186 4900 326 4959 caelo
378 4899 436 4955 in
482 4906 687 4954 terram
736 4896 958 4963 cecidit,
1010 4896 1140 4968 quia
1176 4895 1245 4949 ab
1272 4896 1517 4952 Ecclesia
1544 4897 1779 4968 pracisi,

184 4988 404 5062 corpori
451 4988 834 5060 reproborum,
876 4985 971 5058 qui
1024 5001 1119 5058 per
1173 4992 1373 5041 terram
1403 4986 1776 5059 designantur,

186 5078 380 5136 sociati
430 5088 583 5135 sunt.
646 5077 750 5133 Sed
798 5074 1150 5149 quarendum
1208 5075 1368 5131 nobis
1396 5085 1496 5144 est,
1529 5093 1629 5133 cur
1657 5078 1780 5150 pri-

195 5184 349 5224 mum
389 5166 696 5235 haereticos,
751 5166 844 5239 qui
888 5181 983 5237 per
1034 5162 1246 5220 stellam
1284 5174 1338 5221 et
1364 5165 1599 5223 locustas
1628 5166 1781 5223 desi-

189 5258 341 5331 gnati
400 5267 548 5327 sunt,
610 5258 898 5330 posuerit;
948 5264 1000 5311 et
1045 5264 1230 5327 postea
1264 5264 1655 5327 persecutores,
1685 5249 1780 5331 qui

189 5345 550 5418 designantur
600 5362 698 5419 per
752 5345 962 5418 equites
1011 5344 1285 5412 loricatos,
1334 5345 1403 5402 de
1468 5346 1668 5419 quibus
1724 5348 1781 5403 in

193 5437 550 5510 sequentibus
606 5438 664 5492 in
703 5445 871 5493 cantu
927 5434 1072 5492 tuba
1127 5435 1269 5490 sexti
1324 5436 1502 5507 angeli
1534 5436 1783 5494 dicturus

189 5534 292 5584 est.
323 5527 463 5595 Quia
492 5536 784 5601 antequam
815 5528 1171 5599 imperatores
1198 5526 1567 5583 Romanorum
1598 5528 1783 5585 Eccle-

192 5616 331 5674 siam
362 5617 463 5674 Dei
481 5618 731 5691 persequi
760 5617 1149 5689 instituissent,
1182 5615 1426 5676 haretici
1454 5634 1569 5676 esse
1597 5634 1785 5693 coepe-

1856 2005 2021 2055 vento
2053 1997 2325 2071 impulsus
2351 1996 2463 2055 cito
2490 1997 2788 2067 evanescit,
2839 1998 2918 2057 ita
2955 2005 3011 2056 et
3037 1996 3289 2059 doctrina
3324 1999 3450 2057 ha-

1858 2087 2157 2146 reticorum
2198 2104 2294 2161 per
2322 2086 2634 2146 doctrinam
2672 2096 2986 2147 sanctorum
3034 2089 3258 2149 Patrum
3296 2089 3452 2147 velut

1857 2178 2045 2236 fumus
2073 2177 2335 2235 evanuit:
2369 2194 2467 2250 per
2493 2177 2773 2236 fornacem
2803 2194 2935 2236 vero
2970 2194 3115 2253 sape
3141 2176 3309 2239 corda
3333 2177 3453 2237 im-

1859 2268 2078 2342 piorum
2108 2266 2487 2340 designantur,
2538 2267 2682 2325 sicut
2707 2266 2845 2326 dicit
2874 2267 3178 2342 propheta:
3231 2293 3253 2319 ι
3286 2268 3455 2330 Velut

1860 2360 2113 2418 clibanus
2139 2358 2338 2417 ardens
2365 2357 2535 2418 corda
2560 2375 2753 2418 eorum
2783 2359 2951 2433 (Osee.
2981 2376 3082 2430 vn,
3111 2360 3195 2433 4).
3224 2385 3245 2411 ι

1930 2451 2007 2507 Et
2037 2449 2346 2507 obscuratus
2382 2455 2457 2505 est
2482 2449 2564 2506 sol
2591 2456 2639 2504 et
2664 2466 2759 2506 aer
2783 2449 2847 2505 de
2876 2448 3027 2520 fumo
3041 2449 3209 2523 putei.
3241 2449 3346 2507 Per
3371 2465 3452 2508 so-

1863 2540 1971 2597 lem
2011 2556 2153 2612 sape
2182 2539 2437 2598 Christus
2464 2539 2817 2613 intelligitur,
2855 2538 2914 2596 in
2956 2539 3063 2597 hoc
3102 2545 3286 2597 autem
3333 2540 3455 2599 loco

1864 2634 2111 2691 membra
2139 2632 2406 2706 ejusdem,
2450 2632 2509 2689 id
2537 2642 2639 2703 est,
2687 2632 3070 2706 praedicatores
3099 2632 3275 2692 sancti
3304 2628 3455 2691 desi-

1865 2723 2016 2799 gnati
2042 2730 2207 2781 sunt:
2246 2739 2343 2796 per
2372 2738 2552 2780 aerem
2586 2738 2718 2779 vero
2746 2722 2982 2795 populus
3010 2722 3210 2792 ﬁdelis,
3258 2722 3356 2796 qui
3377 2722 3457 2781 eis

1864 2812 2143 2885 subjectus
2166 2821 2303 2869 erat.
2354 2811 2456 2869 Sed
2485 2811 2764 2885 quomodo
2791 2812 2954 2870 electi
2983 2812 3261 2871 obscurati
3305 2820 3455 2882 sunt,

1867 2919 2005 2977 quos
2038 2903 2278 2975 pravitas
2298 2900 2555 2959 haretica
2582 2900 2832 2975 decipere
2860 2918 2973 2959 non
2994 2902 3219 2961 valuit?
3235 2900 3341 2960 Sed
3364 2901 3458 2960 ob-

1869 2993 2074 3052 scurati
2101 3000 2232 3051 sunt
2260 2992 2360 3062 eis,
2409 3008 2546 3067 quos
2574 2991 2820 3050 baretici
2848 2991 3100 3068 decipere
3140 3000 3457 3067 potuerunt,

1872 3083 1968 3158 qui
1996 3090 2051 3141 et
2079 3083 2140 3139 in
2166 3082 2524 3159 sequentibus
2552 3099 2649 3156 per
2674 3084 2914 3142 locustas
2941 3084 3300 3156 designantur
3329 3099 3340 3139 :
3370 3098 3461 3140 ve-

1873 3191 1997 3231 rum
2046 3179 2193 3237 538
2237 3174 2460 3232 claritas
2503 3190 2694 3232 eorum
2744 3175 2959 3233 caeteris
2996 3173 3254 3232 ﬁdelibus
3296 3174 3463 3232 latere

1875 3291 1987 3331 non
2020 3275 2216 3347 potuit,
2261 3274 2426 3332 sicuti
2452 3290 2556 3333 nec
2583 3275 2808 3333 lucerna
2844 3274 2949 3333 sub
2977 3274 3165 3333 modio
3202 3270 3463 3333 abscondi

1870 3373 2067 3439 potest.

1945 3455 2108 3527 (Vers
2144 3453 2227 3526 3.)
2280 3454 2356 3509 Et
2382 3452 2445 3509 de
2471 3451 2620 3523 fumo
2645 3453 2889 3510 exierunt
2916 3452 3124 3510 locustas
3158 3452 3219 3509 in
3245 3458 3464 3512 terram.

1872 3547 1952 3603 De
1981 3545 2158 3612 fumo,
2185 3543 2243 3600 id
2271 3552 2372 3613 est,
2394 3543 2462 3600 de
2481 3542 2733 3601 doctrina
2759 3558 2948 3601 eorum
2969 3543 3064 3619 qui
3090 3542 3467 3602 haresiarcha

1874 3636 2129 3710 appellati
2158 3641 2309 3704 sunt,
2343 3651 2538 3709 magna
2564 3634 2865 3692 multitudo
2891 3633 3280 3693 haereticorum
3310 3650 3466 3710 gene-

1873 3735 1991 3785 rata
2018 3734 2119 3784 est.
2151 3728 2214 3783 In
2241 3732 2443 3783 terram
2469 3725 2746 3790 exierunt,
2774 3725 2902 3800 quia
2930 3741 2963 3782 a
2984 3726 3245 3783 societate
3269 3725 3468 3785 electo.

1874 3834 1998 3876 rum
2028 3815 2285 3889 separati,
2315 3815 2395 3872 eis
2418 3817 2514 3890 qui
2542 3823 2689 3873 terra
2715 3824 3006 3882 vocantur,
3022 3814 3080 3873 id
3108 3822 3210 3885 est,
3229 3813 3471 3874 inﬁdeli-

1875 3906 1979 3964 bus
2011 3905 2295 3978 conjuncti
2323 3915 2472 3963 sunt.
2527 3908 2603 3964 Et
2637 3904 2768 3963 data
2791 3911 2866 3962 est
2891 3904 3004 3962 illis
3025 3910 3277 3977 potestas,
3332 3905 3472 3962 sicut

1876 3997 2064 4053 habent
2076 4001 2384 4069 potestatem
2404 3996 2703 4068 scorpiones
2725 4002 2897 4052 terra.
2923 3993 3077 4068 Sape
3098 3996 3245 4053 Deus
3262 3993 3472 4054 dicitur

1877 4086 2114 4156 dedisse,
2145 4086 2293 4160 quod
2316 4086 2618 4160 permittit:
2641 4085 2914 4159 permittit
2942 4085 3091 4143 enim
3120 4086 3265 4143 Deus
3285 4084 3475 4159 impiis

1877 4179 2021 4236 male
2046 4195 2225 4252 agere,
2272 4188 2339 4236 ut
2368 4193 2437 4235 ex
2463 4195 2655 4237 eorum
2682 4178 2845 4236 malis
2870 4178 3018 4236 bona
3045 4188 3321 4254 Oper-stur,
3369 4178 3475 4237 Per

1879 4269 2198 4342 scorpiones
2232 4285 2365 4326 vero
2393 4285 2686 4344 possumus
2719 4268 2999 4327 damones
3024 4269 3271 4344 accipere
3301 4286 3317 4339 ;
3345 4269 3477 4345 quia

1881 4365 2024 4423 sicut
2055 4361 2370 4434 scorpiones
2401 4360 2534 4417 dum
2560 4376 2673 4417 non
2703 4360 3099 4433 pravidentur,
3122 4376 3354 4434 corpora
3380 4359 3477 4419 ho-

1882 4454 2098 4510 minum
2133 4468 2233 4509 suo
2261 4466 2475 4508 veneno
2500 4449 2760 4507 inﬁciunt
2798 4457 2854 4508 et
2880 4450 3277 4523 exstinguunt:
3322 4449 3401 4506 ita
3423 4456 3479 4506 et

1883 4542 2159 4599 daemones
2188 4540 2426 4599 incautis
2452 4537 2775 4595 hominibus
2801 4553 3015 4595 venena
3047 4538 3314 4594 malarum
3343 4551 3480 4610 per-

1884 4631 2201 4689 suasionum
2232 4632 2510 4704 ingerunt,
2536 4636 2591 4686 et
2617 4629 2749 4685 dum
2779 4626 2849 4685 ad
2877 4626 3239 4701 perpetranda
3274 4628 3479 4686 scelera

1887 4722 2235 4796 pertrahunt,
2275 4736 2463 4777 eorum
2495 4718 2705 4774 animas
2733 4732 2947 4773 veneno
2977 4733 3089 4773 sua
3117 4715 3346 4773 malitia
3382 4716 3480 4774 in-

1887 4815 2059 4871 fectas
2091 4812 2369 4870 occidunt.
2420 4812 2666 4867 Potestas
2699 4824 2827 4882 ergo
2866 4809 3228 4874 locustarum,
3276 4806 3334 4864 id
3375 4815 3479 4879 est,

1888 4902 2297 4970 hareticorum,
2353 4899 2552 4956 similis
2597 4908 2678 4956 est
2714 4898 2972 4971 potestati
3000 4896 3375 4970 scorpionum,
3423 4896 3483 4955 id

1889 5000 1990 5062 est,
2022 4992 2335 5048 damonum
2362 5007 2376 5058 ;
2414 4989 2544 5061 quia
2573 4988 2716 5045 sicut
2743 4986 3022 5043 damones
3051 4986 3109 5042 in
3136 4986 3243 5043 hoc
3269 5001 3483 5061 semper

1890 5081 2174 5149 insistunt,
2207 5086 2270 5134 ut
2306 5093 2662 5151 quoscunque
2693 5087 2923 5150 possunt
2950 5076 3230 5150 decipiant
3257 5094 3269 5133 :
3321 5077 3485 5135 itaet

1889 5168 2133 5226 haretici
2162 5175 2277 5223 tota
2305 5168 2513 5223 virtute
2534 5167 2877 5235 laborabant,
2902 5176 2963 5225 ut
2984 5182 3339 5241 quoscunque
3363 5180 3483 5240 pos-

1891 5268 2033 5329 sent,
2068 5259 2124 5313 in
2157 5258 2371 5315 foveam
2404 5274 2515 5314 sua
2548 5258 2875 5331 perditionis
2906 5258 3301 5330 demergerent.

1965 5349 2146 5421 (Vers.
2179 5348 2260 5419 4.)
2310 5350 2385 5404 Et
2404 5355 2720 5421 praceptum
2753 5356 2826 5405 est
2852 5348 2984 5417 illis,
3031 5365 3094 5402 ne
3123 5346 3369 5403 laederent
3394 5344 3487 5418 fe-

1890 5456 2018 5495 num
2040 5444 2215 5506 terrae,
2245 5454 2409 5509 neque
2428 5456 2575 5494 omne
2606 5440 2793 5507 viride,
2822 5455 2984 5509 neque
3001 5452 3201 5492 omnem
3220 5435 3485 5495 arborem.

1894 5527 2053 5597 Quod
2082 5526 2358 5599 signiﬁcat
2394 5528 2582 5585 fenum
2614 5537 2791 5597 terra,
2844 5528 2950 5584 hoc
2976 5534 3031 5584 et
3059 5540 3223 5583 omne
3263 5522 3444 5585 viride
3470 5544 3486 5598 ;

1892 5634 2024 5676 nam
2054 5617 2198 5697 sicut
2227 5619 2480 5693 superius
2526 5621 2701 5694 (supr.
2732 5635 2848 5691 cap.
2875 5615 2932 5686 8,
2963 5633 3081 5676 vers
3110 5616 3166 5689 7)
3197 5614 3302 5675 sub
3324 5623 3492 5678 cantu

263 5828 382 5904 (94)
443 5828 518 5887 Et
568 5829 715 5887 eritis
769 5829 955 5890 odio...
1005 5837 1227 5906 propter
1270 5847 1456 5889 nomen
1496 5847 1686 5901 meum,
1719 5844 1789 5890 ex
1826 5831 2087 5891 omnibus
2116 5849 2249 5892 mss.
2279 5832 2606 5901 restituitur.

471 5928 714 5988 Pnaon.
751 5930 926 5989 XVII.
