3964 6380
555 416 661 489 939

1550 427 1647 482 AD
1686 425 1920 484 OPERA
1957 425 2012 482 S.
2053 415 2386 484 AMBROSII
2423 426 2804 485 APPENDIX.

3766 428 3866 486 940

552 557 701 615 tuba
742 552 910 629 primi
942 552 1123 627 angeli
1168 566 1264 625 per
1310 567 1473 607 omne
1515 550 1704 608 fenum
1751 552 1952 618 viride,
1998 553 2146 624 quod
2173 556 2224 614 Α
2253 550 2338 606 dis
2380 550 2727 624 afﬂigantur;
2779 551 3110 609 intrinsecus
3159 558 3345 608 tamen
3391 551 3460 608 de
3488 569 3586 626 spe
3615 553 3865 612 caelestis

551 647 898 706 combustum
933 662 1048 703 esse
1077 644 1302 713 dicitur,
1335 643 1494 701 electi
1525 645 1618 716 qui
1650 644 1844 716 primis
1874 644 2147 716 tempori—

551 739 656 796 bus
675 737 919 803 fuerunt,
943 735 1300 806 designantur
1328 752 1338 789 :
1374 734 1450 790 ita
1479 742 1532 789 et
1563 734 1654 788 hic
1670 749 1764 804 per
1785 734 1969 788 fenum
1988 741 2144 789 terrae

551 838 606 888 et
647 843 811 885 omne
835 826 1013 882 viride
1047 825 1225 881 ﬁdelis
1255 825 1489 896 populus
1526 832 1606 878 est
1648 822 1999 892 designatus:
2052 840 2146 894 per

552 919 773 977 arbores
809 933 942 974 vero
980 915 1233 972 doctores
1270 912 1527 970 Ecclesiae
1567 911 1944 983 designantur.
2000 913 2144 969 Pro-

550 1009 718 1066 hibiti
749 1015 876 1065 sunt
906 1021 1032 1078 ergo
1057 1002 1324 1068 haeretici,
1351 1018 1421 1056 ne
1452 999 1713 1056 laederent
1745 1001 1931 1056 fenum
1964 1009 2140 1070 terrae,

551 1113 728 1173 neque
757 1112 919 1153 omne
950 1092 1150 1162 viride,
1203 1108 1379 1164 neque
1415 1107 1632 1146 omnem
1672 1091 1959 1158 arborem;
2017 1092 2145 1164 quia

550 1205 664 1247 non
693 1186 942 1260 permisit
970 1187 1138 1251 Deus,
1169 1192 1231 1240 ut
1261 1200 1353 1240 eos
1381 1183 1476 1255 qui
1507 1181 1845 1237 viriditatem
1878 1182 2007 1238 ﬁdei
2037 1183 2144 1239 ha-

547 1279 771 1346 bebant,
803 1276 860 1332 id
889 1284 988 1343 est,
1014 1275 1109 1349 qui
1136 1275 1299 1331 ﬁdem
1330 1291 1492 1347 quam
1523 1274 1944 1345 proﬁtebantur,
1967 1276 2140 1348 operi-

548 1367 653 1424 bus
681 1366 1001 1438 implebant,
1027 1381 1203 1437 neque
1231 1373 1446 1420 sanctos
1476 1363 1878 1434 praedicatores,
1904 1365 1997 1437 qui
2029 1380 2141 1419 non

549 1464 705 1514 erant
733 1456 904 1528 spinae
934 1455 1020 1510 vel
1048 1453 1264 1522 tribuli,
1288 1469 1357 1508 ex
1386 1451 1584 1525 quibus
1605 1467 1780 1525 neque
1802 1469 1942 1519 uvae,
1968 1468 2144 1524 neque

547 1551 689 1608 ﬁcus
717 1548 1080 1620 colliguntur;
1127 1545 1220 1602 sed
1251 1543 1434 1617 potius
1462 1542 1679 1598 arbores
1708 1543 1978 1598 bonorum
2019 1558 2141 1614 ope-

548 1656 673 1696 rum
705 1640 916 1695 fructus
943 1637 1197 1702 ferentes,
1231 1650 1299 1690 ex
1330 1633 1532 1706 quibus
1560 1631 1749 1687 ﬁdeles
1778 1632 1968 1704 populi
2007 1630 2142 1686 reﬁ-

546 1729 853 1796 ciebantur,
903 1723 1148 1782 haeretici
1178 1722 1525 1795 deciperent;
1582 1721 1728 1778 unde
1760 1731 1814 1778 et
1843 1721 2092 1794 sequitur
2123 1740 2135 1778 :

545 1818 666 1876 Nisi
693 1817 948 1882 homines,
969 1814 1062 1886 qui
1087 1830 1193 1868 non
1222 1812 1409 1869 habent
1435 1812 1642 1882 signum
1672 1811 1768 1867 Dei
1796 1811 1852 1866 in
1875 1811 2140 1882 frontibus

2257 640 2471 711 gloriae,
2505 640 2572 696 ad
2603 657 2767 713 quam
2796 657 2852 696 se
2881 643 3240 712 perventuros
3265 642 3518 707 credunt,
3550 644 3861 700 exsultant.

2258 729 2552 784 Possumus
2589 730 2753 785 etiam
2790 746 2886 801 per
2911 730 3155 803 quinque
3186 747 3401 787 menses
3446 748 3613 788 omne
3645 741 3865 806 tempus

2257 817 2426 890 hujus
2455 819 2646 874 mundi
2678 819 3003 891 intelligere;
3038 821 3248 892 primus
3279 839 3516 896 namque
3547 825 3762 881 mensis
3785 833 3864 880 est

2253 907 2321 962 ab
2361 907 2572 979 origine
2619 908 2810 964 mundi
2858 926 3029 982 usque
3075 910 3142 966 ad
3173 910 3471 980 diluvium,
3511 913 3800 970 secundus
3837 930 3865 969 a

2253 996 2468 1052 diluvio
2499 1015 2669 1071 usque
2694 999 2762 1054 ad
2793 999 3039 1071 Moysen,
3088 1001 3280 1057 tertius
3309 1019 3338 1057 a
3364 1003 3552 1075 Moyse
3576 1020 3765 1077 usque
3801 1003 3863 1060 ad

2252 1085 2450 1153 David,
2474 1094 2746 1157 quartusa
2769 1088 2946 1143 David
2978 1105 3150 1161 usque
3179 1089 3248 1146 ad
3288 1090 3594 1160 Christum,
3624 1093 3860 1165 quintus

2252 1189 2283 1228 a
2320 1173 2538 1230 Christo
2570 1192 2740 1249 usque
2765 1177 2833 1232 ad
2859 1178 3392 1234 consummationem
3434 1181 3648 1236 saeculi.
3713 1182 3778 1237 In
3799 1181 3862 1237 iis

2257 1278 2385 1334 ergo
2425 1263 2666 1336 quinque
2697 1266 2976 1322 mensibus
3006 1283 3196 1323 omnes
3227 1267 3585 1325 fabricatores
3606 1286 3861 1327 errorum

2250 1353 2585 1423 cruciantur,
2627 1355 2743 1411 sive
2791 1373 2854 1412 eo
2900 1358 3065 1414 modo
3118 1374 3227 1430 quo
3274 1359 3528 1430 superius
3584 1359 3861 1419 diximus.

2251 1442 2366 1498 sive
2408 1443 2555 1516 quod
2601 1443 2762 1500 falsas
2790 1445 3214 1503 adinventiones
3242 1463 3368 1504 suas
3403 1447 3598 1505 vident
3648 1466 3686 1506 a
3725 1451 3862 1507 veri-

2253 1539 2362 1588 tate
2385 1533 2651 1604 superari.

2321 1631 2672 1687 Etcruciatus
2689 1648 2869 1688 eorum
2893 1641 2951 1689 ut
2973 1635 3244 1691 cruciatus
3259 1637 3603 1708 scorpii,cum
3623 1639 3864 1710 percutit

2248 1722 2524 1780 hominem.
2555 1725 2812 1781 Diximus
2844 1725 3095 1798 superius
3116 1743 3212 1798 per
3232 1727 3549 1799 scorpiones
3567 1728 3863 1787 daemones

2249 1829 2362 1870 esse
2392 1813 2739 1888 designatos;
2795 1832 2922 1872 nam
2969 1817 3112 1873 sicut
3157 1819 3373 1890 scorpio
3411 1834 3608 1891 corpus
3672 1821 3862 1877 aculeo

545 1907 676 1964 suis.
723 1905 870 1973 Quid
894 1911 978 1961 est
998 1910 1180 1959 autem
1210 1903 1428 1973 signum
1461 1901 1580 1968 Dei,
1637 1899 1744 1956 nisi
1774 1900 2032 1969 chariIaS,
2073 1899 2140 1955 de
2172 1921 2218 1982 Β
2254 1908 2527 1976 vulnerat,
2585 1916 2647 1964 ut
2703 1924 2799 1980 per
2825 1909 3030 1964 vulnus
3063 1925 3338 1966 venenum
3371 1910 3740 1980 intromittat,
3774 1928 3862 1984 per

546 2012 654 2070 qua
682 1994 828 2052 idem
857 1994 1091 2050 Joannes
1119 1990 1386 2064 loquitur,
1415 1989 1606 2046 dicens
1631 2008 1642 2045 :
1687 2013 1706 2037 ι
1728 1991 1874 2046 Deus
1901 1989 2142 2046 charitas

546 2093 630 2143 est
669 2085 726 2158 (Ι
758 2085 915 2141 Joan.
948 2101 1027 2152 1v,
1059 2081 1163 2152 8)?
1188 2106 1206 2130 ›
1263 2081 1562 2136 Possumus
1590 2095 1721 2135 vero
1766 2094 1864 2150 per
1910 2080 2138 2148 frontes,

547 2191 668 2250 quae.
723 2174 1015 2248 qualitates
1072 2169 1340 2228 mentium
1387 2167 1687 2242 sepissime
1737 2167 2138 2236 demonstrant,

546 2265 715 2324 corda
761 2263 1116 2337 reproborum
1167 2260 1498 2332 intelligere.
1550 2260 1638 2316 Illi
1687 2275 1814 2331 ergo
1863 2259 2023 2314 facile
2071 2259 2139 2314 ab

547 2357 825 2414 haereticis
849 2353 1291 2426 decipiebantur,
1312 2351 1408 2424 qui
1429 2352 1648 2422 signum
1674 2349 1770 2405 Dei
1793 2348 1930 2417 vivi,
1959 2348 2016 2404 id
2032 2357 2132 2416 est,

546 2447 870 2505 charitatem
900 2445 956 2500 in
983 2443 1242 2500 cordibus
1269 2443 1387 2498 suis
1416 2457 1528 2497 non
1559 2437 1852 2496 habebant.

620 2541 802 2616 (Vers.
835 2540 915 2611 5.)
967 2541 1040 2596 Et
1083 2545 1396 2610 praeceptum
1449 2541 1521 2590 est
1571 2533 1702 2598 illis,
1739 2549 1803 2586 ne
1851 2533 2141 2588 occiderent

545 2649 647 2689 eos.
681 2629 839 2698 Quod
867 2628 1024 2690 dicit.
1055 2634 1368 2700 praeceptum
1395 2632 1469 2681 est
1495 2624 1626 2692 illis,
1651 2621 1872 2678 videtur
1902 2621 2038 2677 mihi
2069 2621 2138 2678 ad

546 2723 822 2780 daemones
848 2719 1154 2792 pertinere;
1185 2725 1336 2774 tanta
1365 2723 1446 2772 est
1481 2714 1628 2770 enim
1660 2712 1904 2785 nequitia
1927 2712 2134 2769 daemo-

545 2828 701 2880 num,
761 2817 822 2866 ut
859 2810 904 2865 si
930 2810 1036 2866 hoc
1073 2811 1219 2865 Deus
1247 2803 1602 2878 permisisset,
1647 2802 1833 2857 statim
1871 2809 1932 2857 ut
1969 2802 2134 2858 homo

546 2899 776 2956 mortale
802 2897 1019 2955 facinus
1047 2895 1374 2961 admisisset,
1431 2908 1556 2948 eum
1588 2890 1993 2947 interﬁcerent:
2037 2891 2130 2947 sed

545 2997 823 3062 exspectat
850 2992 997 3046 Deus
1034 2985 1286 3042 homines
1316 2983 1531 3054 impios,
1573 2991 1635 3037 ut
1683 2981 1980 3054 aliquando
2036 2999 2133 3054 per

545 3079 925 3152 pcenitentiam
955 3076 1022 3132 ad
1061 3090 1184 3131 eum
1219 3072 1441 3128 redeant
1482 3078 1535 3125 et
1564 3070 1864 3138 salvantur,
1915 3072 2030 3127 sive
2072 3079 2134 3127 ut

538 3167 677 3240 justi
708 3185 804 3240 per
832 3185 923 3224 eos
953 3164 1272 3237 probentur.
1312 3161 1448 3216 Nam
1491 3167 1543 3216 et
1571 3160 1876 3228 Psalmista,
1910 3177 2035 3218 cum
2067 3161 2133 3216 de

2252 1995 2398 2068 quod
2437 1996 2717 2053 hominem
2749 1997 3046 2055 interﬁciat
3078 2016 3092 2058 :
3134 1998 3210 2054 ita
3237 2007 3292 2055 et
3332 1999 3587 2056 diabolus
3623 2009 3734 2057 aut
3765 2001 3859 2069 ira,

2252 2092 2346 2140 aut
2403 2085 2675 2158 superbia,
2728 2094 2822 2142 aut
2859 2087 3111 2156 libidine,
3145 2095 3240 2144 aut
3272 2089 3460 2162 aliqua
3485 2090 3860 2147 delectatione

2251 2174 2458 2230 carnali
2509 2182 2747 2230 mentem
2775 2176 3051 2244 vulnerat,
3086 2184 3146 2232 ut
3174 2194 3272 2249 per
3295 2177 3402 2235 hoc
3429 2191 3720 2235 venenum
3755 2196 3859 2235 sua:

2251 2265 2476 2321 malitiae
2507 2265 2784 2336 infundat,
2815 2268 3166 2341 animamque
3199 2269 3493 2326 interﬁciat
3525 2270 3673 2342 (96).
3710 2269 3858 2328 Cru-

2249 2353 2425 2410 ciatus
2465 2371 2591 2427 ergo
2619 2355 2955 2413 locustarum
2985 2358 3186 2414 similis
3208 2374 3324 2414 esse
3345 2359 3619 2416 cruciatui
3641 2360 3854 2432 scorpii

2248 2446 2478 2515 dicitur;
2519 2448 2647 2520 quia
2688 2447 2933 2507 haeretici
2981 2451 3260 2506 imitantes
3290 2458 3498 2522 patrem
3532 2469 3709 2508 suum
3744 2453 3854 2508 dia-

2248 2533 2456 2602 bolum,
2489 2554 2586 2610 per
2638 2539 2784 2596 lenia
2838 2539 3004 2595 verba
3050 2547 3211 2610 atque
3269 2542 3574 2612 composita
3636 2550 3857 2599 mentes

2249 2623 2540 2683 hominum
2589 2627 2969 2699 imperitorum
3019 2626 3406 2695 vulnerabant,
3452 2643 3855 2705 venenumque

2247 2714 2332 2769 sui
2385 2717 2587 2773 erroris
2638 2713 3011 2783 infundentes,
3057 2729 3247 2769 eorum
3295 2716 3508 2773 animas
3547 2718 3852 2775 necabant.

2245 2802 2540 2859 Possumus
2567 2802 2765 2874 quippe
2788 2817 2886 2873 per
2913 2801 3223 2859 cruciatum
3245 2802 3557 2860 animarum
3591 2806 3852 2865 interfec-

2243 2893 2450 2948 tionem
2473 2892 2797 2963 intelligere.

2315 2991 2495 3063 (Vers.
2523 2989 2603 3060 6.)
2634 2992 2708 3045 Et
2744 2991 2800 3045 in
2827 2990 3005 3046 diebus
3033 2991 3146 3047 illis
3174 2998 3409 3063 quaerent
3437 2993 3676 3049 homines
3703 3012 3843 3050 mor-

2245 3084 2361 3146 tem,
2394 3085 2570 3134 etnon
2600 3078 2865 3134 invenient
2898 3096 3011 3135 eam
3037 3097 3054 3134 .·
3099 3087 3146 3136 et
3173 3081 3382 3152 cupient
3403 3081 3563 3151 mori,
3595 3090 3646 3138 et
3678 3084 3846 3156 fugiet

2239 3183 2383 3221 mors
2428 3167 2494 3222 ab
2541 3169 2630 3222 eis.
2683 3167 2809 3223 Haec
2850 3167 3121 3224 sententia
3149 3168 3216 3223 ad
3246 3169 3449 3224 electos
3476 3171 3748 3241 pertinet.
3785 3174 3844 3229 In

545 3258 735 3332 impiis
765 3259 1097 3340 loqueretur,
1131 3250 1452 3323 precabatur
1475 3249 1698 3340 dicens:
1728 3338 1736 3340 λ
1762 3274 1784 3340 «ν
1804 3249 1884 3340 νΝθ
1912 3251 2131 3307 occidas
2165 3279 2209 3340 α
2242 3255 2420 3309 diebus
2436 3256 2567 3324 illis,
2600 3255 2656 3311 id
2685 3264 2784 3324 est,
2816 3257 2875 3311 in
2903 3256 3098 3312 diebus
3127 3256 3328 3328 quibus
3347 3257 3638 3329 Evangelii
3673 3260 3846 3332 gratia

545 3366 658 3418 eos,
676 3365 744 3405 ne
761 3345 980 3420 quando
996 3332 1395 3396 obliviscantur
1423 3339 1611 3411 populi
1635 3338 1742 3393 mei
1765 3339 1939 3410 (Psal.
1973 3357 2128 3408 Lvm,

547 3438 662 3509 i2).
693 3461 712 3486 ι
774 3435 844 3489 Et
871 3434 929 3486 in
959 3429 1216 3486 Judicum
1247 3428 1389 3484 libro
1417 3428 1681 3500 scriptum
1713 3436 1812 3495 est,
1867 3428 1997 3500 quia
2039 3428 2135 3483 di-

547 3527 698 3585 misit
743 3527 888 3580 Deus
935 3521 1271 3580 Chananaeos
1327 3528 1381 3575 et
1426 3519 1770 3584 Philistaeos;
1832 3525 1894 3572 ut
1940 3518 1999 3572 in
2055 3518 2133 3574 eis

545 3615 887 3687 experiretur
914 3612 1102 3678 Israel,
1151 3617 1205 3666 et
1247 3608 1513 3664 haberent
1561 3608 1847 3664 scientiam
1889 3605 2132 3663 certandi

545 3720 670 3762 cum
701 3701 952 3757 hostibus
975 3700 1173 3772 (Judic.
1208 3716 1289 3766 nr,
1325 3698 1376 3763 1,
1414 3697 1494 3768 2).
1523 3697 1788 3768 Praecepit
1816 3712 1943 3768 ergo
1965 3698 2132 3762 Deus,

545 3794 604 3851 id
632 3801 731 3860 est,
755 3808 867 3848 non
898 3789 1145 3863 permisit
1174 3797 1236 3844 ut
1265 3789 1791 3855 exterminarentur,
1809 3787 1925 3842 sive
1946 3803 2136 3843 omnes

544 3883 812 3951 haeretici,
860 3882 976 3938 sive
1006 3896 1197 3936 omnes
1232 3878 1429 3950 impii;
1481 3885 1544 3933 ut
1577 3877 1845 3933 haberent
1868 3876 2008 3948 justi
2039 3894 2136 3950 per

544 3988 680 4048 quos
711 3971 1096 4044 probarentur,
1145 3969 1290 4026 sicut
1314 3982 1512 4024 aurum
1555 3966 1702 4039 quod
1731 3966 1996 4038 probatur
2041 3983 2137 4038 per

546 4065 750 4136 ignem.

614 4160 769 4217 Unde
825 4168 877 4215 et
918 4157 1198 4231 sequitur:
1261 4155 1362 4211 Sed
1387 4159 1448 4209 ut
1478 4154 1847 4210 cruciarentur
1873 4153 2136 4208 mensibus

544 4248 792 4320 quinque.
853 4247 954 4302 Per
994 4259 1208 4300 menses
1247 4243 1492 4314 quinque
1544 4256 1706 4296 omne
1743 4248 1961 4312 tempus
2006 4241 2134 4296 vitae

546 4334 848 4408 praesentis,
881 4332 1028 4406 quod
1056 4332 1115 4387 in
1144 4330 1389 4402 quinque
1425 4326 1680 4383 aetatibus
1712 4326 1988 4393 consistit,
2017 4343 2135 4399 pos-

545 4440 735 4482 sumus
767 4422 1093 4493 intelligere.
1124 4417 1308 4474 Prima
1340 4431 1575 4489 namque
1603 4423 1734 4471 aetas
1769 4423 1852 4472 est
1880 4416 2132 4485 infantia,

545 4513 784 4572 secunda
813 4510 1066 4585 pueritia,
1101 4506 1262 4564 tertia
1288 4503 1681 4573 adolescentia,
1713 4514 1905 4578 quarta
1926 4505 2138 4578 juven-

2243 3362 2338 3419 per
2377 3345 2698 3401 universum
2729 3344 2998 3400 mundum
3038 3345 3288 3418 refulget,
3339 3354 3574 3417 quierant
3603 3349 3844 3403 homines

2241 3441 2481 3490 mortem.
2509 3433 2794 3501 Quaerebat
2824 3433 3024 3489 Paulus
3045 3442 3276 3490 mortem
3308 3436 3693 3508 persequendo
3728 3438 3839 3493 Ec-

2242 3523 2464 3581 clesiam
2495 3523 2616 3592 Dei,
2647 3531 2700 3580 et
2730 3539 2840 3578 non
2871 3523 3086 3578 invenit
3115 3539 3234 3579 eam
3264 3542 3278 3591 ;
3312 3524 3442 3597 quia
3472 3524 3735 3583 Christus
3754 3528 3838 3600 qui

2243 3621 2325 3669 est
2356 3629 2546 3668 murus
2588 3612 3043 3686 impenetrabilis,
3073 3628 3130 3668 se
3165 3613 3250 3668 illi
3281 3613 3576 3685 objiciens,
3607 3632 3640 3672 a
3671 3626 3842 3673 morte

2245 3719 2407 3777 quam
2449 3703 2748 3776 quaerebat,
2800 3704 2868 3760 ad
2910 3704 3104 3771 vitam,
3139 3719 3260 3776 quae
3287 3712 3371 3760 est
3403 3704 3537 3776 ipse,
3572 3705 3841 3763 violenter

2244 3793 2484 3849 reduxit.
2515 3794 2760 3848 Fuerunt
2786 3799 2840 3848 et
2858 3792 2956 3847 alii
2988 3792 3173 3860 multi,
3215 3793 3310 3865 qui
3339 3795 3680 3867 quaesierunt
3707 3812 3840 3852 mor-

2243 3889 2354 3938 tem
2407 3889 2502 3938 aut
2539 3881 2841 3938 Ecclesiam
2891 3882 2993 3938 Dei
3043 3882 3436 3955 persequendo,
3501 3891 3596 3940 aut
3647 3894 3838 3942 caetera

2245 3971 2387 4026 mala
2432 3969 2772 4026 exercendo:
2824 3969 2920 4025 sed
2950 3971 3092 4042 fugit
3129 3988 3278 4028 mors
3304 3971 3372 4028 ab
3402 3971 3558 4044 ipsis,
3588 3975 3724 4048 quia
3752 3990 3839 4046 per

2243 4061 2687 4134 praedicationem
2735 4067 3049 4116 sanctorum
3099 4061 3167 4117 ad
3215 4063 3386 4119 vitam
3415 4071 3548 4120 sunt
3575 4065 3832 4122 revocati.

2243 4150 2352 4206 Nos
2396 4149 2558 4205 etiam
2601 4149 2865 4222 quosdam
2897 4149 3164 4220 vidimus,
3196 4152 3291 4225 qui
3317 4153 3657 4226 quaesierunt
3686 4171 3836 4210 mor-

2245 4248 2376 4307 tem,
2439 4246 2494 4294 et
2541 4254 2653 4294 non
2710 4237 3046 4295 invenerunt
3075 4257 3231 4309 eam;
3263 4249 3318 4298 et
3345 4243 3642 4315 cupierunt
3673 4243 3828 4311 mori,

2245 4335 2299 4382 et
2371 4327 2510 4399 fugit
2579 4344 2726 4385 mors
2791 4328 2857 4383 ab
2911 4327 3010 4384 eis.
3069 4329 3286 4387 Scimus
3351 4332 3501 4388 enim
3570 4332 3830 4405 quosdam

2244 4416 2432 4485 fuisse,
2479 4416 2573 4490 qui
2628 4417 2866 4488 amplius
2904 4434 3066 4490 quam
3111 4419 3401 4491 oportebat
3443 4423 3711 4478 saeculum
3753 4419 3830 4476 di-

2245 4505 2508 4578 ligentes,
2567 4507 2743 4562 multo
2793 4513 3038 4580 tempore
3090 4509 3392 4582 multisque
3451 4510 3636 4567 modis
3694 4509 3829 4566 labo-

544 4612 657 4673 tus,
689 4602 882 4676 quinta
906 4606 1192 4664 senectus;
1229 4595 1480 4670 quamvis
1506 4594 1697 4650 beatus
1728 4595 2042 4668 Gregorius,
2076 4605 2136 4652 ut
2167 4629 2216 4687 D
2247 4602 2458 4650 rassent
2489 4637 2504 4666 ,
2561 4603 2623 4651 ut
2673 4595 2874 4652 divites
2922 4596 3119 4653 ﬁerent
3143 4640 3159 4666 ,
3225 4598 3513 4687 cupientes
3573 4599 3827 4656 deliciose

547 4709 672 4752 cum
701 4708 799 4749 sex
823 4689 1072 4746 aetatibus
1094 4685 1288 4742 mundi
1315 4693 1501 4741 aetates
1521 4684 1810 4740 hominum
1832 4685 2135 4741 conforma-

546 4791 650 4850 ret,
702 4787 1036 4838 senectutem
1083 4778 1142 4833 in
1188 4777 1324 4833 duas
1358 4782 1536 4847 partes
1579 4774 1832 4830 diviserit
1879 4776 2019 4848 (95).
2075 4778 2138 4831 In

547 4871 790 4945 quinque
819 4885 946 4941 ergo
967 4866 1265 4932 mensibus,
1291 4865 1347 4920 id
1365 4872 1464 4934 est,
1486 4865 1542 4919 in
1559 4863 1713 4919 omni
1735 4873 1978 4934 tempore
2009 4865 2137 4920 vita:

547 4959 830 5034 praesentis
861 4975 974 5014 non
1000 4959 1181 5014 solum
1212 4954 1478 5024 haeretici,
1537 4953 1630 5009 sed
1676 4961 1730 5008 et
1759 4970 1950 5008 omnes
1979 4953 2138 5026 impii

547 5052 884 5109 cruciantur.
934 5049 1069 5105 Nam
1102 5047 1280 5102 velint
1307 5047 1509 5114 nolint,
1559 5061 1685 5101 cum
1716 5045 1802 5100 ad-
1819 5044 2138 5101 memoriam

548 5147 779 5197 mortem
809 5155 1134 5210 poenamque
1154 5154 1272 5209 quae
1297 5145 1526 5192 mortem
1551 5137 1820 5208 sequitur,
1846 5136 2136 5204 reducunt;

546 5228 801 5303 quamvis
829 5226 896 5282 de
925 5225 1380 5298 prosperitatibus
1405 5225 1592 5280 saculi
1623 5224 1917 5279 videantur
1953 5225 2138 5279 exsul-

547 5327 681 5387 tare,
716 5315 1034 5374 cruciantur
1061 5323 1245 5370 tamen
1276 5314 1628 5382 intrinsecus,
1677 5329 1745 5369 eo
1792 5312 1937 5387 quod
1962 5313 2140 5369 sciant

546 5423 605 5464 se
628 5423 728 5480 pro
765 5403 1066 5464 sceleribus
1113 5404 1227 5460 suis
1251 5404 1584 5460 mternaliter
1626 5421 1742 5461 esse
1793 5404 2136 5460 cruciandos.

546 5496 594 5553 E
621 5497 900 5556 contrario
920 5495 1079 5569 justi,
1112 5493 1363 5568 quamvis
1392 5495 1734 5551 extrinsecus
1761 5495 1996 5550 diversis
2026 5511 2139 5549 mo-

623 5619 740 5694 (95)
785 5620 1036 5694 Quamvis
1067 5620 1243 5677 beatus
1291 5620 1941 5694 Gregorius...diviserit,
1992 5636 2138 5679 com-

548 5692 987 5748 muni'omnium
1019 5710 1150 5748 mss.
1187 5692 1512 5749 auctoritate
1542 5693 1878 5749 vindicatur.

621 5761 740 5834 (96)
769 5762 854 5820 Ita
874 5769 922 5818 et
940 5763 1271 5820 diabolus....
1294 5766 1628 5835 animamque
1646 5764 1948 5834 interﬁciat,
1971 5764 2028 5820 in
2049 5781 2135 5822 co-

2245 4683 2433 4740 vivere
2463 4727 2477 4753 ,
2530 4691 2583 4740 et
2641 4685 2823 4741 carnis
2889 4691 3034 4748 539
3101 4702 3212 4742 sua;
3283 4686 3556 4744 desideria
3610 4687 3829 4760 perﬁce-

2246 4797 2304 4836 re
2337 4797 2348 4834 :
2403 4781 2519 4852 (97)
2567 4780 2658 4837 sed
2706 4797 2831 4837 cum
2862 4782 2929 4838 ad
2959 4781 3016 4837 id
3045 4781 3192 4854 quod
3230 4783 3514 4855 Optabam,
3548 4784 3826 4857 pervenire

2247 4886 2358 4926 non
2405 4878 2645 4942 possent,
2685 4879 2999 4944 respuentes
3039 4874 3227 4928 saeculi
3268 4874 3404 4930 falsa
3447 4875 3738 4946 promissa,
3766 4873 3826 4930 ad

2247 4959 2471 5016 divitias
2490 4962 2734 5016 caelestes
2752 4961 3114 5033 acquirendas
3126 4979 3182 5018 se
3205 4964 3752 5038 contulerunt,atque
3765 4963 3824 5019 ad

2247 5066 2433 5106 earum
2460 5050 2881 5122 perceptionem,
2915 5050 3058 5108 sicut
3078 5052 3376 5121 credimus,
3398 5053 3561 5109 bonis
3576 5055 3825 5126 operibus

2249 5138 2572 5207 insistendo,
2619 5140 2903 5210 pervenire
2952 5148 3291 5196 meruerunt.
3326 5139 3586 5197 Vidimus
3615 5143 3821 5198 nihilo-

2249 5228 2433 5283 minus
2479 5227 2740 5300 quosdam
2773 5229 3102 5284 monasteria
3145 5229 3454 5302 reliquisse,
3485 5238 3539 5286 et
3571 5231 3640 5287 ad
3672 5248 3821 5288 saecu-

2249 5318 2362 5372 lum
2394 5318 2670 5386 transisse,
2702 5326 2755 5374 et
2796 5317 2853 5372 in
2883 5317 3110 5374 servitio
3135 5318 3501 5392 quorumdam
3543 5319 3818 5377 hominum

2248 5407 2554 5480 potentium
2598 5423 2653 5462 se
2698 5406 3020 5476 tradidisse;
3057 5415 3118 5462 ut
3146 5415 3390 5463 terrenas
3419 5406 3649 5464 divitias
3675 5416 3821 5480 atque

2247 5497 2632 5569 possessiones,
2674 5513 2807 5569 quas
2861 5512 2956 5568 per
3011 5513 3069 5553 se
3122 5496 3323 5554 habere
3387 5513 3501 5554 non
3552 5505 3818 5572 poterant,

2248 5621 2368 5679 dice
2398 5622 2551 5679 Gem.
2586 5620 2943 5678 desideratur.

2321 5696 2435 5766 (97)
2469 5695 2668 5750 Omnes
2696 5693 2849 5761 edit.,
2874 5701 2946 5772 ut
2959 5694 3146 5772 carnis
3171 5712 3279 5751 sum
3321 5695 3585 5754 desideria
3613 5694 3820 5772 perﬁce-

2248 5772 2362 5821 rent
2383 5783 2404 5832 ;
2427 5781 2615 5822 omnes
2643 5781 2794 5834 mss.,
2828 5771 2886 5821 ut
2911 5765 3094 5823 divites
3112 5768 3313 5840 ﬁerent,
3347 5775 3450 5827 etc.
