3964 6408
150 457 250 519 941

1027 463 1485 521 BERENGAUDI
1523 463 1906 522 EXPOSlTIO
1947 463 2018 521 IN
2056 460 2560 522 APOCALYPSIN.

3338 467 3445 526 9&2

149 602 336 642 eorum
375 586 648 660 suffragiis
693 586 1003 645 obtinerent
1037 608 1048 646 :
1108 590 1202 646 sed
1255 607 1381 648 cum
1410 590 1479 647 ad
1504 590 1560 646 id
1591 590 1737 664 quod
1766 595 1816 654 Α
1855 590 2068 646 lierum.
2118 589 2221 646 Per
2271 590 2500 662 capillos
2539 587 2634 662 qui
2677 589 2794 645 sine
2848 603 3010 645 sensu
3053 589 3444 662 praciduntur,

150 673 552 746 desiderabant,
587 677 872 749 pervenire
893 693 1004 734 non
1034 687 1276 751 possent,
1306 680 1569 736 saculum
1601 679 1743 735 reli-

150 765 352 838 quisse,
401 775 455 822 et
512 767 579 822 ad
628 767 966 824 monasteria
1011 785 1109 824 sua
1163 768 1411 837 rediisse,
1473 777 1634 841 atque
1684 767 1743 823 in

147 853 310 911 bonis
345 856 602 928 operibus
647 858 816 914 vitam
867 859 1206 915 terminasse.
1265 860 1310 915 li
1367 877 1493 931 ergo
1519 859 1744 932 quasie-

149 956 280 1001 runt
307 955 560 1014 mortem,
602 955 655 1002 et
680 965 791 1003 non
819 949 1151 1004 invenerunt
1179 966 1332 1017 eam;
1369 957 1424 1004 et
1453 949 1747 1020 cupierunt

148 1033 311 1100 mori,
349 1043 396 1089 et
429 1033 570 1104 fugit
603 1052 747 1090 mors
776 1035 844 1091 ab
873 1038 971 1092 eis.
1010 1039 1088 1093 De
1118 1038 1321 1092 talibus
1350 1037 1624 1092 Dominus
1645 1036 1747 1098 sub

147 1123 328 1195 specie
371 1122 669 1179 Jerusalem
711 1125 780 1180 ad
827 1126 1149 1198 prophetam
1200 1125 1464 1198 loquitur,
1517 1125 1742 1181 dicens:

162 1236 181 1261 ι
208 1215 350 1270 Ecce
379 1230 477 1286 ego
508 1215 712 1288 sepiam
740 1216 884 1272 viam
917 1226 1065 1274 tuam
1094 1218 1286 1290 spinis,
1312 1225 1364 1273 et
1394 1218 1601 1289 sepiam
1629 1233 1746 1272 eam

148 1304 405 1372 maceria,
471 1312 524 1360 et
562 1305 783 1360 semitas
837 1323 960 1362 suas
1003 1323 1114 1362 non
1145 1306 1408 1362 inveniet.
1463 1307 1536 1361 Et
1562 1322 1746 1378 seque-

153 1398 242 1447 tur
270 1401 540 1448 amatores
569 1411 716 1462 suos,
739 1402 792 1449 et
821 1412 932 1450 non
963 1395 1334 1468 apprehendet
1361 1411 1486 1451 eos:
1518 1402 1746 1468 quaret,

148 1489 202 1537 et
236 1497 347 1536 non
382 1482 626 1539 inveniet
657 1500 748 1538 eos
781 1484 933 1555 (Osee
963 1502 1023 1554 11,
1057 1484 1108 1554 6,
1145 1485 1222 1552 7).
1263 1509 1281 1532 ι
1341 1485 1625 1540 Amatores
1655 1501 1749 1539 no-

148 1569 248 1625 stri
280 1578 407 1625 sunt
436 1571 708 1628 desideria
729 1573 970 1628 carnalia
997 1592 1007 1628 :
1035 1582 1304 1629 amatores
1335 1582 1552 1630 nostros
1571 1573 1750 1645 sequi-

149 1675 294 1727 mur,
328 1661 547 1733 quando
586 1660 645 1716 in
686 1660 791 1717 hoc
822 1661 1154 1730 laboramus,
1187 1670 1248 1718 ut
1278 1662 1603 1718 divitiarum
1633 1679 1750 1734 pos-

147 1764 388 1805 sessores
441 1750 764 1819 efﬁciamur,
823 1759 884 1806 ut
931 1750 1226 1809 habeamus
1284 1753 1430 1808 unde
1483 1751 1754 1809 desideria

146 1839 392 1896 carnalia
417 1843 752 1913 expleamus.
796 1843 1085 1900 Amatores
1122 1852 1338 1900 nostros
1366 1843 1669 1916 sequimur,
1700 1849 1756 1898 et

1854 694 2146 750 possumus
2167 679 2465 734 maximam
2499 677 2912 735 multitudinem
2934 678 3228 735 stultorum
3244 679 3447 736 intelli-

1855 785 2000 841 gere,
2049 769 2146 842 qui
2197 769 2264 825 ab
2314 768 2592 827 haereticis
2637 770 2796 827 facile
2844 769 3294 843 decipiebantur;
3321 769 3451 842 quia

1855 858 1999 913 sicut
2028 857 2214 929 capilli
2239 859 2449 930 absque
2485 858 2690 929 injuria
2717 857 3112 930 praciduntur,
3154 858 3232 912 ita
3273 865 3327 913 et
3357 857 3450 914 isti

1854 947 1922 1003 ab
1952 946 2199 1003 Ecclesia
2228 947 2347 1002 sine
2378 947 2564 1020 aliquo
2595 946 2888 1019 dispendio
2924 946 3137 1018 pracisi
3166 954 3313 1002 sunt.
3349 947 3452 1002 Per

1857 1036 2118 1091 mulieres
2148 1051 2279 1090 vero
2311 1035 2556 1092 diversas
2582 1035 2856 1092 Ecclesias
2901 1051 3190 1106 possumus
3232 1033 3453 1090 intelli-

1859 1139 2002 1196 gere.
2044 1123 2332 1180 Habebant
2362 1124 2533 1196 igitur
2562 1125 2784 1180 locustae
2815 1124 3042 1196 capillos
3062 1123 3205 1180 sicut
3225 1124 3453 1195 capillos

1857 1214 2155 1269 mulierum
2186 1231 2200 1281 ;
2232 1214 2361 1285 quia
2381 1214 2524 1270 sicut
2551 1223 2751 1271 sancta
2771 1212 3032 1270 Ecclesia
3059 1213 3154 1268 Dei
3179 1213 3454 1269 habebant

1859 1311 2069 1360 turmas
2097 1319 2240 1370 suas,
2273 1318 2393 1374 qua
2422 1302 2586 1358 certis
2605 1301 2943 1375 temporibus
2969 1301 3038 1356 ad
3066 1301 3256 1358 divina
3275 1300 3454 1358 ofﬁcia

1859 1391 2185 1449 celebranda
2229 1390 2617 1458 conﬂuebant;
2666 1390 2744 1447 ita
2790 1399 2843 1447 et
2891 1389 3133 1448 haretici
3180 1389 3456 1447 habebant

1860 1482 2092 1555 populos
2120 1481 2363 1550 insanos,
2394 1480 2490 1553 qui
2519 1480 2577 1535 in
2607 1479 2841 1536 diversis
2870 1479 3004 1536 locis
3032 1478 3454 1550 conveniebant,

1861 1589 1975 1629 non
2006 1573 2072 1629 ad
2103 1573 2366 1645 mysteria
2392 1573 2584 1628 divina
2616 1572 2757 1644 (98),
2786 1571 2880 1628 sed
2907 1571 2976 1627 ad
3007 1571 3280 1630 diabolica
3303 1573 3457 1629 cele—

1862 1661 2087 1718 branda.
2142 1663 2219 1718 Et
2262 1663 2436 1718 dentes
2482 1678 2666 1717 earum
2714 1660 2848 1716 sicut
2877 1661 3081 1716 leonum
3107 1667 3279 1719 erant.
3312 1661 3456 1719 Ofﬁ-

1866 1752 2016 1809 cium
2068 1750 2320 1808 dentium
2372 1759 2474 1820 est,
2513 1758 2575 1807 ut
2611 1750 2882 1824 quidquid
2927 1750 3074 1808 intra
3104 1767 3160 1807 se
3187 1751 3453 1824 ceperint,

1868 1842 2094 1900 terendo
2123 1849 2472 1913 consumant,
2499 1843 2632 1898 etin
2651 1842 2868 1899 foveam
2887 1841 3097 1899 ventris
3116 1841 3452 1915 demergant.

145 1945 262 1986 non
291 1931 773 2010 apprehendimus,
823 1934 1041 2007 quando
1082 1934 1460 1990 misericordia
1504 1933 1602 1990 Dei
1632 1933 1751 1989 im-
1784 1959 1832 2020 B
1868 1932 2164 1988 Possumus
2212 1949 2340 2005 ergo
2395 1949 2492 2006 per
2529 1933 2713 1988 leones
2767 1939 2821 1988 et
2867 1930 3057 1989 dentes
3084 1938 3457 2004 persecutores

145 2019 424 2092 pediente,
443 2020 510 2076 ad
533 2019 636 2078 hoc
654 2023 802 2096 quod
831 2024 1106 2082 inutiliter
1133 2025 1526 2095 desideramus,
1559 2040 1746 2097 perve-

145 2125 271 2164 Illl‘e
302 2125 414 2166 non
442 2126 752 2182 possumus.

224 2208 406 2279 (Vers.
425 2209 503 2281 7.)
533 2211 608 2266 Et
629 2211 1001 2268 similitudines
1033 2215 1354 2268 locustarum
1383 2211 1579 2267 similes
1606 2210 1749 2282 equis

138 2304 359 2370 paratis
416 2299 472 2352 in
508 2300 776 2369 pralium.
827 2302 929 2358 Per
971 2319 1140 2374 equos
1187 2318 1326 2374 saepe
1365 2301 1748 2374 pradicatores

145 2389 326 2444 sancti
355 2387 878 2461 designantur,sicut
899 2391 1153 2448 Habacuc
1174 2393 1437 2464 propheta
1456 2391 1513 2447 in
1531 2391 1747 2448 cantico

145 2493 250 2532 suo
281 2477 545 2549 loquitur,
589 2477 814 2535 dicens:
865 2505 883 2527 ι
913 2479 1073 2537 Viam
1104 2480 1283 2536 fecisti
1322 2482 1382 2536 in
1422 2481 1559 2536 mari
1593 2479 1749 2553 equis

147 2563 285 2632 tuis,
319 2564 378 2619 in
423 2564 540 2620 luto
569 2582 834 2638 aquarum
861 2569 1163 2623 multarum
1201 2569 1423 2640 (Habac.
1455 2586 1540 2636 111,
1571 2569 1683 2639 15).
1717 2592 1735 2616 ι

146 2653 315 2712 Viam
345 2653 478 2710 fecit
506 2657 651 2712 Deus
680 2656 738 2711 in
760 2657 897 2712 mari
928 2659 1083 2730 equis
1110 2659 1243 2726 suis,
1259 2658 1317 2713 in
1349 2660 1464 2713 luto
1484 2674 1746 2732 aquarum

143 2747 711 2822 multarum,quando
737 2750 900 2806 initio
930 2750 1058 2806 fidei
1079 2767 1268 2822 pacem
1285 2749 1493 2805 mundo
1520 2748 1750 2820 largitus

148 2845 238 2894 est
263 2856 276 2905 ;
319 2846 380 2893 ut
409 2841 642 2911 apostoli
681 2838 800 2910 ejus
830 2856 926 2911 per
955 2841 1241 2895 universas
1271 2848 1473 2911 gentes,
1506 2855 1626 2911 qua
1656 2853 1750 2908 per

150 2943 306 2982 mare
354 2937 408 2984 et
451 2929 628 2984 lutum
661 2929 958 3001 designata
985 2937 1134 2998 sunt,
1175 2938 1394 3001 possent
1419 2930 1749 2996 discurrere,

146 3026 204 3074 et
234 3017 447 3072 semina
478 3017 605 3072 ﬁdei
642 3034 911 3089 spargere.
943 3018 1088 3090 Equi
1117 3035 1244 3090 ergo
1270 3017 1368 3073 Dei
1398 3017 1466 3073 ad
1497 3017 1750 3088 pralium

145 3107 507 3180 parabantur,
552 3106 772 3177 quando
804 3108 1184 3179 pradicatores
1212 3107 1386 3162 sancti
1418 3115 1471 3162 et
1501 3106 1670 3162 verbo
1702 3113 1755 3162 et

146 3196 456 3251 virtutibus
484 3195 553 3250 ad
593 3195 696 3252 hoc
731 3196 1103 3264 armabantur,
1145 3205 1206 3252 ut
1233 3212 1403 3268 genus
1442 3196 1747 3251 humanum

1863 2026 2122 2083 Ecclesiae
2173 2026 2513 2098 intelligere:
2545 2041 2641 2097 per
2669 2025 2853 2082 leones
2882 2025 3106 2098 quidem
3137 2025 3412 2099 principes
3439 2040 3452 2079 ε

1859 2132 1955 2188 per
2000 2114 2192 2170 dentes
2234 2121 2418 2170 autem
2467 2129 2580 2183 eos,
2631 2113 2726 2186 qui
2758 2129 2946 2170 eorum
2979 2113 3214 2186 imperio
3243 2122 3462 2171 sanctos

1855 2203 1956 2261 Dei
2010 2202 2311 2259 laniabant.
2379 2203 2582 2258 Dentes
2640 2200 2809 2274 igitur
2865 2200 3251 2258 haereticorum
3311 2200 3457 2260 sicut

1858 2295 2081 2350 leonum
2154 2300 2309 2348 erant
2361 2310 2376 2360 ;
2461 2290 2590 2364 quia
2664 2290 2808 2348 sicut
2890 2291 3086 2364 pagani
3151 2291 3454 2350 Ecclesiam

1856 2384 1956 2440 Dei
2013 2381 2503 2456 persequebantur,
2551 2388 2606 2437 et
2653 2397 3010 2455 quoscunque
3048 2389 3322 2454 poterant,
3352 2389 3457 2438 ter-

1857 2471 2077 2528 roribus
2123 2480 2286 2545 atque
2314 2469 2654 2528 cruciatibus
2698 2470 2755 2525 in
2786 2471 3114 2542 perditionis
3134 2470 3454 2544 voraginem

1858 2561 2254 2633 implicabant;
2286 2559 2363 2616 ita
2391 2567 2445 2615 et
2465 2558 2707 2615 haretici
2737 2558 3001 2631 quosdam
3034 2566 3284 2632 potentes
3338 2558 3452 2615 ho—

1860 2651 2040 2707 mines
2071 2651 2177 2708 sibi
2208 2650 2504 2717 sociantes,
2537 2648 2840 2704 Ecclesiam
2873 2649 2976 2706 Dei
3018 2649 3290 2722 persecuti
3328 2660 3460 2709 sunt

1861 2740 2173 2812 multosque
2203 2755 2354 2795 more
2383 2737 2633 2794 dentium
2686 2737 2854 2794 minis
2905 2746 2959 2794 et
3003 2738 3458 2811 impressionibus

1863 2829 2117 2897 aﬂlictos,
2157 2827 2216 2883 in
2246 2835 2493 2884 ventrem
2524 2843 2635 2884 sua
2664 2826 2889 2884 malitia
2919 2826 3317 2886 demerserunt.

1939 2919 2124 2992 (Vers.
2156 2919 2237 2990 9.)
2261 2920 2334 2974 Et
2358 2935 2462 2973 vox
2473 2919 2688 2974 alarum
2708 2935 2917 2988 earum,
2937 2918 3071 2975 sicut
3087 2937 3191 2975 voa:
3210 2937 3464 2992 equorum

1866 3009 2154 3064 multorum
2192 3007 2520 3062 currentium
2563 3005 2621 3061 in
2649 3007 2860 3064 bellum.
2892 3007 3187 3066 Possumus
3229 3025 3324 3082 per
3351 3011 3463 3066 alas
3506 3039 3515 3049 -

1863 3097 2033 3154 verba
2067 3095 2455 3152 haereticorum
2487 3095 2793 3169 intelligere
2817 3115 2831 3166 ;
2864 3097 2993 3170 quia
3020 3098 3164 3154 sicut
3191 3100 3291 3155 ala
3311 3107 3462 3156 ater-

1865 3206 1926 3245 ra
1955 3205 2082 3244 aves
2110 3188 2442 3255 sublevant;
2473 3187 2550 3245 ita
2579 3186 2827 3245 haretici
2867 3188 2983 3245 suis
3010 3189 3245 3262 eloquiis
3274 3191 3463 3248 extol-

152 3285 227 3341 de
257 3292 524 3357 potestate
556 3284 764 3341 diaboli
804 3295 1076 3343 eruerent.
1115 3287 1361 3343 Locusta
1391 3303 1522 3342 vero
1547 3285 1758 3342 similes
1794 3324 1838 3384 G
1869 3277 2157 3334 lebantur:
2189 3294 2285 3350 per
2313 3293 2482 3350 equos
2513 3294 2643 3333 vero
2672 3276 3054 3349 pradicatores
3084 3277 3460 3351 designantur,

151 3373 318 3446 equis
350 3374 551 3445 paratis
580 3373 639 3429 in
670 3375 919 3446 praelium
949 3391 1064 3432 esse
1093 3375 1355 3431 dicuntur
1385 3394 1399 3444 ;
1461 3377 1590 3449 quia
1617 3376 1761 3433 sicut

151 3462 546 3536 praedicatores
577 3464 751 3520 sancti
782 3472 896 3520 tota
925 3465 1130 3520 virtute
1150 3465 1492 3534 laborabant,
1514 3475 1572 3522 ut
1601 3483 1757 3538 quos-

150 3569 378 3625 cunque
409 3563 648 3625 possent,
683 3554 750 3610 de
781 3555 989 3627 laqueis
1017 3555 1224 3611 diaboli
1259 3556 1530 3626 eriperent
1556 3573 1567 3610 :
1601 3556 1677 3611 ita
1705 3563 1758 3611 et

151 3642 407 3698 haretici
437 3643 505 3697 ad
528 3643 634 3699 hoc
662 3659 880 3714 semper
907 3643 1280 3712 armabantur,
1309 3651 1370 3699 ut
1401 3659 1756 3716 quoscunque

147 3737 381 3804 possent
417 3729 688 3803 decipere,
748 3731 806 3786 in
849 3731 1171 3788 barathrum
1215 3749 1326 3788 sua
1387 3731 1757 3789 damnationis

147 3823 529 3878 involverent.
562 3823 637 3876 Et
671 3838 829 3892 super
857 3821 1032 3892 capita
1061 3838 1245 3877 earum
1274 3829 1523 3892 tanquam
1551 3841 1759 3881 corona

145 3912 359 3967 similes
386 3929 543 3966 auro.
587 3909 738 3982 Saepe
765 3927 859 3982 per
890 3927 1085 3966 aurum
1117 3911 1385 3984 sapientia
1414 3912 1750 3984 designatur,

144 4001 299 4059 sicut
328 3989 578 4074 superius
591 4000 705 4072 jam
736 4001 982 4057 diximus
1006 4019 1018 4068 ;
1053 4017 1149 4072 per
1166 4018 1396 4058 coronas
1416 4002 1752 4058 locustarum

143 4091 422 4164 sapientia
469 4090 744 4148 sacularis
773 4092 1102 4148 ostenditur.
1152 4091 1380 4149 Corona
1407 4092 1577 4163 igitur
1608 4093 1752 4148 locu-

141 4189 360 4238 starum
405 4198 600 4237 aurum
635 4181 764 4254 ipsa
801 4198 913 4238 non
944 4189 1117 4249 erant,
1179 4181 1274 4238 sed
1325 4179 1752 4237 similitudinem

137 4271 275 4328 auri
331 4270 648 4338 habebant;
707 4271 837 4344 quia
884 4271 1151 4342 sapientia
1208 4270 1506 4339 sacularis,
1552 4271 1610 4326 in
1646 4287 1754 4344 qua

136 4358 401 4415 haretici
431 4358 670 4413 maxime
694 4358 1264 4426 conﬁdebant,aurum
1297 4376 1408 4415 non
1434 4359 1630 4428 erat,id
1647 4367 1747 4429 est,

133 4445 422 4520 sapientia
448 4463 462 4514 ;
516 4445 610 4502 sed
641 4445 824 4517 potius
852 4447 1106 4514 stultitia,
1137 4447 1281 4503 sicut
1315 4447 1450 4505 dicit
1470 4450 1750 4520 apostolus

136 4536 354 4594 Paulus
382 4554 394 4591 :
454 4561 471 4584 ι
509 4535 790 4607 Sapientia
817 4533 984 4607 hujus
1011 4535 1195 4592 saculi
1226 4537 1462 4594 stultitia
1493 4546 1574 4594 est
1601 4537 1748 4613 apud

135 4629 327 4685 Deum
363 4624 419 4696 (Ι
445 4626 571 4682 Cor.
606 4624 821 4697 111,19).
856 4649 874 4672 ι

1868 3375 2011 3431 sicut
2056 3374 2306 3447 superius
2342 3373 2458 3445 jam
2523 3373 2790 3430 diximus.
2849 3373 2975 3431 Vox
3027 3373 3198 3447 igitur
3249 3375 3462 3434 alarum

1872 3466 2210 3522 locustarum
2246 3471 2362 3520 erat
2392 3463 2535 3520 sicut
2572 3479 2684 3518 vox
2713 3479 2978 3536 equorum
3008 3464 3312 3520 multorum
3341 3481 3461 3522 cur-

1868 3555 2110 3611 rentium
2137 3554 2195 3609 in
2222 3554 2468 3621 bellum;
2519 3552 2648 3626 quia
2675 3553 2820 3608 sicut
2855 3552 3238 3626 pradicatores
3284 3556 3462 3614 sancti

1867 3661 2028 3702 voces
2062 3642 2518 3715 praedicationum
2554 3641 2895 3710 emittebant,
2927 3658 3054 3699 cum
3089 3652 3374 3716 pergerent
3391 3645 3462 3703 ad

1865 3735 2074 3792 bellum
2103 3743 2294 3791 contra
2322 3733 2624 3804 diabolum,
2651 3743 2714 3792 ut
2741 3752 2910 3809 genus
2938 3737 3242 3793 humanum
3271 3737 3339 3794 de
3367 3754 3460 3812 po-

1866 3838 2060 3888 testate
2089 3829 2208 3902 ejus
2238 3829 2574 3888 liberarent:
2609 3831 2686 3886 ita
2731 3839 2786 3887 et
2821 3828 3065 3888 haretici
3103 3830 3461 3904 circumqua-

1866 3936 1972 3993 que
2011 3918 2415 3985 discurrebant,
2445 3919 2638 3977 falsam
2681 3919 2989 3976 doctrinam
3031 3919 3366 3993 spargendo;
3397 3930 3461 3979 ut

1865 4024 2224 4082 quoscunque
2271 4017 2512 4082 possent,
2551 4009 2884 4082 deciperent,
2915 4015 2971 4066 et
3006 4007 3228 4066 diabolo
3256 4009 3459 4083 subju—

1864 4105 2070 4170 garent.

1935 4188 2118 4260 (Vers.
2161 4187 2275 4260 10.)
2325 4189 2399 4243 Et
2449 4186 2705 4244 habebant
2751 4189 2948 4246 caudas
2991 4189 3186 4246 similes
3230 4191 3456 4264 scorpio-

1861 4293 2009 4346 num,
2049 4284 2096 4333 et
2140 4276 2312 4333 aculei
2353 4283 2506 4332 erant
2550 4277 2608 4332 in
2651 4278 2836 4335 caudis
2878 4296 3080 4335 earum.
3125 4279 3292 4336 Isaias
3333 4297 3456 4354 pro-

1861 4366 2026 4440 pheta
2051 4367 2187 4426 dicit
2220 4369 2350 4442 quia
2367 4369 2632 4442 propheta
2656 4368 2858 4428 docens
2888 4371 3257 4440 mendacium,
3281 4371 3456 4428 cauda

1861 4464 1942 4513 est
1975 4459 2110 4530 (Isa.
2141 4476 2221 4527 1x,
2267 4460 2379 4532 15).
2413 4459 2666 4517 Haretici
2709 4477 2836 4532 ergo
2863 4461 2958 4534 qui
2988 4469 3209 4533 propter
3241 4462 3450 4518 notiam

1859 4547 2177 4604 divinarum
2199 4551 2603 4623 Scripturarum
2623 4551 2915 4624 prophetas
2942 4567 2998 4606 se
3018 4567 3132 4607 esse
3152 4551 3446 4608 aestimant.

1858 4656 1968 4695 non
2002 4639 2457 4697 iuconvenienter
2472 4640 2662 4698 caudis
2677 4639 3028 4710 scorpionum
3051 4640 3444 4710 assimilantur,

214 4725 298 4781 Et
322 4722 484 4793 facies
527 4739 731 4790 earum,
789 4722 921 4777 sicut
946 4720 1108 4792 facies
1145 4723 1431 4780 hominum.
1466 4725 1642 4780 Homo
1667 4741 1748 4780 ra-
1779 4707 1827 4765 D
1857 4731 1986 4802 quia
2040 4747 2227 4786 eorum
2281 4729 2530 4786 doctrina
2570 4729 2706 4785 falsa
2750 4738 2865 4785 erat
2892 4735 2946 4784 et
2974 4745 3265 4799 venenosa,
3298 4729 3445 4787 unde

134 4814 356 4873 tionale
385 4823 465 4870 est
502 4813 709 4868 animal
743 4831 753 4868 :
788 4828 883 4885 per
912 4812 1104 4870 faciem
1131 4830 1261 4869 vero
1291 4814 1580 4870 hominum
1601 4814 1745 4870 divi-

133 4921 345 4961 narum
368 4903 778 4974 Scripturarum
812 4901 1097 4959 scientiam
1129 4903 1436 4976 intelligere
1458 4920 1745 4976 possumus

132 5010 316 5070 quam
348 4992 590 5049 haretici
626 4991 824 5048 habere
846 4991 1162 5060 studebant,
1183 5001 1245 5049 ut
1261 5010 1356 5064 per
1374 5010 1491 5049 eam
1523 4994 1742 5051 facilius

131 5082 427 5152 simplices
458 5099 702 5155 quosque
731 5081 1062 5154 deciperent.
1097 5082 1344 5140 Locusta
1383 5082 1551 5153 igitur
1577 5084 1742 5141 facies

130 5172 440 5231 hominum
481 5170 680 5227 habere
727 5170 1075 5239 videbantur,
1127 5170 1221 5226 sed
1267 5171 1575 5228 similitudo
1603 5181 1736 5242 erat,

129 5279 256 5321 non
286 5261 517 5329 veritas;
542 5262 670 5334 quia
691 5261 934 5317 haretici
964 5259 1294 5317 videbantur
1319 5261 1540 5333 quidem
1566 5263 1737 5319 scien-

127 5356 282 5412 tiam
334 5351 532 5408 habere
575 5353 887 5409 divinarum
919 5353 1324 5426 Scripturarum
1359 5369 1371 5406 :
1422 5354 1516 5410 sed
1547 5355 1736 5426 procul

124 5467 161 5507 a
191 5444 434 5502 veritate
458 5444 754 5514 distabant,
795 5444 924 5518 quia
980 5461 1098 5502 eam
1137 5460 1250 5501 non
1279 5451 1424 5502 recte
1451 5444 1736 5519 intellige-

122 5536 300 5596 bant.

208 5625 401 5700 (Vers.
443 5625 523 5699 8.)
571 5625 644 5682 Et
672 5625 924 5684 habebant
951 5623 1171 5700 capillos
1201 5625 1333 5682 sicut
1360 5624 1580 5698 capillos
1606 5640 1734 5682 mu—

1857 4825 1910 4874 et
1937 4820 2154 4875 aculeos
2176 4820 2233 4874 in
2264 4819 2453 4876 caudis
2482 4817 2737 4875 habuisse
2767 4816 3049 4874 dicuntur.
3079 4819 3182 4874 Per
3227 4819 3444 4877 aculeos

1853 4925 2089 4982 namque
2119 4908 2492 4980 blasphemia,
2525 4923 2658 4979 quas
2695 4905 2753 4960 in
2785 4903 2994 4961 divinis
3035 4904 3333 4978 Scripturis
3360 4907 3441 4966 in-

1850 4999 2257 5067 termiscebaut,
2289 4996 2664 5067 designantur.
2691 4994 2763 5052 Et
2781 4995 2923 5052 sicut
2943 4996 3157 5069 scorpio
3178 4994 3443 5054 innoxius

1850 5095 2010 5155 esset,
2041 5087 2087 5143 si
2115 5088 2337 5143 aculeus
2350 5085 2559 5141 deesset
2578 5103 2590 5150 ;
2617 5084 2694 5141 ita
2713 5091 2767 5140 et
2791 5084 3042 5141 doctrina
3057 5085 3438 5143 hareticorum

1848 5176 1991 5232 bona
2035 5184 2193 5242 esset,
2255 5175 2302 5230 si
2346 5173 2489 5230 hanc
2540 5173 2898 5245 blasphemiis
2965 5190 3077 5230 non
3149 5174 3435 5232 fadarent.

1847 5267 2083 5322 Potestas
2137 5281 2322 5319 earum
2369 5281 2549 5319 nocere
2578 5264 2873 5319 hominibus
2902 5263 3162 5320 mensibus
3187 5264 3434 5335 quinque.

1846 5353 1991 5424 Quid
2019 5354 2131 5410 sint
2167 5369 2377 5409 menses
2407 5353 2650 5427 quinque
2679 5352 2931 5426 superius
2958 5352 3168 5408 dictum
3191 5359 3290 5408 est.

1919 5442 2099 5514 (Vers.
2146 5442 2258 5514 11.)
2290 5444 2365 5498 Et
2407 5442 2665 5498 habebant
2709 5459 2866 5512 super
2911 5458 2962 5496 se
2988 5457 3156 5512 regem
3191 5441 3437 5512 angelum

1843 5533 2038 5605 abyssi,
2067 5533 2151 5588 cui
2171 5549 2354 5588 nomen
2375 5533 2625 5588 Hebraiee
2648 5532 2927 5596 Abaddon,
2953 5531 3127 5587 Graec
3146 5531 3433 5603 Apollyon,

1841 5629 1892 5679 et
1938 5624 2124 5680 Latine
2177 5624 2328 5680 habet
2393 5640 2580 5680 nomen
2624 5621 3026 5680 Exterminans.
3083 5619 3306 5680 Certum
3352 5628 3436 5680 est

206 5851 336 5926 (98)
372 5847 548 5921 Edit.,
574 5848 646 5908 ad
673 5849 966 5910 ministeria
993 5849 1193 5922 divina,
1225 5855 1313 5911 sed
1339 5852 1410 5910 ad
1439 5851 1701 5911 diabolica
1734 5851 1900 5926 ofﬁcia-
1927 5868 1948 5917 ;
1971 5867 2102 5908 mss.
2139 5857 2321 5907 autem
2361 5857 2422 5906 ut
2452 5848 2510 5904 in
2538 5852 2820 5907 contextu.
