3964 6374
581 458 689 515 943
856 498 863 507 ι
1600 461 1697 516 AD
1734 459 1968 517 OPERA
2004 460 2061 517 S.
2103 460 2435 519 AMBROSII
2471 461 2849 521 APPENDIX.
3274 522 3277 523 ν
3785 461 3899 523 944

580 581 843 641 omnibus
885 581 1270 641 haereticorum
1331 583 1637 659 principem
1688 603 1805 645 esse
1865 587 2167 659 diabolum,
2199 591 2250 652 Α
2285 605 2397 646 non
2426 598 2696 664 poterant,
2750 606 2881 665 pace
2934 590 3088 664 ligati
3118 599 3267 661 sunt,
3315 599 3478 667 atque
3507 592 3577 650 ab
3606 592 3897 651 effusione

579 672 726 731 sicut
769 672 1041 730 Dominus
1090 672 1228 730 dicit
1253 672 1322 730 ad
1358 673 1491 731 Job:
1540 699 1559 723 ι
1605 677 1725 749 Ipse
1765 686 1846 735 est
1893 678 2040 735 enim
2069 694 2170 736 rex
2276 680 2558 753 sanguinis
2614 679 2882 753 prohibiti
2929 688 3076 738 sunt.
3125 679 3389 754 Praecepit
3416 698 3548 756 ergo
3586 699 3726 753 vox,
3765 699 3895 758 qua:

579 777 744 836 super
788 777 979 819 omnes
1009 760 1155 819 ﬁlios
1183 762 1452 836 superbia
1485 764 1605 836 (Job
1644 782 1759 834 xu,
1793 766 1916 839 25.);
1957 791 1976 816 ι
2020 767 2167 824 unde
2274 773 2537 843 processit
2565 788 2597 828 a
2623 779 2859 843 quatuor
2885 769 3145 828 cornibus
3173 771 3360 828 altaris
3387 772 3559 841 aurei,
3593 781 3766 831 sexto
3796 789 3894 830 an-

577 861 633 913 et
670 854 1065 913 exterminator
1107 861 1354 924 vocatur,
1385 871 1449 911 eo
1495 856 1642 930 quod
1670 857 2066 915 exterminator
2094 859 2165 917 sit
2274 860 2393 931 gelo
2433 862 2527 933 qui
2556 859 2791 916 habebat
2819 860 3026 930 tubam,
3080 867 3142 917 ut
3185 862 3421 919 solveret
3449 870 3693 937 quatuor
3718 878 3893 937 ange-

576 945 746 1005 totius
771 942 1055 1002 bonitatis.
2271 948 2384 1016 los;
2419 950 2544 1023 quia
2574 950 2823 1007 doctrina
2840 950 3126 1023 Evangelii
3143 950 3248 1008 hoc
3263 952 3520 1026 praecepit
3548 954 3889 1027 praedicato-

646 1036 828 1111 (Vers.
873 1035 961 1105 12,
1009 1033 1121 1107 13.)
1179 1032 1265 1093 Vw
1288 1049 1451 1091 unum
1503 1034 1656 1102 abiit,
1704 1042 1753 1093 et
1800 1054 1905 1094 ecce
1948 1039 2164 1096 veniant

570 1127 742 1185 adhuc
774 1126 878 1183 duo
922 1142 1017 1182 oce.
1065 1126 1140 1181 Et
1165 1130 1342 1181 sextus
1388 1127 1604 1198 angelus
1655 1126 1777 1183 tuba
1822 1128 2020 1185 cecinit.
2058 1130 2160 1186 Per

569 1226 789 1278 sextum
817 1217 1072 1291 angelum
1103 1226 1374 1291 martyres
1402 1218 1798 1291 designantur:
1833 1227 2020 1277 sextus
2048 1237 2157 1277 an-

568 1310 722 1384 gelus
740 1307 873 1367 tuba
898 1306 1120 1377 cecinit,
1157 1307 1286 1381 quia
1315 1316 1582 1382 martyres
1611 1306 1816 1365 Christi
1847 1310 2155 1367 doctrinam

564 1406 696 1467 ﬁdei
772 1406 1089 1465 inﬁdelibus
1134 1407 1585 1481 propinaverunt.
1650 1407 1795 1465 640
1852 1413 1926 1468 Et
1977 1410 2161 1465 audivi

565 1514 739 1557 vocem
784 1516 946 1556 unam
988 1516 1053 1555 ea:
1091 1500 1337 1554 cornibus
1373 1499 1567 1555 altaris
1614 1500 1786 1569 aurei,
1819 1500 1958 1571 quod
1996 1507 2071 1555 est
2104 1499 2161 1554 in

2272 1039 2425 1097 ribus
2463 1040 2617 1097 verbi
2664 1041 2784 1110 Dei,
2836 1049 2899 1098 ut
2936 1043 3108 1100 nullis
3137 1043 3324 1113 minis,
3358 1044 3527 1102 nullis
3561 1045 3888 1104 terroribus

2269 1128 2559 1187 hominum
2587 1130 2884 1204 impiorum
2910 1139 3238 1204 terreantur,
3271 1142 3334 1190 ut
3351 1143 3564 1192 cessent
3592 1136 3664 1193 ab
3684 1136 3891 1195 ofﬁcio

2268 1220 2693 1294 praedicationis,
2737 1222 2880 1280 sicut
2922 1222 3191 1280 Dominus
3246 1224 3382 1282 dicit
3418 1225 3476 1281 in
3506 1225 3835 1300 Evangelio
3873 1243 3885 1285 :

2282 1336 2299 1359 ι
2327 1313 2509 1369 Nolite
2549 1313 2742 1370 timere
2788 1328 2879 1369 eos
2907 1312 3001 1385 qui
3056 1312 3318 1371 occidunt
3348 1332 3566 1389 corpus,
3619 1318 3885 1374 animam

2268 1412 2448 1460 autem
2481 1418 2591 1459 non
2619 1410 2849 1476 possunt
2876 1402 3124 1460 occidere
3156 1404 3368 1477 (Matth.
3401 1422 3458 1476 x,
3491 1406 3610 1481 28).
3636 1431 3656 1455 ι
3698 1408 3887 1480 Impe-

2266 1502 2472 1550 ratores
2501 1492 2701 1567 quippe
2744 1494 3114 1551 Romanorum
3146 1503 3199 1551 et
3239 1494 3422 1552 caeteri
3452 1495 3743 1569 principes
3774 1503 3887 1554 ter-

2266 1600 2357 1653 rae,
2390 1600 2515 1640 cum
2546 1582 2797 1668 viderent
2837 1583 3158 1657 religionem
3210 1584 3581 1642 Christianam
3614 1586 3884 1660 quotidie

2266 1677 2473 1748 augeri,
2516 1684 2570 1732 et
2597 1676 2869 1733 culturam
2900 1676 3175 1734 idolorum
3206 1678 3483 1749 evacuari,
3515 1679 3885 1737 interminati

562 1761 830 1841 signatur.
855 1766 1101 1834 Quatuor
1120 1782 1246 1838 ergo
1261 1765 1666 1823 cornuaaltaris
1682 1773 1915 1839 quatuor
1930 1782 2155 1840 evange-
2265 1775 2394 1823 sunt
2449 1774 2681 1823 mortem
2728 1766 2986 1825 omnibus
3033 1768 3128 1842 qui
3181 1767 3463 1826 Christum
3493 1772 3757 1828 colerent
3788 1779 3883 1828 aut

562 1858 719 1915 listas
730 1855 1138 1914 demonstrant:
1163 1871 1350 1913 vocem
1369 1872 1497 1929 ergo
1518 1872 1682 1912 unam
1703 1873 1771 1913 ex
1790 1864 2025 1931 quatuor
2038 1875 2154 1914 cor-
2263 1856 2643 1930 praedicarent.
2678 1857 2876 1915 Sextus
2904 1874 3032 1930 ergo
3060 1859 3306 1931 angelus,
3338 1859 3395 1916 id
3429 1867 3533 1930 est,
3566 1871 3878 1936 martyres,

558 1951 725 2009 nibus
745 1949 932 2007 altaris
948 1947 1099 2007 aurei
1132 1947 1347 2005 audisse
1377 1964 1433 2005 se
1453 1947 1618 2017 dicit;
1643 1946 1771 2022 quia
1790 1964 1898 2004 una
1920 1956 2000 2005 est
2020 1948 2157 2007 ﬁdes
2184 1968 2230 2030 Β
2263 1954 2499 2019 quatuor
2540 1947 2781 2020 angelos,
2826 1946 2884 2004 id
2913 1956 3012 2017 est,
3042 1958 3415 2020 persecutores
3441 1966 3569 2007 suos
3588 1952 3676 2024 (1)
3716 1952 3878 2024 quasi

558 2052 672 2101 una
687 2041 941 2100 doctrina
956 2031 2145 2115 quamquatuorlibriEvangeliOrumdocent.
2260 2038 2571 2106 solverunt;
2594 2054 2718 2095 cum
2749 2046 2971 2111 propter
2999 2038 3423 2112 insuperabilem
3442 2040 3877 2114 evangelizandi

633 2133 814 2206 (Vere.
865 2130 978 2204 lh.)
1021 2130 1162 2199 Quid
1217 2138 1397 2187 autem
1443 2128 1561 2187 haec
1596 2145 1709 2185 vox
1755 2135 1911 2186 sexto
1956 2130 2146 2203 angelo
2258 2130 2624 2186 constantiam
2652 2130 2720 2188 ad
2742 2132 3144 2206 persequendos
3172 2150 3265 2191 eos
3292 2141 3762 2192 searmaverunt.

558 2223 729 2295 dicat,
760 2221 1073 2280 manifestat
1101 2217 1423 2277 subdendo:
1466 2218 1625 2288 Vade,
1665 2225 1713 2275 et
1739 2220 1879 2275 solve
1916 2225 2148 2290 quatuor
2332 2221 2515 2290 (Vers.
2577 2221 2689 2294 15.)
2752 2222 2903 2279 Unde
2957 2230 3011 2279 et
3058 2224 3307 2297 sequitur
3353 2241 3367 2281 :
3416 2225 3490 2281 Et
3542 2225 3720 2281 soluti
3755 2230 3880 2279 sunt

555 2318 791 2390 angelos,
821 2314 914 2388 qui
940 2313 1151 2386 alligati
1177 2318 1300 2369 sunt
1327 2311 1385 2367 in
1398 2309 1613 2383 ﬂumine
1634 2327 1821 2383 magno
1844 2308 2139 2379 Euphrate.
2256 2316 2489 2380 quatuor
2540 2310 2732 2381 angeli,
2791 2311 2887 2381 qui
2920 2312 3109 2384 parati
3133 2319 3288 2369 erant
3313 2312 3371 2368 in
3400 2315 3607 2383 horam,
3639 2320 3697 2370 et
3736 2313 3877 2371 diem

554 2402 802 2464 Primum
850 2403 1100 2462 dicamus
1152 2400 1286 2477 quid
1334 2402 1445 2460 sint
1491 2407 1724 2474 quatuor
1774 2398 1976 2472 angeli,
2008 2397 2143 2473 quid
2256 2404 2303 2455 et
2331 2415 2575 2465 mensam,
2608 2405 2658 2454 et
2680 2416 2903 2467 annum,
2959 2406 3018 2455 ut
3068 2400 3421 2474 interﬁcerent
3479 2403 3703 2459 tertiam
3742 2420 3875 2476 par-

553 2495 796 2564 vincula,
837 2493 973 2569 quid
1018 2492 1366 2566 Euphrates;
1417 2498 1470 2548 et
1500 2498 1686 2563 postea
1715 2506 1815 2547 cur
1851 2496 2007 2545 sexto
2036 2503 2146 2544 an-
2256 2493 2353 2544 tem
2405 2488 2693 2545 hominum.
2746 2487 2924 2545 Soluti
2989 2496 3119 2545 sunt
3185 2498 3422 2562 quatuor
3468 2492 3681 2563 angeli,
3745 2492 3874 2566 quia

550 2586 670 2660 gelo
690 2581 1436 2659 praecipiatEvangelium,ut
1455 2580 1633 2638 solvat
1650 2574 1883 2655 quatuor
1898 2579 2140 2652 angelos,
2254 2575 2414 2650 impii
2451 2575 2725 2645 homines,
2772 2592 2906 2649 pace
2951 2576 3182 2649 abjecta,
3234 2577 3597 2651 manibusque
3630 2580 3871 2649 solutis,

2256 2684 2392 2743 quas
2431 2685 2540 2743 pax
2576 2668 2914 2741 alligaverat,
2946 2669 3215 2743 persecuti
3253 2678 3383 2727 sunt
3420 2671 3709 2744 populum
3750 2673 3868 2731 Dei.

2256 2758 2413 2828 Quod
2442 2766 2624 2815 autem
2653 2757 2790 2816 dicit
2821 2774 2833 2813 :
2884 2759 3075 2815 Parati
3101 2765 3274 2829 erant,
3326 2758 3627 2833 impiorum
3663 2760 3872 2820 homi-

2253 2868 2385 2909 num
2411 2851 2748 2908 voluntatem
2770 2849 3132 2918 demonstrat;
3157 2850 3288 2924 quia
3316 2858 3609 2925 antequam
3632 2857 3870 2927 tempus

2251 2940 2647 3014 persecutionis
2676 2939 2909 3008 veniret,
2922 2947 3052 2997 voto
3082 2941 3256 3012 parati
3284 2947 3458 3009 erant,
3492 2947 3554 2996 ut
3576 2943 3862 3014 populum

2249 3029 2350 3087 Dei
2405 3029 2795 3087 interﬁcerent.
2850 3028 2990 3086 Sane
3031 3028 3195 3085 tertia
3243 3045 3367 3102 pars
3411 3028 3740 3100 hominum,
3803 3039 3864 3088 ut

548 3122 697 3182 tubae
728 3121 871 3177 sexti
897 3118 1077 3193 angeli
1116 3126 1350 3192 quatuor
1388 3114 1566 3188 angeli
1596 3114 1655 3170 in
1684 3111 1911 3169 ﬂumine
1940 3127 2137 3184 magno
2249 3120 2500 3192 superius
2530 3118 2740 3176 dictum
2779 3128 2881 3190 est,
2911 3121 3111 3177 electos
3157 3118 3453 3192 signiﬁcat.
3496 3119 3675 3176 Porro
3713 3120 3863 3195 quod

546 3209 832 3286 Euphrate
880 3207 1088 3281 alligati
1136 3223 1251 3265 esse
1305 3206 1638 3263 referuntur.
1688 3202 1954 3259 Eamdem
2009 3217 2137 3274 ergo
2248 3208 2307 3265 in
2337 3208 2551 3278 horam,
2600 3217 2653 3265 ei
2682 3209 2851 3279 diem,
2882 3218 2937 3266 et
2961 3225 3226 3279 mensem,
3260 3216 3314 3266 ει
3351 3224 3580 3279 annum,
3612 3219 3863 3284 quatuor

552 3300 1010 3377 signiﬁcationem
1054 3297 1258 3354 habent
1319 3303 1553 3369 quatuor
1606 3291 1929 3399 angeli‘isti
1961 3306 2134 3392 quam
2168 3337 2212 3399 Ο
2245 3301 2446 3373 angeli,
2493 3310 2557 3358 ut
2585 3300 2955 3359 interﬁcerent
2999 3302 3219 3358 tertiam
3263 3308 3473 3375 partem
3529 3300 3852 3372 hominum,

541 3396 597 3452 et
624 3392 759 3461 illi;
796 3388 1274 3465 signiﬁcantenim
1304 3393 1539 3460 quatuor
1568 3399 1753 3457 regna,
1783 3381 2135 3455 Assyriorum
2170 3381 2212 3399 υ
2251 3392 2424 3463 parari
2466 3407 2580 3448 esse
2636 3391 2919 3461 dicuntur,
2954 3407 3244 3464 possumus
3285 3390 3354 3448 ad
3401 3407 3593 3449 omnes
3623 3390 3852 3465 impios,

546 3481 829 3551 videlicet,
846 3475 1546 3545 PersarumiMacedonum,
1567 3483 1729 3547 atque
1744 3472 2137 3529 Βοωὸηοΐιιω·
2253 3479 2349 3554 qui
2379 3479 2444 3536 ab
2461 3479 2623 3536 initio
2652 3479 2845 3536 mundi
2876 3479 3119 3549 fuerunt,
3143 3490 3197 3538 et
3221 3488 3384 3538 erunt
3403 3496 3577 3554 usque
3604 3480 3666 3537 in
3686 3480 3850 3538 ﬁnem

550 3578 625 3635 Et
652 3578 781 3651 quia
808 3582 1045 3648 potestas
1089 3580 1323 3646 quatuor
1360 3584 1675 3643 regnorum,
1719 3565 1861 3623 sicut
1889 3562 2143 3637 superius
2252 3569 2475 3627 referre.
2526 3571 2628 3626 Per
2654 3570 2845 3627 horam
2876 3572 3076 3645 quippe
3116 3579 3332 3645 tempus
3358 3570 3427 3629 ab
3458 3571 3624 3629 initio
3656 3570 3851 3629 mundi

545 3665 818 3733 diximus,
857 3662 925 3719 ad
965 3665 1239 3720 Romanos
1285 3666 1595 3729 secesserat,
1638 3673 1733 3730 per
1776 3664 2010 3729 quatuor
2049 3668 2141 3709 θη·
2252 3675 2425 3732 usque
2457 3657 2525 3714 ad
2553 3658 2851 3728 diluvium,
2877 3676 2974 3732 per
3000 3659 3147 3716 diem
3177 3669 3356 3716 autem
3387 3669 3657 3732 tempusa
3687 3661 3845 3718 dilu-

548 3756 699 3831 gelos
726 3753 785 3810 in
816 3752 922 3811 hoc
951 3752 1072 3810 loco
1101 3750 1334 3809 Romani
1360 3749 1747 3823 designantur:
1772 3762 1869 3819 per
1895 3742 2142 3817 Euphra-
2253 3748 2346 3805 vio
2385 3764 2557 3821 usque
2598 3748 2665 3805 ad
2704 3749 2900 3822 legem,
2932 3765 3028 3822 per
3062 3765 3303 3806 mensem
3338 3766 3472 3807 vero
3499 3757 3726 3824 tempus
3754 3748 3849 3808 sub

555 3856 647 3906 ten
689 3861 823 3903 vero
875 3843 968 3901 hic
1012 3843 1253 3901 mundus
1298 3841 1652 3915 intelligitur.
1703 3837 1849 3906 Quid
1879 3836 1992 3892 sint
2020 3850 2145 3908 ergo
2254 3839 2390 3911 lege,
2427 3856 2523 3911 per
2549 3854 2755 3894 annum
2788 3844 2969 3893 autem
3003 3845 3220 3911 tempus
3265 3838 3368 3896 sub
3401 3838 3577 3912 gratia
3605 3838 3845 3913 designa-

550 3937 779 3996 vincula
825 3942 1060 4011 quatuor
1106 3934 1447 4007 angelorum,
1494 3928 1746 4003 superius
1792 3925 2142 3993 manifestat;
2253 3935 2365 3984 tur.
2408 3928 2470 3984 In
2500 3927 2569 3983 iis
2599 3943 2725 4000 ergo
2754 3935 2988 4000 quatuor
3015 3926 3358 4002 temporibus
3385 3945 3603 4003 semper
3630 3926 3840 4005 reprobi

564 1594 836 1662 conspectu
863 1588 1099 1657 Domini,
1130 1588 1379 1643 dicentem
1406 1594 1553 1643 sea‘to
1585 1590 1789 1659 angelo,
1839 1589 1941 1644 Per
1988 1589 2159 1645 altare

562 1682 813 1746 aureum,
843 1676 985 1733 sicut
1018 1676 1267 1749 superius
1300 1674 1414 1748 jam
1445 1676 1713 1745 diximus,
1756 1677 2004 1733 Ecclesia
2052 1678 2157 1734 de-

546 2674 869 2749 diligentius
901 2671 1373 2746 investigabimus.
1400 2670 1534 2727 Nam
1563 2670 1706 2727 sicut
1726 2667 1976 2743 superius
1998 2668 2142 2749 (cap.

546 2782 629 2836 v1,
653 2746 789 2821 uers.
830 2763 921 2838 l2)
954 2762 1012 2819 in
1032 2763 1316 2836 apertione
1335 2760 1477 2818 sexti
1499 2759 1668 2833 sigilli
1696 2768 1931 2833 quatuor
1965 2746 2143 2830 angeli

547 2872 710 2931 super
759 2862 998 2930 quatuor
1053 2852 1282 2926 angulos
1331 2859 1491 2908 terrae
1541 2850 1754 2907 stetisse
1819 2847 1926 2905 visi
1980 2853 2140 2919 sunt,

543 2952 794 3005 tenentes
831 2951 1069 3018 quatuor
1092 2946 1287 2997 ventos
1316 2947 1473 2995 terrae
1496 2957 1510 3008 ;
1537 2955 1606 2995 ne
1630 2938 1826 2994 ﬂarent
1853 2952 2017 3009 super
2037 2944 2141 2992 ter-

547 3049 689 3105 ram,
712 3048 892 3105 neque
920 3031 978 3086 in
1011 3031 1183 3087 ullam
1214 3027 1463 3084 arborem
1495 3043 1507 3081 :
1531 3027 1608 3082 ita
1636 3034 1689 3082 et
1718 3025 1810 3081 hic
1834 3024 1939 3080 sub
1972 3032 2140 3080 cantu

551 4044 680 4087 nam
731 4042 896 4101 supra
947 4025 1214 4098 scriptum
1244 4033 1346 4091 est,
1385 4023 1514 4096 quia
1547 4042 1567 4069 ‹
1594 4020 1739 4077 vidit
1775 4018 2010 4073 Joannes
2036 4030 2144 4071 an-

554 4117 736 4190 gelum
765 4110 1113 4173 descendisse
1143 4112 1211 4169 de
1238 4113 1398 4180 ccelo,
1440 4110 1731 4167 habentem
1785 4105 2002 4178 signum
2042 4102 2143 4159 Dei

552 4206 671 4264 vivi
698 4224 710 4263 :
743 4213 799 4264 et
826 4203 1087 4263 clamavit
1114 4218 1248 4259 voce
1268 4218 1461 4274 magna
1493 4207 1726 4274 quatuor
1765 4196 1992 4267 angelis,
2026 4192 2143 4266 qui-

551 4297 657 4355 bus
685 4294 873 4352 datum
913 4300 995 4350 est
1024 4306 1223 4348 nocere
1252 4299 1410 4347 terrae
1438 4298 1491 4345 et
1511 4287 1672 4356 mari,
1703 4286 1893 4343 dicens
1919 4300 1930 4339 :
1964 4283 2145 4340 Nolite

552 4401 750 4446 nocere
779 4391 937 4441 terrae
966 4389 1020 4439 et
1049 4380 1209 4449 mari,
1243 4395 1418 4453 neque
1452 4376 1759 4445 arboribus,
1792 4373 2145 4449 quoadusque

554 4479 833 4555 signemus
852 4492 1039 4533 servos
1059 4473 1159 4531 Dei
1182 4470 1357 4529 nostri
1372 4470 1430 4527 in
1451 4468 1725 4526 frontibus
1744 4483 1933 4523 eorum
1956 4466 2142 4555 (Apoc.

554 4554 657 4641 vir,
689 4569 742 4639 2,
775 4568 855 4641 3).
887 4593 906 4619 ι
949 4567 1052 4623 Per
1099 4565 1351 4638 angelum
1400 4562 1496 4636 qui
1537 4559 1771 4616 habebat
1799 4561 2015 4631 signum
2046 4554 2146 4612 Dei

554 4658 695 4729 vivi,
729 4656 1012 4716 Christum
1043 4654 1290 4713 diximus
1320 4652 1487 4709 fuisse
1518 4651 1894 4723 designatum:
1923 4646 2147 4703 vincula

555 4749 727 4823 igitur
761 4755 997 4821 quatuor
1035 4744 1354 4818 angelorum
1384 4740 1551 4797 verba
1599 4748 1727 4796 sunt
1765 4735 2010 4805 Domini,
2039 4752 2150 4792 non
2181 4713 2230 4773 D

556 4840 703 4917 quod
733 4839 1004 4897 Dominus
1033 4835 1351 4912 praeceperit
1375 4830 1839 4907 persecutoribus,
1878 4836 1940 4885 ut
1969 4844 1999 4883 a
2029 4845 2149 4900 per-

557 4931 837 4989 secutione
866 4935 1159 4999 cessarent,
1200 4926 1377 4984 donec
1421 4923 1632 4980 semina
1680 4919 1806 4977 ﬁdei
1839 4935 1934 4992 per
1962 4933 2151 4973 omnes

558 5033 744 5103 gentes
773 5034 1156 5099 spargerentur
1189 5041 1204 5092 ;
1240 5021 1335 5080 sed
1376 5019 1521 5095 quod
1553 5023 1817 5092 potestate
1863 5013 2017 5082 fecit,
2049 5012 2153 5069 hoc

557 5118 764 5177 dicitur
820 5117 1003 5174 verbis
1050 5114 1387 5189 praecepisse.
1447 5109 1679 5169 Romani
1735 5122 1971 5180 namque
2026 5111 2151 5160 ante

557 5211 854 5270 adventum
887 5206 1094 5268 Christi
1118 5222 1149 5261 a
1177 5204 1419 5263 caedibus
1465 5212 1520 5259 et
1567 5199 1774 5275 rapinis
1815 5208 1978 5272 atque
2005 5195 2152 5252 eﬁ‘u—

558 5306 713 5364 sione
741 5300 1025 5378 sanguinis
1064 5298 1276 5373 generis
1304 5296 1534 5354 humani
1582 5297 1738 5353 nullo
1770 5293 1933 5349 modo
1963 5288 2151 5347 satiari

557 5401 827 5473 poterant.
874 5390 1115 5451 Veniens
1170 5405 1301 5445 vero
1350 5387 1603 5446 Christus
1648 5386 1707 5442 in
1755 5400 1916 5443 carne
1963 5395 2149 5473 pacem

559 5485 770 5545 mundo
811 5483 1040 5559 largitus
1083 5487 1186 5550 est,
1234 5486 1289 5536 et
1329 5477 1559 5535 Romani
1610 5476 1706 5549 qui
1760 5475 1828 5531 ab
1884 5472 2152 5530 effusione

909 5577 1149 5656 generis.
1182 5574 1412 5634 humani
1472 5572 1589 5647 (99)
1647 5587 1843 5629 manus
1896 5570 2152 5629 cohibere

632 5736 946 5818 (99)_Nullo
981 5739 1137 5818 modo
1180 5735 1793 5818 ραιίανζ,ΡοτεειςιιῃεηωΔ
1822 5730 2021 5818 generis
2060 5732 2154 5787 hu-

559 5807 743 5881 mani;
765 5812 942 5882 isthac
969 5811 1156 5868 omnia
1180 5807 1454 5882 haecedit.
1485 5807 1646 5863 debet
1675 5807 1986 5882 auctoritati
2018 5818 2149 5858 mss.

635 5879 726 5959 (1)
746 5881 922 5951 Edit.,
949 5882 1009 5938 id
1043 5886 1137 5949 est,
1170 5879 1543 5952 praedicatores
1565 5892 1715 5941 suos;
1757 5879 1961 5930 rectius
1996 5888 2151 5941 mss.,

2256 4025 2661 4090 persequuntur
2688 4018 2909 4073 electos.

2327 4108 2509 4180 (Vers.
2570 4106 2683 4174 16.)
2723 4108 2797 4163 Et
2847 4123 3099 4163 numerus
3128 4108 3381 4181 equestris
3407 4107 3673 4165 exercitus
3701 4107 3841 4165 vicies

2257 4196 2444 4252 millies
2472 4196 2608 4252 dena
2637 4196 2831 4264 millia,
2871 4196 3057 4252 audivi
3080 4214 3359 4255 numerum
3387 4215 3591 4255 eorum.
3627 4196 3735 4266 Qui
3762 4195 3841 4252 de-

2254 4285 2540 4359 signantur
2563 4301 2659 4359 per
2686 4293 2921 4359 quatuor
2948 4287 3191 4360 angelos,
3218 4288 3324 4362 ipsi
3354 4296 3410 4345 et
3429 4304 3524 4362 per
3537 4295 3836 4363 equestrem

2255 4376 2582 4443 exercitum,
2611 4376 2871 4434 videlicet
2897 4385 3270 4451 persecutores
3309 4378 3593 4436 Ecclesia.
3627 4378 3834 4436 Exercio

2253 4473 2344 4523 tus
2365 4473 2548 4523 autem
2579 4475 2987 4539 persecutorum
3009 4467 3277 4541 equestris
3304 4483 3420 4525 esse
3444 4467 3694 4537 dicitur;
3726 4466 3835 4541 quia

2255 4554 2399 4611 sicut
2422 4555 2585 4613 habet
2610 4558 2755 4613 Deus
2778 4573 2947 4631 equos
2965 4574 3113 4627 suos,
3137 4557 3193 4613 id
3216 4566 3315 4626 est,
3349 4565 3568 4615 sanctos
3594 4556 3834 4631 praedica-

2259 4655 2422 4715 tores,
2456 4647 2550 4719 qui
2597 4663 2720 4704 eum
2747 4665 2842 4720 per
2865 4648 3187 4705 universum
3217 4647 3485 4705 mundum
3517 4647 3835 4722 deportave-

2262 4751 2427 4812 runt;
2463 4744 2540 4799 ita
2568 4744 2733 4801 habet
2762 4743 3016 4800 diabolus
3043 4760 3213 4818 equos
3240 4762 3390 4814 suos,
3424 4744 3481 4802 id
3510 4755 3619 4813 est,
3668 4757 3834 4803 omnes

2260 4834 2480 4907 impios,
2512 4850 2673 4907 super
2702 4851 2836 4908 quos
2863 4832 3032 4900 sedet,
3065 4840 3120 4890 et
3148 4832 3216 4889 ad
3247 4834 3609 4907 perpetranda
3641 4833 3830 4892 diversa

2261 4925 2464 4981 scelera
2490 4924 2745 4997 impellit.
2778 4924 2883 4991 Qui
2917 4924 3090 4982 vicies
3121 4924 3323 4980 millies
3352 4923 3492 4979 dena
3522 4923 3703 4980 millia
3732 4935 3825 4978 esse

2260 5015 2555 5084 dicuntur;
2588 5032 2682 5088 per
2710 5014 2930 5070 ﬁnitum
2960 5030 3196 5087 namque
3224 5030 3519 5070 numerum
3543 5013 3630 5086 (2)
3662 5027 3825 5088 perse-

2260 5113 2511 5163 cutorum
2543 5104 2961 5161 innumerabilis
2992 5103 3292 5160 multitudo
3322 5102 3679 5176 exprimitur.

2334 5198 2514 5270 (Vers.
2572 5196 2684 5270 17.)
2733 5198 2806 5253 Et
2857 5194 2931 5251 ita
2965 5194 3076 5250 vidi
3102 5211 3257 5266 equos
3284 5194 3343 5249 in
3371 5193 3572 5250 visione
3602 5213 3626 5261 ;
3674 5199 3721 5251 et
3757 5187 3828 5263 qui

2260 5286 2501 5340 sedebant
2560 5303 2717 5357 super
2759 5302 2864 5355 eos,
2908 5286 3163 5340 habebant
3194 5283 3386 5339 loricas
3414 5284 3615 5355 igneas,
3646 5289 3694 5341 et
3718 5283 3826 5352 hya-

2260 5377 2543 5444 cinthinas,
2602 5386 2649 5434 et
2711 5379 3043 5449 sulphureas.
3110 5377 3171 5432 ln
3225 5374 3331 5432 hoc
3377 5375 3499 5432 loco
3538 5391 3639 5448 per
3695 5385 3827 5448 equos

2259 5467 2438 5524 insani
2469 5468 2679 5542 populi,
2737 5484 2832 5540 per
2873 5483 3107 5524 sessores
3142 5474 3323 5522 autem
3376 5481 3650 5540 equorum
3714 5462 3827 5539 prin.

2258 5558 2407 5632 cipes
2464 5567 2621 5616 terrae
2666 5557 3065 5632 designantur:
3130 5573 3226 5632 per
3270 5556 3470 5616 loricas
3527 5571 3686 5628 vero,
3737 5565 3825 5627 qua

2258 5724 2316 5781 id
2344 5731 2436 5793 est,
2463 5728 2817 5793 persecutores
2845 5736 2987 5777 suos.

2288 5798 2291 5805 ’
2333 5788 2537 5868 (2)ξὲ10
2565 5796 2721 5861 edit.;
2753 5810 2883 5850 mss.
2915 5807 3066 5863 vero,
3094 5808 3192 5865 per
3218 5788 3490 5866 inﬁnitum
3521 5804 3738 5863 namque
3753 5799 3823 5842 nu»

2260 5880 2481 5923 merum.
