3964 6426
214 383 340 446 945

1114 382 1572 444 BERENGAUDI
1606 383 1980 445 EXPOSITIO
2015 385 2089 443 IN
2124 384 2625 446 APOCALYPSIN.

3430 388 3539 451 946

214 509 381 570 ictus
409 509 716 583 gladiorum
741 525 774 568 a
808 524 865 568 se
900 510 1195 586 repellunt,
1224 511 1433 569 duritia
1460 509 1712 570 cordium
1745 527 1826 569 re-
1863 514 1914 574 A
1942 510 2124 569 cidere
2174 520 2445 584 poterant,
2493 529 2628 587 quos
2674 513 2895 573 vincere
2938 530 3051 573 non
3095 515 3370 577 valebant.
3428 519 3535 579 Per

216 602 537 678 proborum
559 603 896 678 designatur,
929 622 1052 680 qua
1079 606 1147 663 ad
1176 606 1343 665 corda
1368 624 1557 665 eorum
1586 608 1831 680 gladium

217 694 487 767 spiritus,
516 695 663 768 quod
700 706 782 753 est
811 696 1039 754 verbum
1083 697 1203 765 Dei,
1234 700 1492 756 accedere
1532 716 1643 756 non
1673 700 1827 758 sinit.

217 785 370 854 Qua
397 786 583 844 lorica
624 788 813 861 ignea,
847 789 1249 863 hyacinthina,
1279 800 1333 848 et
1376 792 1687 865 sulphurea
1715 810 1831 851 esse
1873 828 1879 835 ο

217 875 515 934 dicuntur.
567 877 670 935 Per
699 878 878 952 ignem
931 882 1091 954 plane
1135 882 1434 939 crudelitas
1475 883 1678 940 mentis
1708 900 1829 957 per-

217 974 552 1023 secutorum
582 985 595 1024 :
641 984 738 1042 per
767 969 1133 1042 hyacinthum
1163 973 1260 1045 qui
1305 972 1429 1029 coeli
1476 972 1705 1045 ﬁguram
1738 974 1829 1031 ha-

216 1054 345 1126 bet,
384 1055 565 1114 honor
591 1057 815 1115 deitatis
847 1075 1009 1133 quem
1038 1059 1147 1117 diis
1180 1061 1294 1118 suis
1321 1061 1658 1132 deferebant,
1690 1063 1829 1120 desi-

218 1152 437 1218 gnatur
468 1164 480 1204 :
524 1163 620 1221 per
650 1148 883 1221 sulphur
915 1165 1046 1206 vero
1077 1151 1223 1223 quod
1264 1150 1431 1221 fetet,
1474 1151 1827 1226 blasphemia

219 1250 369 1309 quas
400 1235 458 1292 in
493 1236 777 1296 Christum
808 1238 1175 1313 proferebant,
1221 1239 1594 1313 designantur.
1643 1243 1824 1299 Perse-

217 1330 455 1381 cutores
483 1325 653 1399 igitur
677 1326 872 1385 loricas
903 1328 1105 1400 igneas,
1136 1336 1191 1386 et
1218 1329 1629 1403 hyacinthinas,
1661 1340 1824 1406 atque

218 1413 558 1488 sulphureas
598 1414 855 1474 habuisse
884 1416 1179 1487 dicuntur;
1221 1420 1351 1494 quia
1376 1421 1575 1493 partim
1606 1430 1825 1495 propter

221 1503 680 1563 incredulitatem
727 1508 929 1565 mentis
957 1510 1122 1567 corda
1169 1527 1266 1568 sua
1309 1510 1722 1581 induraverant,
1762 1521 1824 1570 ut

218 1609 345 1651 non
393 1594 572 1653 solum
616 1595 672 1653 in
705 1595 987 1654 Christum
1034 1614 1145 1656 non
1174 1600 1478 1669 crederent,
1524 1601 1619 1658 sed
1655 1602 1822 1660 etiam

216 1698 418 1740 servos
441 1682 562 1756 ejus
584 1695 1068 1759 persequerentur:
1095 1688 1291 1761 partim
1315 1698 1536 1763 propter
1553 1690 1823 1748 defensio-

217 1788 358 1830 nem
388 1773 654 1831 falsorum
681 1775 929 1846 deorum,
961 1778 1163 1850 partim
1201 1789 1423 1854 propter
1455 1780 1824 1854 blasphemias

1939 601 2139 659 caudas
2176 617 2306 658 vero
2352 602 2808 675 philosophorum
2865 611 3029 678 atque
3084 614 3367 680 poetarum
3422 608 3535 666 do-

1938 693 2115 752 ctrina
2128 692 2464 766 designatur.
2489 694 2628 750 Nam
2647 693 2830 750 cauda:
2854 710 3036 750 eorum
3060 694 3258 753 similes
3282 699 3533 770 serpenti-

1939 784 2052 854 bus,
2085 785 2322 841 habentes
2350 784 2544 856 capita,
2579 790 2627 840 et
2663 783 2721 839 in
2756 784 2825 840 iis
2852 792 3053 843 nocent.
3089 788 3251 844 Recte
3278 788 3533 847 doctrina

1937 874 2392 949 philosophorum
2434 873 2778 947 serpentibus
2809 876 3165 946 assimilatur,
3213 876 3344 950 quia
3371 879 3533 954 plena

1936 976 2052 1024 erat
2094 966 2322 1023 venenis
2377 966 2811 1023 mendaciorum.
2874 965 2983 1034 Qui
3037 976 3315 1040 serpentes
3354 970 3533 1043 capita

1936 1055 2139 1113 habere
2183 1057 2467 1125 dicuntur,
2524 1056 2657 1130 quia
2712 1071 2902 1113 omnes
2969 1072 3179 1115 errores
3239 1059 3531 1131 gentilium

1934 1146 2186 1218 proprios
2215 1144 2487 1201 habebant
2517 1153 2788 1202 auctores.
2834 1144 3080 1202 Potestas
3108 1162 3235 1219 ergo
3263 1163 3529 1220 equorum

1934 1237 1991 1293 in
2032 1235 2221 1293 caudis
2250 1252 2438 1293 eorum
2487 1243 2624 1301 erat,
2677 1235 2806 1308 quia
2854 1244 3227 1307 persecutores
3268 1237 3531 1297 Ecclesia

1933 1342 2028 1400 per
2072 1326 2379 1385 doctrinam
2442 1325 2901 1399 philosophorum
2966 1326 3226 1384 volebant
3284 1335 3530 1388 evertere

1932 1416 2252 1489 religionem
2283 1416 2674 1475 Christianam.

2005 1513 2187 1585 (Vers.
2228 1513 2317 1581 20,
2369 1513 2486 1584 21.)
2518 1514 2593 1570 Et
2629 1510 2803 1567 elateri
2846 1512 3079 1570 homines
3104 1514 3198 1586 qui
3242 1531 3349 1572 non
3407 1522 3532 1572 sunt

1932 1601 2087 1657 occisi
2135 1601 2194 1656 in
2219 1602 2289 1657 iis
2336 1601 2534 1673 plagis,
2576 1617 2739 1672 neque
2795 1608 3010 1673 egerunt
3052 1603 3416 1675 paenitentiam
3460 1604 3529 1662 ab

1932 1691 2175 1764 operibus
2188 1706 2442 1747 manuum
2460 1706 2721 1746 suarum:
2754 1696 2933 1747 utnon
2958 1692 3248 1749 adorarent
3267 1693 3529 1752 daemonia

1931 1788 1979 1837 et
2001 1781 2292 1837 simulacra
2316 1796 2504 1845 aurea,
2535 1785 2584 1834 et
2610 1786 2876 1851 argentea,
2907 1787 2955 1836 et
2990 1798 3128 1837 area
3162 1782 3267 1855 (3),
3298 1790 3347 1841 el
3375 1783 3527 1857 lapi-

210 1880 359 1939 quas
385 1863 739 1923 inChristum
760 1867 1128 1941 proferebant,
1147 1870 1390 1930 dicentes
1409 1888 1534 1929 eum
1556 1889 1813 1946 magnum
1842 1885 1888 1946 Β
1934 1870 2050 1938 dea,
2117 1875 2166 1924 et
2213 1869 2429 1941 lignea;
2478 1885 2595 1940 quae
2644 1885 2807 1940 neque
2848 1869 3026 1926 videre
3073 1879 3315 1943 possunt,
3364 1889 3528 1945 neque

212 1954 396 2014 fuisse
424 1964 478 2015 et
505 1957 868 2018 seductorem.
900 1963 976 2018 Et
1001 1964 1177 2034 capita
1220 1981 1474 2036 equorum
1505 1973 1659 2022 erant
1702 1974 1814 2024 tan-

216 2063 389 2119 quam
418 2048 595 2121 capita
621 2049 845 2106 leonum.
884 2051 989 2109 Per
1014 2052 1191 2127 capita
1219 2069 1486 2128 equorum
1524 2055 1814 2129 imperato-

208 2154 309 2195 res
338 2138 712 2200 Romanorum
741 2142 1137 2216 designantur;
1189 2147 1318 2222 quia
1364 2149 1543 2223 capita
1587 2166 1702 2207 esse
1733 2150 1814 2223 vi-

208 2226 491 2286 debantur
517 2230 765 2289 omnium
798 2243 1228 2307 persecutorum,
1262 2238 1357 2312 qui
1386 2238 1553 2296 etiam
1591 2249 1814 2314 propter

209 2317 588 2378 insatiabilem
634 2321 843 2381 rabiem
890 2325 1143 2384 leonibus
1188 2327 1580 2388 assimilantur.
1630 2334 1706 2388 Et
1751 2333 1813 2389 de

208 2426 308 2466 ore
333 2427 516 2466 eorum
553 2414 793 2483 procedit
826 2414 985 2486 ignis,
1013 2423 1062 2471 et
1103 2416 1304 2487 fumus,
1337 2426 1387 2476 et
1424 2422 1669 2494 sulphur.
1709 2423 1811 2480 Per

210 2497 400 2572 ignem
452 2499 623 2574 impia
668 2512 935 2576 pracepta
989 2504 1381 2578 imperatorum
1427 2509 1805 2582 designantur,

210 2589 420 2665 quibus
442 2592 675 2665 populus
697 2593 793 2650 Dei
815 2594 1054 2653 interﬁci
1078 2595 1442 2669 jubebantur;
1475 2616 1571 2673 per
1589 2601 1804 2659 fumum

210 2694 349 2736 vero
373 2679 552 2738 honor
567 2681 809 2753 deitatis,
833 2701 994 2758 quem
1016 2685 1124 2744 diis
1149 2687 1263 2744 suis
1283 2688 1494 2746 deferre
1513 2689 1801 2762 jubebant.

206 2768 287 2827 Et
330 2778 475 2828 recte
505 2787 599 2844 per
623 2772 839 2830 fumum
871 2774 1197 2834 idololatria
1227 2777 1438 2835 falsitas
1465 2778 1799 2853 designatur,

214 2864 361 2929 541
405 2872 535 2950 quia
584 2872 729 2931 sicut
774 2873 959 2931 fumus
1009 2890 1042 2930 a
1091 2874 1230 2933 facie
1279 2876 1432 2933 venti
1484 2880 1799 2944 evanescit,

211 2965 294 3023 ita
324 2974 378 3023 et
409 2966 628 3024 cultura
664 2963 939 3022 idolorum
984 2964 1043 3023 in
1071 2974 1366 3040 conspectu
1395 2968 1803 3041 pradicationis

210 3057 545 3130 evangelica
573 3055 805 3129 deperiit
830 3074 841 3113 :
875 3071 972 3129 per
992 3055 1229 3129 sulphur
1247 3067 1449 3129 autem,
1473 3059 1616 3118 sicut
1638 3078 1804 3136 supra

211 3145 423 3205 dictum
468 3155 570 3216 est,
610 3145 987 3220 blasphemia,
1027 3162 1161 3221 quas
1201 3146 1422 3206 Christo
1459 3150 1798 3225 ingerebant,

205 3234 583 3309 designantur.

278 3334 461 3408 (Vers.
494 3333 607 3407 18.)
653 3334 735 3392 Ab
769 3334 850 3391 his
881 3335 1050 3392 tribus
1071 3337 1251 3409 plagis
1286 3337 1557 3410 inter/ecta
1586 3346 1662 3397 est
1696 3348 1795 3398 ter-

205 3425 283 3482 tia
321 3442 456 3498 pars
500 3424 816 3492 hominum;
861 3425 918 3482 id
948 3434 1048 3494 est,
1093 3426 1395 3485 multitudo
1436 3438 1788 3501 martyrum:

197 3532 299 3588 per
326 3514 493 3586 ignem
512 3513 789 3583 videlicet,
819 3513 1050 3584 fumum,
1083 3531 1146 3570 ac
1172 3516 1423 3588 sulphur,
1465 3534 1581 3588 qua:
1613 3536 1793 3591 proce-

198 3599 391 3657 debant
416 3601 479 3656 de
505 3617 596 3656 ore
639 3600 896 3672 ipsorum.
931 3598 1263 3656 Procedebat
1312 3600 1514 3674 quippe
1550 3602 1694 3675 ignis
1725 3603 1793 3661 de

197 3705 297 3748 ore
340 3688 607 3762 ipsorum,
640 3688 696 3744 id
735 3696 838 3757 est,
883 3687 1060 3761 jussio
1104 3688 1450 3763 impiissima,
1496 3706 1601 3764 qua
1644 3708 1794 3765 pra-

198 3778 477 3853 cipiehant
519 3786 581 3835 ut
626 3778 802 3835 sancti
849 3778 951 3834 Dei
1002 3786 1271 3852 martyres
1312 3779 1784 3851 interﬁcerentur;

197 3867 526 3943 procedebat
553 3877 609 3926 et
655 3868 864 3937 fumus,
909 3868 1039 3944 quia
1078 3870 1468 3943 pracipiehant
1504 3880 1567 3929 ut
1612 3871 1792 3930 honor

197 3957 419 4016 deitatis
443 3958 511 4014 ab
532 3958 790 4016 omnibus
822 3958 1143 4017 hominibus
1168 3960 1275 4016 diis
1304 3962 1418 4018 suis
1447 3960 1784 4034 impendere-

200 4056 321 4116 tur;
371 4048 697 4122 procedebat
726 4056 781 4105 et
815 4049 1069 4122 sulphur,
1102 4050 1160 4107 id
1199 4060 1300 4119 est,
1345 4050 1700 4123 blasphemia
1729 4054 1789 4111 in

203 4137 506 4207 Christum,
536 4137 914 4211 pracipientes
956 4147 1018 4196 ut
1048 4137 1240 4213 religio
1263 4138 1577 4199 Christiana
1605 4141 1789 4200 fundi-

199 4234 289 4283 tus
312 4225 377 4283 de
404 4227 613 4284 mundo
643 4227 1107 4302 exstingueretur.

274 4331 450 4405 (Vers.
481 4332 595 4403 l9.)
637 4333 873 4389 Potestas
900 4333 1037 4388 enim
1064 4351 1319 4405 equorum
1345 4334 1404 4391 in
1432 4352 1524 4391 ore
1548 4337 1788 4409 ipsorum

198 4427 291 4490 est,
317 4428 363 4478 et
388 4422 446 4478 in
471 4422 654 4478 caudis
683 4439 884 4479 eorum.
917 4423 1180 4496 Superius
1203 4425 1383 4499 capita
1407 4442 1693 4499 equorum,
1725 4434 1786 4483 ut

198 4515 417 4571 leonum
446 4527 562 4568 esse
590 4511 855 4569 dicuntur
882 4530 894 4570 :
946 4512 1005 4569 in
1042 4529 1136 4570 ore
1166 4530 1297 4570 vero
1343 4516 1564 4573 leonum
1594 4517 1785 4574 dentes

1927 1959 2140 2025 audire,
2178 1974 2341 2028 neque
2366 1958 2642 2014 ambulare
2662 1975 2681 2013 .·
2711 1964 2760 2013 et
2799 1976 2906 2014 non
2933 1966 3146 2031 egerunt
3170 1961 3528 2032 paenitentiam

1925 2047 1992 2103 ab
2036 2046 2330 2102 homicidiis
2388 2047 2521 2113 suis,
2573 2064 2736 2119 neque
2779 2066 2816 2104 a
2874 2048 3135 2120 veneﬁciis
3189 2050 3319 2118 suis,
3365 2067 3528 2122 neque

1925 2154 1962 2192 a
1984 2134 2334 2207 fornicatione
2358 2153 2478 2205 sua,
2511 2153 2669 2207 neque
2696 2154 2732 2193 a
2772 2135 2938 2207 furtis
2979 2137 3117 2204 suis;
3170 2137 3523 2211 subauditur,

1924 2225 2224 2299 perierunt.
2275 2225 2459 2282 Tertia
2503 2225 2678 2297 igitur
2727 2242 2872 2297 pars,
2915 2242 3036 2299 qua
3079 2226 3369 2286 interfecta
3418 2239 3522 2301 est,

1923 2315 2073 2370 salva
2094 2314 2238 2372 facta
2264 2322 2366 2382 est,
2406 2313 2465 2370 id
2494 2322 2595 2384 est,
2628 2314 2808 2383 electi,
2842 2331 2913 2371 ex
2940 2314 3145 2389 quibus
3200 2318 3363 2374 multi
3423 2337 3523 2394 pro

1922 2405 2130 2464 Christi
2166 2405 2390 2462 nomine
2410 2404 2686 2463 interfecti
2714 2414 2877 2463 sunt:
2914 2408 3114 2483 reliqui
3162 2408 3524 2468 libentissime

1919 2494 2326 2563 occumberent,
2387 2496 2434 2552 si
2468 2496 2761 2552 necessitas
2800 2497 3088 2571 exegisset.
3140 2498 3333 2558 Cateri
3366 2517 3517 2572 vero,

1918 2584 1977 2643 id
2014 2593 2117 2653 est,
2150 2586 2366 2659 pagani,
2415 2586 2511 2659 qui
2540 2586 2601 2643 in
2631 2585 2916 2644 Christum
2946 2586 3165 2645 credere
3196 2590 3516 2661 noluerunt,

1916 2685 1976 2734 ut
2006 2685 2227 2750 agerent
2259 2677 2640 2751 paenitentiam
2689 2677 2756 2734 ab
2802 2678 3189 2753 iniquitatibus
3217 2680 3351 2750 suis,
3382 2697 3518 2756 per-

1913 2766 2117 2825 ierunt.

1986 2865 2214 2925 CAPUT
2249 2864 2324 2923 X.
2354 2864 2627 2938 -(Vers.
2661 2865 2734 2938 1.)
2783 2868 2859 2924 Et
2912 2866 3023 2924 vidi
3072 2867 3243 2926 alium
3268 2873 3515 2946 angelum

1911 2959 2104 3032 fortem
2133 2959 2515 3021 descendentem
2560 2959 2624 3016 de
2653 2960 2800 3028 creto,
2853 2960 3103 3017 amictum
3131 2963 3282 3032 nube,
3337 2970 3386 3021 et
3412 2964 3514 3022 iris

1911 3050 1969 3107 in
2002 3051 2171 3123 capite
2193 3049 2324 3121 ejus.
2358 3049 2498 3117 Quia
2543 3048 2797 3121 superius
2841 3049 3197 3108 adversitates
3250 3052 3513 3111 Ecclesia

1911 3149 2248 3209 narraverat,
2280 3156 2401 3214 qua
2430 3138 2499 3196 ab
2534 3138 2808 3197 hareticis
2837 3148 2893 3198 et
2919 3141 3145 3214 paganis
3172 3158 3329 3215 passa
3388 3150 3507 3213 est;

1833 3246 1883 3309 ρ
1914 3237 2082 3287 restat
2111 3237 2173 3286 ut
2200 3228 2268 3287 de
2308 3229 2668 3303 prosperitate
2701 3229 2839 3301 ejus,
2871 3232 3108 3303 qualiter
3146 3232 3292 3290 inter
3318 3250 3512 3308 perse-

1912 3318 2165 3377 cutiones
2193 3318 2452 3384 creverit,
2476 3326 2678 3375 narret.
2702 3318 2929 3378 Constat
2951 3336 3188 3394 namque
3202 3322 3508 3381 Ecclesiam

1903 3408 1963 3465 in
1989 3407 2464 3481 persecutionihus
2492 3408 2750 3478 crevisse,
2784 3418 2838 3467 et
2866 3417 3072 3483 quanto
3107 3411 3346 3483 amplius
3397 3428 3510 3485 op-

1902 3499 2258 3571 primebatur,
2292 3506 2446 3556 tanto
2477 3500 2714 3573 amplius
2757 3499 3171 3558 confortahatur
3209 3508 3265 3558 et
3300 3519 3506 3562 cresce-

1900 3588 1995 3645 bat
2024 3605 2039 3646 :
2070 3587 2213 3645 sicut
2253 3586 2320 3645 de
2360 3589 2494 3646 ﬁliis
2529 3589 2693 3646 Israel
2723 3590 2782 3645 in
2824 3589 2998 3663 ﬁgura
3044 3590 3292 3664 ejusdem
3317 3593 3504 3653 Eccle-

1900 3679 1995 3735 sia
2058 3679 2323 3751 scriptum
2398 3678 2653 3752 legimus,
2703 3679 2799 3754 qui
2869 3691 3074 3754 quanto
3143 3683 3381 3756 amplius
3431 3684 3503 3742 ab

1899 3768 2178 3841 JEgyptiis
2205 3768 2679 3841 opprimebantur,
2732 3776 2890 3826 tanto
2934 3770 3171 3844 amplius
3215 3772 3503 3847 multipli-

1898 3858 2182 3916 cabuntur.
2212 3858 2456 3931 Angelus
2484 3860 2643 3917 fortis
2696 3860 2994 3919 Dominum
3031 3871 3283 3923 nostrum
3314 3864 3499 3923 Iesum

1898 3946 2180 4006 Christum
2211 3947 2478 4021 designat,
2524 3949 2591 4007 de
2620 3967 2729 4024 quo
2771 3949 2909 4007 dicit
2948 3952 3239 4011 Psalmista
3270 3972 3283 4012 :
3332 3978 3351 4003 ι
3378 3955 3500 4011 Βο-

1898 4038 2083 4095 minus
2113 4038 2273 4097 fortis
2313 4050 2368 4098 et
2404 4050 2617 4115 potens,
2659 4041 2929 4099 Dominus
2975 4052 3166 4116 potens
3217 4043 3276 4102 in
3306 4044 3497 4119 pralio

1898 4131 2067 4202 (Psal.
2098 4146 2264 4199 χχιιι,
2292 4131 2375 4201 8).
2407 4156 2426 4181 ι
2474 4134 2579 4203 Qui
2617 4135 2953 4193 descendens
2981 4136 3050 4194 de
3085 4139 3225 4196 calo
3255 4137 3496 4198 amictus

1895 4220 2043 4278 nube
2068 4236 2184 4279 esse
2212 4221 2448 4293 dicitur;
2494 4225 2625 4299 quia
2651 4228 2922 4285 Dominus
2964 4236 3149 4287 noster
3177 4230 3406 4290 veniens
3432 4231 3493 4290 in

1895 4312 2186 4383 mundum,
2217 4330 2437 4372 carnem
2486 4333 2606 4391 qua
2658 4333 2755 4392 per
2808 4318 3012 4377 nubem
3058 4319 3341 4395 designata
3387 4329 3488 4392 est,

1892 4411 2079 4468 induit
2108 4429 2124 4480 ;
2161 4418 2224 4468 ut
2251 4428 2347 4486 per
2392 4413 2574 4470 carnis
2612 4417 3044 4491 assumptionem
3074 4436 3132 4477 se
3170 4419 3492 4479 hominibus

1894 4500 2280 4573 conformaret,
2332 4520 2470 4578 quos
2525 4506 2792 4564 redimere
2840 4510 3111 4566 veniebat.
3186 4510 3288 4566 Per
3358 4507 3487 4566 irim

207 4601 532 4671 consistunt,
568 4600 769 4675 quibus
816 4609 1111 4659 conterunt
1155 4611 1210 4659 et
1265 4604 1539 4664 dilaniant
1588 4609 1773 4665 omnia
1803 4616 1851 4675 D
1891 4606 2022 4650 νθΐο
2076 4591 2194 4666 eius
2228 4595 2605 4653 misericordia
2651 4597 2985 4671 designatur,
3030 4600 3173 4658 δίοιη
3234 4602 3488 4675 superius

200 4708 319 4769 qua
337 4691 601 4764 ceperint.
634 4692 929 4747 Possumus
959 4691 1143 4767 itaque
1172 4710 1269 4766 per
1286 4695 1477 4752 dentes
1497 4697 1779 4756 carnifices

196 4782 523 4855 intelligere,
553 4780 648 4855 qui
680 4780 740 4837 in
770 4797 863 4839 ore
897 4781 1138 4852 leonum,
1172 4783 1230 4841 id
1261 4792 1363 4853 est,
1412 4785 1472 4842 in
1515 4794 1779 4859 potestate

198 4879 603 4946 persecutorum
630 4870 819 4945 positi,
844 4888 1033 4929 eorum
1065 4873 1296 4946 imperio
1322 4874 1554 4932 diversis
1573 4876 1780 4934 crucia-

196 4960 345 5019 tibus
371 4977 601 5035 corpora
625 4968 940 5019 sanctorum
970 4962 1308 5020 cruciabant.
1342 4963 1583 5036 Corpora
1610 4965 1781 5039 igitur

195 5058 506 5109 sanctorum
536 5060 910 5124 persecutores
951 5052 1009 5108 in
1040 5069 1152 5120 ore,
1198 5052 1256 5110 id
1284 5063 1384 5123 est,
1426 5054 1484 5110 in
1514 5064 1778 5128 potestate

195 5141 485 5212 habebant,—
514 5141 608 5200 sed
642 5142 853 5199 animas
880 5159 993 5199 non
1022 5141 1317 5212 habebant,
1342 5143 1485 5200 sicut
1512 5146 1778 5204 Dominus

194 5235 326 5296 dicit
356 5236 415 5293 in
454 5236 755 5309 Evangelia
787 5254 800 5292 ε
848 5258 867 5284 ι
908 5235 1092 5292 Nolite
1122 5236 1315 5293 timere
1345 5253 1457 5305 eos,
1494 5237 1589 5311 qui
1618 5239 1776 5297 occi-

195 5326 332 5386 dunt
359 5342 574 5400 corpus,
627 5326 867 5383 animam
897 5332 1080 5382 autem
1127 5342 1241 5382 non
1270 5334 1498 5399 possunt
1527 5329 1775 5386 occidere

197 5417 400 5491 (Matth.
430 5434 490 5486 x,
522 5417 637 5489 28).
659 5441 678 5465 ι
712 5417 785 5473 Et
811 5415 936 5472 ideo
960 5423 1197 5489 potestas
1220 5425 1627 5491 persecutorum
1656 5427 1773 5475 tan-

1885 4684 2168 4743 diximus:
2221 4702 2317 4759 per
2359 4696 2524 4761 caput
2577 4696 2757 4746 autem
2797 4689 2914 4762 ejus
2956 4689 3222 4749 divinitas
3261 4692 3322 4749 in
3379 4690 3485 4749 hoc

1886 4778 2008 4834 loco
2037 4777 2392 4851 intelligitur.
2424 4779 2556 4836 Irim
2594 4780 2654 4836 in
2698 4780 2874 4853 capite
2902 4780 3153 4849 habebat,
3204 4781 3336 4856 quia
3363 4781 3484 4856 ejus

1884 4867 2149 4926 divinitas
2187 4876 2313 4926 ante
2354 4868 2787 4927 incarnationem
2829 4887 2984 4927 suam
3024 4879 3231 4928 tantam
3271 4872 3481 4930 miseri-

1884 4958 2129 5015 cordiam
2158 4968 2539 5032 assumpserat,
2578 4966 2638 5016 ut
2668 4959 2834 5019 homo
2882 4960 3002 5017 ﬁeri
3033 4977 3131 5036 pro
3160 4961 3481 5021 hominibus

1883 5062 1995 5102 non
2034 5046 2440 5118 dedignaretur,
2493 5054 2547 5104 et
2596 5046 2665 5104 ad
2720 5045 2982 5104 ultimum
3020 5052 3255 5122 pessima
3304 5056 3480 5108 morte

1886 5134 2154 5192 damnari.
2198 5138 2273 5192 Et
2323 5135 2485 5207 facies
2535 5136 2648 5210 ejus
2688 5144 2807 5195 erat
2855 5139 2991 5196 sicut
3034 5141 3133 5198 sol.
3192 5140 3343 5215 Saepe
3384 5157 3481 5214 per

1883 5235 2054 5291 solem
2091 5235 2362 5291 Dominus
2384 5234 2734 5308 designatur;
2759 5236 2889 5311 quia
2927 5236 3008 5294 sol
3037 5254 3228 5296 omnes
3254 5246 3478 5296 creatu-

1882 5342 1970 5383 ras
2018 5326 2268 5385 visibiles
2339 5344 2440 5385 suo
2482 5329 2771 5401 splendore
2831 5338 2994 5404 atque
3065 5328 3477 5403 pulchritudine

1879 5416 2192 5474 antecedit:
2229 5416 2324 5474 sed
2353 5434 2474 5492 qua
2501 5426 2751 5476 creatura
2794 5419 2995 5493 poterit
3029 5418 3334 5492 comparari
3377 5435 3478 5476 suo

195 5503 472 5565 tummodo
500 5506 557 5562 in
591 5521 687 5562 ore
713 5513 866 5575 erat;
913 5506 1041 5579 quia
1081 5521 1311 5578 corpora
1355 5513 1671 5564 sanctorum
1710 5507 1770 5565 in
1879 5505 2167 5565 creatori?
2205 5508 2410 5567 Verum
2441 5524 2537 5582 per
2564 5508 2766 5582 ﬁguras
2799 5507 3050 5565 visibiles
3076 5524 3219 5583 sape
3267 5507 3478 5567 invisi-

194 5603 452 5671 potestate
480 5594 774 5667 habebant,
804 5594 901 5654 sed
936 5594 1151 5675 animas
1177 5613 1291 5656 non
1323 5594 1632 5655 habebant:
1665 5613 1770 5655 oc-
1879 5596 2015 5656 bilia
2076 5598 2548 5660 demonstrantur.
2595 5602 2659 5660 In
2722 5599 2885 5661 corde
2955 5600 3125 5675 igitur
3175 5603 3476 5665 electorum

265 5769 340 5843 (3)
378 5770 459 5826 Ita
489 5786 642 5839 mss.;
675 5769 809 5828 edit.
840 5778 1042 5842 autem,
1076 5778 1135 5829 ut
1171 5789 1274 5830 non
1301 5761 1594 5831 adorarent
1622 5772 1766 5829 idola
1792 5778 2038 5845 argentea
2063 5780 2112 5830 et
2143 5790 2331 5843 aurea,
2372 5782 2477 5830 etc.
