3964 6380
475 358 582 416 947

1495 363 1590 419 AD
1627 363 1860 421 OPERA
1897 363 1952 420 S.
1994 365 2326 424 AMBROSII
2366 365 2742 425 APPENDI'X.

3707 363 3832 422 948

478 483 729 542 Christus
757 483 839 539 sol
865 490 967 551 est,
1000 499 1162 556 quem
1194 499 1414 541 eernere
1436 501 1532 556 per
1559 504 1708 559 spem
1733 490 1887 544 nullo
1914 489 2076 544 modo
2112 493 2160 550 Α
2190 507 2286 562 per
2315 494 2695 566 Evangelium,
2729 495 3166 566 quemadmodum
3195 510 3313 549 cum
3342 495 3417 549 leo
3443 491 3591 564 rugit
3613 509 3637 556 ;
3679 489 3830 562 quia

478 578 768 644 desistunt,
823 584 876 632 et
914 575 980 631 ad
1026 576 1193 649 hujus
1235 577 1706 649 pulchritudinem
1766 582 2083 638 intuendam

477 673 838 740 perventuros
869 682 983 722 esse
1013 682 1069 722 se
1107 668 1360 724 credunt.
1394 669 1465 722 Et
1510 669 1663 738 pedes
1691 669 1803 738 ejus
1834 677 2087 740 tanquam

477 759 722 813 columna
753 756 909 827 ignis.
947 758 1049 812 Per
1089 758 1402 813 columnam
1452 757 1594 827 ignis
1622 759 1922 814 Ecclesiam
1954 777 2090 831 pos-

479 871 672 912 sumus
715 854 1010 926 accipere;
1059 852 1176 907 sive
1217 854 1344 925 quia
1401 854 1608 926 Spiritu
1665 863 1855 910 sancto
1919 856 2091 928 ignita

482 944 794 1019 resplendet
826 945 931 1015 (4),
963 944 1078 999 sive
1121 944 1250 1015 quia
1279 960 1466 1000 amore
1503 945 1599 1001 Dei
1654 953 1818 1017 atque
1848 947 2087 1018 proximi

482 1034 858 1091 indesinenter
894 1032 1064 1087 ardet.
1109 1031 1211 1086 Per
1239 1031 1378 1088 duos
1406 1050 1536 1088 vero
1581 1033 1743 1105 pedes
1805 1034 1944 1090 duos
1978 1052 2087 1108 po-

482 1124 642 1196 pulos
679 1121 986 1194 intelligere
1017 1121 1298 1177 debemus.
1335 1123 1420 1177 Ex
1450 1122 1666 1178 duobus
1695 1139 1824 1195 ergo
1857 1123 2090 1196 pedibus

481 1227 594 1267 una
625 1211 883 1267 columna
914 1209 1183 1277 edicitur;
1217 1209 1346 1282 quia
1375 1227 1444 1266 ex
1487 1211 1703 1266 duobus
1739 1213 1979 1284 populis,
2019 1229 2087 1266 ex

481 1299 684 1356 Iudaeis
719 1298 979 1355 videlicet
1033 1306 1195 1372 atque
1237 1301 1510 1372 gentibus,
1559 1317 1667 1356 una
1715 1302 1960 1358 Ecclesia
1988 1304 2087 1362 Dei

482 1388 804 1446 fabricatur.
853 1389 1150 1445 Possumus
1204 1390 1368 1445 etiam
1429 1407 1526 1463 per
1580 1390 1720 1446 duos
1771 1391 1932 1462 pedes
1979 1391 2089 1447 duo

483 1480 831 1537 Testamenta
861 1477 1189 1550 intelligere,
1223 1479 1368 1535 sicut
1399 1479 1458 1535 in
1486 1480 1843 1554 sequentibus
1871 1479 2090 1552 plenius

484 1569 1006 1629 demonstrabimus.
1057 1572 1166 1628 Nec
1191 1572 1471 1629 discordat
1526 1589 1558 1628 a
1587 1590 1751 1630 sensu
1793 1574 2084 1647 superiori,

486 1687 551 1728 eo
579 1670 727 1744 quod
763 1677 924 1726 vetus
952 1669 1359 1725 Testamentum
1390 1669 1614 1740 Iudaeis,
1646 1687 1852 1726 novum
1905 1677 2086 1726 autem

487 1759 741 1832 gentibus
771 1758 1081 1831 specialiter
1113 1757 1377 1814 traditum
1417 1759 1509 1816 sit.

2196 583 2254 638 in
2283 599 2500 639 omnem
2532 584 2799 640 mundum
2826 601 2936 639 vox
2963 583 3078 655 ejus
3119 583 3381 639 intonuit.
3417 585 3489 638 Et
3519 598 3646 636 cum
3684 580 3827 634 cla-

2198 679 2384 728 masset
2405 717 2422 738 ,
2457 674 2626 728 locuta
2655 680 2776 728 sunt
2804 680 2992 744 septem
3034 673 3270 727 tonitrua
3301 689 3443 726 voces
3491 687 3645 726 suas.
3713 668 3830 723 Per

2197 770 2398 833 septem
2431 762 2675 817 tonitrua
2704 769 2908 833 septem
2943 763 3176 818 virtutes
3205 778 3496 833 possumus
3521 759 3823 828 accipere.

2197 851 2466 909 Clamavit
2496 851 2750 908 Christus
2780 868 2874 922 per
2901 853 3098 923 legem,
3153 850 3245 907 sed
3293 859 3498 922 septem
3547 849 3829 904 tonitrua

2197 958 2307 997 non
2335 950 2637 997 sonuerunt
2663 958 2674 994 :
2708 942 2968 997 clamavit
2998 958 3090 1013 per
3110 941 3498 1012 Evangelium,
3521 946 3576 994 et
3610 939 3824 993 locuta

2198 1041 2327 1088 sunt
2356 1040 2559 1104 septem
2593 1033 2839 1089 tonitrua
2867 1051 3026 1090 voces
3057 1051 3202 1090 suas.
3253 1035 3387 1089 Nam
3431 1032 3546 1088 illis
3589 1029 3828 1104 quibus

2198 1122 2287 1176 lex
2323 1121 2540 1178 dicebat
2573 1141 2584 1177 :
2624 1124 2942 1180 Maledictus
2977 1124 3071 1196 qui
3121 1140 3232 1178 non
3275 1122 3574 1195 reliquerit
3615 1134 3830 1176 semen

2197 1228 2357 1267 suum
2391 1214 2447 1267 in
2478 1215 2639 1269 Israel
2665 1233 2678 1281 ;
2711 1223 2765 1270 et
2795 1215 2996 1286 quibus
3025 1215 3095 1271 ob
3136 1215 3244 1271 hoc
3273 1216 3459 1288 plures
3486 1230 3708 1270 uxores
3745 1219 3828 1266 at-

2197 1318 2302 1375 que
2334 1303 2673 1359 concubinas
2711 1304 2912 1361 habere
2958 1305 3172 1361 licitum
3215 1313 3350 1372 erat,
3400 1304 3703 1376 pudicitiae
3740 1310 3828 1358 to-

2198 1391 2445 1447 nitruum
2496 1391 2728 1448 necdum
2757 1404 3035 1450 sonuerat.
3079 1393 3350 1450 Similiter
3380 1402 3434 1450 et
3479 1393 3564 1450 illi
3597 1392 3830 1466 quibus

2199 1480 2286 1534 lex
2308 1479 2524 1536 dicebat
2548 1499 2560 1537 :
2602 1508 2617 1527 -
2642 1481 2877 1538 Oculum
2909 1499 3008 1554 pro
3031 1483 3214 1550 oculo,
3237 1482 3456 1538 dentem
3490 1497 3590 1554 pro
3613 1481 3826 1547 dente;

2198 1576 2252 1623 et
2281 1570 2494 1640 qualem
2527 1570 2799 1628 inﬂixerit
2826 1571 2949 1644 quis
2989 1573 3261 1628 maculam
3283 1616 3298 1641 ,
3336 1573 3496 1628 talem
3527 1579 3582 1626 et
3623 1569 3829 1626 susti-

2199 1673 2327 1713 nere
2355 1668 2582 1731 cogatur
2613 1661 2817 1731 (Exod.
2845 1679 2966 1730 xxI,
3001 1662 3114 1730 2h);
3157 1687 3175 1709 ι
3221 1661 3457 1718 necdum
3484 1661 3830 1717 tonitruum

2198 1749 2476 1820 patientia:
2535 1750 2840 1806 audierant.
2896 1752 2967 1807 Et
3022 1750 3106 1806 illi
3164 1751 3472 1808 tonitruum
3511 1748 3831 1806 charitatis

560 1849 742 1920 (Vers.
773 1848 855 1920 2.)
898 1850 973 1905 Et
998 1848 1214 1904 habebat
1242 1848 1299 1903 in
1326 1865 1488 1904 manu
1515 1866 1616 1904 sua
1647 1849 1876 1905 libellum
1918 1865 2085 1920 aper-
2117 1837 2163 1897 B
2197 1839 2433 1893 necdum
2496 1839 2733 1910 perfecte
2791 1837 3111 1908 audierant,
3159 1840 3362 1912 quibus
3409 1839 3496 1894 lex
3539 1837 3782 1894 dicebat
3817 1854 3828 1892 :

490 1946 618 1996 tum.
672 1939 775 1997 Hic
831 1939 971 1997 liber
1030 1941 1282 2012 superius
1337 1949 1543 2015 septem
1597 1941 1794 2015 sigillis
1850 1943 2095 2014 signatus

490 2030 658 2090 fuisse
683 2032 1047 2101 describitur;
1077 2035 1169 2091 sed
1215 2035 1282 2092 de
1333 2035 1452 2107 ejus
1506 2037 1809 2109 apertione,
1856 2035 2094 2094 Domino

492 2125 775 2198 largiente,
805 2125 989 2198 aliqua
1026 2125 1294 2183 diximus.
1329 2127 1603 2183 Libellum
1637 2127 1807 2199 igitur
1845 2134 2093 2199 apertum

493 2213 552 2270 in
600 2228 764 2270 manu
795 2230 892 2270 sua
919 2215 1186 2271 Dominus
1219 2225 1406 2273 noster
1447 2217 1601 2273 Jesus
1630 2217 1881 2276 Christus
1909 2224 2095 2272 tenere

493 2303 646 2360 visus
716 2311 846 2373 est;
898 2304 1028 2378 quia
1079 2322 1270 2362 sensus
1320 2306 1636 2362 divinarum
1689 2307 2093 2378 Scripturarum

496 2392 817 2450 doctoribus
844 2395 1104 2452 Ecclesiae
1160 2395 1274 2468 ipse
1305 2398 1538 2469 aperuit.
1571 2399 1645 2454 Et
1687 2397 1865 2468 posuit
1912 2395 2096 2467 pedem

496 2499 650 2539 suum
679 2483 951 2538 dexterum
980 2500 1139 2556 super
1167 2502 1314 2540 mare
1339 2500 1355 2554 ;
1388 2486 1662 2540 sinistrum
1714 2491 1888 2540 autem
1939 2500 2097 2556 super

499 2579 716 2629 terram.
743 2573 847 2630 Per
881 2573 1074 2647 pedem
1106 2573 1384 2642 dextrum,
1417 2574 1563 2631 sicut
1590 2575 1856 2642 diximus,
1887 2589 2095 2629 novum

497 2663 903 2720 Testamentum
956 2681 968 2719 :
1020 2679 1116 2736 per
1177 2663 1464 2720 sinistrum
1537 2672 1698 2720 vetus
1759 2663 2094 2736 designatur.

498 2753 792 2809 Possumus
819 2759 1002 2808 autem
1046 2769 1141 2824 per
1168 2761 1317 2808 mare
1345 2753 1612 2825 populum
1648 2752 1892 2825 gentium
1924 2751 2100 2806 intel-

497 2843 686 2916 ligere,
756 2850 979 2916 propter
1044 2842 1477 2916 profunditatem
1561 2843 1887 2915 ignorantiae
1939 2849 2102 2914 atque

499 2958 738 2999 errorem
775 2959 788 3009 ;
821 2958 918 3014 per
951 2948 1148 2998 terram
1179 2957 1309 2996 vero
1359 2957 1479 3014 quae
1510 2941 1803 3008 excolitur,
1863 2947 1926 2995 ut
1971 2938 2101 2994 fru-

499 3038 650 3090 ctum
682 3031 840 3099 ferat,
874 3029 1090 3087 Judzeos
1106 3030 1198 3104 qui
1221 3031 1614 3086 excolebamur
1633 3046 1729 3102 per
1749 3028 2100 3102 disciplinam

501 3121 655 3195 legis,
710 3128 764 3177 et
806 3120 1044 3178 fructum
1075 3119 1341 3188 ferebant,
1394 3136 1519 3176 cum
1559 3127 1826 3192 praecepta
1886 3119 2099 3193 legalia,

501 3192 753 3286 quamvis
801 3210 1112 3279 carnaliter,
1156 3207 1478 3281 implebant.
1509 3209 1707 3266 Pedem
1763 3226 1890 3282 ergo
1940 3224 2099 3264 suum
2135 3192 2180 3252 C

503 3302 762 3360 dextrum
795 3299 1066 3358 Dominus
1094 3316 1258 3373 super
1285 3315 1433 3355 mare
1486 3299 1689 3372 posuit,
1722 3299 1940 3372 quando
1970 3315 2102 3370 spe-

503 3391 700 3450 cialius
731 3391 988 3466 gentibus
1027 3388 1331 3445 doctrinam
1365 3388 1651 3461 Evangelii
1681 3403 1844 3462 quam
1899 3387 2102 3442 Iudaeis

504 3481 754 3552 tradidit,
795 3481 940 3538 sicut
991 3479 1192 3536 Paulus
1222 3478 1426 3535 eisdem
1474 3478 1676 3536 Judaeis
1706 3476 1969 3549 loquitur,
2005 3475 2104 3532 di-

505 3591 668 3632 cens:
707 3597 724 3619 ·
757 3572 928 3630 Vobis
951 3570 1234 3643 Oportebat
1261 3570 1501 3643 primum
1533 3569 1683 3644 loqui
1711 3568 1943 3624 verbum
1975 3568 2096 3648 Dei,

507 3667 600 3724 sed
630 3667 758 3740 quia
785 3665 1049 3738 repellitis
1089 3666 1249 3735 illud,
1296 3676 1350 3723 et
1402 3665 1659 3740 indignos
1687 3682 1787 3722 vos
1815 3663 2107 3736 judicastis

506 3769 723 3819 internae
750 3760 901 3828 vitai,
943 3776 1064 3816 ecce
1093 3761 1471 3817 convertimur
1499 3760 1567 3816 ad
1595 3767 1780 3832 gentes
1809 3761 1948 3830 (Act.
1980 3777 2106 3826 xm,

506 3852 624 3926 46).
659 3878 678 3902 ι
719 3853 917 3909 Pedem
950 3853 1236 3910 sinistrum
1258 3870 1421 3928 super
1441 3861 1639 3909 terram
1657 3854 1861 3925 posuit,
1890 3851 2107 3925 quando

508 3945 681 4018 legem
740 3943 942 4000 Iudaeis
1006 3944 1315 4016 specialiter
1382 3942 1631 4002 tradidit.
1701 3942 1806 4000 Sed
1889 3944 2107 3999 nullum

509 4040 745 4103 moveat,
792 4033 935 4106 quod
1010 4033 1314 4105 posteriora
1372 4033 1523 4105 prius
1563 4031 2104 4098 commemoraverit,

509 4131 564 4178 et
599 4121 780 4192 priora
807 4121 1114 4193 posterius;
1174 4139 1238 4178 eo
1265 4121 1413 4194 quod
1451 4121 1510 4175 in
1558 4121 1767 4177 divinis
1813 4119 2110 4190 Scripturis

509 4213 616 4270 hoc
643 4227 784 4282 saepe
811 4211 1110 4281 contingat.
1143 4211 1229 4268 Ad
1265 4211 1411 4282 quod
1441 4209 1906 4281 comprobandum
1939 4225 2107 4264 unum

511 4298 892 4356 tantummodo
922 4299 1234 4367 exemplum
1267 4299 1625 4368 proferamus.
1661 4300 1722 4354 In
1752 4299 1960 4370 psalmo
1990 4314 2111 4354 cen-

511 4389 705 4446 tesimo
760 4389 976 4460 quinto,
1034 4403 1157 4442 cum
1208 4387 1483 4444 dixisset:
1529 4411 1546 4434 ι
1592 4389 1794 4461 Aperta
1827 4396 1908 4444 est
1945 4395 2109 4457 terra,

511 4486 564 4534 et
593 4477 886 4550 deglutivit
938 4478 1175 4548 Dathan,
1227 4483 1371 4541 542
1418 4486 1472 4535 et
1521 4481 1737 4552 operuit
1779 4496 1942 4554 super
1969 4496 2114 4536 con—

511 4579 876 4653 gregationem
907 4579 1117 4636 Abiron
1149 4599 1162 4637 :
1195 4588 1249 4637 et
1296 4580 1502 4638 exarsit
1548 4580 1690 4652 ignis
1719 4579 1776 4635 in
1837 4595 2114 4654 synagoga

512 4687 720 4738 eorum,
750 4670 969 4726 ﬂamma
994 4669 1296 4727 combussit
1323 4678 1631 4743 peccatores
1680 4669 1861 4742 (Psal.
1894 4687 1982 4738 cv,
2023 4671 2108 4746 17,

516 4761 604 4829 18)
633 4778 646 4827 ;
673 4784 689 4808 ι
734 4769 880 4816 retro
909 4759 1223 4829 revertitur,
1253 4768 1308 4817 et
1335 4761 1474 4816 dicit
1508 4777 1522 4816 :
1569 4783 1586 4808 ι
1613 4761 1684 4815 Et
1729 4759 1980 4816 fecerunt
2016 4758 2113 4814 vi-

515 4854 690 4910 tulum
721 4851 780 4907 in
809 4851 1426 4920 Oreb,etadoraverunt
1442 4852 1698 4924 sculptile
1719 4851 1882 4924 (Ibid.
1917 4850 2006 4923 19)
2033 4868 2047 4920 ;
2081 4875 2099 4899 ι

513 4963 613 5005 nec
643 4947 1094 5004 inconvenienter
1121 4963 1218 5019 per
1243 4946 1502 5002 dextrum
1549 4945 1738 5018 pedem
1779 4959 1984 5000 novum
2016 4942 2112 4997 Te-

512 5044 864 5104 stamentum,
892 5052 988 5109 per
1011 5036 1298 5093 sinistrum
1330 5044 1510 5092 autem
1552 5042 1710 5091 vetus
1741 5033 2062 5107 designatur
2091 5049 2106 5102 ;

512 5143 576 5184 eo
605 5127 751 5200 quod
776 5133 933 5183 vetus
951 5127 1358 5184 Testamentum
1388 5126 1584 5184 umbra
1613 5125 1780 5183 fuerit
1808 5124 1942 5182 novi
1969 5125 2112 5181 Tes-

512 5218 762 5274 tamenti.

586 5309 768 5380 (Vers.
804 5307 885 5381 3.)
944 5308 1018 5364 Et
1063 5306 1331 5376 clamavit,
1391 5305 1829 5378 quemadmodum
1869 5321 1988 5361 cum
2035 5305 2111 5362 leo

516 5399 674 5471 rugit.
709 5398 981 5458 Clamavit
1011 5396 1263 5455 Christus
1310 5413 1406 5471 per
1435 5398 1626 5469 legem,
1651 5396 1744 5454 sed
1768 5413 1879 5453 non
1910 5412 2112 5471 quem-

514 5487 810 5547 admodum
839 5505 967 5546 cum
993 5489 1075 5545 leo
1105 5488 1252 5560 rugit
1277 5507 1291 5556 ;
1339 5487 1469 5563 quia
1507 5488 1565 5543 in
1615 5504 1725 5544 una
1753 5487 1918 5545 domo
1949 5489 2112 5546 Israel

515 5593 627 5633 vox
657 5577 774 5649 ejus
813 5577 1195 5635 tantummodo
1223 5576 1409 5636 audita
1458 5585 1574 5634 est:
1616 5579 1877 5636 clamavit
1928 5585 2115 5651 postea

2219 1952 2236 1972 ι
2267 1928 2472 1999 Diliges
2500 1929 2739 1985 amicum
2773 1936 2959 1997 tuum,
2990 1939 3043 1986 et
3080 1929 3209 1985 odio
3245 1929 3472 1986 habebis
3510 1929 3828 1986 inimicum

2205 2027 2364 2075 tuum
2395 2021 2609 2091 (Matth.
2641 2038 2697 2088 v,
2735 2019 2851 2092 43).
2887 2047 2905 2069 ι
2948 2020 3097 2077 Idem
3128 2031 3180 2078 et
3228 2021 3296 2077 de
3342 2020 3552 2077 caeteris
3582 2019 3831 2076 virtuti-

2203 2108 2306 2165 bus
2336 2110 2754 2182 intelligendum
2786 2119 2887 2166 est.
2931 2111 3145 2182 Septem
3179 2127 3308 2182 ergo
3339 2111 3586 2167 tonitrua
3624 2110 3831 2166 locuta

2204 2206 2352 2266 sunt,
2403 2200 2622 2271 quando
2671 2216 2766 2270 per
2791 2199 3101 2255 doctrinam
3147 2201 3438 2272 Evangelii
3491 2199 3832 2256 sublimitas

2203 2286 2470 2342 virtutum
2499 2288 2664 2360 cmpit
2689 2288 3079 2343 demonstrari.

2277 2412 2456 2483 (Vers.
2483 2412 2556 2482 ῖι.)
2586 2415 2657 2468 Et
2681 2413 2866 2467 audivi
2895 2430 3063 2466 vocem
3099 2413 3160 2467 de
3187 2414 3310 2467 ccelo
3341 2413 3592 2467 dicentem
3629 2412 3784 2468 mihi
3815 2430 3831 2466 :

2207 2501 2366 2572 Signa
2406 2518 2521 2572 qum
2564 2502 2735 2556 locuta
2781 2507 2903 2556 sunt
2951 2507 3140 2572 septem
3191 2502 3448 2567 tonitrua,
3494 2507 3542 2555 et
3583 2502 3716 2558 noli
3773 2518 3833 2556 ea

2202 2591 2446 2646 scribere.
2466 2591 2591 2647 Vox
2618 2590 2683 2646 de
2713 2591 2851 2646 ccelo
2886 2607 2992 2646 vox
3029 2598 3109 2646 est
3137 2589 3202 2644 de
3226 2589 3476 2644 Ecclesia
3509 2606 3520 2643 :
3563 2590 3832 2646 scribere

2206 2695 2337 2734 vero
2367 2686 2447 2735 est
2491 2678 2821 2750 praedicare;
2870 2679 2998 2751 quia
3032 2678 3174 2734 sicut
3216 2677 3452 2749 scriptor
3494 2685 3831 2733 atramento

2211 2769 2267 2824 in
2311 2769 2596 2823 volumine
2643 2767 2857 2834 scribit,
2908 2766 3052 2822 unde
3100 2767 3342 2838 legentes
3389 2765 3828 2834 exercitentur;

2211 2858 2288 2912 ita
2316 2866 2370 2912 et
2417 2855 2650 2929 quilibet
2699 2853 2892 2911 doctor
2936 2855 3104 2911 verba
3157 2856 3254 2911 Dei
3307 2855 3523 2923 scribit,
3575 2872 3713 2911 cum
3767 2873 3830 2912 ea

2212 2945 2560 3020 praedicando
2606 2945 2662 3000 in
2709 2943 2968 3001 cordibus
3016 2944 3361 3000 audientium
3414 2945 3650 3015 plantat.
3711 2945 3830 3003 Cur

2211 3051 2340 3107 ergo
2373 3051 2468 3105 per
2488 3050 2676 3089 vocem
2699 3049 2819 3104 qua:
2845 3033 2911 3088 de
2941 3034 3080 3089 caalo
3109 3033 3317 3101 sonuit,
3350 3031 3703 3104 prohibitum
3743 3040 3826 3088 est

2217 3141 2286 3179 ne
2329 3131 2534 3194 septem
2588 3121 2831 3177 tonitrua
2879 3121 3272 3188 scriberentur,
3310 3121 3364 3175 in
3399 3119 3632 3177 Actibus
3669 3137 3823 3193 apo-

2210 3215 2476 3270 stolorum
2500 3219 2553 3267 et
2584 3210 2639 3265 in
2669 3211 2932 3281 Epistolis
2952 3211 3104 3266 Pauli
3141 3211 3390 3266 invenire
3415 3227 3734 3282 possumus.
3760 3212 3822 3267 In

2211 3303 2376 3360 initio
2422 3317 2658 3374 namque
2706 3299 2833 3356 ﬁdei
2891 3300 3276 3370 praedicatores
3332 3300 3506 3356 sancti
3557 3299 3824 3357 videntes

2212 3397 2593 3455 inﬁrmitatem
2641 3395 2886 3467 gentium
2941 3395 3008 3452 ad
3062 3395 3225 3452 fidem
3268 3395 3643 3463 venientium,
3706 3411 3821 3450 non

2212 3495 2335 3544 sunt
2361 3485 2477 3542 ausi
2496 3486 2574 3541 eis
2595 3484 2896 3540 austeriora
2913 3483 3118 3542 Christi
3150 3493 3423 3557 praecepta
3442 3483 3814 3549 committere;

2213 3593 2281 3632 ne
2321 3575 2462 3632 forte
2497 3573 2701 3630 duritia
2731 3581 3129 3645 praeceptorum
3161 3572 3367 3640 territi,
3405 3589 3516 3628 non
3547 3571 3820 3628 auderent

2215 3665 2280 3721 ad
2312 3664 2472 3719 ﬁdem
2505 3661 2709 3721 Christi
2749 3661 3156 3734 suscipiendam
3189 3661 3463 3727 accedere,
3488 3660 3631 3717 sicut
3662 3661 3818 3716 Pau-

2217 3755 2303 3809 lus
2332 3753 2614 3826 apostolus
2633 3751 2923 3822 discipulis
2953 3751 3067 3806 suis
3097 3750 3335 3821 scripsit,
3359 3749 3548 3805 dicens
3574 3767 3586 3806 :
3624 3772 3642 3796 ι
3677 3749 3816 3804 Tan-

2217 3859 2379 3915 quam
2439 3841 2686 3913 parvulis
2735 3840 2792 3894 in
2831 3837 3051 3895 Christo
3099 3839 3183 3895 lac
3229 3838 3388 3894 vobis
3438 3846 3629 3910 potum
3661 3837 3812 3905 dedi,

2217 3949 2327 3987 non
2360 3947 2534 3986 escam
2563 3947 2576 3997 ;
2610 3928 2856 3984 nondum
2887 3928 3033 3982 enim
3066 3927 3349 4000 poteratis,
3376 3925 3469 3982 sed
3501 3941 3603 3981 nec
3633 3925 3814 3982 adhuc

2219 4020 2436 4094 quidem
2465 4017 2712 4090 potestis;
2741 4016 2920 4072 adhuc
2936 4015 3081 4071 enim
3100 4016 3229 4072 estis
3251 4017 3493 4073 carnales
3511 4016 3567 4087 (Ι
3579 4017 3711 4072 Cor.
3731 4032 3809 4082 ιιι,

2219 4111 2297 4180 ‘2).
2332 4135 2348 4156 ι
2393 4107 2498 4163 Sed
2540 4114 2596 4161 et
2643 4105 2872 4178 apostoli
2916 4105 3009 4177 qui
3060 4113 3215 4161 erant
3259 4105 3684 4177 Hierosolymis,
3739 4103 3813 4158 eis

2221 4197 2314 4271 qui
2337 4214 2405 4252 ex
2422 4196 2673 4268 gentibus
2694 4195 3060 4263 crediderant,
3083 4196 3277 4252 manda
3289 4203 3506 4264 verunt,
3532 4194 3811 4251 dicentes:

2235 4310 2254 4334 ι
2288 4285 2500 4341 Placuit
2548 4284 2778 4356 Spiritui
2809 4292 2996 4340 sancto
3027 4291 3080 4340 et
3134 4284 3292 4340 nobis
3346 4284 3486 4340 nihil
3533 4285 3810 4354 imponere

2221 4374 2380 4431 vobis
2407 4373 2608 4440 oneris,
2655 4373 2762 4428 nisi
2794 4379 2854 4428 ut
2900 4371 3219 4428 abstineatis
3249 4390 3348 4429 vos
3394 4371 3461 4428 ab
3502 4371 3663 4440 escis,
3697 4387 3810 4444 qua

2224 4462 2387 4519 idolis
2431 4462 2808 4530 immolantur,
2847 4469 2901 4518 et
2938 4478 2969 4517 a
3006 4461 3390 4530 fornicatione,
3422 4468 3477 4518 et
3526 4461 3807 4527 suﬂ'ocato,

2141 4549 2190 4606 D
2223 4561 2276 4609 et
2314 4552 2579 4625 sanguine
2614 4551 2756 4621 (Act.
2788 4569 2887 4620 xv,
2919 4552 3007 4620 28,
3042 4551 3155 4623 29).
3187 4575 3205 4599 ι
3251 4551 3376 4608 Vox
3407 4567 3534 4622 ergo
3571 4549 3641 4606 de
3677 4549 3809 4607 coelo

2223 4643 2420 4698 Joanni
2453 4641 2718 4714 loquitur,
2753 4656 2820 4695 ne
2849 4649 3054 4712 septem
3081 4639 3324 4697 tonitrua
3353 4640 3652 4705 scriberet;
3687 4637 3808 4712 quia

2223 4731 2456 4805 apostoli
2487 4731 2578 4804 qui
2619 4746 2714 4802 per
2743 4731 2939 4785 caalum
2971 4729 3349 4802 designantur,
3395 4729 3589 4802 primis
3619 4725 3807 4800 praedi-

2221 4820 2499 4878 catoribus
2527 4826 2919 4892 prazceperunt,
2955 4836 3022 4874 ne
3048 4819 3267 4875 noviter
3295 4819 3362 4876 ad
3393 4818 3556 4875 ﬁdem
3594 4817 3805 4873 venien-

2222 4922 2321 4982 tes,
2359 4912 2542 4969 subito
2591 4911 2656 4967 ad
2705 4911 3085 4968 celsitudinem
3130 4912 3402 4968 virtutum
3446 4910 3807 4968 conscendere

2222 5010 2500 5074 cogerent,
2548 5001 2722 5058 donec
2755 5000 2812 5056 in
2857 4999 2964 5057 fide
3013 5001 3331 5071 confortati,
3367 5000 3482 5074 jam
3514 4999 3584 5056 ad
3613 5014 3804 5072 opera-

2221 5093 2429 5150 tionem
2458 5092 2726 5147 virtutum
2757 5091 2990 5147 transire
3021 5099 3261 5165 possent.

2293 5221 2475 5292 (Vers.
2507 5219 2562 5288 5,
2593 5217 2649 5284 6,
2686 5218 2763 5290 7.)
2795 5219 2868 5274 Et
2893 5219 3109 5289 angelus
3137 5235 3290 5289 quem
3324 5218 3436 5274 vidi
3473 5223 3702 5274 stantem
3732 5232 3807 5272 su-

2213 5327 2321 5382 pra
2340 5325 2485 5365 mare
2509 5312 2556 5364 et
2585 5324 2743 5379 super
2764 5313 2979 5374 terram,
3005 5323 3122 5362 cum
3153 5308 3370 5363 levasset
3397 5323 3616 5362 manum
3638 5321 3802 5372 suam,

2220 5407 2267 5456 et
2285 5400 2522 5470 jurasset
2545 5416 2642 5471 per
2657 5397 2907 5452 viventem
2927 5398 2982 5452 in
3001 5404 3251 5453 wternum
3267 5397 3359 5469 qui
3379 5397 3578 5452 creavit
3607 5397 3802 5459 caelum,

2220 5497 2267 5546 et
2302 5507 2364 5546 ea
2405 5505 2522 5560 qua;
2559 5489 2616 5543 in
2663 5505 2719 5542 eo
2765 5493 2925 5551 sunt;
2971 5493 3018 5542 et
3063 5493 3281 5556 terram,
3313 5494 3362 5542 et
3405 5505 3465 5542 ea
3502 5503 3622 5558 quia
3660 5486 3719 5541 in
3755 5501 3806 5540 ea

2221 5583 2344 5633 sunt
2373 5594 2390 5632 :
2431 5593 2598 5642 mare,
2627 5581 2675 5631 et
2703 5593 2764 5631 ea
2797 5593 2912 5646 quae
2938 5576 2997 5630 in
3024 5593 3079 5631 eo
3113 5581 3272 5641 sunt;
3307 5575 3434 5646 quia
3468 5581 3669 5646 tempus
3707 5590 3803 5630 am-

590 5730 671 5804 (li)
723 5731 784 5788 In
832 5730 964 5789 edit.
1019 5731 1264 5800 deerant,
1316 5731 1422 5788 sive
1477 5730 1605 5803 quia
1654 5731 1862 5805 Spiritu
1917 5737 2094 5788 sancto
2142 5729 2275 5787 mita
2304 5727 2616 5802 resplendet,
2637 5727 2761 5796 sive,
2789 5741 2910 5800 quae
2939 5726 3306 5784 restituuntur
3333 5743 3403 5784 ex
3433 5741 3564 5782 mss.
