3964 6364
131 363 257 420 949

1042 360 1500 418 BERENGAUDI
1537 359 1912 419 EXPOSITIO
1952 360 2024 418 IN
2061 360 2562 420 APOCALYPSIN.

3352 362 3459 422 950

123 485 297 554 ptius
324 497 432 537 non
461 478 582 551 erit,
617 479 706 537 sed
733 479 791 535 in
811 479 990 536 diebus
1014 481 1220 553 septimi
1238 482 1431 554 angeli,
1454 499 1572 538 cum
1598 499 1752 553 caepe-
1787 484 1836 543 A
1863 481 2061 537 ductus
2082 490 2162 538 est
2187 499 2198 538 :
2227 481 2320 538 sed
2344 482 2474 555 quia
2502 486 2724 554 propter
2751 479 3054 538 absentiam
3068 479 3188 553 ejus
3206 478 3455 544 heretici

131 573 228 630 rit
256 573 380 628 tuba
409 590 609 640 canere,
642 571 1088 627 consummabitur
1128 572 1430 642 mysterium
1465 571 1584 639 Dei,
1611 571 1752 641 quod

132 665 534 736 euangelizavit
566 681 668 734 per
703 679 879 718 servos
913 678 1035 716 suos
1059 662 1360 734 prophetas.
1393 662 1503 717 Nos
1531 659 1751 733 quando

127 751 424 826 juramus,
473 753 730 808 volumus
777 759 836 806 ut
871 750 1095 807 ﬁrmum
1143 751 1214 807 sit
1262 751 1409 824 quod
1451 751 1749 822 loquimur.

132 845 374 903 Dixisse
423 861 550 916 ergo
601 843 826 898 Domini
872 841 1087 914 jurasse
1138 851 1249 909 est;
1305 842 1434 915 quia
1475 842 1596 898 ﬁeri
1642 856 1752 896 non

135 943 334 1008 potest
382 943 443 993 ut
491 935 640 1008 quod
683 934 930 1008 loquitur
972 937 1139 1002 Deus,
1179 933 1397 988 irritum
1445 932 1562 1001 ﬁat,
1612 933 1754 989 sicut

136 1027 272 1100 ipse
302 1026 442 1083 dicit
472 1027 530 1082 in
566 1025 870 1098 Evangelio
905 1043 915 1081 :
976 1049 994 1072 ι
1041 1025 1250 1082 Coelum
1284 1035 1338 1081 et
1365 1032 1510 1102 terra
1541 1025 1754 1081 transi-

133 1115 322 1186 bunt,
351 1116 520 1173 verba
547 1124 728 1172 autem
778 1132 899 1171 mea
945 1131 1056 1171 non
1095 1116 1409 1172 transibunt
1447 1116 1596 1187 (Luc.
1629 1132 1751 1184 xxr,

137 1210 271 1282 33).
294 1231 313 1258 ι
353 1208 489 1266 Cum
513 1208 683 1280 igitur
703 1207 956 1264 Christus
976 1224 1070 1279 per
1091 1208 1367 1262 viventem
1390 1207 1447 1262 in
1464 1216 1750 1275 aeternum,

137 1306 206 1355 et
239 1314 337 1370 per
365 1315 486 1354 eum
521 1298 616 1372 qui
664 1298 794 1354 fecit
843 1314 1033 1353 omnes
1081 1305 1358 1354 creaturas
1396 1295 1630 1368 juravit,
1660 1312 1754 1367 per

137 1394 512 1466 semetipsum
538 1392 750 1465 juravit
783 1411 794 1448 :
825 1393 965 1461 Quia
1004 1417 1022 1441 ‹
1051 1393 1237 1448 omnia
1281 1409 1376 1465 per
1406 1393 1584 1464 ipsum
1614 1393 1756 1449 facta

138 1489 310 1550 sunt,
340 1490 393 1539 et
423 1481 541 1538 sine
580 1481 699 1554 ipso
747 1481 951 1538 factum
995 1489 1076 1538 est
1119 1481 1260 1537 nihil
1312 1482 1492 1552 (Joan.
1527 1500 1566 1550 ι,
1606 1482 1686 1551 3).
1719 1506 1737 1530 ι

138 1571 372 1628 Juravit
411 1579 593 1627 autem
639 1587 752 1627 non
790 1570 1119 1644 quibusdam
1168 1570 1353 1626 verbis
1398 1571 1753 1643 semetipsum

141 1661 486 1732 obligando;
543 1660 637 1717 sed
696 1661 932 1718 dicendo
985 1677 1047 1716 ea
1108 1677 1231 1733 quae
1288 1667 1520 1716 ventura
1577 1667 1750 1715 erant.

139 1750 259 1806 Per
296 1750 591 1822 septimum
631 1767 764 1806 vero
807 1751 1060 1822 angelum
1103 1749 1504 1821 praedicatores,
1550 1750 1644 1822 qui
1695 1749 1753 1805 in

1859 570 2163 626 Ecclesiam
2206 571 2306 627 Dei
2360 571 2694 638 invaserant,
2727 577 2850 644 post
2895 571 3264 628 reversionem
3294 585 3454 628 suam

1859 664 1926 720 de
1937 663 2134 718 exsilio
2154 662 2221 718 ad
2242 679 2431 718 eorum
2452 662 2820 735 blasphemias
2835 662 3194 719 destruendas
3210 661 3454 734 compul-

1860 769 1952 809 sus
1988 760 2069 807 est
2115 752 2476 823 Evangelium
2513 751 2767 807 scribere.
2801 750 3063 823 Praecepit
3115 750 3286 823 igitur
3341 767 3452 808 vox

1861 840 2053 897 divina
2081 840 2298 907 Joanni,
2332 848 2393 896 ut
2434 839 2538 895 iret
2567 840 2635 895 ad
2681 840 2957 912 angelum,
3006 847 3060 896 et
3088 839 3356 911 acciperet
3384 839 3453 896 ab

1861 953 1926 993 eo
1980 936 2221 1003 librum;
2259 936 2389 1008 quia
2415 935 2559 992 543
2591 937 2827 1008 Spiritus
2864 944 3086 994 sanctus
3113 937 3218 993 hoc
3254 936 3454 993 Joanui

1863 1026 2182 1097 inspirando
2205 1026 2395 1092 suasit,
2426 1035 2486 1082 ut
2515 1026 2619 1082 iret
2648 1027 2715 1083 ad
2747 1027 3025 1084 Christum
3064 1043 3174 1081 non
3205 1024 3455 1098 passibus

1862 1114 2126 1186 corporis,
2175 1114 2268 1170 sed
2320 1115 2572 1186 passibus
2609 1115 2830 1182 mentis,
2880 1115 2949 1171 ad
2998 1113 3453 1171 considerandam

1861 1203 2171 1260 divinitatis
2194 1204 2310 1276 ejus
2341 1205 2643 1276 potentiam
2681 1214 2845 1277 atque
2874 1221 2999 1260 cum
3030 1205 3188 1260 Patre
3221 1203 3452 1277 aequali-

1863 1301 2050 1361 tatem,
2077 1301 2138 1348 ut
2174 1294 2240 1349 de
2269 1294 2560 1349 divinitate
2591 1293 2707 1364 ejus
2735 1294 2984 1350 libellum
3024 1291 3282 1349 omnibus
3307 1290 3454 1348 ﬁde-

1823 1423 1834 1430 .
1864 1382 2007 1437 libus
2030 1382 2372 1439 salutiferum
2401 1391 2582 1456 posset
2609 1383 2972 1440 conscribere.
2996 1382 3293 1440 Devoravit
3321 1396 3452 1438 vero

1863 1471 2098 1527 Joannes
2127 1471 2352 1540 librum,
2385 1488 2510 1528 cum
2541 1472 2826 1528 scientiam
2852 1472 3139 1544 Evangelii
3169 1471 3315 1546 quod
3346 1487 3454 1544 po-

1863 1567 1975 1615 stea
2005 1560 2242 1632 scripsit,
2291 1560 2608 1633 plenissime
2649 1561 2877 1632 accepit.
2916 1560 3083 1616 Liber
3112 1561 3294 1634 itaque
3317 1560 3454 1618 dum

1861 1649 2237 1719 devoraretur,
2267 1650 2614 1707 dulcedinem
2662 1649 2841 1705 mellis
2888 1649 2970 1704 ori
2999 1650 3292 1717 exhibuit;
3325 1650 3456 1724 quia

1861 1740 2051 1796 divina
2071 1740 2351 1814 Scriptura
2375 1749 2580 1813 quanto
2602 1740 2839 1811 amplius
2860 1739 2916 1794 in
2938 1740 3101 1796 corde
3119 1741 3452 1809 ruminatur,

140 1839 268 1897 ﬁne
311 1840 507 1896 mundi
553 1840 728 1896 futuri
773 1847 921 1908 sunt,
957 1839 1331 1912 designantur,
1363 1839 1431 1894 de
1469 1837 1670 1912 quibus
1694 1837 1752 1893 iu
1784 1847 1829 1905 Β
1862 1838 2014 1886 tanto
2052 1829 2413 1886 salubriorem
2446 1830 2796 1886 dulcedinem
2834 1830 3005 1886 menti
3035 1830 3280 1887 exhibet.
3311 1830 3454 1887 Pos-

139 1931 512 2004 sequentibus
533 1931 799 1988 dicemus.
821 1933 1036 1989 Juravit
1065 1949 1191 2004 ergo
1221 1930 1490 1997 Christus,
1521 1929 1667 2002 quod
1692 1931 1751 1986 in

137 2029 352 2085 diebus
399 2027 620 2100 septimi
668 2028 848 2100 angeli
899 2028 1372 2086 consummabitur
1426 2026 1748 2099 mysterium

137 2118 278 2187 Dei,
309 2119 457 2190 quod
503 2118 903 2190 evangelizavit
943 2135 1039 2191 per
1084 2135 1212 2174 suos
1256 2117 1582 2190 prophetas;
1623 2117 1753 2189 quia

139 2207 418 2280 praedixit
460 2207 588 2280 quia
630 2215 764 2264 tunc
811 2207 996 2264 veniet
1043 2207 1190 2274 ﬁnis,
1241 2221 1368 2261 cum
1403 2204 1584 2260 omnis
1631 2205 1752 2260 ele—

139 2303 372 2352 ctorum
398 2312 661 2352 numerus
689 2296 860 2352 fuerit
889 2297 1214 2369 completus.

225 2387 410 2456 (Vers.
450 2385 532 2459 8.)
565 2389 637 2443 Et
665 2403 836 2441 vocem
875 2403 1035 2456 quam
1078 2386 1263 2440 audivi
1302 2385 1364 2440 de
1408 2385 1532 2439 caelo
1564 2384 1753 2440 iterum

145 2477 445 2546 loquentem
489 2494 707 2544 mecum,
756 2480 805 2529 et
842 2475 1088 2530 dicentem
1124 2492 1136 2531 :
1189 2475 1342 2542 Vade,
1375 2481 1423 2530 et
1463 2474 1635 2546 accipe
1676 2475 1752 2529 li-

143 2567 309 2622 brum
355 2566 416 2621 de
452 2583 614 2621 manu
649 2565 823 2638 angeli
869 2564 1056 2620 stantis
1103 2581 1269 2636 supra
1311 2581 1458 2619 mare
1497 2570 1543 2618 et
1588 2579 1753 2634 supra

150 2667 378 2715 terram.
413 2659 618 2717 Vocem
653 2657 888 2730 primam
919 2673 1037 2713 eam
1067 2655 1224 2724 dicit,
1260 2655 1479 2727 quando
1509 2653 1576 2708 de
1615 2655 1754 2710 coelo

141 2749 201 2806 ei
241 2749 454 2807 dictum
483 2756 564 2804 est
598 2767 610 2806 :
646 2747 811 2817 Signa
842 2763 959 2817 qua:
1007 2747 1177 2801 locuta
1221 2751 1345 2800 sunt
1387 2749 1576 2814 septem
1611 2743 1755 2797 toni-

145 2851 300 2914 trua,
333 2851 382 2900 et
406 2844 522 2900 noti
558 2861 619 2899 ea
645 2843 889 2898 scribere.
922 2842 1185 2899 Eamdem
1232 2841 1416 2914 itaque
1467 2857 1657 2897 vocem
1696 2856 1754 2897 se

143 2936 356 2992 iterum
389 2935 604 2991 audisse
635 2935 816 3002 dicit;
849 2934 981 3007 quia
1026 2931 1268 3006 ejusdem
1309 2931 1546 3004 Spiritus
1580 2933 1754 2989 sancti

145 3039 272 3080 vox
312 3023 423 3081 fuit
468 3025 585 3093 illa,
629 3023 787 3097 cujus
818 3032 873 3080 et
914 3024 1038 3080 ista.
1085 3024 1188 3081 Per
1231 3025 1494 3079 Joannem
1543 3022 1602 3078 in
1651 3023 1755 3080 hoc

147 3115 280 3171 loco
310 3129 501 3170 omnes
530 3115 805 3186 apostolos
835 3112 1141 3186 intelligere
1170 3111 1451 3168 debemus.
1476 3111 1601 3167 Vox
1628 3128 1754 3184 ergo

1859 1935 2048 1974 sumus
2087 1927 2268 1974 autem
2298 1935 2393 1990 per
2422 1926 2691 1988 ventrem,
2725 1918 2782 1974 in
2805 1935 2912 1991 quo
2945 1935 3081 1975 escae
3109 1925 3454 1992 putrescunt,

1859 2023 2077 2063 carnem
2118 2007 2260 2064 hanc
2289 2009 2574 2064 mortalem
2607 2006 2933 2080 intelligere.
2966 2007 3130 2063 Liber
3159 2007 3330 2079 igitur
3358 2007 3454 2079 qui

1861 2095 1918 2152 in
1949 2112 2042 2151 ore
2090 2097 2269 2153 dulcis
2299 2097 2426 2164 fuit,
2466 2097 2889 2153 amaritudinem
2920 2097 3102 2152 ventri
3133 2095 3452 2168 generavit;

1861 2184 1990 2256 quia
2009 2186 2183 2241 sancti
2218 2184 2326 2239 viri
2356 2192 2561 2256 quanto
2581 2186 2819 2256 amplius
2847 2184 2904 2239 in
2928 2184 3283 2240 meditatione
3312 2183 3454 2241 divi-

1860 2289 2056 2329 narum
2087 2273 2493 2346 Scripturarum
2525 2272 2696 2330 dediti
2727 2281 2878 2342 sunt,
2912 2281 3224 2349 quantoque
3264 2291 3454 2332 eorum

1862 2363 2146 2420 meditatio
2175 2363 2392 2420 dulcior
2420 2363 2484 2419 ﬁt
2512 2364 2569 2418 in
2599 2361 2801 2433 mente,
2832 2372 2986 2421 tanto
3017 2364 3279 2437 majorem
3308 2380 3452 2422 ama-

1861 2454 2162 2510 ritudinem
2211 2453 2362 2509 carni
2408 2469 2518 2508 suae
2557 2453 2842 2520 exhibent,
2875 2454 3166 2525 aﬂligendo
3196 2453 3453 2511 videlicet

1863 2558 1978 2598 eam
2006 2541 2254 2614 jejuniis,
2289 2541 2516 2613 vigiliis,
2564 2540 2916 2609 abstinentia,
2948 2540 3266 2614 caeterisque
3316 2557 3452 2598 cru-

1863 2630 2097 2686 ciatibus
2119 2631 2224 2702 (5),
2257 2629 2460 2703 quibus
2489 2645 2614 2685 caro
2644 2629 2947 2685 atterritur.

1935 2756 2116 2825 (Vers.
2155 2755 2268 2823 11.)
2309 2755 2383 2810 Et
2426 2754 2565 2808 dixit
2591 2753 2766 2808 mihi:
2813 2755 3026 2824 Oportet
3053 2760 3098 2808 te
3136 2754 3457 2825 prophetare

1830 2844 2050 2901 'iterum
2101 2845 2335 2917 populis,
2375 2849 2421 2897 et
2483 2844 2738 2914 gentibus,
2782 2849 2830 2897 et
2886 2843 3099 2914 linguis,
3153 2850 3200 2897 et
3248 2843 3456 2915 regibus

1861 2936 2060 2990 multis.
2092 2932 2417 2990 Praedicitur
2444 2932 2493 2988 ei
2523 2931 2670 3005 quod
2697 2931 2765 2987 ab
2793 2931 2990 2988 exsilio
3034 2931 3102 2987 ad
3142 2931 3458 3004 pradican-

1861 3024 1993 3080 dum
2025 3022 2303 3079 rediturus
2341 3020 2432 3077 sit.
2481 3021 2586 3077 Sed
2635 3037 2761 3077 cum
2810 3020 2981 3076 sancti
3016 3021 3204 3077 Patres
3232 3020 3454 3078 tradant

1863 3113 2008 3186 quod
2038 3119 2160 3184 post
2187 3110 2555 3167 reversionem
2576 3127 2730 3167 suam
2759 3109 2828 3165 de
2847 3109 3046 3166 exsilio
3071 3110 3455 3168 tantummodo

143 3209 347 3266 divina
387 3211 586 3270 Joauni
637 3211 820 3267 locuta
864 3217 966 3278 est,
1015 3217 1078 3265 ut
1126 3209 1231 3265 iret
1275 3207 1343 3263 ad
1390 3208 1664 3280 angelum,
1702 3217 1755 3265 et

1865 3203 1922 3257 in
1948 3201 2186 3273 Epheso,
2207 3207 2261 3255 et
2275 3200 2422 3256 circa
2447 3199 2753 3271 adjacentia
2775 3200 2892 3255 loca
2911 3198 3030 3270 ejus
3050 3199 3452 3271 praedicaverit,

143 3305 426 3380 acciperet
453 3307 522 3362 ab
560 3323 624 3363 eo
658 3306 904 3372 librum;
956 3304 1086 3377 quia
1125 3303 1364 3376 Spiritus
1405 3301 1578 3358 sancti
1623 3318 1755 3374 gra-

144 3403 231 3459 tia
271 3405 536 3476 apostolis
574 3402 888 3476 inspiravit,
921 3409 984 3457 ut
1023 3400 1230 3457 relictis
1276 3399 1552 3467 omnibus,
1598 3399 1756 3458 Chri-

145 3505 301 3552 stum
342 3503 736 3574 sequerentur;
785 3501 848 3551 ut
903 3492 1209 3549 doctrinam
1254 3491 1539 3563 Evangelii
1575 3489 1644 3546 ab
1690 3505 1755 3545 eo

146 3587 517 3660 perciperent.

227 3676 415 3746 (Vers.
445 3677 499 3743 9,
536 3673 650 3746 10.)
699 3675 773 3730 Et
821 3672 931 3728 abii
976 3675 1048 3729 ad
1093 3675 1356 3745 angelum,
1397 3672 1568 3727 dicens
1605 3669 1655 3726 ei
1697 3675 1758 3724 ut

147 3766 308 3821 daret
354 3765 486 3820 mihi
533 3765 748 3820 librum.
782 3763 1056 3820 Abierant
1086 3763 1318 3836 apostoli
1353 3762 1422 3818 ad
1452 3761 1752 3827 Christum,

148 3864 214 3910 ul.
244 3855 312 3909 ab
348 3869 412 3908 eo
447 3853 700 3910 doctrina
729 3851 1044 3908 divinarum
1073 3853 1476 3925 Scripturarum
1509 3850 1757 3905 instrue—

149 3953 366 4000 rentur.
412 3946 486 4000 Et
518 3944 659 4000 dixit
698 3945 824 4000 mihi
857 3962 874 4000 .·
903 3946 1113 4018 Accipe,
1164 3952 1212 4000 et
1248 3947 1443 4000 devora
1491 3945 1667 4010 illum,
1711 3949 1758 3999 et

151 4035 316 4106 faciet
354 4037 653 4093 amaricare
692 4044 922 4092 ventrem
963 4043 1128 4105 tuum,
1160 4036 1247 4091 sed
1293 4037 1351 4090 in
1397 4053 1487 4090 ore
1530 4041 1615 4089 tuo
1657 4033 1758 4090 erit

151 4129 304 4184 dulce
345 4136 597 4200 tanquam
640 4130 760 4184 mel.
795 4130 870 4184 Et
895 4145 1011 4182 cum
1058 4128 1385 4183 devorassem
1421 4143 1558 4191 eum,
1596 4141 1758 4180 ama-

152 4219 358 4273 ricatus
389 4224 464 4272 est
489 4224 664 4273 venter
690 4235 855 4273 meus.
889 4219 989 4274 Per
1035 4234 1096 4273 os
1136 4217 1194 4272 in
1243 4233 1352 4290 quo
1390 4232 1607 4289 sapores
1635 4215 1759 4273 dis-

153 4316 482 4376 cernuntur,
505 4308 670 4364 corda
689 4309 1063 4381 apostolorum
1090 4311 1398 4382 intelligere
1426 4326 1716 4382 possumus
1741 4326 1753 4365 :

155 4414 256 4471 per
285 4405 532 4453 ventrem
568 4407 750 4454 autem
796 4397 854 4453 in
901 4415 1010 4471 quo
1053 4415 1242 4455 omnes
1289 4400 1564 4472 spurcitiae
1595 4414 1756 4455 com-

156 4495 446 4544 morantur
468 4487 732 4559 corporis,
748 4487 1068 4543 memoriam
1091 4495 1435 4560 peccatorum
1453 4487 1757 4560 intelligere

1864 3291 2050 3364 ibique
2083 3296 2331 3345 mortuus
2360 3289 2452 3357 sit,
2479 3297 2534 3344 et
2561 3305 2788 3360 corpore
2816 3289 3152 3360 requiescat;
3179 3287 3455 3360 quomodo

1864 3379 2101 3452 populis,
2134 3387 2188 3434 et
2241 3377 2513 3449 gentibus,
2547 3384 2602 3432 et
2653 3376 2876 3448 linguis,
2909 3384 2964 3431 et
3009 3377 3228 3448 regibus
3263 3377 3455 3434 multis

1864 3467 2212 3540 prophetasse
2233 3466 2439 3522 dicitur
2457 3466 2484 3520 9
2501 3464 2604 3521 Sed
2624 3464 3055 3537 prephetavit.id
3072 3472 3173 3533 est,
3197 3464 3456 3537 praedica-

1861 3557 1947 3611 vit.
1961 3572 2054 3627 per
2074 3554 2434 3627 Evangelium
2456 3570 2638 3621 suum,
2661 3553 2808 3626 quod
2829 3559 3013 3624 postea
3029 3553 3249 3626 scripsit
3277 3553 3454 3610 omni-

1863 3646 1968 3702 bus
1998 3644 2268 3717 gentibus,
2294 3650 2347 3699 et
2367 3643 2592 3715 linguis,
2614 3652 2669 3699 et
2697 3642 2916 3714 regibus
2945 3643 3168 3708 multis;
3202 3642 3332 3715 quia
3359 3658 3456 3715 per

1865 3751 2054 3790 omnes
2083 3741 2269 3806 gentes
2297 3733 2602 3805 dispersum
2632 3739 2733 3800 est,
2765 3739 2818 3788 et
2864 3731 2922 3787 in
2951 3731 3312 3788 meditatione
3337 3729 3458 3802 ejus

1866 3841 2055 3881 omnes
2103 3831 2374 3878 terrarum
2428 3821 2618 3894 populi
2647 3836 2904 3894 regesque
2944 3820 3106 3876 multi
3137 3819 3454 3892 proﬁciunt.

1934 3957 2161 4016 CAPUT
2191 3956 2288 4010 XI.
2320 3986 2390 3997 —
2422 3954 2602 4025 (Vers.
2636 3953 2712 4025 1.)
2749 3954 2824 4009 Et
2865 3953 3020 4007 datus
3044 3959 3120 4007 est
3142 3951 3272 4007 mihi
3299 3953 3458 4009 cala-

1862 4068 1979 4106 mus
2015 4065 2272 4104 mensurae
2300 4046 2491 4102 similis
2523 4045 2700 4116 virgce,
2731 4045 2903 4099 dicens
2937 4061 2949 4100 :
2985 4044 3168 4114 Surge,
3205 4049 3253 4098 et
3278 4043 3460 4099 metire

1867 4141 2112 4212 templum
2141 4138 2260 4206 Dei,
2295 4144 2343 4190 et
2369 4137 2561 4202 altare,
2593 4141 2642 4189 et
2676 4135 2958 4189 adorantes
2987 4133 3044 4188 in
3071 4151 3148 4188 eo.
3181 4133 3284 4188 Per
3313 4133 3457 4190 cala-

1866 4246 2016 4286 mum
2068 4245 2177 4301 quo
2227 4226 2442 4298 antiqui
2487 4223 2725 4281 scribere
2775 4223 3042 4291 solebant,
3094 4222 3458 4295 Evangelium

1865 4317 2012 4392 quod
2033 4319 2082 4373 ei
2104 4317 2292 4374 datum
2315 4325 2396 4372 est
2415 4332 2447 4371 a
2465 4313 2723 4382 Domino,
2749 4319 2804 4368 et
2829 4312 2977 4386 quod
3005 4319 3189 4384 postea
3217 4310 3458 4385 scripsit,

1866 4409 2182 4481 designatur
2212 4425 2224 4462 :
2277 4423 2373 4480 per
2401 4404 2612 4477 virgam
2644 4420 2776 4460 vero
2810 4420 2954 4475 saepe
2997 4401 3292 4474 disciplina
3318 4402 3458 4458 acci-

1867 4499 2034 4572 pitur.
2069 4497 2324 4554 Calamus
2349 4495 2523 4567 igitur
2560 4493 2653 4567 qui
2693 4492 2892 4548 Joanni
2921 4492 3081 4547 datus
3116 4498 3216 4558 est,
3247 4489 3460 4546 simili-

156 4579 442 4636 debemus.
497 4578 662 4634 Liber
708 4577 877 4652 igitur
922 4579 1053 4634 dum
1112 4579 1484 4646 devoraretur,
1534 4587 1597 4635 ut
1649 4581 1757 4635 mel
1793 4583 1839 4641 D
1866 4590 2115 4647 tudinem
2155 4588 2322 4660 virga;
2353 4586 2578 4650 habuit;
2611 4583 2741 4656 quia
2783 4581 3076 4653 disciplina
3105 4579 3459 4637 Christiano-

158 4668 320 4724 dulce
344 4667 513 4724 fuisse
543 4667 784 4734 dicitur;
820 4668 948 4739 quia
980 4667 1170 4723 divina
1215 4668 1495 4740 Scriptura
1533 4669 1663 4724 dum
1695 4669 1753 4724 in

160 4769 345 4817 mente
382 4759 711 4828 revolvitur,
755 4759 1034 4831 vitamque
1067 4767 1324 4814 aeternam
1372 4759 1628 4815 mandata
1656 4759 1754 4815 Dei

161 4847 600 4906 custodientibus
630 4847 986 4922 repromittit,
1023 4849 1202 4904 dulcis
1246 4855 1308 4903 ut
1351 4849 1456 4904 mel
1496 4849 1555 4903 in
1592 4848 1755 4904 corde

161 4939 398 4996 efﬁcitur
429 4956 441 4994 :
478 4955 602 4995 cum
635 4953 767 4994 vero
799 4947 1036 4994 mentem
1066 4954 1097 4993 a
1119 4937 1492 5010 superioribus
1521 4937 1591 4992 ad
1619 4938 1755 4993 infe-

162 5032 328 5098 riora,
363 5029 420 5086 id
471 5040 572 5096 est,
601 5046 632 5085 a
661 5029 1124 5102 contemplatione
1171 5030 1406 5086 caelestis
1452 5031 1641 5102 patria
1687 5030 1755 5086 ad

163 5127 383 5192 peccata
409 5135 506 5175 sua
535 5119 802 5175 intuenda
830 5117 1072 5187 deducit,
1115 5135 1408 5191 pmnasque
1436 5135 1570 5193 quas
1598 5119 1754 5191 impii

163 5228 263 5284 pro
304 5211 541 5284 peccatis
585 5211 698 5268 suis
727 5211 936 5284 passuri
977 5219 1126 5280 sunt,
1156 5213 1416 5280 ostendit,
1449 5229 1568 5286 quae
1600 5222 1758 5268 antea

165 5305 341 5362 fuerat
393 5306 572 5362 dulcis
627 5305 686 5360 in
740 5303 1206 5362 demonstratione
1260 5304 1496 5360 caelestis
1547 5302 1754 5375 gloriae,

165 5411 346 5451 amara
379 5395 616 5452 efﬁcitur
638 5395 691 5450 in
725 5403 1070 5467 peccatorum
1099 5393 1428 5449 ostensione.
1462 5393 1756 5448 Possumus

166 5483 328 5541 etiam
359 5484 465 5540 hoc
505 5483 574 5540 de
619 5485 825 5540 Joanne
855 5482 1074 5555 proprie
1102 5481 1430 5554 intelligere,
1461 5480 1556 5553 qui
1592 5489 1758 5536 ante-

167 5590 326 5647 quam
365 5575 728 5648 Evangelium
765 5575 1050 5644 scriberet,
1084 5575 1342 5632 Pathmos
1389 5573 1447 5629 in
1495 5572 1755 5630 exsilium

242 5677 320 5747 (5)
566 5676 898 5760 abstinentia
942 5679 1215 5748 vitiorum,
1259 5677 1576 5751 ueterisque,
1607 5684 1754 5746 etc.;

173 5765 298 5807 mss.
330 5755 614 5818 omittunt,
649 5755 916 5808 vitiorum.

1862 4695 1984 4734 rum
2017 4685 2098 4734 est
2124 4675 2508 4747 Evangelium.
2542 4672 2693 4729 Unde
2740 4677 2794 4727 et
2821 4670 3090 4740 templum
3119 4676 3174 4723 et
3203 4669 3372 4723 altare
3404 4675 3459 4724 et

1863 4769 2150 4825 adorantes
2191 4767 2248 4821 in
2293 4782 2357 4820 eo
2411 4761 2591 4819 metiri
2638 4757 2999 4833 praecipitur:
3047 4773 3145 4828 per
3189 4757 3456 4829 templum

1864 4873 2100 4930 namque
2133 4854 2378 4911 Ecclesia
2413 4871 2424 4907 :
2455 4867 2550 4923 per
2580 4852 2748 4905 altare
2779 4847 2953 4904 sancti
2984 4854 3038 4902 et
3066 4846 3295 4918 perfecti
3324 4846 3455 4914 viri,

1864 4947 1958 5020 qui
1987 4946 2044 5001 in
2075 4944 2319 5002 Ecclesia
2347 4941 2656 4998 consistunt
2691 4955 2703 4993 :
2743 4953 2839 5010 per
2865 4936 3155 4992 adorantes
3184 4943 3367 4992 autem
3398 4937 3458 4992 in

1864 5053 1928 5091 eo
1957 5043 2150 5092 caetera
2203 5028 2525 5095 multitudo,
2559 5043 2678 5099 quze
2730 5040 2919 5081 eorum
2951 5024 3203 5081 doctrina
3233 5025 3457 5081 instrui-

1863 5131 1976 5189 tur,
2032 5121 2368 5192 designatur.
2413 5115 2700 5188 Templum
2757 5130 2954 5186 nempe
3007 5115 3107 5171 Dei
3167 5121 3221 5170 et
3265 5115 3456 5182 altare,

1865 5221 2026 5285 atque
2055 5209 2342 5283 adorantes
2374 5207 2431 5262 in
2463 5223 2527 5262 eo
2570 5205 2951 5277 unusquisque
2981 5204 3306 5276 prredicator
3333 5219 3460 5260 me—

1863 5301 2020 5368 titur,
2051 5298 2180 5354 dum
2211 5295 2509 5368 unicuique
2557 5292 2857 5350 secundum
2889 5293 3162 5365 propriam
3193 5291 3458 5362 capacita-

1865 5398 1975 5446 tem
2013 5386 2319 5460 spiritualis
2376 5385 2563 5458 gratiae
2597 5381 2908 5441 doctrinam
2953 5381 3302 5438 administrat
3333 5379 3456 5453 (6);

1865 5480 2027 5538 aliter
2055 5478 2202 5535 enim
2233 5476 2513 5533 docendus
2550 5481 2632 5531 est
2659 5472 2896 5545 sapiens,
2934 5471 3095 5526 aliter
3125 5471 3392 5543 insipiens
3442 5490 3454 5530 :

1865 5571 2026 5627 aliter
2075 5569 2368 5635 litteratus,
2401 5565 2562 5622 aliter
2591 5563 2910 5619 illitteratus
2944 5577 2956 5616 :
3006 5560 3169 5618 aliter
3195 5579 3457 5637 paganus,

1941 5672 2020 5744 (6)
2053 5671 2254 5744 Omnes
2284 5667 2440 5736 edit.,
2473 5663 2835 5744 administrat,
2864 5663 3024 5744 aliter
3053 5663 3329 5744 lacereticis,
3359 5666 3457 5723 ali-

1869 5735 1957 5805 tcr‘
1973 5735 2282 5806 catholicis;
2321 5735 2450 5796 mss.
2486 5752 2617 5793 vero
2648 5735 2934 5795 nobiscum
2966 5735 3203 5796 faciunt.
