3964 6388
523 370 627 428 951

1555 371 1653 427 AD
1691 370 1927 428 OPERA
1964 372 2020 430 S.
2059 373 2394 441 AMBROSII
2432 374 2809 437 APPENDIX.

3773 378 3889 437 952

523 493 684 551 aliter
707 493 1082 561 Christianus;
1108 495 1591 567 aliterhaareticus,
1614 498 2112 558 alitercatholicus.
2147 502 2202 563 Α
2224 499 2567 572 abscondito,
2601 503 2791 561 reddet
2818 504 2923 563 tibi
2957 506 3168 577 (Matth.
3201 524 3278 577 VI,
3306 508 3361 577 3,
3390 507 3473 581 4).
3507 532 3526 557 ι
3574 505 3879 566 Candela-

520 583 655 640 Nam
688 590 744 641 et
787 585 1058 642 Dominus
1086 584 1224 643 dicit
1276 588 1333 643 in
1361 589 1684 660 Evangelio,
1713 590 1844 662 quia
1889 591 2120 663 paterfa-

522 672 708 729 milias
747 696 765 720 ι
794 689 1017 745 peregre
1063 674 1438 747 proﬁciscens,
1473 678 1695 734 vocavit
1740 696 1927 735 servos
1971 697 2116 750 suos,

521 768 578 818 et
604 759 832 819 tradidit
871 764 984 820 illis
1029 764 1174 820 bona
1200 781 1317 835 sua,
1358 767 1429 822 Et
1458 768 1554 822 uni
1584 767 1737 824 dedit
1774 769 2015 842 quinque
2046 780 2120 827 ta-

523 858 695 921 tenta,
724 852 820 908 alii
872 861 1053 910 autem
1089 853 1219 923 duo,
1252 855 1347 910 alii
1378 872 1509 911 vero
1558 873 1770 925 unum;
1820 858 2121 932 unicuique

522 941 824 1000 secundum
847 943 1122 1016 propriam
1145 943 1407 1002 virtutem
1439 947 1650 1018 (Matth.
1673 964 1812 1016 xxv,
1840 947 1924 1015 14,
1950 950 2062 1021 15).
2087 976 2105 998 ι

595 1042 778 1115 (Vers.
807 1042 887 1114 2.)
917 1041 1175 1115 Sequitur
1206 1060 1218 1099 :
1244 1043 1459 1100 Atrium
1487 1052 1662 1101 autem
1688 1046 1828 1117 quod
1857 1054 1933 1102 est
1956 1046 2117 1118 foris,

518 1129 645 1202 ejice
670 1130 841 1201 foras,
872 1138 922 1186 et
942 1148 1009 1186 ne
1033 1131 1274 1188 metiaris
1299 1132 1475 1201 illud;
1527 1135 1780 1205 quoniam
1823 1137 2009 1191 datum
2048 1143 2121 1192 est

520 1219 773 1293 gentibus.
805 1218 863 1276 Si
900 1218 1036 1276 foris
1058 1228 1195 1290 erat,
1224 1221 1502 1295 quomodo
1532 1224 1680 1280 foras
1709 1224 1834 1296 ejici
1856 1227 2120 1298 poterat?

520 1308 624 1366 Per
649 1309 851 1366 atrium
881 1326 1009 1383 ergo
1058 1311 1234 1368 Judaei
1281 1312 1681 1385 designantur:
1722 1315 1897 1373 Judaei
1953 1317 2121 1390 igitur

522 1399 658 1457 foris
685 1405 841 1456 erant
868 1414 966 1473 per
1010 1400 1455 1458 incredulitatem
1497 1419 1510 1457 :
1542 1400 1636 1458 sed
1662 1403 1899 1461 Joannes
1927 1413 1981 1460 et
2018 1422 2116 1463 οδες

520 1488 626 1546 teri
673 1488 906 1562 apostoli
961 1488 1145 1549 adhuc
1193 1505 1285 1547 eos
1315 1505 1413 1564 per
1452 1506 1697 1547 amorem
1748 1492 1808 1548 in
1857 1494 2117 1553 cordibus

520 1577 637 1638 suis
661 1577 941 1646 tenebant,
972 1576 1117 1635 sicut
1143 1576 1281 1635 dicit
1306 1580 1586 1652 apostolus
1614 1581 1815 1639 Paulus
1847 1600 1860 1639 :
1905 1608 1924 1632 ι
1953 1584 2113 1657 Opta-

519 1669 646 1728 bam
676 1686 773 1745 ego
804 1671 918 1744 ipse
947 1668 1239 1728 anathema
1263 1687 1379 1728 esse
1404 1687 1436 1727 a
1474 1669 1697 1729 Christo
1721 1690 1821 1747 pro
1853 1674 2114 1735 fratribus

517 1760 676 1830 meis,
707 1760 803 1833 qui
831 1767 960 1818 sunt
986 1761 1208 1834 cognati
1251 1761 1361 1818 mei
1408 1763 1710 1820 secundum
1742 1781 1983 1837 carnem,
2015 1768 2110 1841 qui

516 1857 646 1908 sunt
675 1850 932 1907 Israelita
965 1849 1140 1922 (Rom.
1165 1868 1245 1921 ιχ,
1268 1851 1322 1922 3,
1346 1851 1426 1925 4).
1451 1874 1471 1904 ι
1513 1854 1669 1912 Unde
1698 1856 2017 1928 praecipitur
2037 1858 2108 1930 ei,
2143 1870 2189 1931 Β

516 1956 587 1998 ne
613 1940 755 1998 illud
783 1940 1064 2010 metiatur,
1109 1941 1167 1998 id
1205 1951 1309 2011 est,
1339 1941 1507 2000 verba
1551 1944 1959 2016 praedicationis
2000 1965 2114 2006 non

516 2028 597 2089 eis
632 2029 930 2101 ministret,
961 2031 1105 2089 sicut
1134 2030 1194 2087 in
1220 2031 1524 2105 Evangelia
1567 2032 1685 2107 ipse
1723 2036 1995 2110 praecipit,
2031 2037 2114 2096 di-

515 2135 645 2180 cens
679 2139 694 2180 :
740 2144 758 2170 σ
786 2120 967 2179 Nolite
996 2121 1213 2179 mittere
1244 2122 1565 2195 margaritas
1593 2133 1803 2183 vestras
1830 2134 1957 2184 ante
1989 2145 2112 2202 por-

516 2225 646 2278 cos;
696 2224 766 2266 ne
810 2210 1138 2268 conculcent
1179 2225 1269 2266 eas
1322 2209 1552 2284 pedibus
1606 2211 1742 2281 suis,
1773 2223 1826 2271 et
1858 2218 2112 2273 conversi

515 2298 726 2358 elidant
753 2316 853 2356 vos
884 2300 1228 2373 (Matth.‘vn,
1263 2300 1342 2373 6).
1374 2325 1392 2347 -
1435 2300 1509 2357 Et
1535 2300 1604 2357 ad
1624 2302 1948 2375 prophetam
1978 2306 2111 2362 Eze-

515 2390 751 2449 chielem
773 2390 1043 2449 Dominus
1072 2389 1336 2463 loquitur,
1362 2389 1580 2448 dicens:
1609 2393 1782 2449 «Ecce
1812 2410 1910 2468 ego
1930 2394 2108 2452 adhae-

513 2495 723 2539 rescere
766 2480 965 2538 faciam
1013 2480 1255 2553 linguam
1303 2486 1456 2536 tuam
1491 2480 1672 2555 palato
1717 2488 1833 2552 tuo,
1866 2499 1968 2541 nec
2001 2485 2111 2542 eris

514 2586 670 2644 quasi
724 2570 814 2627 vir
864 2570 1193 2644 objurgans;
1249 2568 1380 2644 quia
1422 2569 1622 2629 domus
1648 2589 1977 2646 exasperans
2024 2583 2105 2632 est

515 2659 731 2741 (Ezech.
762 2677 847 2729 III,
878 2658 992 2732 26).
1038 2683 1059 2711 ι
1103 2660 1325 2735 Hocque
1354 2659 1556 2718 atrium
1604 2661 1793 2718 datum
1837 2679 1953 2720 esse
1982 2679 2108 2736 gen-

513 2748 663 2808 tibus
700 2749 938 2819 dicitur;
989 2750 1119 2824 quia
1172 2750 1347 2807 Judaei
1395 2758 1619 2824 propter
1664 2751 2107 2810 incredulitatem

513 2858 669 2900 suam
701 2840 926 2917 paganis
956 2840 1212 2914 gentibus
1237 2847 1393 2898 erant
1419 2840 1738 2913 conjuncti;
1770 2843 1889 2899 sive
1917 2843 2109 2901 traditi

510 2940 667 2991 erant
692 2932 965 3006 gentibus,
992 2929 1051 2987 id
1078 2937 1161 2987 est
1186 2930 1469 3000 Romanis,
1501 2937 1564 2988 ut
1593 2930 1663 2987 ab
1690 2932 1769 2989 eis
1797 2932 2112 2992 delerentur

511 3032 675 3100 atque
704 3023 1223 3082 exterminarentur.
1255 3023 1332 3079 Et
1371 3021 1635 3078 civitatem
1678 3028 1915 3080 sanctam
1943 3026 2111 3081 calca.

511 3116 642 3172 bunt
684 3112 945 3171 mensibus
991 3112 1352 3186 quadraginta
1398 3111 1617 3169 duobus.
1659 3110 1854 3169 Subito
1903 3115 2103 3171 saltum

508 3205 646 3301 facit
673 3203 742 3301 ad
769 3202 953 3301 Eliam
998 3210 1160 3301 atque
1209 3201 1425 3301 Enocb,
1459 3201 1555 3275 qui
1579 3202 1923 3301 temporibus
1947 3204 2106 3301 Anti-
2147 3239 2190 3301 ϐ

509 3294 705 3354 christi
734 3294 958 3352 venturi
986 3300 1116 3351 sunt
1145 3310 1159 3350 :
1192 3301 1247 3351 et
1280 3290 1513 3365 pulchro
1541 3292 1675 3350 satis
1705 3291 1920 3363 ordine,
1951 3292 2104 3350 vide-

508 3387 659 3456 licet,
687 3394 749 3443 ut
777 3384 874 3459 qui
901 3382 1218 3442 Iudaeorum
1245 3380 1612 3454 dejectionem
1628 3398 1725 3456 per
1743 3381 1972 3454 ﬁguram
2001 3381 2110 3439 atri

509 3477 833 3551 protulerat,
884 3489 1074 3532 eorum
1119 3471 1577 3530 restaurationem
1627 3471 1793 3530 tacite
1824 3471 2109 3529 subnecte-

508 3575 627 3636 ret;
659 3573 874 3626 constat
902 3563 1052 3622 enim
1080 3562 1300 3620 Iudaeos
1329 3561 1388 3619 in
1419 3562 1529 3619 ﬁne
1556 3561 1751 3618 mundi
1780 3578 1878 3634 per
1905 3561 2103 3635 praedi-

507 3658 779 3716 cationem
836 3655 975 3711 Elite
1028 3661 1082 3711 et
1127 3652 1324 3711 Enocb
1379 3652 1449 3709 ad
1504 3652 1674 3710 ﬁdem
1722 3652 1933 3710 Christi
1988 3667 2104 3708 esse

508 3761 845 3805 reversuros.
895 3742 1195 3803 Civitatem
1233 3741 1418 3816 itaque
1466 3750 1734 3811 sanctam,
1764 3740 1822 3797 id
1870 3751 1973 3811 est,
2004 3743 2105 3799 Ec-

507 3836 752 3906 clesiam,
780 3833 1158 3892 Antichristus
1186 3839 1241 3888 et
1269 3831 1511 3889 ministri
1539 3830 1663 3905 ejus
1707 3832 2017 3901 calcabam,
2052 3830 2109 3888 id

508 3934 612 3998 est,
644 3932 1036 4000 persequentur
1060 3922 1344 3981 mensibus
1373 3923 1737 3999 quadraginta
1766 3923 1984 3981 duobus
2014 3920 2111 3994 qui

508 4017 721 4076 faciunt
746 4024 858 4074 tres
884 4031 1057 4073 annos
1084 4023 1140 4073 et
1167 4014 1483 4072 dimidium.

580 4125 763 4196 (Vera.
794 4123 848 4193 3,
880 4122 961 4196 4.)
993 4125 1067 4180 Ει
1091 4122 1227 4179 dabo
1259 4122 1461 4178 duobus
1492 4121 1702 4177 testibus
1720 4119 1871 4189 meis,
1902 4125 1951 4176 et
1967 4135 2111 4191 pro-

503 4215 793 4288 phetabunt
853 4214 1031 4269 diebus
1088 4211 1236 4267 mitte
1290 4211 1522 4267 ducentis
1573 4211 1868 4282 sexaginta,
1930 4210 2113 4266 amicti

509 4303 690 4361 saccis.
722 4302 908 4359 Testes
950 4300 1089 4357 duos
1115 4298 1388 4356 Dominus
1410 4298 1591 4353 Eliam
1622 4307 1675 4354 et
1703 4299 1895 4356 Enocb
1925 4312 2108 4372 vocat,

510 4393 608 4468 qui
661 4392 961 4451 adventum
1010 4389 1130 4463 ejus
1193 4387 1498 4445 secundum
1552 4396 1907 4461 praeurrent,
1963 4390 2109 4450 sicut

509 4484 746 4541 Joannes
790 4479 1076 4555 praecurrit
1118 4477 1380 4553 primum.
1418 4477 1471 4535 Ii
1517 4485 1641 4534 sunt
1693 4480 1811 4536 duae
1853 4481 2029 4551 olivae,
2063 4490 2111 4539 et

510 4576 614 4632 duo
650 4573 968 4668 candelabra
1021 4572 1080 4627 in
1128 4576 1399 4668 conspectu
1450 4569 1852 4668 Dominiterrae
1891 4580 2102 4632 stantes.
2133 4609 2181 4668 D

511 4663 673 4721 Oliva
700 4662 885 4719 oleum
940 4660 1068 4730 fert,
1111 4658 1258 4733 quod
1303 4675 1470 4732 supra
1500 4659 1891 4717 candelabrum
1920 4670 2108 4734 postea

509 4753 754 4827 ponitur,
777 4760 841 4809 ut
867 4751 1046 4810 luceat
1075 4748 1333 4808 omnibus
1354 4749 1450 4823 qui
1471 4749 1530 4807 in
1551 4750 1716 4807 domo
1736 4760 1866 4809 sunt
1889 4752 2103 4824 (Matth.

510 4859 567 4911 v,
590 4841 706 4915 15).
727 4841 831 4899 Per
849 4841 1034 4899 oleum
1068 4839 1130 4897 in
1165 4839 1272 4897 hoc
1294 4841 1413 4898 loco
1443 4840 1770 4914 sapientiam
1798 4842 2103 4916 spiritalem

511 4947 803 5005 possumus
845 4931 1127 5003 accipere;
1192 4931 1570 5004 unusquisque
1602 4930 1751 4988 enim
1792 4931 1944 4987 oliva
1974 4938 2106 4989 tunc

511 5027 613 5089 est,
646 5017 866 5093 quando
894 5018 1041 5092 apud
1072 5035 1132 5076 se
1159 5019 1467 5094 quiescens,
1497 5036 1595 5093 per
1620 5021 2105 5094 contemplationis

512 5108 745 5182 gratiam
776 5109 891 5166 Deo
919 5108 1195 5168 deservire
1217 5109 1401 5169 studet
1424 5129 1437 5179 ;
1462 5110 1683 5185 quando
1704 5111 1845 5170 illud
1876 5113 2105 5185 implere

513 5198 719 5269 studet,
747 5197 894 5272 quod
917 5199 1188 5256 Dominus
1211 5199 1349 5258 dicit
1378 5200 1437 5256 in
1457 5200 1797 5275 Evangelio:
1842 5226 1862 5250 ι
1889 5203 2107 5261 Nesciat

514 5290 736 5348 sinistra
763 5296 860 5347 tua
889 5288 1024 5364 quid
1049 5288 1218 5353 faciat
1262 5288 1487 5348 dextera
1514 5300 1641 5362 tua;
1675 5300 1738 5350 ut
1768 5291 1846 5350 sit
1875 5292 2105 5350 eleemo-

515 5395 653 5453 syna
674 5387 771 5438 tua
798 5379 859 5436 in
886 5378 1213 5438 abscondito
1245 5397 1258 5437 :
1292 5389 1347 5439 et
1373 5381 1532 5440 Pater
1583 5391 1714 5440 tuus
1742 5384 1839 5457 qui
1868 5381 2023 5440 videt
2047 5382 2107 5440 in

549 5628 561 5640 .
587 5559 669 5630 (7)
697 5559 781 5640 Ita
795 5576 951 5640 mss_.,
972 5559 1081 5640 nisi
1095 5558 1248 5640 quod
1269 5559 1367 5640 ubi
1392 5558 1523 5640 alii,
1534 5566 1597 5640 et
1612 5558 1765 5640 edit._
1787 5561 1976 5640 legunt
1998 5562 2106 5634 ofﬁ-

513 5630 671 5696 cium,
721 5630 843 5702 Sag.
902 5630 1068 5703 habet
1089 5630 1442 5703 i'mysterium,
1497 5630 1639 5703 forte
1691 5630 2101 5689 ministerium:

513 5706 664 5756 totus
678 5701 872 5777 autem
901 5701 1055 5777 locus
1084 5702 1142 5761 in
1160 5701 1294 5777 edit.
1323 5701 1429 5777 hoc
1448 5701 1631 5777 modo
1651 5710 1849 5777 exstat,
1881 5704 2107 5777 ofﬁcium

512 5770 766 5839 venerint,
795 5772 1007 5845 quando
1035 5774 1293 5844 omnibus,
1323 5773 1560 5830 videlicet
1598 5770 1842 5847 ﬁdelibus
1876 5770 1938 5830 ei"
1966 5775 2104 5848 inﬁ-

2229 589 2390 647 brum
2422 609 2553 648 vero
2582 603 2713 652 tunc
2735 595 2817 664 ﬁt,
2842 596 3061 668 quando
3090 596 3229 653 illud
3253 597 3449 670 implet
3473 596 3629 671 quod
3660 596 3881 654 Domi-

2228 698 2333 737 nus
2356 682 2493 739 dicit
2510 682 2566 739 in
2582 684 2914 755 Evangelia:
2949 712 2967 733 ι
2992 686 3230 745 Videant
3260 705 3423 761 opera
3449 696 3645 744 vestra
3686 687 3879 753 bona,

2229 781 2282 828 et
2325 773 2631 840 gloriﬁcent
2688 776 2901 832 Patrem
2953 785 3218 845 vestrum,
3273 778 3368 852 qui
3423 779 3484 834 in
3540 777 3724 836 caelis
3790 784 3882 832 est

2232 862 2443 931 (Matth.
2475 881 2531 931 v,
2565 862 2676 934 16).
2705 888 2723 912 ι
2766 867 2886 921 Duo
2918 865 3087 937 igitur
3118 866 3206 921 isti
3238 868 3411 923 sancti
3454 866 3625 922 modo
3684 865 3877 920 oliva

2229 960 2378 1019 sunt,
2409 968 2535 1008 cum
2566 952 2623 1008 in
2653 954 2838 1027 aliquo
2866 955 2986 1012 loco
3015 966 3171 1013 terrea
3202 956 3384 1029 positi,
3409 956 3507 1012 ubi
3533 972 3632 1012 eos
3662 955 3879 1027 maje-

2229 1049 2338 1098 stas
2360 1041 2554 1098 divina
2573 1044 2899 1101 commorari
2922 1045 3200 1118 praecepit,
3225 1063 3320 1119 per
3340 1044 3875 1119 contemplationis

2230 1132 2457 1204 gratiam
2485 1134 2597 1187 Deo
2621 1132 2944 1191 deserviunt
2968 1154 2979 1191 :
3004 1135 3329 1193 candelabra
3350 1143 3486 1193 tunc
3518 1134 3691 1203 ﬁent,
3724 1150 3874 1191 cum

2229 1221 2299 1277 ad
2327 1222 2659 1295 explendum
2691 1224 3097 1296 praedicationis
3145 1242 3256 1281 suae
3295 1225 3539 1282 oﬂicium
3575 1223 3872 1281 venerint

2232 1311 2338 1383 (7),
2369 1310 2588 1385 quando
2617 1312 2893 1381 omnibus,
2927 1320 2981 1369 et
3018 1313 3275 1370 ﬁdelibus
3323 1314 3589 1371 videlicet
3636 1322 3705 1370 et
3762 1331 3870 1373 re-

2228 1401 2434 1473 probis,
2453 1401 2681 1457 verbum
2702 1401 2801 1459 Dei
2827 1402 3255 1460 annuntiabunt.
3275 1405 3353 1460 De
3373 1403 3479 1460 hoc
3497 1403 3868 1463 candelabro

2226 1492 2496 1549 Dominus
2542 1492 2680 1549 dicit
2720 1494 2781 1549 in
2825 1493 3128 1566 Evangelio
3163 1512 3174 1550 :
3228 1519 3248 1542 ι
3287 1495 3472 1568 Neque
3514 1493 3865 1553 accendunt

2228 1581 2527 1651 lucernam,
2578 1590 2632 1638 et
2682 1590 2900 1657 ponunt
2936 1599 3054 1640 eam
3103 1584 3205 1640 sub
3252 1584 3459 1655 modio,
3516 1585 3616 1643 sed
3671 1600 3866 1659 super

2225 1670 2636 1745 candelabrum,
2667 1680 2729 1729 ut
2764 1674 2940 1730 luceat
2969 1673 3228 1731 omnibus
3257 1675 3352 1749 qui
3390 1674 3449 1731 in
3490 1674 3666 1731 domo
3714 1682 3865 1730 sunt

2227 1762 2391 1834 (Ibid.
2426 1762 2539 1833 15).
2563 1785 2580 1808 ι
2624 1761 2872 1818 Lucerna
2892 1762 3094 1837 quippe
3115 1779 3279 1837 super
3306 1763 3716 1822 candelabrum
3755 1782 3860 1839 po-

2224 1851 2397 1920 nitur,
2447 1851 2668 1924 quando
2710 1851 2955 1910 oﬂicium
3002 1853 3410 1926 praedicationis
3461 1861 3659 1911 sancto
3719 1857 3861 1912 viro

2223 1941 2482 2012 traditur,
2510 1942 2606 2017 qui
2635 1943 2843 2000 bonum
2878 1944 3025 2018 quod
3056 1945 3335 2018 praedicat,
3376 1946 3617 2002 ﬂammis
3657 1946 3859 2004 bono.

2226 2050 2350 2091 rum
2380 2050 2609 2106 operum
2639 2034 2918 2102 illustrat;
2952 2035 3176 2092 lucerna
3201 2052 3332 2092 vero
3374 2036 3477 2094 sub
3507 2037 3710 2095 modio
3756 2055 3860 2113 po-

2226 2130 2402 2201 nitur,
2451 2129 2599 2185 544
2639 2132 2861 2204 quando
2909 2132 3151 2190 ofﬁcium
3201 2133 3611 2207 praedicationis
3664 2135 3859 2193 alicui

2222 2221 2454 2294 reprobo
2496 2222 2885 2291 committitur,
2943 2223 3038 2295 qui
3088 2223 3296 2280 bonum
3347 2224 3497 2297 quod
3540 2225 3856 2298 praedicat,

2219 2310 2403 2384 pravis
2433 2309 2690 2383 Operibus
2724 2312 2892 2383 tegit;
2937 2328 3007 2367 ne
3044 2313 3232 2370 lumen
3264 2314 3501 2387 prmbeat
3533 2313 3617 2371 eis
3649 2315 3766 2388 qui
3794 2314 3858 2371 in

2218 2400 2382 2456 domo
2411 2407 2558 2469 sunt,
2588 2400 2741 2456 sicut
2757 2400 2896 2457 dicit
2919 2409 3143 2458 sanctus
3172 2403 3486 2475 Gregorius,
3508 2404 3647 2478 quia
3674 2405 3857 2478 cujus

2220 2488 2333 2545 vita
2364 2486 2666 2561 despicitur
2696 2486 2799 2561 (8),
2834 2496 3002 2546 restat
3030 2498 3092 2546 ut
3119 2498 3174 2545 et
3206 2490 3523 2561 praedicatio
3550 2491 3682 2564 ejus
3706 2508 3856 2550 con-

2219 2586 2512 2636 temnatur.
2568 2580 2702 2636 Duae
2744 2595 2871 2652 ergo
2917 2578 3079 2637 olivas
3127 2590 3183 2637 et
3226 2581 3335 2637 duo
3381 2583 3741 2639 candelabra
3795 2583 3856 2639 in

2216 2676 2514 2743 conspectu
2540 2667 2767 2724 Domini
2798 2676 2941 2725 stare
2969 2668 3267 2737 dicuntur;
3300 2670 3427 2743 quia
3460 2671 3520 2727 in
3548 2679 3722 2727 terra
3757 2688 3855 2744 po-

2219 2759 2331 2827 siti,
2364 2758 2506 2814 illud
2532 2764 2751 2830 tempus
2780 2759 3182 2830 praestolamur,
3210 2776 3319 2832 quo
3347 2758 3594 2815 ofﬁcium
3632 2759 3854 2832 praedi-

2220 2848 2460 2906 cationis
2488 2862 2599 2904 suae
2627 2846 2903 2919 expleant,
2936 2854 2991 2903 et
3035 2847 3230 2904 mortis
3273 2847 3523 2905 debitum
3574 2850 3840 2919 solvant,

2221 2939 2364 2996 sicut
2400 2936 2685 3011 sequentia
2714 2936 3090 2993 manifestant.

2294 3028 2477 3107 (Ἶρι-ε.
2514 3027 2596 3100 5.)
2640 3029 2715 3083 Et
2760 3027 2809 3082 si
2861 3027 2980 3098 quis
3024 3027 3251 3084 voluerit
3301 3028 3376 3083 eis
3427 3043 3637 3095 nocere,
3695 3029 3846 3101 ignis

2221 3117 2357 3199 exist
2384 3118 2447 3173 de
2484 3133 2575 3172 ore
2608 3132 2808 3183 eorum,
2854 3122 2903 3171 et
2943 3116 3215 3172 devorabit
3252 3116 3491 3172 inimicos
3517 3133 3707 3172 eorum
3743 3136 3758 3174 :
3794 3125 3843 3173 et

2221 3208 2271 3263 si
2312 3206 2429 3278 quis
2473 3205 2699 3261 voluerit
2742 3221 2826 3259 eos
2867 3206 3070 3274 (cedere,
3118 3205 3192 3261 sic
3227 3211 3431 3277 oportet
3471 3222 3591 3261 eum
3636 3207 3836 3263 occidi.

2218 3294 2358 3365 Quia
2388 3294 2625 3367 Spiritus
2653 3301 2873 3352 sanctus
2917 3294 3165 3369 loquitur
3205 3312 3301 3368 per
3338 3311 3434 3352 ora
3478 3301 3836 3366 sanctorum,

2221 3388 2365 3446 sicut
2390 3388 2663 3445 Dominus
2691 3387 2828 3444 dicit
2855 3386 2914 3443 in
2938 3387 3242 3461 Evangelio
3277 3407 3289 3445 :
3333 3413 3351 3437 ι
3379 3388 3502 3445 Non
3530 3387 3686 3445 enim
3728 3406 3839 3447 vos

2219 3478 2374 3546 estis,
2425 3478 2522 3552 qui
2569 3477 2865 3551 loquimini
2909 3495 2921 3534 :
2968 3476 3064 3533 sed
3117 3477 3352 3551 Spiritus
3402 3477 3583 3534 Patris
3628 3480 3834 3549 vestri,

2220 3568 2316 3641 qui
2362 3567 2610 3641 loquitur
2653 3567 2715 3623 in
2766 3565 2925 3623 vobis
2969 3565 3182 3636 (Matth.
3223 3563 3300 3635 x,'
3328 3566 3457 3639 20);
3501 3590 3521 3615 ι
3572 3583 3691 3624 non
3729 3567 3836 3625 in-

2222 3674 2464 3731 congrue
2514 3657 2681 3714 verba
2737 3663 3051 3714 sanctorum
3118 3654 3262 3728 ignis
3326 3664 3616 3725 vocantur,
3678 3656 3832 3715 sicut

2222 3746 2512 3804 Psalmista
2560 3746 2698 3804 dicit
2743 3745 2811 3803 de
2856 3745 3141 3802 Domino:
3199 3744 3488 3816 «Ignitum
3536 3745 3831 3819 eloquium

2221 3846 2382 3895 tuum
2439 3835 2812 3904 vehementer,
2864 3842 2918 3891 et
2973 3850 3165 3891 servus
3234 3842 3364 3891 tuus
3420 3833 3625 3891 dilexit
3681 3836 3829 3894 illud

2225 3929 2402 4002 (Psal.
2435 3943 2632 3995 cxvm,
2668 3924 2818 3998 140).
2848 3943 2877 3977 ››
2919 3923 3067 3997 Ignis
3097 3924 3265 3997 igitur
3289 3923 3436 3980 exiet
3464 3924 3533 3981 de
3562 3941 3658 3982 ore
3687 3943 3826 3984 san-

2219 4027 2437 4077 ctorum
2493 4017 2749 4084 istorum,
2815 4024 2870 4072 et
2922 4014 3210 4071 devorabit
3267 4014 3525 4073 inimicos
3580 4031 3821 4085 eorum;

2220 4108 2349 4182 quia
2390 4106 2641 4163 doctrina
2682 4119 2871 4160 eorum
2924 4104 3003 4160 ita
3052 4121 3263 4161 errores
3317 4104 3651 4162 Antichristi
3715 4106 3823 4162 de-

2218 4204 2414 4263 struet,
2462 4201 2526 4250 ut
2569 4193 2828 4250 omnibus
2878 4209 3063 4249 sanam
3113 4202 3354 4251 mentem
3410 4194 3821 4267 possidentibus

2219 4285 2363 4342 nihil
2417 4283 2712 4341 videantur
2763 4301 2900 4354 esse,
2955 4284 3103 4357 quod
3165 4300 3404 4341 asserere
3467 4284 3819 4342 conabuntur

2218 4374 2596 4432 Antichristus
2622 4381 2675 4430 et
2701 4374 2943 4430 ministri
2973 4373 3114 4446 ejus.
3147 4374 3512 4456 Quodautem
3543 4373 3814 4447 sequitur,

2216 4468 2286 4522 Et
2326 4466 2373 4522 si
2418 4464 2535 4537 quis
2566 4463 2792 4519 voluerit
2836 4481 2919 4519 eos
2962 4463 3162 4533 laedere,
3194 4464 3268 4520 sic
3295 4470 3500 4537 oportet
3527 4480 3646 4520 eum
3690 4464 3813 4520 occi-

2215 4557 2290 4626 di,
2319 4555 2388 4613 ad
2413 4553 2661 4612 eamdem
2691 4570 2808 4610 rem
2835 4554 3095 4627 pertinet.

2290 4644 2473 4717 (Vera.
2510 4642 2590 4715 6.)
2622 4643 2672 4698 Ii
2709 4643 2896 4698 habent
2936 4647 3236 4715 potestatem
3281 4641 3561 4698 claudendi
3607 4643 3807 4710 calum,

2214 4741 2271 4790 ut
2298 4751 2403 4788 non
2427 4734 2582 4805 pluet
2610 4731 2788 4787 diebus
2830 4731 3120 4804 prophetia:
3150 4748 3373 4799 eorum;
3403 4738 3450 4789 et
3496 4731 3686 4789 habent
3704 4749 3809 4805 po-

2217 4829 2447 4880 testatem
2474 4839 2633 4895 super
2667 4839 2858 4893 aquas,
2888 4822 3220 4878 convertendi
3266 4840 3356 4879 eas
3399 4823 3459 4879 in
3486 4823 3802 4895 sanguinem,

2214 4921 2261 4969 et
2283 4920 2554 4987 percutere
2586 4918 2784 4967 terram
2823 4911 2967 4968 omni
3004 4913 3169 4985 plaga
3211 4914 3616 4985 quotiescunque
3642 4915 3802 4971 votue-

2214 5005 2343 5060 rint.
2378 5002 2637 5076 Legimus
2676 5003 2857 5059 Eliam
2896 5003 3145 5060 oratione
3189 5005 3453 5061 clausisse
3492 5004 3715 5074 omium,
3753 5015 3804 5063 et

2216 5096 2414 5151 iterum
2444 5094 2724 5168 aperuisse
2758 5111 2769 5149 :
2801 5093 2895 5150 sed
2925 5102 2978 5151 et
3007 5095 3235 5169 Moysen
3273 5111 3441 5169 aquas
3484 5095 3545 5152 in
3582 5096 3802 5168 sangui-

2215 5198 2341 5240 nem
2384 5184 2742 5242 convertisse.
2790 5184 2913 5240 Non
2959 5200 3086 5257 ergo
3139 5185 3445 5258 putandum
3500 5192 3584 5242 est
3632 5185 3800 5243 Eliam

2215 5282 2487 5338 minorem
2545 5280 2809 5339 virtutem
2876 5279 3094 5348 habere,
3159 5297 3286 5338 cum
3345 5281 3413 5339 ad
3476 5282 3798 5357 explendum

2215 5372 2459 5431 ofﬁcium
2510 5388 2649 5439 suae.
2669 5370 3076 5446 praedicationis
3121 5371 3355 5442 venerit,
3403 5388 3571 5447 quam
3618 5372 3797 5432 habuit

2215 5561 2436 5628 delibus,
2466 5560 2701 5625 verbum,
2733 5567 2838 5615 etc.

2290 5633 2371 5704 (8)
2403 5627 2580 5700 Edit.,
2609 5629 3012 5704 sicutscriptum
3031 5634 3103 5704 est
3127 5646 3138 5685 ε
3167 5627 3336 5704 Cujus
3355 5628 3464 5685 vita
3491 5627 3793 5704 despicitur;

2215 5700 2405 5761 omnes
2428 5718 2558 5760 vero
2588 5719 2716 5760 mss.
2741 5700 2884 5760 hanc
2903 5701 3150 5759 fraudem
3181 5700 3365 5774 potius
3392 5717 3560 5775 quam
3578 5700 3787 5776 lapsum

2198 5806 2203 5813 -
2217 5776 2539 5830 restituunt.
