3964 6378
222 433 339 492 953

1113 428 1573 503 BERENGAUDI
1609 428 1984 487 EXPOSITIO
2021 430 2092 488 IN
2131 428 2633 488 APOCALYPSIN.

3402 386 3514 486 est

220 575 293 616 eo
348 566 613 632 tempore,
656 574 765 631 quo
823 556 966 615 inter
1010 556 1266 614 homines
1312 565 1669 616 conversatus
1710 565 1813 627 est,
1846 561 1892 621 A
1923 573 2131 631 magna
2154 573 2383 632 corpora
2436 572 2627 614 eorum
2680 554 3019 629 projicienda
3070 571 3186 615 esse
3228 555 3509 627 dicuntur,

220 651 325 709 sed
353 650 643 724 potiorem.
690 650 987 706 Possumus
1038 647 1200 705 etiam
1241 665 1337 723 per
1384 649 1583 707 coelum
1631 650 1816 708 Eccle-

220 739 386 808 siam,
417 756 515 813 per
542 739 787 812 pluviam
818 738 986 795 verba
1013 747 1332 796 sanctorum
1366 738 1690 812 spiritaliter
1718 739 1818 795 in-

220 832 511 906 telligere;
565 829 844 889 clauditur
890 846 1125 903 namque
1178 830 1375 887 coelum
1434 829 1640 903 impiis,
1690 846 1816 887 cum

218 922 373 980 Deus
414 938 513 977 suo
555 920 769 994 judicio
818 920 981 977 corda
1027 936 1218 976 eorum
1264 920 1340 977 ita
1369 918 1629 977 obdurari
1660 919 1815 989 sinit,

219 1018 289 1068 ut
345 1010 501 1067 nullo
548 1009 709 1066 modo
759 1008 928 1066 verbo
982 1010 1081 1066 Dei
1126 1007 1340 1066 aditum
1398 1008 1691 1067 accedendi
1748 1009 1817 1067 ad

218 1114 324 1157 cor
360 1114 521 1154 suum
559 1098 840 1165 tribuant,
871 1104 933 1154 ut
962 1098 1265 1154 salventur.
1296 1097 1434 1154 Nam
1464 1105 1519 1153 et
1553 1096 1817 1170 propheta

218 1186 394 1245 Isaias
429 1189 631 1245 cmlum
667 1186 871 1244 Iudaeis
899 1186 1117 1256 clausit,
1145 1203 1270 1243 cum
1311 1187 1361 1243 ei
1399 1203 1430 1242 a
1466 1186 1704 1243 Domino
1734 1185 1814 1242 di-

219 1285 376 1336 ctum
426 1286 547 1335 est:
608 1303 628 1325 ι
682 1278 912 1336 Excmca
958 1295 1053 1336 cor
1100 1278 1290 1351 populi
1337 1277 1523 1351 hujus,
1557 1287 1611 1335 et
1655 1294 1816 1335 aures

220 1365 345 1439 ejus
380 1384 631 1441 aggrava,
685 1374 739 1423 et
791 1368 980 1424 oculos
1022 1366 1140 1440 ejus
1181 1367 1406 1435 claude;
1438 1384 1507 1425 ne
1551 1367 1692 1424 forte
1720 1366 1818 1423 vi-

219 1456 391 1515 deant
418 1456 613 1526 oculis,
672 1464 727 1513 et
754 1456 980 1513 auribus
1026 1456 1274 1527 audiant,
1305 1466 1362 1528 let
1389 1459 1553 1516 corde
1581 1475 1680 1516 suo
1716 1456 1816 1515 in-

219 1546 476 1621 telligant
508 1563 519 1602 :
572 1554 627 1603 et
672 1555 1086 1617 convertantur,
1129 1556 1183 1605 et
1221 1560 1406 1605 sanem
1438 1564 1530 1605 eos
1567 1549 1701 1619 (Isa.
1733 1564 1814 1617 vr,

224 1636 342 1709 10).
389 1662 408 1686 ι
451 1636 662 1696 Clausit
685 1644 739 1692 et
775 1637 976 1695 coelum
1000 1637 1262 1695 Jeremias
1289 1637 1533 1695 inimicis
1561 1638 1677 1695 suis
1707 1638 1812 1710 (9),

217 1741 351 1784 cum
398 1724 616 1785 dicebat
662 1724 731 1782 ad
771 1726 1071 1786 Dominum
1104 1745 1116 1784 :
1171 1750 1190 1775 ι
1236 1726 1315 1784 Ne
1351 1726 1665 1800 propitieris
1695 1725 1817 1783 ini-

218 1818 424 1896 quitati
471 1834 682 1888 eorum,
745 1826 798 1876 et
854 1826 1137 1891 peccatum
1193 1835 1382 1878 eorum
1437 1835 1469 1877 a
1526 1819 1665 1877 facie
1721 1825 1818 1877 tua

1924 664 2214 721 possumus
2240 646 2566 720 simpliciter
2611 646 2937 719 intelligere,
2994 653 3058 704 ut
3102 646 3161 702 in
3190 661 3514 722 quacunque

1925 739 2121 813 platea,
2155 755 2273 811 quae
2301 737 2370 795 ad
2410 737 2504 811 jus
2557 736 2793 810 alicujus
2836 735 3054 815 reprobi
3100 736 3387 810 pertineat,
3414 735 3513 811 ja-

1925 835 2102 886 ceant.
2131 827 2235 885 Sed
2276 828 2473 885 melius
2527 826 2665 884 mihi
2697 826 2938 896 videtur,
2974 834 3037 883 ut
3065 826 3208 883 sicut
3236 842 3331 910 per
3360 826 3511 885 civi-

1925 925 2090 977 tatem
2123 934 2372 990 magnam
2424 934 2613 975 omnes
2670 917 2929 992 reprobos
2970 916 3356 992 intelligendos
3396 932 3511 975 esse

1924 1007 2191 1078 diximus,
2223 1009 2301 1081 ita
2328 1017 2382 1066 et
2408 1022 2505 1082 per
2535 1010 2765 1083 plateam
2803 1008 2969 1066 corda
3010 1008 3369 1082 reproborum
3415 1010 3514 1065 in-

1925 1097 2234 1170 telligamus
2292 1115 2305 1154 :
2354 1097 2616 1171 jacebunt
2667 1100 2850 1173 itaque
2906 1114 3136 1172 corpora
3196 1105 3511 1156 sanctorum

1924 1186 1982 1244 in
2021 1189 2200 1262 platea
2233 1188 2475 1247 civitatis
2502 1206 2711 1264 magnae
2738 1208 2752 1258 ;
2785 1189 2913 1264 quia
2954 1189 3127 1251 sancti
3159 1189 3279 1247 illic
3301 1188 3507 1262 jacent,

1891 1295 1956 1343 ,ιι
2003 1278 2203 1351 quibus
2244 1279 2455 1337 nullius
2505 1295 2621 1338 esse
2675 1281 2940 1338 momenti
2995 1278 3431 1338 existimantur:
3483 1296 3514 1339 θ

1923 1366 2200 1424 contrario
2252 1366 2509 1425 ﬁdelibus
2562 1377 2728 1437 stant,
2785 1368 2881 1444 qui
2929 1376 3134 1444 quanta
3190 1366 3262 1424 sit
3318 1383 3510 1426 eorum

1923 1455 2101 1514 virtus
2128 1465 2290 1533 atque
2319 1458 2513 1533 gloria,
2552 1459 2733 1518 cordis
2753 1459 2930 1517 oculis
2961 1458 3271 1516 intuentur.
3300 1456 3512 1520 Civitas

1924 1566 2055 1607 vero
2099 1548 2307 1617 diaboli
2349 1567 2461 1609 non
2491 1552 2945 1610 inconvenienter
2982 1550 3219 1609 Sodoma
3247 1557 3301 1608 et
3328 1550 3513 1624 Ain-

1921 1649 2050 1714 Ρῐηε
2077 1641 2428 1710 nominatur;
2484 1658 2549 1698 ϐο
2605 1642 2753 1723 quod
2809 1641 3047 1701 Sodoma
3074 1641 3312 1710 caecitas,
3340 1640 3513 1715 Egyo

1923 1739 2049 1804 ptus
2078 1728 2314 1788 tenebrae
2341 1730 2790 1805 interpretentur.
2823 1730 2960 1801 Quis
3006 1730 3154 1788 enim
3181 1729 3513 1789 deteriorem

1924 1825 2223 1883 czecitatem
2265 1833 2428 1901 atque
2457 1825 2707 1888 tenebras
2734 1826 2962 1901 patitur,
2993 1842 3157 1900 quam
3207 1824 3387 1899 impii,
3415 1822 3511 1902 qui

217 1925 337 1967 non
372 1908 637 1966 deleatur.
688 1908 850 1967 Fiant
892 1916 1210 1966 corruentes
1256 1909 1315 1966 in
1344 1916 1641 1987 conspectu
1670 1915 1765 1967 tuo
1796 1925 1808 1969 :
1843 1930 1888 1991 Β
1924 1914 2196 1992 praecipiti
2225 1914 2416 1988 gradu,
2446 1922 2509 1973 ut
2532 1915 2590 1971 in
2609 1916 2849 1973 cloacam
2869 1915 3073 1981 inferni
3101 1915 3508 1987 demergantur,

216 1998 282 2056 in
332 2007 576 2072 tempore
604 1998 943 2055 visitationis
970 2006 1080 2055 tuae
1108 1997 1369 2072 peribunt
1400 2000 1615 2073 (Jerem.
1646 2014 1808 2067 xvnl,

215 2082 340 2156 23).
391 2108 410 2132 ι
466 2084 747 2159 Numquid
801 2086 1016 2160 Moyses
1055 2103 1166 2143 non
1213 2086 1449 2146 habebat
1487 2095 1810 2160 potestatem

216 2171 516 2230 claudendi
557 2175 757 2232 coelum
806 2183 861 2232 et
901 2177 1204 2249 aperiendi,
1245 2179 1335 2237 cui
1364 2177 1582 2236 dicebat
1610 2178 1814 2234 Domi-

216 2279 349 2335 nus,
401 2282 528 2323 cum
580 2268 817 2341 populus
865 2278 1182 2342 peccasset:
1252 2295 1272 2319 ι
1324 2272 1554 2329 Dimitte
1598 2288 1707 2339 me,
1751 2279 1814 2330 ut

215 2354 491 2414 irascatur
539 2357 695 2416 furor
737 2375 893 2415 meus
945 2369 1135 2419 contra
1189 2377 1303 2431 eos,
1336 2370 1390 2420 et
1438 2361 1649 2420 deleam
1697 2380 1809 2433 eos,

217 2445 528 2523 faciamque
581 2455 636 2506 te
693 2448 751 2506 in
803 2456 1017 2523 gentem
1074 2465 1324 2523 magnam
1368 2449 1568 2523 (Exod.
1625 2469 1809 2522 χχχιι,

220 2537 314 2610 ιο)
364 2538 393 2595 ει
443 2522 463 2588 ί
535 2539 721 2598 Sancti
778 2522 964 2615 itaque
1017 2540 1102 2597 nn
1157 2522 1489 2615 quibusdam
1553 2542 1813 2601 claudent

216 2629 442 2699 coelum,
490 2637 553 2687 ut
598 2647 711 2688 non
746 2631 1039 2690 descendat
1075 2648 1239 2705 super
1278 2649 1370 2689 eos
1397 2631 1575 2691 imber
1601 2633 1814 2690 miseri-

215 2717 423 2777 cordia:
470 2720 593 2790 Dei,
626 2721 705 2777 eis
752 2721 1033 2791 videlicet,
1083 2739 1220 2796 quos
1249 2723 1317 2781 ab
1347 2724 1625 2782 erroribus
1653 2724 1810 2781 Anti-

215 2808 418 2869 christi
465 2827 723 2868 revocare
769 2828 880 2867 non
928 2813 1207 2885 potuerint
1258 2829 1271 2869 :
1313 2814 1641 2887 quibusdam
1681 2832 1812 2874 vero

215 2900 492 2974 aperient,
542 2901 621 2957 eis
661 2900 921 2959 videlicet
949 2918 1086 2976 quos
1123 2902 1192 2959 ab
1225 2903 1504 2960 erroribus
1532 2903 1812 2962 Antichri-

218 2989 296 3047 sti
350 2990 776 3059 revocaverint;
836 2991 1180 3067 imbremque
1236 3008 1399 3066 super
1451 3009 1543 3050 eos
1598 2993 1809 3067 pluent,

215 3078 441 3152 quando
487 3078 600 3135 suis
662 3080 918 3153 precibus
964 3082 1139 3138 Deum
1183 3081 1297 3138 illis
1343 3082 1646 3157 propitium
1700 3082 1810 3142 eiii-

217 3166 393 3227 cient.
451 3168 553 3224 Per
598 3185 763 3244 aquas
810 3187 944 3244 quas
1001 3171 1058 3227 in
1113 3172 1434 3245 sanguinem
1491 3181 1811 3232 convertere

214 3255 521 3359 dicuntur,
552 3260 743 3357 populi
773 3260 1148 3359 ‘designantur
1179 3280 1191 3318 :
1234 3261 1455 3359 sanguis
1496 3270 1684 3359 autem
1714 3264 1812 3320 ul—
1842 3298 1886 3359 Ο

214 3344 425 3402 tionem
467 3345 716 3403 divinam
758 3347 1116 3406 demonstrat.
1158 3352 1344 3423 Aquas
1384 3351 1554 3423 igitur
1590 3351 1649 3409 in
1677 3368 1807 3409 san-

214 3433 441 3509 guinem
470 3445 814 3508 convertent,
838 3438 1058 3512 quando
1085 3448 1271 3512 gentes
1292 3456 1412 3515 quae
1433 3441 1581 3500 aﬁde
1600 3441 1809 3501 Christi

213 3523 617 3596 discesserint,
655 3535 914 3601 perpetua
955 3535 1133 3585 morte
1173 3546 1288 3586 esse
1332 3529 1670 3589 damnandas
1706 3549 1808 3591 suo

203 3612 426 3687 judicio
452 3615 766 3674 decernent.

290 3711 471 3783 (Vera.
505 3714 596 3786 7.)
629 3716 845 3770 Etcum
878 3715 1115 3788 ﬁnierint
1143 3717 1491 3775 testimonium
1519 3736 1693 3790 suum,
1730 3720 1806 3776 be-

209 3800 319 3857 stia
348 3818 466 3872 quae
493 3804 726 3859 ascendit
753 3804 815 3859 de
833 3804 1037 3876 abysso,
1068 3805 1228 3877 faciet
1269 3813 1452 3864 contra
1480 3826 1563 3864 eos
1593 3809 1802 3879 bellum,

210 3901 263 3950 et
297 3894 463 3951 vincet
506 3896 647 3964 illos,
701 3903 748 3952 et
792 3899 983 3954 occidet
1029 3916 1132 3957 eos.
1168 3900 1350 3956 Bestia
1380 3900 1496 3959 haec
1526 3902 1805 3961 Antichri-

211 3992 360 4040 stum
389 3984 683 4057 signiﬁcat.
710 3987 890 4043 Faciet
906 3995 1089 4046 contra
1114 4008 1197 4046 eos
1223 3991 1434 4060 bellum,
1468 3992 1689 4065 quando
1714 4009 1806 4050 eos

209 4082 587 4147 persequetur:
620 4076 785 4134 vincet
801 4094 930 4134 vero
966 4079 1090 4137 illos
1118 4095 1232 4136 non
1260 4082 1573 4154 superando
1591 4082 1799 4153 verbis,

211 4160 309 4218 sed
340 4162 745 4223 interﬁciendo.

288 4251 469 4323 (Vers.
506 4252 587 4325 8.)
621 4254 775 4312 Unde
830 4264 884 4312 et
927 4257 1221 4331 sequitur:
1267 4260 1341 4315 Et
1386 4260 1577 4316 occidet
1622 4278 1728 4331 eos,
1759 4268 1806 4318 et

200 4340 455 4412 jacebunt
489 4357 713 4416 corpora
750 4362 930 4400 eorum
980 4346 1038 4401 in
1084 4348 1267 4419 platea
1304 4350 1532 4406 civitatis
1577 4368 1800 4425 magna},

208 4446 328 4502 qum
354 4436 573 4486 vocatur
605 4430 921 4504 spiritaliter
957 4435 1186 4493 Sodoma
1218 4444 1266 4492 et
1292 4439 1558 4511 Egyptus
1587 4458 1611 4507 ;
1640 4441 1730 4496 ubi
1758 4447 1806 4496 et

206 4519 471 4579 Dominus
527 4538 709 4577 eorum
782 4524 1070 4595 cruciﬁxus
1126 4532 1217 4582 est.
1273 4526 1328 4583 Si
1373 4544 1469 4601 per
1519 4529 1803 4588 civitatem

207 4624 465 4683 magnam
525 4611 825 4669 Jerusalem
892 4621 1203 4672 terrestrem
1260 4618 1599 4675 voluerimus
1643 4620 1801 4679 intel-
1842 4664 1889 4724 Β
1915 4626 2099 4684 minus
2144 4611 2423 4704 loquitur;
2470 4630 2658 4688 dicens

207 4698 374 4724 I:_.‘_-
433 4709 654 4724 -..Α-ι-..
697 4702 797 4724 ι.--
855 4703 992 4724 ----.1
1062 4705 1186 4724 19,9.
1297 4708 1357 4724 τυ
1382 4709 1393 4720 ο
1481 4716 1492 4724 .
1556 4711 1596 4724 τι
1695 4713 1705 4723 ι
1883 4716 1970 4724 ν...
2062 4717 2073 4724 .
2159 4719 2170 4724 -
2306 4720 2316 4724 -
2469 4720 2479 4724 -
2572 4720 2581 4724 -

1924 2004 2067 2061 mala
2095 2004 2371 2077 operando
2400 2020 2686 2079 properare
2713 2022 2823 2062 non
2861 2004 3133 2062 desistunt
3157 2004 3186 2062 ?
3240 2004 3305 2061 In
3330 2002 3511 2077 platea

1922 2111 2054 2151 vero
2081 2095 2328 2153 civitatis
2359 2112 2590 2170 magnai,
2640 2095 2736 2152 ubi
2770 2095 3040 2153 Dominus
3080 2094 3380 2153 cruciﬁxus
3407 2101 3511 2168 est,

1921 2199 2151 2257 corpora
2186 2193 2497 2243 sanctorum
2546 2184 2886 2258 projicienda
2916 2202 3031 2243 esse
3076 2183 3464 2242 describuntur
3495 2200 3510 2251 ;

1921 2270 2051 2345 quia
2064 2271 2207 2330 sicut
2234 2288 2266 2329 a
2285 2273 2546 2330 membris
2566 2273 2773 2345 diaboli
2802 2273 3056 2334 Christus
3082 2272 3383 2333 cruciﬁxus
3409 2277 3510 2345 est,

1920 2359 1999 2417 ita
2024 2360 2092 2418 ab
2121 2360 2326 2418 eisdem
2355 2362 2397 2419 ii
2436 2363 2546 2420 duo
2572 2363 2850 2439 prophetas
2881 2364 3222 2422 occidentur.

1994 2459 2178 2532 (Vere.
2207 2460 2382 2535 9-12.)
2421 2464 2500 2520 Et
2541 2463 2788 2521 videbunt
2827 2462 2890 2519 de
2908 2463 3145 2536 populis,
3176 2468 3225 2519 et
3250 2462 3510 2531 tribubus,

1921 2557 1969 2607 et
1998 2550 2214 2624 linguis,
2243 2559 2292 2608 et
2316 2553 2550 2626 gentibus
2578 2571 2804 2626 corpora
2832 2570 3014 2610 eorum
3049 2571 3149 2627 per
3178 2560 3281 2611 tres
3308 2554 3420 2612 dies
3464 2559 3516 2612 et

1920 2638 2220 2709 dimidium,
2248 2647 2295 2697 et
2321 2658 2549 2714 corpora
2575 2659 2759 2699 eorum
2796 2659 2902 2700 non
2928 2642 3100 2700 sinent
3128 2643 3260 2714 poni
3286 2642 3343 2700 in
3389 2657 3512 2699 mo-

1919 2728 2226 2788 numentis:
2275 2736 2324 2786 et
2368 2730 2716 2788 inhabitantes
2771 2737 2970 2788 terram
3016 2731 3317 2805 gaudebunt
3354 2747 3513 2802 super

1921 2834 2025 2887 eos,
2055 2823 2106 2874 et
2146 2816 2611 2890 jucundabuntur,
2661 2827 2710 2877 et
2766 2836 2988 2881 munera
3026 2821 3230 2878 mittent
3256 2821 3507 2890 inuicem;

1920 2907 2171 2979 quoniam
2214 2909 2258 2964 ii
2286 2908 2390 2966 duo
2413 2912 2684 2983 propheta:
2710 2912 3081 2971 cruciavsrunt
3125 2927 3211 2969 eos
3238 2913 3332 2986 qui
3365 2911 3511 2972 habi-

1923 2998 2103 3055 tabant
2129 3005 2345 3059 terram.
2376 3003 2450 3063 Et
2488 3009 2613 3075 post
2651 3003 2762 3060 dies
2793 3009 2898 3061 tres
2925 3009 2975 3060 et
3010 3003 3288 3062 dimidium
3334 3005 3510 3079 spiri—

1922 3097 2004 3147 tus
2032 3091 2150 3148 vitta
2178 3109 2213 3148 a
2238 3093 2348 3150 Deo
2379 3093 2601 3150 intravit
2635 3094 2692 3153 in
2719 3112 2803 3151 eos
2835 3113 2847 3151 :
2883 3101 2932 3152 et
2954 3102 3204 3153 steterunt
3229 3113 3389 3170 super
3422 3113 3510 3171 pe-

1920 3179 2007 3236 des
2061 3198 2204 3252 suos,
2261 3189 2309 3238 et
2351 3183 2509 3239 timor
2537 3202 2759 3258 magnus
2804 3185 2984 3243 cecidit
3034 3203 3192 3259 super
3218 3204 3393 3244 omnes
3420 3185 3513 3260 qui

1920 3272 2167 3328 viderunt
2192 3290 2295 3331 eos.
2353 3274 2428 3331 Et
2464 3275 2751 3335 audierunt
2793 3293 2965 3333 vocem
3017 3294 3263 3350 magnam
3296 3278 3359 3334 de
3385 3280 3510 3336 calo

1917 3362 2167 3419 dicentem
2215 3363 2328 3419 illis
2364 3380 2377 3419 :
2439 3364 2713 3422 Aseendite
2770 3367 2889 3422 huc.
2929 3368 3003 3425 Et
3056 3368 3401 3424 ascenderunt
3451 3368 3511 3425 in

1917 3453 2099 3508 civium
2127 3452 2183 3507 in
2219 3452 2370 3519 nube,
2404 3458 2451 3507 et
2495 3453 2741 3510 viderunt
2783 3454 2906 3511 illos
2934 3455 3136 3511 inimici
3163 3473 3365 3512 eorum.
3394 3457 3510 3515 Hoc

1916 3539 1962 3596 si
1991 3540 2293 3600 secundum
2326 3542 2612 3601 historiam
2656 3544 2969 3617 impleatur,
3023 3543 3344 3604 hominibus
3389 3544 3507 3619 qui-

1916 3629 2039 3687 dem
2094 3631 2459 3704 incognitum,
2515 3635 2629 3691 Deo
2685 3643 2870 3692 autem
2931 3642 3064 3694 nota
3120 3642 3252 3692 sunt
3297 3634 3503 3694 omnia.

1917 3720 2214 3777 Possumus
2263 3730 2445 3780 autem
2492 3732 2547 3780 et
2601 3740 2701 3781 nos
2752 3723 2883 3781 huic
2928 3723 3175 3781 historias
3203 3723 3507 3799 spiritalem

1916 3808 2336 3882 intelligentiam
2365 3811 2705 3887 adjungere:
2753 3814 2848 3873 sed
2890 3814 3238 3874 temerarium
3288 3813 3510 3871 videtur

1915 3899 2067 3956 illam
2101 3899 2410 3971 historiam,
2444 3919 2607 3978 quam
2638 3911 2785 3969 545
2816 3904 3199 3979 intelligimus,
3232 3903 3511 3981 spiritali-

1913 3999 2017 4056 bus
2040 4002 2291 4060 sensibus
2320 4004 2462 4060 velle
2489 4004 2774 4062 adornare.
2805 4005 3024 4063 Nullam
3051 4003 3253 4078 quippe
3279 4002 3509 4060 domum

1914 4098 2070 4147 extra
2124 4091 2308 4165 positi,
2368 4092 2601 4151 interius
2668 4110 2865 4152 ornare
2916 4094 3164 4151 valemus
3208 4110 3222 4150 :
3287 4089 3386 4148 sed
3442 4106 3512 4149 ne

1913 4179 2141 4237 omnino
2167 4181 2402 4240 tacuisse
2431 4182 2739 4251 videamur,
2770 4199 2941 4257 pauca
2987 4182 3261 4243 dicamus.
3312 4181 3510 4241 Possu-
3603 4179 3613 4188 ”

1914 4284 2037 4326 mus
2070 4286 2166 4343 per
2192 4278 2303 4329 tres
2356 4271 2475 4330 dies
2522 4280 2578 4329 et
2629 4272 2930 4329 dimidium
2967 4278 3079 4329 tres
3106 4288 3280 4331 annos
3323 4279 3380 4329 et
3414 4288 3511 4330 se-

1913 4358 2020 4415 mis
2048 4358 2372 4433 intelligere,
2416 4361 2616 4436 quibus
2653 4362 2695 4418 ii
2751 4362 2862 4420 duo
2910 4361 3189 4437 prophetae
3234 4361 3509 4436 praedica~

1912 4448 2026 4504 turi
2054 4456 2227 4506 sunt:
2281 4467 2377 4524 per
2421 4458 2777 4509 monumenta
2818 4468 2950 4510 vero
2988 4460 3201 4510 mentes
3251 4450 3507 4524 reprobo-

1910 4553 2035 4593 rum
2065 4537 2370 4613 intelligere
2403 4558 2711 4615 possumus.
2753 4542 2833 4598 De
2874 4540 2946 4597 iis
2986 4539 3361 4599 monumentis
3400 4540 3504 4597 Do.

2706 4648 2719 4686 :
2794 4654 2813 4679 ε
2861 4629 2958 4687 Vae
3013 4628 3187 4697 vobis,
3218 4627 3421 4689 Scriba:
3450 4636 3506 4687 et

204 4698 377 4773 ligere
431 4709 654 4793 propter
696 4702 802 4761 hoc
849 4703 997 4778 quod
1052 4705 1190 4763 dicit
1226 4724 1238 4762 :
1295 4708 1393 4765 Ubi
1446 4716 1494 4765 et
1544 4711 1805 4769 Dominus
1844 4698 1889 4730 υ
1912 4716 2193 4789 Pharisaei,
2216 4698 2355 4793 quia
2380 4698 2511 4777 estis
2539 4720 2681 4779 sicut
2708 4718 2957 4791 sepulcra
3001 4716 3273 4788 dealbata,
3319 4733 3442 4791 quae
3470 4735 3502 4777 a

207 4807 390 4847 eorum
438 4792 725 4865 cruciﬁxus
771 4801 861 4863 est,
906 4811 938 4851 a
975 4796 1204 4853 veritate
1247 4797 1623 4859 aberrabimus
1656 4803 1793 4877 (10);

206 4895 276 4936 eo
317 4880 465 4954 quod
502 4881 600 4938 illa
627 4882 927 4941 Jerusalem
968 4902 1140 4960 usque
1183 4886 1253 4944 ad
1299 4888 1479 4946 solum
1524 4890 1800 4951 destructa

205 4969 299 5037 sit,
353 4977 407 5026 et
451 4971 554 5028 ista
604 4990 724 5045 quae
773 4990 870 5046 pro
918 4990 980 5031 ea
1024 4976 1292 5035 aediﬁcata
1337 4987 1438 5047 est,
1475 4997 1586 5039 non
1633 4981 1693 5039 in
1734 4999 1799 5039 eo

206 5062 350 5127 loco,
382 5066 477 5117 sed
525 5061 583 5118 in
629 5063 739 5119 alio
781 5064 886 5120 sita
918 5080 1033 5122 esse
1060 5064 1277 5124 dicatur
1310 5088 1322 5126 :
1355 5087 1532 5144 neque
1562 5071 1800 5129 Sodoma

204 5155 264 5205 et
287 5148 563 5222 Egyptus
608 5150 843 5209 dicenda
886 5160 986 5223 est,
1017 5170 1081 5210 eo
1111 5157 1257 5229 quod
1283 5175 1315 5215 a
1343 5159 1672 5218 Christianis
1700 5160 1798 5217 in-

202 5239 439 5298 colatur.
489 5241 775 5317 Simulque
820 5245 1280 5304 considerandum
1324 5250 1453 5323 quia
1482 5252 1797 5326 ubicunque

204 5331 266 5387 in
320 5328 426 5387 hoc
479 5329 621 5389 libro
658 5332 855 5390 civitas
913 5350 1108 5408 magna
1153 5337 1399 5410 ponitur,
1456 5340 1796 5415 Babylonem

202 5435 327 5495 quae
373 5427 454 5478 est
493 5420 689 5480 civitas
737 5422 965 5492 diaboli,
1013 5434 1069 5483 et
1115 5441 1186 5483 ex
1238 5428 1497 5487 omnibus
1552 5431 1799 5505 reprobis

203 5518 442 5582 constat,
480 5512 772 5584 signiﬁcat.
822 5513 980 5583 Quod
1021 5524 1203 5575 autem
1237 5518 1295 5575 in
1323 5520 1501 5595 platea
1553 5522 1797 5582 civitatis

276 5716 360 5790 (9)
391 5717 593 5803 omnes
633 5719 812 5803 edit,
846 5724 1107 5803 Jeremias
1156 5731 1342 5789 amicis
1394 5733 1552 5803 suis;
1606 5750 1797 5796 omnes

202 5804 337 5848 mss.
367 5790 587 5862 melius,
617 5790 876 5851 lemnius
904 5796 1134 5858 inimicis
1160 5803 1290 5862 suis.

1909 4807 2045 4866 foris
2077 4810 2299 4885 quidem
2329 4813 2591 4871 videntur
2633 4810 2888 4881 candida,
2935 4809 3269 4867 intrinsecus
3293 4817 3501 4870 autem

1908 4899 2070 4970 plena
2114 4910 2243 4958 sunt
2282 4901 2434 4958 omni
2478 4900 2832 4959 immunditia
2885 4906 2940 4958 et
2984 4899 3200 4958 ossibus
3255 4907 3498 4958 mortuo-

1910 5009 2033 5050 rum
2065 4994 2277 5067 (Matth.
2308 5012 2471 5063 χχιιι,
2502 4997 2618 5069 27).
2650 5021 2669 5045 ι
2711 4995 2802 5053 Sic
2825 5003 2879 5053 et
2923 5012 3022 5053 vos
3048 5012 3081 5052 a
3108 4994 3245 5054 foris
3272 4994 3500 5071 quidem

1909 5083 2108 5154 paratis
2137 5084 2456 5141 hominibus
2482 5083 2644 5158 justi,
2669 5084 2821 5141 intus
2849 5093 3031 5143 autem
3061 5086 3210 5161 pleni
3240 5086 3372 5145 estis
3404 5102 3504 5143 ra-

1908 5173 2038 5245 pina
2082 5181 2138 5230 et
2179 5172 2489 5248 iniquitate.
2538 5177 2602 5233 In
2647 5177 3024 5235 monumentis
3071 5178 3239 5252 igitur
3282 5176 3501 5249 reprobi

1908 5279 2137 5337 corpora
2163 5271 2477 5321 sanctorum
2526 5282 2638 5323 non
2683 5265 2868 5324 sinent
2913 5268 3073 5341 poni;
3119 5267 3248 5341 quia
3299 5266 3500 5325 doctri~

1908 5367 2035 5409 nam
2064 5351 2288 5409 illorum
2317 5369 2350 5410 a
2368 5354 2645 5414 mentibus
2668 5355 2784 5414 suis
2811 5354 3094 5429 abjicient.
3126 5356 3285 5425 Quod
3314 5363 3498 5420 autem

1908 5448 2031 5517 post
2057 5441 2176 5501 dies
2206 5451 2315 5501 tres
2342 5453 2397 5502 et
2420 5444 2717 5503 dimidium
2745 5447 2974 5521 spiritus
3004 5447 3133 5505 vita:
3175 5462 3209 5503 a
3248 5449 3363 5507 Deo
3399 5446 3500 5506 in~

1908 5540 2051 5590 trare
2086 5532 2147 5592 in
2203 5549 2295 5592 eos
2346 5534 2573 5608 dicitur,
2621 5544 2676 5595 et
2729 5544 2871 5594 stare
2917 5552 3081 5611 super
3127 5535 3293 5612 pedes
3344 5555 3497 5611 suos,

1980 5738 2210 5817 (10)_I_ta
2246 5758 2411 5817 meai;
2442 5750 2498 5803 at
2515 5741 2649 5800 edit.
2680 5758 2711 5800 e
2737 5744 3037 5817 contrario,
3068 5765 3104 5807 α
3131 5747 3350 5811 veritate
3386 5765 3491 5808 non

1904 5810 2290 5872 aberrabimus.
2326 5814 2509 5874 Minus
2528 5814 2834 5876 commode.
