3964 6384
469 381 577 442 955
1489 379 1586 435 ΑΙ)
1625 378 1859 435 ΟΡΕΒΑ
1896 378 1952 434 S.
1990 378 2033 434 A

2267 379 2325 435 LII
2362 377 2744 438 APPENDIX.
3700 385 3832 444 956

468 503 885 563 resurrectionis
948 510 1170 575 tempus
1242 502 1489 575 accipere
1554 519 1865 573 possumus,
1918 502 2065 575 quod
2093 506 2144 566 Α
2175 503 2318 558 rium
2371 511 2740 562 commutatus
2786 512 2913 573 est;
2965 504 3095 578 quia
3145 505 3321 562 Judaei
3364 506 3827 566 observationes

466 603 590 669 post
614 595 721 652 tria
754 602 999 668 tempora
1027 602 1081 650 et
1108 592 1427 661 dimidium,
1451 594 1704 667 quamvis
1726 610 1836 649 non
1853 593 2061 661 statim,
2176 593 2372 665 legales
2402 602 2741 666 respuentes,
2769 594 3077 652 doctrinam
3109 596 3397 669 Evangelii
3425 598 3768 671 suscipient
3806 619 3821 657 :

468 685 526 742 in
555 683 813 758 proximo
843 691 1030 740 tamen
1058 682 1171 738 ﬁet.
1207 682 1444 739 Stabunt
1472 683 1673 757 quippe
1711 698 1874 755 super
1902 681 2067 755 pedes
2175 702 2295 760 quae
2330 694 2552 759 propter
2598 696 2806 760 septem
2840 687 2985 749 dona
3013 688 3255 760 Spiritus
3284 691 3457 746 sancti
3481 706 3582 763 per
3612 699 3825 765 septe-

468 793 618 846 suos,
651 774 872 851 quando
920 781 1044 847 post
1100 774 1516 831 resurrectionis
1574 781 1808 846 tempus,
1864 780 2069 843 quanta
2176 776 2393 831 narium
2424 792 2715 833 numerum
2749 777 3373 851 designantur.Septem
3421 795 3555 852 ergo
3610 780 3825 836 millia

473 866 546 924 sit
630 881 821 921 eorum
879 864 1059 920 virtus
1106 870 1268 936 atque
1324 862 1750 934 magniﬁcentia,
1806 861 2068 918 omnibus
2177 872 2395 920 mortua
2439 881 2555 921 esse
2601 865 3027 935 describuntur;
3060 868 3189 940 quia
3221 869 3531 925 morientur
3558 870 3824 927 diabolo

467 956 656 1029 impiis
713 953 1175 1012 manifestabitur.
1232 954 1422 1010 Timor
1470 970 1601 1010 vero
1655 969 1883 1025 magnus
1912 952 2069 1009 cadet
2177 963 2239 1011 ut
2271 956 2462 1010 vivant
2511 957 2666 1011 Deo:
2725 955 2925 1029 reliqui
2968 973 3099 1013 vero
3152 957 3246 1031 qui
3294 958 3353 1014 in
3400 959 3606 1015 timore
3666 968 3823 1017 sunt

468 1062 632 1119 super
659 1045 919 1103 inimicos
957 1059 1170 1112 eorum,
1211 1060 1336 1100 cum
1384 1042 1628 1099 viderint
1661 1059 1753 1099 eos
1782 1060 1796 1110 ;
1844 1043 1972 1115 quia
2008 1042 2070 1098 in
2179 1043 2355 1113 missi,
2392 1045 2593 1101 electos
2625 1054 2850 1101 caeteros
2878 1044 3187 1117 designant,
3237 1048 3333 1120 qui
3369 1047 3634 1106 videntes
3667 1066 3822 1106 con-

468 1135 558 1192 die
582 1134 785 1208 judicii
836 1151 961 1190 cum
994 1132 1237 1189 viderint
1292 1150 1403 1203 eos,
1449 1133 1789 1205 gloriamque
1818 1132 2067 1201 illorum,
2178 1134 2487 1191 versionem
2540 1135 2855 1191 Iudaeorum
2914 1144 3079 1210 atque
3133 1137 3381 1194 divinam
3437 1140 3821 1212 Scripturam

474 1224 844 1283 turbabuntur
878 1224 1076 1280 timore
1118 1222 1398 1293 horribili,
1445 1223 1690 1280 dicentes
1719 1240 1731 1277 :
1779 1246 1799 1269 ι
1844 1222 1891 1278 Ii
1944 1229 2072 1278 sunt
2180 1226 2237 1282 in
2270 1225 2382 1281 illis
2412 1243 2528 1282 esse
2558 1228 2907 1298 completam,
2958 1228 3014 1283 in
3048 1228 3244 1284 timore
3271 1229 3370 1285 Dei
3399 1237 3565 1302 atque
3594 1247 3819 1288 amore

476 1332 615 1391 quos
659 1314 957 1389 aliquando
1006 1313 1303 1370 habuimus
1329 1313 1387 1369 in
1416 1313 1682 1379 derisum,
1712 1320 1767 1369 et
1798 1311 1856 1368 in
1878 1311 2072 1368 simili-
2181 1314 2493 1388 proﬁcient,
2521 1317 2805 1389 Deumque
2825 1331 2926 1387 pro
2947 1332 3137 1372 eorum
3165 1318 3526 1377 conversione
3557 1319 3818 1379 laudare

472 1404 725 1463 tudinem
756 1403 1098 1477 improperii.
1157 1403 1267 1459 Nos
1321 1402 1583 1459 insensati
1640 1402 1810 1458 vitam
1847 1401 2071 1458 illorum
2182 1419 2293 1459 non
2323 1403 2605 1461 desistent.

473 1494 886 1553 aestimabamus
918 1492 1209 1561 insaniam,
1241 1500 1294 1548 et
1323 1492 1486 1548 ﬁnem
1536 1492 1759 1547 illorum
1797 1491 1916 1547 sine
1959 1490 2038 1546 ho

2254 1504 2440 1575 (Vera.
2476 1503 2589 1575 ili.)
2646 1504 2732 1563 Vae
2776 1504 3059 1560 secundum
3098 1505 3251 1575 abiit,
3295 1512 3345 1562 et
3390 1524 3498 1564 ecce
3547 1526 3632 1565 υω
3695 1517 3811 1567 ter-

470 1604 625 1647 DOl‘B-
658 1587 951 1656 Ωαοωοάο
979 1582 1287 1675 computa“
1327 1593 1461 1675 sum
1486 1582 1647 1675 inter
1684 1582 2071 1675 ﬁlipﬁpeiift
2184 1594 2312 1650 tium
2367 1595 2532 1650 veniet
2568 1595 2687 1652 cito.
2720 1596 2816 1653 Vas
2864 1598 3087 1653 tertium
3117 1598 3186 1654 ad
3223 1614 3284 1653 ea
3322 1600 3488 1668 mala,
3535 1617 3671 1673 quae
3701 1617 3816 1675 per

473 1677 620 1736 inter
670 1684 890 1734 sanctos
931 1691 1048 1732 801‘s
1076 1674 1300 1730 ίῙῘοηιω
1329 1680 1411 1730 θεῖ
1442 1674 1595 1745 (δαρο
1644 1689 1704 1739 ν»
1751 1671 1912 1763 3'5)?
1939 1693 1958 1719 ι
2001 1671 2074 1763 Εἴ
2180 1684 2586 1741 Antichristum
2633 1686 2877 1744 facturus
2925 1694 3008 1744 est
3055 1687 3329 1756 diabolus,
3360 1688 3430 1745 ad
3458 1671 3606 1746 diem
3636 1671 3813 1763 judi-

472 1769 601 1844 quia
628 1766 929 1825 Malachias
958 1763 1225 1838 Propheta
1254 1779 1324 1853 εκ
1366 1778 1596 1853 Ρθτδοξὶέ
1632 1761 1856 1853 ρρωίιιί
1898 1760 2071 1853 loqui-
2180 1775 2252 1831 cii
2288 1775 2545 1847 pertinet.
2579 1777 2650 1831 Et
2688 1778 2818 1850 quia
2846 1780 3098 1851 superius
3124 1780 3379 1853 angelum
3427 1796 3593 1853 quem
3639 1760 3811 1839 vidit

470 1866 583 1927 tur,
614 1856 804 1915 dicens
829 1874 841 1912 :
878 1880 897 1902 ε
924 1855 1067 1912 Ecce
1095 1852 1425 1927 egomittam
1451 1850 1610 1944 \'0bi_8
1637 1851 1819 1944 Eliam
1841 1850 2071 1944 ρτοριλβ·
2100 1864 2148 1926 Β
2183 1873 2327 1921 stare
2357 1881 2520 1937 supra
2551 1881 2699 1922 mare
2749 1874 2803 1922 et
2832 1850 2996 1941 super
3023 1850 3246 1937 terram,
3277 1850 3489 1940 jurasse
3516 1870 3666 1928 dicit
3699 1887 3812 1944 per

471 1960 607 2021 tam,
642 1949 739 2025 qui
777 1953 1065 2006 convertat
1093 1945 1258 2003 corda
1288 1953 1501 2017 patrum
1531 1942 1599 2000 ad
1635 1943 1781 2000 ﬁlios
1811 1943 2036 2016 (Malae):

2243 1962 2461 2011 ventem
2493 1956 2552 2010 in
2582 1963 2843 2012 aeternum
2870 1975 2884 2025 ;
2916 1957 3045 2031 quia
3087 1958 3146 2013 in
3192 1958 3388 2015 diebus
3432 1959 3665 2032 septimi
3700 1942 3807 2016 an-

469 2060 551 2112 Iv,
582 2042 636 2111 5,
667 2040 768 2113 6);
824 2062 844 2087 ι
915 2045 969 2094 et
1024 2046 1219 2094 caetera
1261 2051 1380 2108 quae
1410 2042 1715 2108 sequuntur
1748 2053 1759 2091 :
1792 2034 2071 2092 credimus
2182 2044 2327 2117 geli,
2380 2062 2507 2102 cum
2556 2046 2783 2119 coeperit
2828 2047 2960 2103 tuba
3003 2063 3201 2105 canere
3230 2091 3245 2117 ,
3303 2049 3810 2107 consummabitur

407 2201 415 2207 ,
471 2131 691 2189 Iudaeos
721 2146 818 2202 per
845 2126 1294 2201 praedicationem
1323 2125 1481 2193 Eliae,
1504 2123 1648 2180 sicut
1670 2122 2064 2195 superius(il),
2182 2135 2507 2206 mysterium
2540 2136 2661 2205 Dei,
2693 2137 2839 2209 quod
2879 2138 3279 2209 evangelium“
3309 2156 3404 2212 per
3432 2156 3622 2197 sel-v03
3653 2157 3807 2199 suos

470 2228 633 2294 prout
662 2219 964 2293 potuimus,
1013 2215 1534 2284 demonstravimus),
1583 2214 1651 2270 ad
1700 2213 1865 2269 ﬁdem
1911 2213 2068 2272 Chrio
2181 2222 2494 2295 prophetas,
2509 2224 2654 2281 diem
2680 2225 2881 2297 judicii
2911 2226 3155 2283 breviter
3182 2245 3386 2301 ponere
3413 2229 3615 2299 voluit,
3638 2236 3706 2286 et
3725 2229 3808 2286 ad

474 2311 544 2367 sti
580 2325 701 2365 esse
754 2306 1173 2365 convertendos.
1229 2304 1527 2361 Possumus
1584 2311 1766 2359 autem
1808 2320 1903 2375 per
1929 2302 2067 2358 duos
2181 2313 2323 2367 mala
2350 2313 2683 2370 Antichristi
2713 2324 2899 2387 postea
2943 2317 3218 2372 narranda
3266 2318 3586 2375 revertitur.
3618 2317 3807 2386 Quod

470 2407 636 2457 testes
664 2399 903 2456 duorum
945 2397 1276 2470 populorum
1308 2394 1693 2468 praedicatores
1738 2394 2065 2466 intelligere,
2180 2399 2224 2455 si
2253 2400 2545 2472 diligenter
2574 2402 2919 2474 inspicimus,
2955 2404 3271 2461 videbimus
3317 2422 3443 2462 eum
3485 2407 3594 2464 hoc
3635 2407 3806 2464 ordi-

469 2492 785 2549 Judaaorum
843 2488 1105 2544 videlicet
1167 2495 1330 2559 atque
1379 2486 1645 2557 gentium.
1704 2484 1809 2553 Qui
1873 2484 2069 2541 diebus
2179 2496 2305 2545 nate
2360 2490 2583 2557 fecisse;
2644 2491 2850 2548 scimus
2908 2507 3145 2564 namque
3201 2493 3332 2566 quia
3383 2495 3809 2566 praedicatores

472 2580 625 2637 mille
662 2577 917 2636 ducentis
946 2576 1229 2649 sexaginta
1276 2574 1654 2649 prophetaturi
1712 2590 1825 2631 esse
1860 2575 2069 2632 dicun-
2178 2579 2374 2649 sancti,
2405 2581 2501 2653 qui
2530 2581 2589 2637 in
2615 2580 2722 2637 ﬁne
2771 2581 2964 2638 mundi
3011 2583 3278 2639 nascituri
3324 2592 3477 2654 sunt,
3507 2585 3617 2643 hoc
3648 2604 3805 2659 prmo

470 2678 594 2737 tur;
631 2668 760 2741 quia
788 2666 939 2723 omni
975 2676 1218 2739 tempore
1252 2681 1361 2738 quo
1392 2662 1723 2720 Antichristi
1757 2665 2063 2736 persecutio
2180 2668 2461 2738 dicabunt,
2522 2670 2670 2744 quod
2719 2670 2837 2727 dies
2880 2671 3104 2727 Domini
3163 2671 3221 2728 in
3263 2673 3519 2745 proximo
3567 2673 3649 2730 sit
3680 2692 3698 2743 ;
3737 2683 3805 2733 nt

472 2766 638 2833 atque
694 2757 943 2831 deceptio
1008 2771 1104 2830 per
1158 2754 1480 2811 universum
1543 2752 1731 2809 orbem
1787 2752 2065 2822 desaeviet,
2180 2775 2317 2832 quos
2361 2759 2845 2816 exhortationibus
2899 2761 2967 2816 ad
3015 2762 3164 2817 viam
3208 2762 3459 2818 veritatis
3514 2762 3805 2822 reducere

472 2863 829 2924 quoscunque
886 2851 1164 2920 poterunt,
1212 2842 1281 2900 ad
1318 2843 1465 2899 viam
1513 2842 1763 2900 veritatis
1812 2842 2069 2901 reducere
2181 2864 2294 2904 non
2323 2848 2625 2921 potuerint,
2672 2850 2865 2906 saltem
2922 2849 3229 2906 terroribus
3274 2848 3341 2906 ad
3392 2851 3801 2923 paenitentiam

469 2941 792 2999 studebunt.
2181 2946 2505 3011 provocent.
2555 2939 2629 2994 Et
2684 2938 2813 3011 quia
2859 2946 2985 2994 ante
3035 2938 3444 3011 persecutiones
3494 2940 3798 2997 Antichri—

550 3041 732 3113 (vers.
769 3038 882 3109 13.)
915 3039 989 3096 Ει
1014 3038 1073 3094 in
1110 3038 1210 3095 illa
1238 3038 1373 3095 hora
1400 3035 1572 3109 factus
1598 3042 1671 3092 est
1719 3042 1875 3091 terra;
1899 3041 2070 3092 motus
2181 3028 2272 3096 sti,
2304 3027 2422 3084 dies
2462 3026 2664 3101 judicii
2718 3027 2948 3099 incipiet
2995 3027 3302 3100 praedicari,
3333 3028 3588 3085 eumdem
3628 3029 3795 3087 diem

474 3144 716 3201 magnus.
773 3127 931 3184 Nunc
980 3127 1048 3183 ad
1094 3126 1317 3183 initium
1375 3125 1779 3199 praedicationis
1832 3124 1969 3180 Elia;
2017 3133 2072 3181 et
2176 3116 2376 3189 judiCii
2405 3116 2642 3173 Joannes
2669 3124 2830 3172 antea
2856 3132 3058 3188 ponere
3086 3117 3286 3185 voluit,
3338 3133 3504 3191 quam
3542 3116 3612 3174 ad
3641 3134 3794 3192 per-

474 3217 668 3276 Enoch
700 3216 1018 3274 revertitur.
1052 3216 1230 3273 Terrae
1260 3223 1461 3285 motus,
1509 3214 1651 3272 sicut
1678 3213 1929 3287 superius
1951 3212 2063 3284 jam
2103 3222 2146 3282 ο
2183 3205 2496 3263 secutiones
2521 3206 2695 3279 ipsius
2725 3205 3059 3263 Antichristi
3090 3206 3366 3263 narrando
3395 3207 3629 3264 veniret.

468 3309 748 3378 diximus,
779 3307 1079 3366 motionem
1112 3307 1362 3365 cordium
1397 3308 1535 3363 solet
1553 3306 1835 3378 designare
1865 3324 1877 3362 :
1908 3314 2067 3362 terrae
2252 3304 2435 3371 (Vers.
2466 3304 2575 3376 15.)
2605 3305 2680 3360 Et
2725 3303 2975 3375 septimus
3013 3308 3230 3376 angelus
3276 3306 3403 3361 tuba
3427 3306 3628 3361 cecinit.
3673 3307 3785 3364 Per

475 3407 661 3457 motus
706 3406 839 3459 tunc
886 3397 999 3467 ﬁet,
1058 3414 1183 3454 cum
1216 3413 1312 3471 per
1353 3395 1795 3471 praedicationem
1847 3394 1986 3451 Elize
2015 3401 2069 3449 et
2177 3395 2470 3469 septimum
2526 3394 2802 3467 angelum,
2860 3394 3004 3451 sicut
3064 3393 3330 3462 diximus,
3389 3394 3785 3466 pradicatores

468 3488 663 3548 Enoch
694 3488 858 3545 multi
887 3486 956 3544 ad
985 3486 1386 3560 pcenitentiam,
1442 3485 1603 3541 multi
1633 3484 1701 3541 ad
1747 3484 1913 3542 ﬁdem
1942 3498 2068 3540 con-
2178 3483 2351 3540 sancti
2380 3484 2553 3557 quiin
2572 3482 2681 3541 ﬁne
2712 3484 2907 3541 mundi
2929 3482 3197 3541 nascituri
3218 3490 3369 3546 sunt.
3391 3481 3779 3555 designantur.

472 3588 779 3638 vertentur.
808 3580 884 3636 Et
910 3580 1110 3635 decima
1132 3593 1267 3651 pars
1313 3576 1543 3633 civitatis
1580 3575 1788 3630 cecidit.
1839 3575 1960 3631 Non
1989 3589 2068 3629 sa-
2178 3574 2331 3630 Tuba
2355 3581 2573 3644 canent,
2623 3591 2750 3632 cum
2795 3573 3026 3630 verbum
3071 3573 3171 3629 Dei
3218 3571 3653 3630 annuntiabunt.
3704 3575 3786 3632 Et

470 3686 576 3727 nus
604 3685 799 3726 sensus
827 3667 968 3725 mihi
1014 3667 1240 3724 videtur
1296 3683 1434 3735 esse,
1494 3675 1557 3723 ut
1611 3681 1707 3739 per
1757 3664 2063 3733 civitatem,
2178 3663 2333 3734 facta
2362 3671 2484 3720 sunt
2511 3681 2655 3720 voces
2682 3680 2888 3736 magnos
2912 3663 2967 3718 in
2996 3663 3140 3730 calo,
3196 3662 3438 3717 dicentes.
3473 3662 3783 3720 Possumus

468 3757 627 3829 cujus
656 3755 872 3812 decima
902 3770 1026 3829 pars
1058 3753 1279 3823 cecidit,
1324 3752 1594 3811 Ecclesim
1652 3752 2064 3824 intelligamus;
2180 3768 2279 3825 per
2309 3752 2509 3809 coelum
2548 3750 2874 3820 Ecclesiam,
2903 3766 2999 3823 per
3029 3766 3191 3808 voces
3220 3766 3353 3806 vero
3382 3765 3608 3823 magnas
3636 3766 3783 3808 san-

469 3862 533 3902 eo
577 3843 724 3919 quod
778 3842 871 3901 hic
935 3859 1114 3900 sermo
1171 3842 1241 3899 ad
1304 3842 1585 3899 civitatem
1633 3842 1804 3915 magis
1860 3839 2069 3897 diaboli
2177 3849 2391 3897 ctorum
2423 3840 2589 3896 verba
2621 3840 2945 3913 intelligere,
2980 3839 3155 3913 quiin
3185 3838 3431 3896 adventu
3455 3839 3686 3896 Domini
3708 3841 3781 3899 ad

470 3949 634 4008 quam
690 3931 757 3989 ad
809 3932 1092 3989 civitatem
1149 3930 1248 3987 Dei
1289 3930 1565 4002 respiciat.
1599 3928 1756 3985 Illius
1785 3944 1913 3999 ergo
1936 3927 2069 3983 civi-
2174 3930 2447 4002 judicium
2486 3930 2770 3987 venientes
2813 3929 3188 3997 exsultabunt,
3220 3929 3363 3986 sicut
3392 3930 3665 3987 Dominus
3693 3931 3778 3990 di-

472 4022 604 4078 tatis
633 4021 691 4076 in
739 4019 845 4077 hoc
881 4020 1002 4077 loco
1048 4020 1319 4077 decimam
1362 4026 1571 4093 partem
1612 4016 1881 4074 corruisse
1911 4016 2067 4085 dicit,
2178 4020 2255 4076 cit
2275 4019 2329 4074 in
2349 4019 2687 4090 Evangelia:
2734 4018 3033 4090 «Respicite
3066 4028 3119 4075 et
3138 4020 3312 4074 levate
3342 4019 3522 4091 capita
3551 4028 3777 4090 vestra;

471 4127 634 4185 quam
701 4110 955 4182 superius
1007 4109 1291 4167 civitatem
1339 4124 1614 4181 magnam,
1668 4106 2071 4177 Sodomamque
2180 4107 2306 4180 quia
2328 4108 2731 4181 appropinquat
2758 4107 3062 4179 redemptio
3082 4116 3264 4164 vestra
3288 4108 3440 4178 (Luc.
3473 4108 3764 4181 xxx,28).-

471 4210 527 4259 θῑ
559 4202 861 4273 ᾸΕΒῩΡῙΠῙΠ
890 4200 1136 4268 νοοδνίῑν
1191 4209 1244 4256 et
1299 4199 1357 4254 in
1408 4198 1569 4269 cuius
1621 4199 1799 4271 Platea
1845 4213 2073 4269 corpora
2260 4202 2479 4257 Factum
2529 4206 2602 4256 est
2644 4218 2864 4273 regnum
2892 4201 3052 4271 hujus
3082 4200 3263 4256 mundi
3289 4201 3509 4257 Domini
3535 4207 3584 4257 et
3619 4203 3775 4260 Chri-

472 4291 790 4350 sanCtorum
824 4307 920 4363 per
956 4298 1069 4346 tres
1098 4290 1213 4346 dies
1261 4299 1318 4346 et
1342 4290 1638 4347 dimidium
1680 4290 1952 4362 insepulta
1974 4289 2072 4363 ja-
2181 4295 2247 4350 sti
2277 4294 2411 4364 ejus,
2465 4299 2511 4348 et
2537 4291 2775 4363 regnabit
2800 4292 2857 4346 in
2894 4293 3084 4347 saecula
3116 4292 3450 4346 saeculorum.
3489 4290 3778 4364 Numquid

471 4402 594 4443 cere
649 4382 932 4441 dicuntur.
992 4383 1064 4439 Et
1116 4383 1246 4457 quia
1295 4399 1391 4455 per
1438 4382 1723 4439 denarium
1780 4398 2071 4439 numerum
2180 4395 2339 4443 antea
2366 4400 2476 4439 non
2508 4390 2625 4439 erat
2650 4381 2875 4439 Domini
2905 4390 2959 4439 et
2983 4381 3325 4455 Christiejus
3357 4396 3581 4454 regnem
3607 4381 3777 4456 hujus

473 4490 617 4548 saepe
644 4475 735 4530 lex
764 4472 1102 4546 designatur,
1135 4489 1199 4529 eo
1252 4472 1400 4546 quod
1455 4472 1544 4528 lex
1601 4489 1697 4546 per
1752 4472 2069 4545 decalogum
2182 4474 2424 4531 mundi?
2450 4474 2553 4531 Sed
2568 4489 2797 4545 regnum
2828 4472 2999 4545 hujus
3024 4472 3218 4528 mundi
3241 4471 3495 4529 homines
3525 4475 3771 4542 vocavit,

471 4563 543 4620 sit
575 4568 838 4636 accepta;
898 4578 1193 4636 possumus
1240 4578 1336 4635 per
1389 4560 1659 4617 decimam
1708 4570 1913 4633 partem
1951 4578 2070 4634 quae
2102 4565 2237 4641 Din
2269 4580 2499 4638 quorum
2538 4562 2814 4618 mentibus
2864 4569 2959 4618 aut
3006 4568 3194 4634 regnat
3241 4563 3406 4633 Deus,
3439 4569 3535 4618 aut
3585 4571 3775 4635 regnat

473 4656 703 4725 corruit,
745 4653 962 4711 Iudaeos
984 4653 1361 4711 observatores
1411 4654 1544 4725 legis
1596 4652 1923 4724 intelligere,
1979 4654 2074 4725 qui
2183 4655 2454 4713 diabolus.
2496 4654 2703 4725 Regnat
2731 4654 2877 4709 Deus
2906 4651 2963 4707 in
2992 4651 3195 4708 sanctis
3225 4652 3339 4708 suis
3382 4670 3393 4708 :
3440 4659 3635 4725 regnat
3661 4652 3773 4710 dia-

472 4760 569 4818 per
596 4743 1048 4817 praedicationem
1094 4743 1231 4799 Elize
1260 4742 1423 4799 ﬁdem
1457 4741 1663 4799 Christi
1691 4742 2070 4816 suscipientes,
2182 4745 2343 4801 holus
2381 4743 2439 4798 in
2470 4741 2548 4798 eis
2578 4740 2670 4815 qui
2702 4748 2831 4797 sunt
2855 4756 2923 4796 ex
2952 4748 3104 4813 parte
3152 4739 3269 4811 ejus
3321 4758 3334 4797 :
3370 4741 3485 4814 ipse
3531 4749 3588 4798 et
3624 4742 3770 4800 enim

473 4850 504 4889 a
534 4833 761 4891 civitate
790 4832 1000 4890 diaboli
1048 4840 1309 4891 corruent
1341 4840 1395 4888 et
1429 4831 1815 4905 praecidentur.
1848 4833 1922 4887 Et
1944 4831 2070 4887 occi-
2182 4852 2278 4891 rex
2308 4848 2469 4906 super
2499 4846 2690 4886 omnes
2718 4830 2862 4886 ﬁlios
2890 4829 3157 4901 superbiae
3190 4831 3309 4903 (Job
3368 4848 3482 4900 xu,
3514 4831 3637 4905 25).
3676 4834 3771 4890 Re-

471 4942 534 4981 sa
588 4932 713 4981 sunt
767 4931 924 4981 terra;
961 4931 1104 4981 motu
1161 4924 1431 4980 hominum
1482 4930 1668 4996 septem
1718 4923 1889 4978 millia
1958 4941 1969 4979 :
2026 4930 2073 4979 et
2182 4942 2348 4999 gnum
2390 4923 2558 4997 igitur
2595 4920 2762 4993 hujus
2806 4920 2999 4977 mundi
3051 4921 3276 4977 Domini
3322 4929 3377 4978 et
3420 4921 3631 4980 Christi
3657 4923 3772 4996 ejus

474 5016 672 5086 reliqui
699 5015 756 5069 in
788 5016 1029 5070 timorem
1081 5021 1207 5069 sunt
1248 5015 1420 5084 missi,
1463 5020 1511 5068 et
1562 5015 1815 5069 dederunt
1842 5012 2072 5085 gloriam
2179 5024 2315 5072 tunc
2346 5015 2460 5081 ﬁet,
2489 5028 2613 5069 cum
2641 5011 2895 5067 diabolus
2932 5027 3058 5067 cum
3087 5011 3346 5067 omnibus
3376 5029 3515 5084 quos
3533 5012 3767 5088 decepit,

472 5106 592 5163 Deo
611 5103 748 5160 caeli.
780 5103 933 5160 Sicut
961 5119 1057 5175 per
1086 5102 1374 5159 denarium
1404 5119 1695 5159 numerum
1745 5104 1856 5172 lex,
1897 5103 1976 5158 ita
2019 5109 2072 5157 et
2181 5106 2237 5161 in
2271 5104 2549 5160 infernum
2571 5102 2849 5157 demersus
2876 5102 3077 5157 fuerit:
3102 5118 3225 5157 cum
3258 5101 3400 5158 illud
3430 5102 3765 5175 implebitur,

476 5211 573 5268 per
628 5194 998 5267 septenarium
1045 5209 1186 5264 saepe
1242 5193 1412 5265 gratia
1467 5192 1752 5265 Evangelii
1784 5192 2070 5264 accipitur.
2180 5194 2326 5269 quod
2359 5192 2583 5266 angelus
2628 5190 2695 5247 ad
2729 5191 3009 5247 Danielem
3042 5190 3306 5264 loquitur,
3329 5192 3561 5249 dicens:
3611 5219 3629 5242 ι
3673 5196 3766 5253 Re-

476 5287 619 5344 Ecce
647 5283 863 5343 decima
889 5300 1013 5357 pars
1035 5282 1296 5352 civitatis,
1330 5300 1490 5356 quam
1522 5300 1634 5340 non
1679 5300 1749 5339 ex
1775 5282 2070 5355 lapidibus,
2182 5300 2349 5358 gnum
2393 5292 2572 5339 autem
2606 5290 2663 5337 et
2692 5289 2950 5354 potestas,
2998 5298 3117 5355 quae
3148 5290 3229 5338 est
3256 5283 3448 5339 subter
3478 5300 3643 5340 omne
3670 5303 3766 5343 cu:-

478 5374 573 5434 sed
620 5392 690 5431 ex
737 5373 1061 5431 hominibus
1111 5381 1359 5429 constare
1388 5371 1696 5442 docuimus,
1734 5372 1977 5441 cecidit;
2022 5379 2076 5427 et
2183 5376 2321 5441 lum,
2346 5373 2595 5428 tradetur
2621 5373 2822 5443 populo
2852 5380 3188 5440 sanctorum,
3219 5372 3314 5445 qui
3346 5381 3427 5430 est
3442 5373 3766 5434 obtinebunt

484 5482 599 5523 non
627 5465 814 5523 decem
847 5466 1043 5536 millia,
1080 5465 1173 5523 sed
1203 5472 1411 5537 septem
1468 5465 1647 5521 millia
1691 5473 1909 5522 mortua
1960 5480 2076 5521 esse
2143 5508 2151 5516 .
2182 5462 2323 5519 illud
2354 5477 2526 5535 usque
2557 5462 2614 5517 in
2646 5461 2938 5531 saeculum,
2982 5468 3037 5518 et
3064 5460 3119 5516 in
3146 5463 3411 5521 saeculum
3442 5463 3764 5525 saeculorum

483 5555 862 5627 perhibentur.
893 5558 1165 5616 Denarius
1200 5557 1372 5631 igitur
1418 5572 1681 5615 numerus
1725 5557 1785 5614 in
1812 5565 2074 5631 septena-
2183 5552 2348 5626 (Dan.
2372 5570 2475 5621 vn,
2506 5552 2621 5625 27).
2654 5576 2673 5600 ι

551 5776 669 5850 (ii)
723 5774 926 5833 Omnes
992 5777 1154 5846 edit.,
1202 5777 1446 5852 superius
1497 5776 2013 5847 demonstravimus;
2071 5792 2199 5834 mss.
2231 5775 2381 5832 utin
2408 5788 2655 5847 corpore.
