3964 6368
138 406 271 465 957

1047 408 1506 467 BERENGAUDI
1546 407 1919 467 EXPOSITIO
1958 408 2030 466 IN
2067 406 2572 468 APOCALYPSIN.

3354 406 3463 465 958

232 532 423 605 (Vers.
460 533 573 606 16.)
604 536 679 592 Et
712 534 901 607 viginti
936 540 1169 606 quatuor
1195 535 1424 590 seniores
1451 535 1545 606 qui
1574 535 1627 589 in
1646 552 1764 591 con-
1792 537 1841 596 A
1871 534 1995 593 dius
2023 535 2092 591 ad
2120 551 2181 591 ea
2200 535 2559 608 exprimenda
2588 536 2891 609 perveniat,
2926 536 2994 592 ab
3020 536 3263 592 adventu
3301 536 3461 594 Chri-

137 626 343 691 spectu
369 621 470 677 Dei
497 622 671 677 sedent
709 624 767 677 in
810 624 1016 678 sedibus
1042 623 1170 694 suis,
1206 629 1350 686 548
1387 624 1679 680 ceciderunt
1708 625 1764 679 in

138 712 331 784 facies
358 733 503 784 suas,
549 724 598 772 et
629 718 991 775 adoraverunt
1035 721 1223 788 Deum,
1254 722 1494 778 dicentes.
1536 722 1637 778 Per
1666 721 1762 777 vi-

140 802 307 873 ginti
327 812 561 877 quatuor
580 810 819 864 seniores
853 808 909 865 in
924 808 1028 865 hoc
1058 810 1177 865 loco
1192 812 1403 867 animas
1423 818 1757 879 sanctorum,

140 907 287 965 quas
317 894 374 950 in
402 895 610 950 scelesti
642 895 981 953 beatitudine
1007 915 1131 955 cum
1153 899 1391 955 Domino
1414 915 1759 956 commoran-

139 986 273 1048 tur,
304 998 595 1053 possumus
625 983 932 1057 intelligere
959 1004 971 1042 :
1010 987 1164 1042 sedes
1194 1002 1325 1043 vero
1354 988 1598 1060 requiem
1622 1005 1760 1044 sem-

139 1067 434 1140 piternam
492 1071 800 1145 designant.
856 1074 1068 1145 Viginti
1112 1084 1347 1147 quatuor
1404 1077 1644 1133 seniores
1701 1076 1761 1133 in

147 1169 470 1231 conspectu
498 1160 601 1217 Dei
631 1161 822 1218 sedent
852 1162 908 1218 in
937 1162 1160 1218 sedibus
1189 1164 1303 1219 suis
1330 1182 1341 1220 :
1374 1164 1504 1237 quia
1534 1174 1762 1221 sancto-

141 1264 290 1304 rum
322 1250 520 1306 animze
563 1251 682 1308 sine
727 1252 1053 1324 corporibus
1093 1252 1151 1308 in
1180 1254 1387 1310 caelesti
1419 1254 1760 1312 beatitudine

142 1338 331 1395 modo
360 1356 484 1396 cum
516 1341 754 1398 Domino
783 1342 1154 1415 requiescunt.
1188 1344 1250 1399 In
1279 1344 1446 1401 facies
1472 1361 1596 1401 suas
1614 1346 1762 1403 ceci-

138 1425 365 1485 derunt
391 1436 446 1485 et
473 1429 871 1500 adoraverunt;
896 1433 1027 1506 quia
1045 1433 1222 1489 sancti
1254 1433 1349 1489 Dei
1370 1450 1495 1491 cum
1519 1434 1763 1491 viderint

137 1516 527 1589 justissimum
559 1521 660 1577 Dei
683 1521 959 1593 judicium
990 1526 1193 1597 peragi,
1229 1525 1761 1600 inenarrabilemque

140 1604 283 1678 ejus
310 1609 634 1680 potentiam,
664 1610 926 1683 dejicient
954 1630 1011 1669 se
1053 1630 1149 1685 per
1195 1614 1531 1672 humilitatis
1567 1615 1762 1688 subje-

140 1694 401 1752 ctionem
455 1696 513 1753 in
556 1708 853 1772 conspectu
886 1700 1160 1759 Creatoris
1188 1701 1297 1771 sui,
1341 1703 1577 1761 scientes
1617 1704 1759 1761 nihil

140 1800 279 1841 esse
306 1785 577 1860 quidquid
606 1796 708 1859 est,
758 1790 817 1846 in
854 1792 1265 1864 comparatione
1310 1793 1464 1850 illius
1491 1795 1584 1870 qui
1616 1797 1762 1852 Deus

140 1883 238 1933 est
247 1919 262 1933 .

227 1978 417 2049 (Vers.
454 1978 538 2046 17,
574 1978 688 2048 18.)
724 1977 942 2035 Gratias
972 1979 1175 2052 agimus
1219 1979 1330 2046 tibi,
1362 1980 1584 2037 Domine
1618 1981 1760 2038 Deus

141 2066 507 2138 omnipotens,
538 2066 633 2137 qui
671 2085 745 2133 es,
793 2074 841 2123 et
868 2068 961 2138 qui
997 2085 1119 2123 eras
1147 2075 1381 2138 sanctus,
1429 2076 1477 2125 et
1502 2070 1595 2141 qui
1621 2086 1759 2125 acce-

135 2154 288 2225 pisti
315 2155 562 2210 virtutem
603 2161 747 2211 tuam
782 2172 1047 2227 magnam,
1097 2163 1147 2212 et
1190 2158 1441 2229 regnasti.
1493 2160 1567 2214 Et
1608 2157 1760 2213 iratte

141 2249 285 2299 sunt
320 2251 509 2316 gentes,
540 2250 588 2301 et
611 2246 823 2301 advenit
858 2246 947 2302 ira
979 2252 1089 2315 tua,
1120 2253 1167 2302 et
1194 2253 1391 2319 tempus
1426 2254 1759 2303 mortuorum

132 2332 398 2402 judicari
418 2351 440 2399 ;
479 2340 529 2389 et
558 2336 774 2390 reddere
812 2336 1090 2390 mercedem
1119 2336 1284 2392 servis
1329 2337 1433 2392 tuis
1468 2338 1757 2410 prophetis,

145 2428 200 2478 et
230 2421 453 2491 sanctis,
483 2429 531 2477 et
559 2423 852 2479 timentibus
878 2440 1066 2479 nomen
1097 2431 1266 2493 tuum,
1302 2426 1519 2498 pusillis
1556 2434 1603 2483 et
1630 2445 1759 2485 ma-

144 2511 277 2582 gnis
299 2529 313 2579 ;
346 2517 393 2566 et
405 2514 794 2569 exterminandi
812 2531 896 2569 eos
914 2514 1006 2585 qui
1019 2523 1375 2587 corruperunt
1399 2523 1597 2572 terram
1618 2518 1754 2589 (12).

142 2602 256 2658 Est
288 2601 540 2660 Christus
585 2602 768 2670 modo,
810 2613 1099 2678 postquam
1129 2604 1410 2662 hominem
1441 2606 1753 2678 assumpsit,

149 2691 411 2764 ejusdem
458 2694 765 2751 sanctitatis
797 2711 905 2767 qua
950 2703 1004 2751 et
1041 2697 1219 2762 Pater,
1250 2695 1493 2767 ejusdem
1524 2696 1755 2753 eterni-

144 2781 292 2838 tatis
316 2780 591 2853 ;ejusdem
621 2784 880 2855 potentias
903 2802 915 2840 :
940 2792 1056 2839 erat
1084 2791 1138 2840 et
1156 2792 1446 2858 antequam
1471 2785 1753 2841 hominem

144 2878 479 2939 assumeret,
512 2871 739 2944 mqualis
767 2888 864 2944 per
892 2872 1080 2927 omnia
1106 2873 1273 2928 Patri.
1306 2874 1534 2945 Accepit
1569 2880 1754 2929 autem

149 2959 430 3016 virtutem
487 2976 642 3015 suam
688 2976 963 3033 magnam,
1018 2960 1239 3033 quando
1294 2977 1391 3033 per
1445 2962 1751 3034 passionem

145 3065 317 3106 suam
347 3044 629 3105 diabolum
661 3047 833 3105 vicit:
875 3049 1125 3121 regnavit
1152 3066 1301 3119 vero,
1334 3050 1555 3123 quando
1586 3067 1756 3123 genus

145 3139 467 3195 humanum
511 3139 617 3195 sibi
662 3138 931 3211 subjecit:
982 3141 1135 3197 iratae
1181 3148 1309 3197 sunt
1366 3150 1573 3213 gentes,
1627 3142 1754 3216 quia

1872 624 1941 681 sti
1977 624 2207 697 incipit,
2237 632 2398 698 atque
2432 626 2573 681 mala
2601 642 2720 699 quas
2748 626 2993 681 Ecclesia
3039 642 3070 681 a
3093 624 3314 681 diabolo
3342 640 3460 696 pas-

1870 729 1930 769 sa
1956 720 2057 782 est,
2088 730 2541 782 commemorans,
2581 714 2817 787 qualiter
2847 713 2989 769 idem
3021 712 3274 770 diabolus
3310 728 3459 769 eam-

1871 803 1995 859 dem
2026 804 2327 860 Ecclesiam
2357 820 2453 877 per
2488 804 2893 862 Antichristum
2940 810 3185 861 evertere
3229 809 3460 859 conetur

1870 894 2134 950 annectit.

1944 983 2124 1055 (Vers.
2160 983 2273 1056 19.)
2303 986 2378 1041 Et
2398 990 2639 1056 apertum
2661 991 2733 1039 est
2752 986 2998 1056 templum
3023 984 3123 1041 Dei
3150 984 3207 1039 in
3236 984 3382 1052 cado,
3414 989 3465 1039 et

1869 1073 1983 1129 visa
2030 1081 2105 1128 est
2144 1093 2273 1130 arca
2329 1075 2637 1132 Testamenti
2664 1075 2776 1143 ejus
2803 1075 2860 1129 in
2891 1076 3078 1145 templo
3104 1073 3233 1143 ejus.
3266 1074 3463 1129 Possu-

1871 1181 1993 1221 mus
2022 1182 2119 1237 per
2155 1168 2421 1239 templum
2454 1167 2552 1223 Dei
2594 1164 2804 1220 beatam
2834 1164 3059 1220 Mariam
3092 1162 3407 1236 intelligere
3443 1178 3456 1219 :

1871 1269 1967 1326 per
2013 1270 2193 1311 arcam
2238 1271 2368 1311 vero
2419 1254 2753 1311 Testamenti
2807 1254 3111 1322 Christum,
3161 1253 3254 1326 qui
3291 1270 3363 1309 ex
3395 1269 3461 1310 ea

1871 1359 2089 1400 carnem
2140 1345 2452 1418 assumpsit.
2500 1345 2786 1417 Templum
2834 1353 3014 1401 autem
3054 1344 3153 1400 Dei
3192 1359 3303 1399 non
3336 1342 3461 1399 ideo

1870 1440 2118 1505 apertum
2199 1433 2422 1503 dicitur,
2490 1434 2638 1507 quod
2718 1442 2908 1490 uterus
2981 1434 3153 1490 beatas
3226 1430 3461 1505 virginis

1870 1521 2055 1578 Maria:
2085 1521 2143 1577 in
2174 1522 2434 1595 pariendo
2486 1524 2783 1579 Dominum
2828 1530 3048 1595 apertus
3078 1522 3171 1591 sit,
3204 1538 3324 1596 quae
3353 1520 3463 1578 fuit

1870 1610 2029 1683 virgo
2074 1618 2202 1667 ante
2231 1619 2469 1684 partum,
2501 1613 2657 1684 virgo
2685 1612 2739 1666 in
2772 1619 2956 1684 partu,
2998 1611 3157 1685 virgo
3186 1619 3311 1685 post
3339 1627 3460 1683 par-

1870 1714 1989 1764 tum
2021 1725 2033 1764 :
2067 1708 2160 1764 sed
2190 1708 2314 1765 ideo
2352 1718 2599 1783 apertum
2631 1710 2854 1780 dicitur,
2887 1710 3016 1784 quia
3044 1727 3142 1783 per
3170 1711 3345 1784 ipsam
3376 1711 3461 1768 vi-

1870 1796 2051 1853 sibilis
2077 1797 2236 1854 nobis
2264 1798 2440 1856 factus
2476 1808 2556 1856 est
2584 1800 2857 1857 Dominus
2898 1808 3083 1856 noster
3126 1801 3281 1856 Jesus
3309 1799 3467 1858 Chri-

1789 1898 1836 1960 B
1870 1893 2005 1943 stus.
2042 1888 2337 1944 Possumus
2366 1888 2529 1945 etiam
2553 1905 2649 1962 per
2670 1889 2936 1962 templum
2967 1898 3125 1945 vetus
3156 1889 3463 1946 Testamen-

1867 1986 1986 2034 tum
2036 1977 2346 2050 intelligere
2389 1995 2401 2033 :
2462 1995 2557 2051 per
2601 1995 2782 2036 arcam
2830 1987 3171 2036 sacramenta
3220 1996 3341 2052 quae
3390 1978 3462 2036 de

1869 2067 2091 2125 Christo
2120 2067 2179 2123 in
2212 2067 2383 2123 veteri
2416 2068 2766 2125 Testamento
2795 2068 3173 2125 continentur.
3198 2068 3468 2125 Veniente

1867 2158 2069 2231 quippe
2102 2158 2326 2216 Christo
2356 2159 2412 2213 in
2444 2175 2606 2215 carne
2632 2203 2646 2227 ,
2695 2160 2944 2230 apertum
2977 2169 3059 2217 est
3088 2170 3247 2216 vetus
3271 2160 3469 2217 Testa-

1867 2255 2141 2313 mentum,
2195 2253 2359 2319 atque
2406 2245 2673 2319 spiritalis
2722 2246 3116 2318 intelligentia,
3168 2264 3290 2321 quae
3318 2248 3467 2305 ineo

1868 2333 2096 2402 latebat,
2125 2334 2391 2391 delibus
2420 2344 2500 2391 est
2532 2336 2799 2391 revelata:
2825 2338 2898 2392 Et
2914 2334 3057 2406 facta
3073 2344 3198 2391 sunt
3222 2336 3465 2409 fulgura,

1864 2430 1916 2479 et
1940 2441 2106 2490 voces,
2156 2431 2204 2479 et
2236 2431 2394 2480 terra:
2422 2431 2625 2495 motus,
2673 2433 2721 2481 et
2754 2426 2959 2497 grando
2989 2443 3200 2497 magna.
3233 2428 3336 2483 Per
3363 2426 3468 2483 ful-

1867 2528 2019 2586 gura,
2056 2514 2321 2571 miracula
2372 2530 2494 2589 quas
2540 2531 2636 2585 per
2664 2513 2944 2571 Christum
2980 2515 3122 2571 facta
3167 2522 3338 2571 sunt:
3372 2531 3467 2587 per

1866 2618 2028 2658 voces
2054 2616 2206 2671 vero,
2237 2602 2354 2674 ejus
2409 2602 2731 2675 praedicatio
2776 2603 3111 2675 designatur.
3143 2604 3321 2659 Terra;
3351 2620 3464 2661 mo-

1865 2698 1952 2747 tus
1980 2699 2162 2748 autem
2197 2692 2498 2747 motionem
2530 2692 2781 2748 cordium
2813 2693 3101 2764 designat;
3148 2693 3285 2749 moti
3331 2701 3461 2752 sunt

1861 2795 2097 2852 namque
2127 2780 2289 2835 multi
2336 2796 2431 2851 per
2463 2780 2911 2852 praedicationem
2944 2780 3152 2840 Christi
3187 2781 3256 2837 ad
3287 2780 3458 2855 paeni-

1863 2872 2093 2929 tentiam
2142 2872 2210 2928 de
2260 2873 2503 2945 peccatis
2552 2871 2666 2928 suis
2713 2872 3119 2945 peragendam:
3162 2872 3299 2929 moti
3330 2882 3460 2930 sunt

1864 2966 1931 3022 de
1959 2964 2288 3023 indelitate
2318 2965 2387 3022 ad
2420 2966 2773 3022 delitatem:
2802 2966 2934 3022 moti
2971 2975 3100 3022 sunt
3127 2966 3196 3023 de
3226 2968 3371 3024 malo
3390 2966 3458 3024 ad

1862 3055 2071 3113 bonum
2099 3054 2241 3129 (14).
2266 3056 2335 3111 Et
2360 3056 2490 3130 quia
2521 3054 2726 3129 grando
2757 3064 2958 3113 terram
2988 3058 3126 3113 solet
3155 3066 3456 3129 percutere,

1865 3162 2154 3218 possumus
2184 3164 2279 3220 per
2308 3148 2628 3221 grandinem
2648 3165 2767 3205 com
2778 3148 3106 3205 minationes
3127 3148 3269 3221 ignis
3289 3156 3461 3205 mter-

149 3228 324 3300 impii
355 3227 609 3284 homines
639 3226 941 3285 Ecclesiam
969 3229 1069 3285 Dei
1098 3230 1366 3302 persecuti
1395 3239 1546 3300 sunt,
1576 3241 1639 3289 ut
1658 3249 1756 3290 no-
1863 3235 1943 3303 ni,
1966 3253 2085 3309 quae
2110 3237 2167 3291 in
2195 3238 2513 3310 Evangeliis
2537 3255 2676 3309 saepe
2708 3238 3094 3308 inveniuntur,
3128 3238 3454 3310 intelligere:

148 3334 290 3375 men
320 3317 524 3376 Christi
556 3318 624 3375 de
659 3319 867 3375 mundo
896 3320 1344 3391 exstinguerent:
1378 3321 1635 3379 adveniet
1662 3340 1754 3381 au-

150 3414 271 3464 tem
302 3406 384 3463 ira
430 3407 551 3473 Dei,
598 3424 725 3464 cum
766 3407 884 3464 dies
903 3406 1105 3479 judicii
1142 3409 1462 3467 advenerit:
1498 3412 1757 3470 adveniet

153 3501 378 3568 tempus
404 3502 747 3551 mortuorum
775 3494 1038 3567 judicari,
1066 3496 1327 3554 videlicet
1350 3508 1412 3555 ut
1439 3501 1642 3556 mortui
1667 3503 1754 3573 ju-

150 3584 436 3642 dicentur.
469 3586 558 3642 Illi
578 3586 790 3643 scilicet
817 3586 1044 3655 mortui,
1075 3586 1170 3660 qui
1202 3588 1259 3643 in
1288 3587 1392 3647 hac
1419 3588 1534 3646 vita
1566 3591 1754 3663 positi,

150 3674 372 3731 animas
404 3691 530 3731 suas
572 3675 715 3731 male
762 3675 1003 3732 vivendo
1049 3675 1356 3734 intercere
1404 3694 1516 3734 non
1545 3679 1756 3737 timue-

149 3771 309 3820 runt.
348 3766 422 3820 Et
462 3765 682 3820 reddere
725 3766 1005 3821 mercedem
1047 3767 1213 3822 servis
1255 3768 1359 3823 tuis
1394 3771 1663 3840 prophetis
1708 3778 1759 3827 et

148 3854 373 3915 sanctis.
428 3860 475 3909 et
508 3855 805 3910 timentibus
842 3873 1027 3912 nomen
1075 3864 1241 3923 tuum,
1284 3860 1502 3929 pusillis
1547 3866 1597 3915 et
1644 3878 1753 3917 ma-

147 3942 291 4014 gnis.
343 3942 458 4000 Hoc
486 3950 622 4000 tunc
662 3944 1005 4017 implebitur,
1056 3946 1275 4019 quando
1323 3947 1381 4003 in
1430 3947 1519 4004 die
1553 3948 1752 4020 judicii

149 4030 409 4089 dicturus
439 4039 521 4089 est
549 4050 560 4088 :
649 4034 871 4101 Venite,
900 4034 1177 4091 benedicti
1207 4036 1383 4091 Patris
1413 4037 1540 4105 mei,
1582 4040 1752 4110 perci-

151 4120 273 4192 pite
307 4138 534 4194 regnum
582 4122 732 4194 quod
783 4123 941 4179 vobis
990 4131 1238 4196 paratum
1298 4132 1381 4181 est
1429 4125 1496 4181 ab
1541 4127 1753 4200 origine

150 4209 350 4265 mundi
384 4211 597 4281 (Matth.
635 4227 773 4279 xxv,
821 4212 935 4284 34).
1029 4212 1270 4269 Pusillos
1314 4213 1439 4271 illos
1467 4224 1627 4273 vocat
1656 4217 1752 4290 qui

150 4300 389 4355 minoris
418 4309 547 4356 sunt
577 4301 760 4356 meriti
785 4318 796 4355 :
830 4318 1074 4373 magnos,
1108 4304 1203 4375 qui
1232 4304 1491 4376 majorem
1520 4308 1747 4378 gratiam

149 4388 411 4444 obtinent
452 4387 597 4460 apud
625 4390 819 4444 Deum.
853 4391 926 4445 Et
969 4392 1358 4447 exterminandi
1395 4411 1479 4448 eos
1507 4397 1601 4466 qui
1623 4414 1753 4452 cor-

149 4484 420 4549 ruperunt
463 4486 679 4535 terram.
714 4480 1072 4552 Corruptores
1101 4490 1258 4539 terrai
1304 4483 1504 4556 impios
1548 4496 1745 4546 vocat:

149 4575 263 4674 hoc
289 4584 422 4633 tunc
451 4576 793 4648 implebitur,
816 4577 1035 4674 quando
1054 4580 1200 4637 dicet
1222 4599 1234 4638 :
1281 4584 1425 4674 cite,
1449 4582 1748 4674 maledicti,

151 4665 211 4721 in
244 4665 425 4739 ignem
473 4674 762 4735 aeternum,
796 4668 890 4741 qui
921 4677 1140 4741 paratus
1168 4678 1250 4727 est
1292 4670 1515 4727 diabolo
1545 4672 1663 4744 (13)
1697 4681 1751 4729 et

150 4755 361 4827 angelis
386 4754 504 4828 ejus
537 4756 699 4828 (Ibid.
731 4756 847 4828 41).
943 4758 1048 4814 Sed
1072 4759 1423 4832 quaerendum
1455 4760 1615 4817 nobis
1644 4767 1747 4829 est,

152 4859 319 4916 quam
348 4852 547 4900 terram
579 4853 942 4918 corruperunt
982 4846 1159 4919 impii.
1194 4847 1527 4921 Semetipsos
1555 4850 1749 4922 utique

152 4934 297 4990 male
326 4934 567 4991 vivendo
609 4944 994 5008 corruperunt,
1025 4937 1244 5010 quando
1274 4939 1330 4994 in
1363 4939 1602 4996 luxuriis
1630 4957 1747 4996 ca:-

151 5023 395 5096 terisque
432 5023 587 5080 vitiis
631 5041 861 5097 corpora
903 5042 1002 5081 sua
1048 5027 1416 5084 enutrierunt.
1464 5029 1747 5102 Corrupe

153 5119 285 5168 runt
328 5120 384 5169 et
431 5112 666 5169 aliorum
696 5121 917 5183 terram,
972 5130 1162 5171 eorum
1205 5116 1466 5175 videlicet
1516 5135 1654 5191 quos
1693 5128 1747 5177 et

152 5210 337 5268 verbis
364 5220 418 5269 et
445 5212 714 5286 exemplis
740 5213 809 5269 ad
849 5214 991 5269 mala
1036 5229 1200 5286 opera
1234 5216 1442 5288 agenda
1470 5226 1745 5288 pertraxe-

152 5308 303 5358 runt.
352 5302 512 5360 Nunc
553 5302 623 5359 ad
680 5319 743 5358 ea
780 5320 901 5377 quae
938 5305 1376 5376 praetermiserat,
1429 5305 1485 5362 id
1522 5314 1623 5375 est,
1676 5307 1744 5363 ad

154 5390 298 5447 mala
327 5390 654 5449 Antichristi
685 5392 955 5450 narranda
975 5394 1289 5451 revertitur.
1322 5396 1393 5452 Et
1421 5401 1482 5451 ut
1502 5411 1742 5453 commo-

227 5562 344 5645 (12)
376 5563 534 5621 Rom.
567 5564 710 5645 edit.
741 5574 1096 5645 resccaverat,
1141 5573 1190 5623 et
1217 5567 1433 5624 reddere
1462 5567 1746 5623 mercedem

240 5643 331 5705 qui
358 5643 713 5705 corruperunt
742 5643 959 5695 terram.

186 5707 246 5836 t6(
254 5705 342 5779 13)
373 5705 702 5766 Restituitur
729 5723 799 5766 ex
827 5726 983 5780 mss.,
1013 5711 1111 5784 qui
1131 5718 1362 5785 paratus
1402 5716 1478 5769 est
1502 5710 1738 5782 diabolo,

1865 3324 2066 3396 quibus
2089 3324 2254 3381 corda
2273 3342 2567 3398 pravorum
2593 3326 3000 3399 percutiuntur,
3042 3334 3105 3382 ut
3135 3327 3459 3400 resipiscant

1865 3411 1933 3467 ab
1962 3412 2352 3485 iniquitatibus
2377 3415 2511 3471 suis.

1938 3508 2167 3566 CAPUT
2197 3511 2322 3568 XII.
2479 3512 2662 3584 (Vers.
2720 3511 2798 3583 1.)
2846 3514 2918 3567 Et
2951 3511 3163 3583 signum
3200 3527 3454 3583 magnum

1862 3598 2118 3669 apparuit
2170 3598 2228 3653 in
2274 3601 2417 3668 ctelo,
2457 3602 2651 3655 mulier
2696 3600 2890 3655 amicta
2936 3600 3063 3667 sole,
3107 3606 3156 3655 et
3194 3600 3321 3654 luna
3359 3601 3454 3656 sub

1857 3687 2078 3758 pedibus
2103 3686 2236 3757 ejus,
2268 3695 2317 3744 et
2342 3689 2398 3743 in
2424 3690 2589 3761 capite
2635 3688 2749 3759 ejus
2787 3705 2982 3744 corona
3021 3689 3297 3744 stellarum
3326 3689 3452 3745 duo-

1863 3776 2046 3833 decim.
2082 3779 2209 3834 Hzec
2241 3778 2440 3834 mulier
2468 3778 2770 3835 Ecclesiam
2802 3778 3088 3851 designat;
3114 3793 3455 3851 consequens

1862 3865 2064 3937 quippe
2090 3875 2223 3934 erat,
2248 3874 2310 3922 ut
2330 3876 2451 3939 post
2472 3867 2917 3940 praedicationem
2950 3867 3177 3935 Christi,
3208 3865 3326 3938 ejus
3344 3867 3453 3923 for-

1862 3970 1952 4008 ma
1979 3954 2397 4025 describeretur,
2436 3973 2601 4030 quam
2635 3956 2954 4029 praedicatio
2996 3955 3201 4012 Christi
3242 3956 3451 4028 genuit.

1860 4043 2157 4102 Possumus
2186 4054 2366 4102 autem
2391 4063 2485 4119 per
2511 4048 2711 4103 coelum
2740 4047 2796 4102 in
2830 4045 2935 4102 hoc
2966 4045 3088 4102 loco
3118 4044 3269 4104 hunc
3298 4061 3455 4102 mun-

1861 4135 1994 4191 dum
2024 4136 2330 4209 intelligere
2365 4155 2376 4192 :
2403 4153 2498 4209 per
2526 4136 2743 4208 signum
2778 4152 3033 4207 magnum
3067 4136 3297 4191 salutem
3328 4152 3456 4192 ma-

1862 4241 2042 4298 gnam,
2076 4242 2237 4299 quam
2267 4227 2536 4281 adventus
2567 4234 2621 4281 et
2651 4225 2969 4297 praedicatio
3008 4224 3217 4282 Christi
3247 4226 3456 4284 mundo

1860 4314 2101 4370 contulit
2134 4332 2145 4369 :
2182 4331 2279 4387 per
2305 4315 2476 4371 solem
2508 4331 2639 4371 vero
2688 4315 2950 4373 Christus
3001 4314 3341 4386 designatur,
3368 4316 3454 4372 si-

1859 4410 1953 4459 cut
2001 4402 2140 4459 dicit
2172 4404 2441 4476 propheta
2472 4422 2484 4460 :
2583 4404 2756 4461 Vobis
2786 4412 2967 4459 autem
3000 4402 3325 4458 timentibus
3358 4420 3453 4460 no-

1860 4511 1983 4551 men
2012 4497 2232 4552 Domini
2267 4496 2495 4565 orietur,
2529 4497 2618 4553 Sol
2645 4495 2903 4567 justitiae,
2936 4503 2990 4550 et
3010 4494 3213 4549 sanitas
3246 4494 3303 4549 in
3325 4509 3455 4565 pen-

1858 4586 1945 4640 nis
1972 4585 2089 4657 ejus
2122 4586 2377 4659 (Malach.
2412 4604 2490 4651 1v,
2517 4586 2596 4657 2).
2683 4586 2882 4641 Mulier
2910 4584 3097 4656 itaque
3116 4582 3316 4639 amicta
3334 4590 3450 4639 erat

1859 4677 1993 4742 sole,
2025 4677 2154 4750 quia
2182 4677 2390 4744 deles,
2444 4693 2513 4733 ex
2562 4676 2763 4748 quibus
2818 4675 3070 4731 Ecclesia
3113 4681 3349 4741 constat,
3390 4675 3449 4731 in

1856 4764 2182 4837 baptismate
2212 4765 2491 4823 Christum
2517 4764 2779 4831 induunt,
2802 4764 2948 4819 sicut
2967 4763 3269 4834 Apostolus
3288 4763 3448 4821 dicit:

1920 4858 2123 4912 Omnes
2158 4857 2255 4929 qui
2302 4856 2360 4911 in
2392 4855 2612 4913 Christo
2657 4852 2915 4926 baptizati
2965 4854 3117 4920 estis,
3163 4852 3447 4911 Christum

1856 4943 2116 5001 induistis
2164 4945 2370 5013 (Galat.
2417 4960 2501 5011 In,
2550 4942 2665 5013 27).
2761 4942 2862 4998 Per
2892 4942 3077 4998 lunam
3097 4958 3251 5009 vero,
3281 4959 3446 5016 quam

1856 5034 1959 5091 sub
1984 5033 2215 5106 pedibus
2271 5031 2527 5087 habuisse
2556 5030 2674 5086 visa
2721 5038 2821 5097 est,
2878 5046 2998 5103 qua:
3028 5030 3226 5088 crescit
3251 5038 3305 5088 et
3341 5031 3450 5089 de-

1854 5122 2069 5189 crescit,
2102 5120 2369 5176 mundum
2402 5120 2567 5175 istum
2600 5135 2893 5191 possumus
2918 5118 3251 5191 intelligere,
3282 5136 3444 5193 quem

1854 5210 2100 5267 Ecclesia
2149 5208 2503 5282 despiciendo
2532 5211 2725 5278 calcat,
2759 5217 2822 5265 ut
2852 5210 3082 5267 liberius
3103 5210 3175 5267 ad
3202 5210 3446 5267 caelestia

1854 5299 2063 5357 tendat.
2105 5300 2231 5368 Sed,
2280 5299 2409 5373 quia
2456 5301 2591 5357 luna
2619 5306 2837 5356 noctem
2890 5299 3194 5367 illuminat,
3242 5298 3446 5357 melius

1854 5389 1995 5445 mihi
2024 5388 2263 5459 videtur,
2295 5397 2357 5445 ut
2387 5382 2482 5462 per
2526 5389 2713 5445 lunam
2745 5389 3085 5462 Scripturam
3107 5404 3317 5446 sacram
3348 5388 3449 5446 in-

1925 5560 2341 5635 (irls)_l_tagmss.;
2375 5560 2507 5619 edit.
2535 5578 2686 5635 vero,
2716 5559 2842 5616 moti
2862 5566 2994 5635 sunt
3006 5576 3110 5631 per
3136 5560 3443 5633 delitatem

1850 5630 1943 5717 ab
1971 5630 2376 5705 indelitate...
2437 5634 2510 5691 ad
2570 5633 2762 5691 bonum
2809 5647 2908 5704 per
2976 5630 3169 5691 bonam
3226 5649 3440 5691 conver-

1850 5722 2070 5764 Win.
