3964 6436
518 446 624 503 959

1522 445 1619 505 AD
1659 443 1892 502 OPERA
1930 444 1985 500 S.
2026 444 2356 503 AMBROSII
2394 445 2771 506 APPENDIX.

3730 450 3829 506 960

517 569 848 642 telligamus,
891 569 1009 626 sine
1039 569 1196 642 cujus
1220 569 1433 626 lumine
1463 567 1522 625 in
1551 576 1710 626 nocte
1737 567 1904 642 hujus
1925 567 2110 626 saculi
2137 573 2186 631 A
2221 577 2369 638 runt,
2420 588 2554 646 quos
2597 571 2878 643 Scriptura
2909 570 3054 626 ﬁlios
3093 570 3387 628 hominum
3436 580 3646 639 vocat;
3701 576 3825 647 quia

515 677 611 736 per
631 660 753 718 vias
780 659 1134 718 rectitudinis
1177 659 1431 720 incedere
1459 676 1569 717 non
1599 659 1864 718 valemus.
1892 662 1971 716 De
1998 659 2104 716 hoc

518 751 729 809 lumine
758 750 1050 808 Psalmista
1081 749 1219 806 dicit
1261 768 1272 806 :
1336 772 1354 797 ι
1387 750 1632 808 Lucerna
1681 749 1912 823 pedibus
1969 747 2104 805 meis

515 841 748 899 verbum
780 847 963 910 tuum,
997 847 1050 899 et
1077 841 1263 898 lumen
1304 839 1513 896 semitis
1538 840 1675 895 meis
1700 841 1872 911 (Psal.
1906 856 2101 910 cxvm,

515 931 663 1002 105).
695 955 714 978 ι
755 929 958 988 Mulier
990 930 1160 1002 igitur
1191 930 1374 986 lunam
1425 929 1528 986 sub
1567 928 1802 1003 pedibus
1849 929 1968 985 suis
1994 929 2104 985 ha-

511 1021 703 1080 buisse
731 1020 848 1079 visa
877 1028 994 1089 est;
1045 1020 1173 1095 quia
1222 1019 1467 1077 Ecclesia
1514 1036 1726 1092 gressus
1765 1020 1963 1076 mentis
1991 1038 2100 1077 sua

512 1110 571 1168 in
601 1110 888 1184 praceptis
908 1109 1222 1167 divinarum
1245 1109 1646 1183 Scripturarum
1677 1109 1869 1182 ﬁgens,
1897 1111 1963 1166 ad
1983 1127 2102 1167 coe-

512 1200 670 1258 lestia
699 1199 946 1274 quotidie
984 1199 1143 1257 novit
1185 1198 1423 1256 tendere.
1475 1199 1606 1268 Qua
1635 1198 1798 1256 etiam
1838 1199 1896 1255 in
1927 1200 2100 1272 capite

511 1305 615 1348 suo
643 1305 900 1348 coronam
923 1290 1209 1347 stellarum
1240 1288 1530 1347 duodecim
1562 1289 1817 1345 habuisse
1849 1290 1966 1345 visa
1995 1297 2097 1348 est.

511 1378 688 1452 Caput
720 1379 984 1437 Ecclesia
1016 1379 1270 1438 Christus
1292 1387 1394 1448 est,
1433 1378 1722 1436 duodecim
1771 1395 1899 1436 vero
1927 1381 2097 1436 stella

509 1468 804 1530 duodecim
834 1478 964 1527 sunt
990 1469 1246 1543 apostoli.
1277 1470 1573 1525 Possumus
1611 1468 1976 1525 nihilominus
2004 1485 2099 1543 per

509 1565 676 1633 caput
724 1564 940 1618 mentes
987 1557 1232 1616 ﬁdelium
1265 1557 1590 1631 intelligere.
1627 1558 1826 1615 Mulier
1872 1573 1999 1630 ergo
2038 1557 2096 1614 in

506 1647 688 1721 capite
735 1662 996 1707 coronam
1042 1647 1325 1705 stellarum
1373 1646 1663 1704 duodecim
1696 1646 1949 1708 habuisse
1978 1648 2096 1705 visa

501 1743 618 1803 est;
671 1735 802 1808 quia
853 1743 1065 1794 mentes
1113 1735 1360 1797 ﬁdelium
1402 1735 1654 1794 doctrina
1682 1743 1736 1792 et
1771 1746 1925 1794 actus
1953 1739 2094 1811 Apo-

497 1823 794 1894 stolorum,
827 1840 952 1883 cum
981 1841 1073 1882 eos
1102 1824 1312 1887 imitari
1342 1832 1614 1900 satagunt,
1642 1834 1929 1884 exornant.

2211 659 2290 715 eis
2319 660 2410 732 qui
2441 660 2543 716 ﬁlii
2576 660 2674 717 Dei
2695 659 3056 727 vocabantur,
3087 660 3144 716 in
3170 661 3426 734 laqueum
3452 661 3716 719 fuerunt.
3741 666 3826 722 Se-

2211 749 2451 806 cundum
2484 758 2646 824 caput
2672 750 2880 806 diaboli
2909 751 3133 806 fuerunt
3163 751 3222 818 ii,
3245 751 3338 823 qui
3370 760 3496 825 post
3533 752 3822 812 diluvium

2211 854 2382 911 usque
2427 839 2496 894 ad
2528 839 2699 911 legem
2732 837 2994 906 fuerunt;
3047 839 3364 896 inventores
3393 841 3613 898 scilicet
3646 842 3821 900 idolo-

2210 943 2355 996 rum,
2388 927 2840 1002 diversorumque
2870 946 3139 994 errorum,
3191 945 3286 1002 per
3314 946 3452 1004 quos
3491 948 3677 1004 genus
3711 932 3824 991 hu-

2211 1033 2434 1074 manum
2459 1018 2745 1092 deceptum
2773 1025 2872 1075 est.
2901 1018 3146 1074 Tertium
3169 1027 3330 1092 caput
3351 1019 3566 1077 diaboli
3587 1022 3823 1080 fuerunt

2209 1107 2270 1175 ii,
2304 1107 2397 1181 qui
2430 1118 2717 1182 postquam
2748 1109 2838 1165 lex
2880 1107 3007 1164 data
3036 1117 3116 1165 est
3158 1110 3360 1182 populo
3389 1109 3509 1179 Dei,
3548 1111 3712 1167 idola
3739 1129 3823 1170 co-

2209 1199 2321 1254 lere
2375 1198 2697 1257 suadebant.
2758 1200 3025 1268 Quartum
3083 1209 3246 1273 caput
3310 1201 3519 1259 diaboli
3585 1203 3822 1261 fuerunt

2208 1289 2331 1346 falsi
2361 1289 2659 1363 propheta,
2709 1307 2967 1364 regesque
3014 1291 3194 1364 impii,
3251 1308 3282 1346 a
3327 1292 3530 1364 quibus
3571 1294 3822 1366 populus

2207 1384 2305 1439 Dei
2337 1383 2394 1440 in
2425 1391 2639 1440 tantum
2669 1383 2928 1455 deceptus
2972 1391 3075 1451 est,
3116 1391 3177 1438 ut
3207 1400 3306 1456 pro
3333 1383 3448 1440 suis
3487 1384 3820 1458 iniquitati-

2206 1471 2310 1528 bus
2342 1473 2398 1528 in
2430 1473 2804 1546 captivitatem
2837 1471 3146 1529 duceretur.
3179 1472 3443 1540 Quintum
3493 1482 3670 1547 caput
3701 1475 3818 1532 fue-

2206 1569 2335 1618 runt
2364 1561 2522 1635 impii
2552 1561 2748 1631 Judai,
2799 1561 2894 1635 qui
2940 1569 2994 1618 et
3041 1560 3341 1623 Dominum
3373 1563 3728 1632 occiderunt,
3763 1573 3818 1621 et

2204 1653 2478 1726 apostolos
2522 1649 2641 1724 ejus
2687 1653 2956 1725 persecuti
3005 1661 3154 1710 sunt.
3200 1653 3427 1709 Sextum
3475 1663 3646 1727 caput
3698 1654 3817 1711 fue-

2202 1751 2334 1800 runt
2377 1751 2747 1817 persecutores
2793 1744 3072 1801 Ecclesia.
3118 1744 3424 1816 Septimum
3473 1760 3609 1801 vero
3640 1753 3816 1820 caput

2200 1833 2408 1891 diaboli
2437 1833 2543 1890 erit
2569 1832 2962 1890 Antichristus.
2988 1833 3133 1902 Quid
3163 1832 3473 1907 significent
3500 1841 3693 1892 autem
3721 1835 3814 1891 de-

575 1930 755 2003 (Vers,
805 1931 887 2004 2,)
944 1932 1020 1992 Et
1060 1933 1118 1988 in
1165 1938 1315 1990 utero
1375 1932 1586 2002 habens,
1641 1939 1690 1991 ει
1738 1933 1999 1991 clamabat
2034 1935 2092 1991 in
2119 1934 2164 1995 Β
2204 1940 2323 1981 cem
2348 1940 2575 1993 cornua,
2610 1923 2669 1980 in
2699 1920 3055 1998 sequentibus
3081 1923 3346 1992 dicemus,
3380 1924 3437 1980 in
3459 1940 3523 1981 eo
3549 1926 3682 1984 loco
3713 1925 3813 1982 ubi

498 2019 772 2078 doloribus
800 2064 817 2092 ,
867 2027 916 2078 et
959 2022 1309 2082 cruciabatur
1337 2065 1354 2092 ,
1411 2029 1470 2079 ut
1518 2029 1750 2096 pareret.
1804 2024 2090 2094 Quomodo

497 2109 683 2168 infans
729 2110 788 2168 in
835 2118 992 2169 utero
1023 2111 1368 2184 coagulatur,
1416 2111 1825 2189 humanamque
1853 2113 2087 2173 formam

494 2199 698 2274 accipit
749 2208 914 2276 atque
962 2201 1395 2275 spiramentum;
1451 2200 1711 2258 similiter
1748 2211 1801 2260 et
1843 2204 2089 2261 Ecclesia

495 2288 749 2348 infideles
777 2307 1047 2366 quosque,
1097 2308 1234 2366 quos
1283 2291 1341 2350 in
1393 2300 1550 2349 utero
1594 2299 1800 2365 gestat,
1833 2292 1965 2352 dum
1996 2311 2088 2353 eos

495 2380 850 2455 pradicando
899 2381 1093 2438 tandiu
1143 2382 1355 2452 nutrit,
1388 2399 1561 2457 usque
1609 2382 1739 2440 dum
1787 2381 2080 2442 humanam

494 2471 732 2530 formam
762 2472 1054 2547 accipiant,
1103 2472 1159 2530 id
1203 2481 1312 2543 est,
1345 2490 1517 2548 usque
1547 2474 1679 2532 dum
1710 2473 1768 2530 in
1801 2473 2081 2532 Christum

496 2564 744 2633 credant,
792 2571 954 2639 atque
1000 2563 1241 2621 animam
1284 2565 1588 2638 spiritalem
1635 2565 1928 2638 accipiant,
1961 2585 2080 2640 qua

489 2652 548 2710 in
578 2653 853 2728 baptismo
898 2653 1081 2724 datur,
1131 2671 1255 2711 cum
1305 2654 1621 2712 efﬁciuntur
1650 2661 1795 2718 547
1822 2656 1921 2714 Dei
1952 2656 2076 2714 ﬁlii.

491 2731 646 2791 Unde
677 2740 728 2792 et
778 2734 1013 2795 clamare
1056 2733 1116 2790 in
1161 2732 1445 2791 doloribus
1493 2734 1719 2805 dicitur,
1761 2744 1814 2792 et
1842 2736 2077 2794 cruciari

492 2829 556 2880 ut
611 2823 822 2896 pariat;
877 2825 1074 2884 clamat
1125 2839 1360 2898 namque
1412 2824 1659 2884 Ecclesia
1706 2826 2072 2901 pradicando,

485 2913 685 2970 clamat
726 2913 890 2974 etiam
934 2930 1032 2986 pro
1083 2913 1398 2972 auditorum
1442 2931 1666 2973 suorum
1697 2915 1869 2973 salute
1900 2917 2074 2975 Deum

489 2999 854 3074 deprecando.
906 3001 1198 3061 Cruciatur
1224 3019 1353 3061 vero
1401 3011 1462 3062 ut
1503 3003 1698 3077 pariat,
1751 3021 1878 3062 cum
1927 3004 2076 3078 luget

485 3107 598 3160 eos,
632 3107 769 3165 quos
796 3091 854 3147 in
884 3091 1122 3168 peccatis
1145 3091 1324 3166 jacere
1367 3094 1656 3168 conspicit,
1693 3093 1836 3151 sicut
1872 3093 2074 3153 Paulus

481 3185 761 3258 apostolus
789 3183 1206 3244 inﬁrmantibus
1235 3186 1522 3262 discipulis
1553 3187 1818 3262 loquitur,
1843 3187 2030 3246 dicens
2056 3206 2068 3244 :

2203 2015 2405 2072 mulier
2449 2015 2712 2071 meretrix
2759 2031 2924 2088 super
2957 2013 3186 2070 bestiam
3233 2014 3544 2073 coccineam
3595 2015 3812 2072 sedisse

2200 2104 2319 2162 visa
2362 2113 2444 2163 est
2478 2105 2664 2178 (Apoc.
2697 2121 2835 2174 xvn,
2884 2104 2961 2176 3).
3003 2105 3104 2160 Per
3131 2103 3357 2161 caudam
3401 2121 3552 2173 vero,
3587 2122 3722 2178 qua
3748 2105 3811 2160 ﬁ-

2199 2194 2287 2253 nis
2335 2203 2416 2252 est
2462 2195 2725 2268 corporis,
2776 2193 3155 2251 Antichristus
3184 2193 3519 2265 designatur.
3553 2194 3811 2250 Tertiam

2198 2285 2366 2358 igitur
2393 2292 2598 2357 partem
2627 2285 2909 2341 stellarum
2940 2284 3068 2342 coeli
3089 2283 3262 2341 cauda
3281 2283 3536 2342 draconis
3556 2285 3811 2342 traxisse

2195 2375 2312 2430 visa
2341 2383 2461 2441 est;
2509 2374 2639 2446 quia
2679 2372 3058 2430 Antichristus
3103 2375 3308 2430 multos
3353 2390 3422 2430 ex
3456 2372 3548 2441 iis,
3600 2373 3708 2447 qui
3742 2375 3810 2430 ab

2193 2463 2509 2520 hominibus
2537 2462 2694 2519 electi
2716 2461 3070 2534 putabantur,
3103 2470 3156 2518 et
3182 2464 3276 2534 qui
3310 2463 3368 2518 in
3397 2462 3655 2520 Ecclesia
3693 2463 3809 2521 vel-

2191 2562 2251 2610 ut
2291 2553 2460 2610 stella
2503 2553 2561 2608 in
2614 2553 2774 2620 calo,
2805 2551 3036 2607 scientia
3071 2558 3126 2608 et
3155 2551 3441 2609 intellectu
3489 2552 3807 2625 refulgent,

2190 2642 2424 2716 decipiet
2453 2649 2614 2716 atque
2663 2641 2720 2698 in
2768 2640 3095 2714 perditionis
3134 2639 3348 2696 foveam
3379 2640 3704 2712 demerget.
3740 2645 3810 2700 Et

2189 2733 2349 2788 draco
2378 2732 2516 2788 stetit
2561 2737 2680 2787 ante
2724 2730 3017 2798 mulierem,
3067 2745 3182 2800 qua:
3221 2729 3478 2801 paritura
3522 2736 3656 2785 erat
3676 2749 3704 2796 ;
3753 2739 3807 2786 ut

2189 2842 2302 2881 cum
2327 2825 2634 2898 peperisset,
2679 2823 2850 2896 ﬁlium
2878 2821 2991 2892 eius
3019 2822 3314 2877 devoraret.
3358 2821 3674 2878 Possumus
3709 2839 3809 2896 per

2187 2917 2475 2973 mulierem
2505 2914 2563 2971 in
2593 2913 2700 2972 hoc
2732 2915 2851 2970 loco
2880 2921 2933 2970 et
2961 2912 3176 2969 beatam
3197 2912 3424 2968 Mariam
3451 2912 3802 2987 intelligere,

2187 3023 2250 3063 eo
2297 3006 2444 3080 quod
2483 3005 2602 3078 ipsa
2647 3010 2823 3059 mater
2869 3002 2942 3058 sit
2971 3001 3270 3068 Ecclesia;
3305 3001 3435 3076 quia
3462 3018 3588 3057 eum
3626 3019 3802 3076 pepe-

2185 3099 2277 3168 rit,
2313 3099 2409 3172 qui
2455 3105 2619 3170 caput
2660 3105 2741 3154 est
2788 3095 3088 3153 Ecclesia:
3139 3103 3192 3150 et
3226 3094 3341 3150 ﬁlia
3378 3095 3448 3151 sit
3493 3094 3798 3164 Ecclesia,

2183 3187 2311 3262 quia
2340 3187 2644 3244 maximum
2690 3185 3001 3242 membrum
3054 3193 3137 3242 est
3170 3183 3447 3242 Ecclesia.
3479 3186 3661 3241 Draco
3691 3184 3797 3258 igi-

492 3298 511 3322 ι
546 3273 736 3334 Filioli
767 3273 900 3344 mei,
931 3291 1069 3348 quos
1098 3275 1299 3335 iterum
1322 3278 1587 3351 parturio,
1612 3277 1786 3334 donec
1806 3277 2073 3334 formetur
2106 3301 2149 3362 ο
2182 3285 2271 3334 tur
2298 3276 2450 3333 stetit
2492 3283 2616 3332 ante
2647 3275 2956 3342 mulierem,
2987 3281 3049 3330 ut
3094 3290 3219 3329 cum
3249 3273 3566 3346 peperisset,
3599 3273 3793 3330 ﬁlium

478 3362 732 3422 Christus
777 3365 837 3422 in
867 3363 1025 3424 vobis
1075 3367 1280 3436 (Galat.
1331 3386 1408 3436 tv,
1445 3369 1556 3442 19).
1588 3393 1606 3417 ι
1650 3369 1721 3426 Et
1749 3369 1810 3425 in
1837 3366 2070 3425 Actibus

475 3458 846 3530 apostolorum
878 3458 1136 3533 Ephesiis
1174 3461 1441 3534 loquitur,
1486 3460 1674 3519 dicens
1708 3478 1720 3518 :
1763 3485 1781 3510 ι
1824 3461 1927 3519 Per
1959 3461 2069 3518 tri—

474 3549 701 3608 ennium
725 3549 974 3623 quotidie
1000 3566 1112 3609 non
1135 3552 1362 3621 cessavi,
1399 3569 1525 3609 cum
1558 3553 1817 3626 lacrymis
1841 3569 2068 3610 monens

474 3652 926 3712 unumquemque
955 3647 1196 3698 vestrum
1231 3640 1374 3713 (Act.
1412 3658 1508 3710 xx,
1544 3641 1659 3714 31).
1693 3666 1710 3689 ι
1746 3642 1818 3698 Ει
1837 3643 2066 3700 Psalmi-

473 3732 557 3783 sta
603 3726 670 3783 de
721 3727 1172 3799 praedicatoribus
1223 3732 1486 3805 loquitur,
1520 3730 1745 3790 dicens:
1808 3755 1826 3780 ι
1859 3733 2065 3791 Euntes

473 3813 626 3873 ibant
643 3823 696 3873 et
715 3816 942 3888 flebant,
955 3819 1236 3878 mittentes
1261 3821 1471 3883 semina
1485 3821 2048 3894 sua(Psal.cxxv,6).-

543 3917 725 3990 (Vere.
760 3917 814 3986 3,
848 3917 930 3991 4.)
977 3921 1053 3978 Ει
1079 3921 1251 3980 visum
1281 3927 1355 3977 est
1382 3921 1536 3977 aliud
1565 3921 1771 3992 signum
1801 3923 1860 3976 in
1886 3923 2009 3977 caelo
2042 3939 2060 3977 :

469 4011 516 4061 et
544 4023 650 4062 ecce
685 4007 848 4064 draco
877 4025 1098 4082 magnus
1141 4010 1320 4080 rufus,
1359 4011 1552 4067 habens
1589 4011 1764 4083 capita
1793 4018 1981 4082 septem
2012 4017 2062 4067 et

465 4111 669 4152 cornua
705 4097 892 4166 decem,
926 4105 974 4154 et
1001 4099 1058 4154 in
1098 4100 1355 4171 capitibus
1385 4101 1495 4156 suis
1525 4107 1713 4172 septem
1738 4100 2055 4158 diademata:

466 4190 516 4244 et
541 4185 714 4240 cauda
741 4185 854 4255 ejus
884 4187 1122 4243 trahebat
1152 4189 1359 4244 tertiam
1375 4196 1586 4260 partem
1613 4192 1890 4246 stellarum
1919 4191 2055 4260 cali,

466 4283 514 4336 et
541 4277 687 4334 misit
715 4294 802 4334 eas
827 4278 885 4333 in
918 4283 1134 4335 terram.
1168 4280 1344 4336 Draco
1373 4280 1476 4339 iste
1503 4282 1786 4340 diabolum
1837 4283 2060 4357 signiﬁ-

465 4371 552 4424 cat
585 4382 597 4420 :
632 4364 788 4423 rufus
839 4373 1022 4424 autem
1070 4367 1222 4423 color
1251 4367 1377 4425 talis
1409 4377 1510 4438 est,
1555 4387 1617 4428 ac
1655 4373 1700 4428 si
1750 4390 1940 4430 croceo
1972 4391 2058 4432 co-

463 4453 568 4513 lori
589 4455 952 4527 sanguineum
983 4455 1304 4516 admisceas.
1341 4457 1648 4518 Concordat
1666 4478 1793 4518 vero
1820 4465 2059 4536 pallidus

461 4544 633 4615 color,
666 4545 723 4603 id
754 4553 858 4614 est,
890 4562 1115 4604 croceus
1142 4563 1268 4603 cum
1295 4549 1628 4621 sanguineo;
1671 4552 1800 4625 quia
1839 4555 2058 4628 sanguis

461 4634 595 4694 dum
627 4635 950 4706 effunditur,
983 4645 1216 4694 mortem
1247 4638 1470 4696 adducit
1504 4659 1516 4696 :
1553 4642 1727 4714 pallor
1752 4653 1932 4700 autem
1961 4653 2056 4701 to-

461 4732 578 4782 tum
628 4742 828 4800 corpus
883 4727 1173 4785 morientis
1223 4729 1486 4802 cooperit.
1544 4732 1708 4790 Recte
1755 4749 1881 4805 ergo
1929 4734 2056 4790 dia-

458 4811 617 4871 bolus
667 4813 868 4874 habere
911 4816 1122 4875 dicitur
1165 4820 1406 4876 colorem
1455 4821 1687 4890 mortis;
1743 4823 1873 4896 quia
1902 4824 2054 4881 illius

459 4901 674 4961 invidia
703 4922 850 4964 mors
878 4905 1136 4966 introivit
1159 4908 1217 4965 in
1263 4909 1448 4966 orbem
1488 4918 1758 4968 terrarum
1801 4912 1953 4986 (Sap.
1987 4932 2050 4984 ιι,

456 4993 550 5067 24)
586 5011 597 5052 :
644 5011 738 5067 per
765 5005 969 5069 septem
1009 5015 1140 5054 vero
1173 5000 1352 5073 capita
1391 5003 1632 5074 reprobi,
1684 5004 1886 5076 quibus
1923 5004 2052 5061 dia-

455 5083 616 5143 bolus
669 5085 737 5142 ad
786 5085 1171 5161 decipiendum
1223 5108 1395 5164 genus
1438 5093 1742 5152 humanum
1787 5113 1918 5152 usus
1946 5107 2044 5166 est,

455 5173 832 5247 designantur.
864 5176 1184 5234 Diademata
1209 5181 1413 5254 regiam
1443 5183 1560 5255 ejus
1588 5193 1910 5256 potestatem
1941 5185 2048 5241 de—

453 5267 710 5340 signant;
762 5270 877 5342 ipse
914 5278 996 5326 est
1041 5271 1188 5327 enim
1239 5289 1358 5344 rex,
1407 5276 1551 5334 sicut
1592 5277 1728 5334 dicit
1765 5279 2048 5352 Scriptura

457 5357 578 5429 (Job
607 5377 721 5430 xu,
771 5360 889 5430 25),
937 5376 1101 5434 super
1145 5378 1336 5420 omnes
1380 5364 1526 5422 ﬁlios
1571 5369 1860 5441 superbia.
1907 5373 2045 5429 Nam

453 5447 597 5504 sicut
625 5466 721 5522 per
737 5458 943 5524 septem
973 5467 1180 5508 cornua
1200 5453 1347 5525 Agni
1374 5470 1564 5512 omnes
1593 5460 1752 5516 electi
1775 5460 2044 5533 designati

454 5545 605 5603 sunt,
641 5555 779 5613 quos
824 5541 883 5598 in
912 5549 1117 5614 septem
1149 5550 1357 5614 partem
1395 5543 1689 5605 divisimus
1720 5567 1734 5616 ;
1768 5549 1844 5606 ita
1869 5559 1923 5608 et
1951 5568 2046 5624 per

455 5633 662 5699 septem
711 5629 890 5704 capita
917 5631 1173 5690 draconis
1200 5633 1442 5709 reprobi,
1490 5636 1584 5709 qui
1633 5638 1712 5695 eis
1740 5639 1798 5696 in
1827 5640 1918 5697 via
1944 5643 2045 5700 Dei

455 5715 728 5807 adversati
748 5727 896 5807 sunt,
931 5719 1311 5795 designantur.
1340 5724 1587 5784 Primum
1616 5743 1853 5804 namque
1881 5740 2046 5807 caput

451 5803 708 5862 draconis
756 5805 980 5864 fuerunt
1023 5811 1262 5884 reprobi,
1302 5813 1398 5889 qui
1445 5825 1571 5874 ante
1611 5803 1883 5876 diluvium
1915 5803 2047 5880 fue-

2179 3367 2297 3440 ejus
2326 3367 2646 3424 devoraret:
2697 3365 2826 3439 quia
2862 3364 2919 3420 in
2961 3363 3190 3420 exordio
3221 3363 3527 3421 nativitatis
3565 3362 3789 3421 Christi

2178 3474 2302 3514 eum
2332 3472 2428 3530 per
2459 3454 2726 3512 Herodem
2758 3453 3075 3510 ministrum
3119 3469 3278 3510 suum
3327 3452 3643 3510 interﬁcere
3687 3468 3789 3508 vo-

2178 3548 2282 3603 luit
2315 3547 2526 3618 (Matth.
2562 3562 2624 3615 n,
2677 3543 2788 3615 16).
2824 3543 2942 3600 Stat
2981 3544 3145 3599 etiam
3195 3550 3321 3599 ante
3367 3542 3691 3611 mulierem,
3727 3541 3790 3599 id

2176 3644 2256 3693 est
2284 3635 2608 3703 Ecclesiam,
2643 3640 2705 3689 ut
2734 3649 2826 3688 eos
2855 3649 2990 3705 quos
3037 3650 3133 3706 per
3159 3631 3496 3705 baptismum
3544 3632 3665 3688 Deo
3696 3647 3786 3705 ge-

2173 3734 2349 3795 nerat,
2382 3725 2524 3782 male
2555 3719 2835 3781 suadendo
2866 3722 3076 3801 perdat.

2244 3845 2427 3917 (Vers.
2459 3843 2540 3916 5.)
2563 3846 2640 3901 Et
2660 3842 2865 3915 peperit
2882 3842 3054 3915 filium
3081 3840 3392 3896 masculum.
3416 3840 3480 3896 In
3501 3848 3784 3912 quantum

2172 3933 2278 3992 hoc
2314 3935 2382 3990 ad
2430 3935 2731 3994 Dominum
2780 3943 3030 3990 nostrum
3078 3933 3260 3988 Jesum
3291 3930 3577 3989 Christum
3612 3933 3782 4004 perti-

2172 4033 2286 4094 net,
2327 4025 2459 4098 quid
2507 4039 2725 4082 necesse
2753 4024 2862 4080 fuit
2889 4022 3070 4081 dicere
3101 4022 3277 4079 ﬁlium
3309 4022 3624 4078 masculum
3659 4039 3780 4078 mu-

2170 4115 2358 4171 lierem
2407 4114 2698 4187 peperisse,
2749 4129 2876 4170 cum
2929 4129 3119 4170 omnes
3162 4112 3400 4171 sciamus
3456 4112 3779 4168 masculum

2170 4220 2283 4260 esse
2312 4203 2611 4260 Dominum
2643 4210 2893 4258 nostrum
2924 4202 3104 4258 Jesum
3138 4200 3470 4261 Christum?
3507 4201 3571 4258 In
3599 4217 3779 4274 quan-

2169 4303 2286 4351 tum
2334 4310 2464 4349 vero
2502 4293 2571 4349 ad
2613 4292 2938 4362 Ecclesiam,
2995 4310 3093 4350 cur
3129 4291 3266 4350 dicit
3297 4292 3610 4348 masculum
3653 4309 3776 4348 eam

2168 4382 2461 4457 peperisse,
2503 4399 2628 4440 cum
2661 4398 2729 4439 ex
2759 4391 2992 4456 utroque
3018 4398 3154 4438 sexu
3201 4381 3345 4439 ﬁlios
3374 4389 3427 4438 et
3456 4379 3606 4437 ﬁlias
3639 4398 3776 4456 quo-

2167 4473 2302 4531 tidie
2329 4476 2442 4530 Deo
2481 4474 2742 4546 generet?
2792 4474 3082 4531 Femineus
3115 4473 3316 4546 quippe
3353 4488 3520 4528 sexus
3551 4471 3775 4545 fragilis

2166 4572 2276 4621 est:
2311 4564 2517 4621 femina
2548 4565 2716 4638 igitur
2747 4582 2867 4639 qua
2903 4563 3230 4620 fortitudine
3274 4562 3448 4619 animi
3481 4571 3775 4636 assumpta

2084 4664 2132 4723 D
2165 4653 2447 4712 diabolum
2480 4657 2675 4723 vincit,
2707 4664 2870 4728 atque
2900 4671 2994 4727 per
3021 4655 3167 4712 bona
3210 4669 3373 4726 opera
3403 4655 3516 4709 Deo
3547 4654 3771 4726 placere

2165 4743 2366 4812 studet,
2416 4760 2529 4800 non
2566 4744 2868 4817 incongrue
2897 4743 2987 4798 vir
3032 4751 3292 4811 vocatur;
3340 4741 3470 4816 quia
3501 4744 3770 4816 quamvis

2161 4850 2388 4908 corpore
2416 4834 2489 4890 sit
2519 4833 2743 4903 femina,
2776 4834 2981 4890 virtute
3010 4841 3192 4890 tamen
3223 4832 3396 4889 animi
3429 4833 3569 4888 viris
3601 4833 3767 4889 bonis

2159 4933 2491 5000 coaquatur.
2531 4924 2728 4984 Mulier
2760 4924 2942 4998 itaque
2991 4925 3293 4982 masculum
3342 4923 3594 4996 peperit:
3633 4923 3766 4997 quia

2161 5015 2278 5087 ejus
2313 5013 2559 5070 membra
2587 5030 2750 5088 quem
2792 5012 2949 5069 beata
2976 5014 3147 5071 Maria
3175 5013 3330 5086 virgo
3363 5012 3595 5085 peperit,
3627 5030 3764 5087 quo.

2158 5104 2293 5160 tidie
2323 5103 2570 5159 Ecclesia
2600 5104 2759 5174 parit.
2793 5104 2944 5159 Unus
2972 5120 3099 5176 ergo
3131 5104 3406 5160 masculus
3437 5110 3539 5170 est,
3590 5119 3760 5176 quem

2157 5194 2312 5266 virgo
2342 5194 2513 5251 Maria
2540 5193 2769 5266 peperit,
2797 5202 2850 5249 et
2879 5195 3122 5251 Ecclesia
3151 5193 3398 5268 quotidie
3429 5193 3596 5265 parit;
3629 5195 3763 5267 quia

2155 5283 2410 5342 Christus
2439 5300 2566 5339 cum
2599 5283 2858 5340 omnibus
2888 5285 3148 5341 membris
3178 5285 3293 5341 suis
3321 5300 3466 5339 unus
3497 5282 3760 5341 Christus

2154 5382 2254 5430 est.
2294 5374 2396 5442 Qui
2424 5380 2664 5428 recturus
2711 5374 2811 5429 erit
2851 5391 3023 5430 omnes
3065 5381 3232 5446 gentes
3278 5375 3335 5428 in
3367 5374 3522 5445 virga
3548 5372 3754 5444 ferrea.

2154 5466 2268 5521 Hoc
2281 5465 2531 5538 superius
2547 5467 2685 5536 (cap.
2712 5482 2751 5520 ιι
2774 5482 2906 5520 vers.
2928 5467 3016 5536 17)
3031 5465 3240 5522 dictum
3261 5471 3359 5521 est.
3379 5467 3454 5522 Et
3471 5471 3669 5536 raptus
3685 5470 3758 5519 est

2153 5555 2298 5626 ﬁlius
2336 5555 2448 5626 ejus
2491 5554 2561 5610 ad
2605 5556 2794 5623 Deum,
2827 5561 2876 5612 et
2916 5557 2988 5612 ad
3017 5557 3263 5612 thronum
3290 5555 3424 5628 ejus.
3467 5556 3588 5614 Hoc
3621 5564 3758 5614 tunc

2155 5645 2445 5719 impletum
2489 5652 2592 5713 est,
2643 5645 2861 5719 quando
2891 5645 3304 5720 quadragesima
3329 5645 3421 5703 die
3452 5655 3752 5722 postquam

2155 5735 2476 5803 resurrexit,
2508 5734 2757 5793 ascendit
2785 5735 2844 5792 in
2872 5738 3093 5794 coelum.
3140 5737 3452 5810 Rapiuntur
3493 5737 3752 5812 quotidie

2153 5822 2569 5894 filii.Ecclesia,
2621 5825 2678 5882 id
2706 5833 2806 5895 est,
2849 5826 3095 5884 membra
3131 5825 3338 5886 Christi
3383 5826 3450 5884 ad
3483 5829 3666 5886 Deum
3698 5836 3754 5886 et
