3964 6426
180 406 329 466 961

1122 409 1575 471 BERENGAUDI
1611 411 1987 471 EXPOSITIO
2025 406 2098 469 IN
2135 407 2640 474 APOCALYPSIN.

3433 411 3538 480 962

181 533 277 591 ad
319 535 594 594 thronum
625 537 762 612 ejus,
795 554 919 598 cum
949 548 1071 613 post
1099 549 1335 598 mortem
1355 541 1423 598 ad
1452 542 1693 600 coelestia
1713 558 1829 615 per-
1859 544 1910 604 Α
1939 540 2031 612 qui
2080 541 2277 600 seducit
2322 544 2624 600 universum
2674 545 2850 602 orbem
2881 563 2898 602 :
2947 552 2994 602 et
3031 545 3300 619 projectus
3351 553 3427 604 est
3477 549 3532 604 in
3584 547 3596 560 ‘

181 623 532 684 ducuntur.

283 716 486 787 (Vers.
540 717 619 790 6.)
652 719 725 776 Et
751 721 942 777 mulier
971 720 1110 794 fugit
1138 721 1193 778 in
1221 724 1575 793 solitudinem,
1606 724 1696 780 ubi
1721 724 1828 780 ha-

182 813 290 868 bet
327 816 502 871 locum
526 825 777 889 paratum
801 837 835 875 a
863 821 989 890 Deo,
1029 828 1085 876 ut
1116 821 1190 877 ibi
1213 830 1437 894 pascant
1466 825 1618 879 illam
1647 823 1825 879 diebus

181 904 370 962 mille
420 907 652 963 ducentis
696 911 990 982 sexaginta.
1021 911 1386 970 Solitudinem
1420 913 1700 972 Christum
1731 932 1824 972 vo-

183 1003 301 1053 cat
337 1015 352 1064 ;
391 998 633 1055 solitudo
663 1000 865 1073 quippe
897 1001 1123 1072 dicitur,
1156 1021 1220 1060 eo
1253 1004 1400 1077 quod
1452 1006 1569 1062 sola
1606 1007 1698 1074 sit,
1734 1005 1824 1063 de-

182 1095 367 1144 serta
400 1089 469 1144 ab
500 1089 934 1148 habitatoribus:
982 1094 1242 1150 similiter
1269 1103 1322 1150 et
1354 1095 1607 1154 Christus
1644 1097 1821 1153 deser-

184 1183 301 1234 tus
362 1188 445 1234 est
485 1195 516 1234 a
559 1181 696 1250 suis,
746 1183 887 1239 sicut
931 1184 1264 1256 evangelista
1299 1186 1562 1258 loquitur,
1594 1187 1817 1244 dicens:

201 1289 224 1313 ι
263 1265 342 1322 In
399 1269 618 1341 propria
674 1271 828 1328 venit
862 1315 877 1340 ,
931 1281 983 1329 et
1038 1273 1123 1329 sui
1161 1290 1286 1330 eum
1349 1291 1458 1330 non
1503 1284 1823 1348 receperunt

187 1355 406 1426 (Joan.
439 1375 477 1425 ι,
515 1359 652 1430 ﬂ).-
680 1361 749 1416 Et
777 1376 872 1432 per
894 1361 1212 1433 prophetam
1246 1363 1510 1435 loquitur,
1529 1365 1818 1434 Dominus,

183 1444 410 1503 dicens
435 1465 446 1503 :
489 1473 508 1496 ι
538 1449 800 1507 Torcular
829 1453 1038 1509 calcavi
1068 1454 1237 1522 solus,
1268 1462 1321 1509 et
1341 1453 1408 1510 de
1437 1454 1688 1526 gentibus
1709 1471 1818 1511 non

184 1545 286 1593 est
328 1538 420 1593 vir
446 1555 660 1596 mecum
693 1542 827 1613 (Isa.
867 1557 1026 1608 Lxm,
1068 1541 1146 1613 3).
1193 1566 1212 1591 ι
1256 1543 1453 1598 Mulier
1483 1543 1651 1615 igitur
1679 1543 1819 1616 fugit

184 1624 260 1682 in
307 1628 675 1685 solitudinem
711 1648 724 1697 ;
759 1631 888 1703 quia
909 1632 1141 1704 apostoli
1163 1639 1217 1688 et
1244 1633 1426 1690 caeteri
1448 1632 1725 1706 discipuli,
1749 1650 1818 1690 ex

185 1716 420 1788 quibus
476 1725 609 1776 tunc
665 1721 951 1776 constabat
1010 1721 1275 1791 Ecclesia,
1335 1722 1528 1779 relicto
1571 1723 1815 1789 diabolo,

185 1806 536 1881 relictisque
590 1809 849 1866 omnibus
904 1827 1024 1884 quae
1081 1811 1478 1884 possidebant,
1531 1812 1814 1870 Christum

1940 644 2160 708 terram,
2189 647 2236 695 et
2259 641 2432 712 angeli
2467 640 2578 710 ejus
2616 658 2731 696 cum
2762 657 2819 697 eo
2855 642 3035 699 missis
3059 649 3200 700 sunt.
3230 644 3392 702 Recte
3423 643 3534 700 dia-

1939 727 2101 785 bolus
2152 746 2374 803 serpens
2420 741 2667 800 vocatur,
2725 731 2843 788 sive
2887 732 3035 804 quod
3081 748 3178 805 per
3227 743 3533 807 serpentem

1938 818 2179 891 primum
2213 819 2491 877 hominem
2522 821 2817 894 deceperit,
2847 822 2966 877 sive
2995 821 3142 896 quod
3174 840 3391 880 veneno
3422 841 3534 881 suae

1938 907 2163 964 malitiae
2194 926 2362 982 genus
2393 910 2694 967 humanum
2740 910 3060 985 perdiderit.
3111 912 3376 970 Diabolus
3401 929 3532 969 vero

1937 997 2328 1070 interpretatur
2377 1001 2632 1058 deorsum
2681 1018 2886 1059 ruens:
2953 1001 3065 1058 ruit
3106 1002 3308 1076 quippe
3354 1000 3532 1075 primo

1935 1103 2033 1160 per
2076 1087 2383 1161 superbiam
2434 1089 2500 1146 de
2545 1092 2716 1159 coelo;
2769 1091 2881 1147 ruit
2910 1099 3115 1164 postea,
3163 1108 3290 1148 cum
3322 1089 3389 1148 ab
3427 1091 3532 1148 ele-

1935 1186 2148 1234 ctorum
2199 1180 2457 1237 cordibus
2511 1198 2606 1254 per
2638 1181 2918 1240 Christum
2968 1181 3213 1254 dejectus
3257 1189 3357 1250 est,
3389 1181 3532 1239 sicut

1935 1285 2170 1341 praesens
2214 1270 2485 1342 scriptura
2537 1271 2899 1328 demonstrat.
2947 1269 3172 1326 Satanas
3218 1279 3399 1328 autem
3447 1270 3529 1327 in-

1933 1369 2264 1432 terpretatur
2311 1361 2649 1429 contrarius;
2708 1360 3018 1418 contrarius
3067 1368 3148 1417 est
3197 1360 3343 1416 enim
3391 1362 3524 1431 Deo,

1933 1451 2296 1526 omnibusque
2331 1453 2491 1510 bonis
2527 1452 2866 1510 hominibus.
2909 1452 3005 1510 Vat
3034 1452 3149 1509 illis
3187 1451 3388 1525 quibus
3414 1451 3525 1507 dia-

1931 1541 2090 1598 bolus
2117 1543 2326 1600 amicus
2355 1551 2435 1600 est
2460 1545 2471 1600 l
2519 1561 2645 1600 nam
2688 1553 2893 1618 quanto
2923 1543 3159 1616 amplius
3187 1550 3268 1599 est
3298 1542 3528 1600 cuilibet

1929 1633 2161 1701 amicus,
2212 1642 2364 1690 tanto
2395 1634 2660 1706 ampliora
2708 1635 2758 1690 ei
2797 1641 3069 1690 tormenta
3110 1633 3340 1706 ingerit;
3392 1630 3527 1688 infe-

1931 1720 2010 1776 lix
2039 1730 2120 1777 est
2153 1722 2300 1777 enim
2351 1723 2594 1779 amicitia
2638 1722 2865 1779 diaboli.
2911 1721 3070 1789 Quod
3113 1729 3294 1778 autem
3338 1720 3520 1778 dicit:

1931 1811 2034 1878 Qui
2077 1812 2272 1867 seducit
2317 1813 2617 1868 universum
2659 1812 2855 1881 orbem,
2904 1827 3140 1884 praesens
3180 1817 3396 1883 tempus
3424 1825 3524 1882 pro

185 1897 390 1952 secuti
416 1907 545 1954 sunt
577 1900 789 1971 (Matth.
821 1916 943 1970 xxx,
975 1901 1092 1973 27).
1116 1901 1217 1957 Per
1245 1901 1362 1959 dies
1385 1918 1517 1959 vero
1546 1903 1699 1959 mille
1719 1903 1815 1960 du-
1852 1912 1892 1971 Β
1927 1900 2204 1972 praeterito
2235 1902 2438 1973 posuit.
2470 1901 2775 1958 Seduxerat
2795 1910 2976 1957 autem
3005 1917 3172 1974 genus
3194 1898 3519 1967 humanum,

184 1994 402 2043 centos
450 1992 734 2062 sexaginta
784 1998 996 2064 tempus
1039 2009 1147 2066 quo
1193 1993 1441 2051 Christus
1470 1994 1810 2066 praedicavit,

188 2076 558 2152 designatur.
609 2081 858 2138 Pascitur
899 2097 1027 2155 ergo
1065 2083 1264 2140 mulier
1293 2084 1486 2141 diebus
1515 2085 1668 2141 mille
1695 2084 1810 2141 du-

185 2171 389 2227 centis
433 2173 758 2244 sexaginta;
800 2175 930 2248 quia
964 2173 1195 2248 apostoli
1225 2185 1279 2234 et
1308 2177 1489 2234 caeteri
1525 2176 1805 2250 discipuli,

186 2281 269 2321 ex
322 2266 548 2339 quibus,
601 2268 745 2326 sicut
794 2269 1048 2342 superius
1083 2269 1350 2339 diximus,
1400 2271 1647 2328 Ecclesia
1679 2280 1809 2329 tunc

185 2355 513 2425 constabat,
547 2375 644 2430 per
662 2365 771 2414 tres
786 2375 957 2416 annos
984 2369 1038 2417 et
1051 2360 1346 2418 dimidium
1376 2360 1610 2433 dapibus
1629 2361 1806 2417 Evan-

189 2445 335 2517 gelii
367 2461 398 2500 a
434 2447 673 2504 Domino
701 2448 840 2520 pasti
862 2456 1010 2505 sunt.

273 2540 462 2614 (Vers.
488 2544 566 2612 7.)
597 2546 672 2601 Et
699 2545 899 2616 factum
926 2552 1002 2602 est
1020 2547 1272 2619 praelium
1297 2563 1542 2619 magnum
1568 2545 1625 2602 in
1653 2548 1798 2622 caelo,

190 2633 431 2693 Michael
480 2641 528 2690 et
580 2637 753 2709 angeli
799 2639 912 2708 ejus
953 2639 1346 2710 prteliabantur
1390 2656 1508 2694 cum
1554 2639 1800 2695 dracone.

191 2725 345 2792 Quia
374 2727 625 2800 superius
655 2728 999 2786 nativitatem
1031 2738 1084 2786 et
1114 2730 1562 2802 praedicationem
1593 2730 1801 2787 Christi

190 2811 448 2872 breviter
494 2818 931 2890 comprehendit,
982 2835 1321 2893 consequens
1368 2827 1451 2876 est
1480 2827 1541 2875 ut
1562 2819 1802 2892 qualiter

194 2921 300 2978 per
330 2904 637 2978 passionem
667 2925 820 2964 suam
851 2908 1135 2964 diabolum
1161 2910 1316 2978 vicit,
1341 2908 1652 2982 subjungat.
1685 2909 1801 2964 Mi-

192 2992 357 3050 chael
411 2995 506 3068 qui
561 2996 970 3070 interpretatur,
1031 2998 1154 3072 quis
1203 3007 1266 3054 ut
1300 3001 1465 3068 Deus,
1517 2998 1797 3056 Christum

195 3081 494 3156 signiﬁcat.
528 3085 786 3142 Praalium
819 3088 877 3143 in
916 3089 1054 3145 coelo
1074 3089 1280 3145 factum
1317 3097 1418 3157 est,
1439 3088 1495 3144 id
1528 3097 1628 3158 est,
1662 3104 1800 3160 pro-

193 3182 324 3248 pter
351 3177 572 3246 ccelum,
606 3193 704 3250 pro
735 3179 909 3235 salute
934 3178 1191 3236 videlicet
1221 3178 1469 3234 omnium
1499 3179 1796 3235 electorum

1925 1989 2071 2062 quod
2118 2006 2213 2062 per
2262 1991 2449 2047 orbem
2492 1990 2812 2064 designatur
2852 2009 2862 2048 :
2911 1990 3006 2046 sed
3042 2006 3111 2046 ex
3150 2005 3343 2062 magna
3371 1995 3523 2062 parte

1920 2078 2062 2135 illud
2096 2096 2191 2152 per
2224 2079 2508 2138 Christum
2542 2081 2816 2138 amiserat.
2843 2077 3127 2151 Projectus
3155 2086 3238 2135 est
3261 2094 3389 2151 ergo
3408 2076 3520 2134 dia-

1917 2166 2078 2224 bolus
2107 2175 2161 2226 et
2188 2170 2368 2241 angeli
2403 2169 2524 2241 ejus
2555 2171 2614 2226 in
2643 2178 2882 2237 terram;
2929 2169 3060 2242 quia
3087 2167 3156 2225 ab
3196 2168 3388 2224 electis
3415 2181 3524 2222 ex-

1917 2259 2128 2331 pulsus,
2161 2260 2304 2318 solos
2331 2262 2614 2335 reprobos,
2645 2261 2741 2335 qui
2771 2278 2867 2335 per
2895 2268 3100 2318 terram
3131 2259 3510 2334 designantur,

1916 2350 2180 2421 possedit.

1988 2449 2170 2522 (Vers.
2204 2449 2317 2521 10.)
2357 2452 2432 2507 Ει
2463 2449 2650 2506 audivi
2691 2466 2862 2506 vocem
2900 2466 3148 2522 magnam
3185 2448 3248 2505 de
3275 2449 3400 2505 calo
3437 2447 3518 2505 di-

1911 2544 2137 2594 centem:
2193 2540 2348 2598 Nunc
2395 2539 2541 2610 facta
2587 2546 2660 2595 est
2705 2541 2853 2595 salus
2897 2547 2947 2595 et
2994 2539 3169 2594 virtus
3206 2544 3253 2594 et
3298 2555 3516 2609 regnum

1912 2627 2010 2683 Dei
2035 2629 2226 2697 nostri,
2269 2634 2316 2684 et
2355 2635 2585 2701 potestas
2632 2630 2828 2688 Christi
2870 2629 3003 2700 ejus.
3060 2630 3188 2688 Vox
3223 2645 3418 2702 magna
3448 2628 3515 2686 de

1910 2716 2046 2772 coelo
2074 2733 2185 2772 vox
2215 2724 2296 2772 est
2326 2718 2644 2789 angelorum
2689 2735 2789 2790 pro
2817 2719 2994 2775 salute
3039 2718 3252 2791 generis
3281 2717 3512 2774 humani

1913 2805 2291 2878 gaudentium,
2324 2807 2608 2880 Deumque
2653 2806 3023 2875 laudantium,
3069 2806 3212 2864 sicut
3241 2806 3378 2863 dicit
3405 2808 3510 2863 Do-

1909 2896 2095 2952 minus
2117 2894 2174 2950 in
2194 2895 2516 2968 Evangelio:
2537 2920 2556 2944 ι
2570 2895 2849 2953 Gaudium
2871 2895 3050 2968 majus
3064 2903 3147 2953 est
3168 2896 3227 2953 in
3247 2896 3508 2970 coelo(i5)

1910 3006 2074 3063 super
2123 3007 2236 3046 uno
2292 2996 2577 3063 peccatore
2635 2989 3017 3062 paenitentiam
3079 2998 3290 3063 agente,
3348 3005 3510 3064 quam

1907 3096 2071 3152 super
2099 3080 2402 3153 nonaginta
2430 3096 2632 3137 novem
2657 3078 2845 3152 justis,
2872 3080 2968 3154 qui
2991 3096 3104 3137 non
3127 3079 3376 3153 indigent
3402 3096 3511 3153 poe-

1909 3169 2144 3226 nitentia
2177 3171 2331 3242 (Luc.
2372 3187 2471 3240 xv,
2521 3171 2600 3242 7).
2645 3195 2664 3219 ι
2709 3170 3004 3227 Possumus
3033 3186 3131 3243 per
3174 3187 3347 3227 unum
3377 3185 3514 3242 pec-

196 3265 482 3338 praeliatus
527 3275 608 3322 est
651 3267 885 3324 Michael
917 3285 1041 3324 cum
1075 3267 1352 3338 dracone;
1385 3267 1515 3343 quia
1543 3267 1794 3324 Christus
1831 3280 1874 3341 ρ
1911 3267 2151 3317 cat0er
2184 3261 2448 3334 populum
2501 3260 2782 3332 gentilem,
2829 3277 2925 3333 per
2967 3259 3265 3332 nonaginta
3311 3275 3510 3317 novem

196 3353 572 3427 praedicando,
626 3358 884 3429 patiendo
929 3367 982 3414 et
1023 3359 1329 3428 moriendo,
1378 3375 1477 3431 pro
1505 3359 1680 3414 salute
1711 3375 1796 3430 ge-

198 3443 352 3500 neris
381 3445 610 3502 humani
641 3447 918 3518 praeliatus
944 3455 1044 3504 est.
1077 3448 1313 3504 Prmliati
1343 3456 1472 3504 sunt
1499 3449 1678 3520 angeli
1699 3447 1798 3504 Mi-

198 3532 432 3603 chaelis,
483 3534 538 3590 id
586 3544 688 3603 est,
718 3536 950 3608 apostoli
981 3537 1185 3594 Christi
1217 3554 1343 3594 cum
1384 3537 1638 3607 dracone,
1665 3554 1796 3610 prae-

197 3620 436 3679 dicando
467 3623 746 3692 videlicet,
771 3626 1035 3682 miracula
1061 3626 1335 3693 faciendo,
1365 3636 1417 3683 et
1439 3627 1508 3683 ad
1537 3628 1796 3685 ultimum

198 3729 300 3786 pro
333 3714 538 3772 Christi
567 3717 792 3771 nomine
813 3717 1120 3774 moriendo.
1154 3721 1228 3774 Et
1255 3719 1417 3774 draco
1440 3719 1734 3791 pugnabat,
1751 3727 1799 3776 et

198 3804 374 3875 angeli
429 3804 563 3874 ejus.
616 3806 889 3879 Pugnavit
929 3807 1093 3865 draco
1130 3816 1183 3864 et
1226 3808 1405 3880 angeli
1449 3807 1568 3880 ejus
1605 3816 1797 3866 contra

199 3893 544 3966 Michaelem,
595 3898 814 3971 quando
860 3897 1113 3955 diabolus
1160 3907 1215 3956 et
1259 3909 1453 3957 caetera
1496 3901 1796 3958 multitudo

202 3983 512 4043 daemonum
563 3989 779 4046 Iudaeos
819 3995 963 4052 548
992 3997 1183 4047 contra
1210 3989 1491 4048 Christum
1521 3990 1794 4048 excitave-

204 4090 351 4154 runt,
389 4093 450 4140 ut
499 4101 624 4143 eum
665 4086 1058 4145 interﬁcerent.
1090 4088 1361 4161 Pugnavit
1387 4097 1440 4144 et
1464 4097 1656 4145 contra
1683 4104 1792 4145 an—

206 4174 348 4245 gelos
367 4174 667 4247 Michaelis,
699 4179 917 4251 quando
946 4180 1223 4251 apostolos
1253 4178 1458 4236 Christi
1491 4186 1541 4236 et
1571 4195 1667 4252 per
1700 4179 1791 4235 Ju-

207 4263 346 4320 daeos
387 4274 440 4322 et
486 4285 581 4339 per
628 4287 864 4342 paganos
893 4271 1094 4327 tandiu
1119 4278 1436 4344 persecutus
1464 4269 1589 4340 fuit,
1621 4286 1794 4345 usque

207 4354 334 4411 dum
367 4373 456 4412 eos
484 4356 835 4417 interficeret.

282 4445 455 4516 (Vers.
505 4447 586 4520 8.)
618 4450 692 4504 Et
719 4467 823 4504 non
854 4451 1159 4520 valuerunt,
1188 4469 1350 4524 neque
1381 4454 1522 4508 locus
1553 4451 1792 4507 inventus

210 4541 281 4592 est
320 4554 496 4593 eorum
521 4540 751 4611 amplius
778 4540 835 4595 in
864 4543 1008 4597 caelo.
1038 4543 1159 4598 Non
1194 4543 1369 4600 valuit
1398 4543 1652 4600 diabolus
1683 4559 1792 4600 ne-

214 4642 310 4700 que
351 4628 590 4684 ministri
638 4628 755 4702 ejus
801 4629 1020 4688 vincere
1057 4631 1339 4689 Christum
1386 4649 1489 4689 nec
1517 4635 1791 4706 apostolos
1820 4673 1868 4732 Ι)

214 4716 357 4790 ejus;
413 4719 545 4792 quia
596 4721 741 4776 unde
797 4730 1130 4795 putaverunt
1177 4724 1420 4794 vincere,
1464 4724 1597 4781 victi
1644 4732 1792 4782 sunt.

214 4807 536 4868 Putaverunt
564 4828 799 4887 namque
829 4813 1110 4872 Christum
1143 4832 1198 4870 se
1236 4831 1331 4888 per
1363 4824 1594 4871 mortem
1626 4815 1796 4873 vicis-

217 4916 286 4968 se,
327 4901 414 4956 sed
461 4917 528 4956 ex
560 4909 735 4959 morte
763 4902 880 4977 ejus
910 4921 1108 4960 nomen
1140 4903 1291 4961 illius
1322 4906 1522 4962 claruit
1551 4905 1611 4960 in
1641 4921 1796 4961 mun-

219 4989 300 5047 do.
352 4992 469 5048 Non
507 4995 792 5049 valuerunt
845 5012 992 5067 ergo,
1049 5013 1211 5067 neque
1269 4997 1410 5052 locus
1461 4997 1697 5051 inventus
1725 5001 1803 5051 est

219 5097 378 5136 eorum
434 5084 666 5155 amplius
715 5085 772 5139 in
832 5088 988 5149 caelo;
1044 5087 1170 5159 quia
1208 5103 1303 5159 per
1351 5087 1796 5158 praedicationem

220 5171 571 5244 apostolorum
624 5183 1055 5248 cmterorumque
1106 5183 1422 5232 sanctorum
1477 5193 1508 5231 a
1538 5176 1795 5234 cordibus

221 5262 518 5333 electorum,
577 5264 673 5338 qui
726 5281 822 5338 per
876 5265 1075 5322 coelum
1133 5264 1522 5338 designantur,
1579 5265 1794 5338 expulsi

222 5359 349 5408 sunt.

286 5441 452 5514 (Vers.
510 5443 592 5514 9.)
649 5444 724 5501 Et
759 5441 1026 5517 projectus
1085 5450 1160 5500 est
1214 5444 1305 5502 ille
1350 5446 1510 5503 draco
1551 5463 1790 5519 magnus,

224 5549 409 5606 serpens
456 5535 728 5606 antiquus,
785 5538 877 5607 qui
925 5543 1147 5594 vocatur
1182 5537 1424 5596 diabolus
1463 5545 1510 5594 et
1541 5540 1792 5607 Satanas,

289 5739 306 5810 (
313 5735 582 5810 15)Codex
602 5739 782 5807 Gem.,
812 5741 1080 5801 Gaudium
1106 5750 1183 5804 est
1207 5743 1410 5819 angelis
1437 5744 1536 5804 Dei
1558 5745 1618 5804 in
1645 5746 1789 5806 coelo.

1906 3354 2087 3427 justos
2113 3354 2331 3411 Judaeos
2360 3354 2670 3428 intelligere
2703 3373 2715 3412 :
2747 3355 2842 3428 qui
2882 3353 2953 3410 ad
2978 3355 3354 3412 centenarium
3396 3369 3510 3410 nu-

1910 3463 2127 3502 merum
2146 3463 2259 3503 non
2278 3447 2630 3519 perveniunt,
2657 3447 2789 3520 quia
2816 3446 3094 3502 neminem
3119 3444 3187 3501 ad
3208 3445 3508 3518 perfectum

1907 3534 2142 3592 adduxit
2199 3536 2288 3592 lex
2343 3536 2524 3607 (Hebr.
2567 3553 2667 3602 vn,
2720 3536 2846 3608 i9);
2903 3535 3077 3591 multo
3131 3535 3278 3590 enim
3332 3533 3509 3607 majus

1909 3625 2171 3699 gaudium
2220 3627 2426 3684 factum
2468 3636 2549 3683 est
2598 3627 2655 3683 in
2691 3627 2828 3683 caelo
2873 3625 2942 3683 de
2982 3625 3341 3683 conversione
3382 3642 3506 3698 gen-

1905 3716 2047 3770 tium
2098 3732 2261 3788 quam
2307 3715 2375 3772 de
2414 3715 2730 3772 Iudaeorum
2771 3714 3266 3773 observationibus.
3309 3715 3373 3772 In
3416 3714 3507 3773 de-

1901 3804 2144 3878 jectione
2175 3805 2346 3881 igitur
2385 3807 2592 3864 diaboli
2639 3807 2782 3864 facta
2814 3815 2897 3863 est
2941 3807 3088 3863 salus
3115 3804 3456 3863 credentium
3486 3822 3501 3864 :

1904 3905 2232 3969 acceperunt
2287 3897 2456 3953 etiam
2503 3897 2766 3954 virtutem
2815 3895 3076 3954 vincendi
3123 3895 3425 3965 diabolum,
3473 3911 3505 3951 a

1905 4001 2014 4058 quo
2042 3993 2202 4041 antea
2247 3984 2383 4043 victi
2419 3986 2748 4042 tenebantur
2779 3987 2919 4060 (16).
2968 3987 3196 4044 Factum
3225 3993 3307 4044 est
3339 3985 3502 4042 nihi-

1901 4073 2146 4131 lominus
2193 4091 2419 4149 regnum
2450 4077 2550 4134 Dei
2579 4075 2783 4144 nostri;
2821 4077 2952 4150 quia
2988 4076 3047 4132 in
3077 4076 3285 4150 quibus
3309 4075 3496 4132 diabo-

1903 4163 1990 4221 lus
2041 4167 2317 4239 regnabat,
2377 4168 2543 4241 coepit
2607 4183 2831 4241 regnare
2867 4169 3045 4237 Pater,
3092 4175 3146 4225 et
3199 4167 3396 4236 Filius,
3449 4175 3504 4224 et

1901 4255 2142 4330 Spiritus
2191 4267 2412 4314 sanctus
2444 4275 2456 4314 :
2509 4258 2651 4315 facta
2673 4265 2755 4314 est
2778 4266 2832 4314 et
2855 4265 3092 4331 potestas
3119 4256 3327 4317 Christi
3356 4256 3496 4330 ejus,

1901 4363 2029 4404 cum
2077 4348 2169 4403 θος
2197 4362 2333 4420 quos
2362 4346 2613 4405 diabolus
2661 4347 2993 4421 possidebat,
3033 4348 3198 4421 coepit
3243 4346 3498 4407 Christus

1901 4437 2196 4508 possidere.
2266 4439 2403 4506 Quia
2461 4437 2726 4510 projectus
2791 4445 2867 4494 est
2916 4445 3192 4495 accusator
3253 4437 3497 4510 fratrum

1899 4533 2222 4596 nostro-rum,
2276 4529 2369 4598 qui
2407 4528 2688 4584 accusabat
2714 4527 2837 4584 illos
2885 4533 3006 4583 ante
3044 4533 3372 4597 conspectum
3400 4517 3502 4584 Dei

1900 4618 2070 4673 nostri
2097 4619 2180 4674 die
2209 4635 2272 4675 ac
2297 4626 2461 4677 nocte.
2505 4619 2852 4676 Accusantur
2880 4615 3036 4672 noxii
3065 4614 3318 4673 homines
3344 4615 3493 4690 apud

1900 4707 2134 4780 judices,
2164 4727 2290 4767 cum
2321 4725 2510 4766 eorum
2553 4709 2757 4764 scelera
2800 4705 2881 4762 eis
2927 4705 3388 4763 manifestantur:
3439 4706 3499 4765 in

1907 4813 2202 4874 conspectu
2248 4819 2379 4858 vero
2425 4801 2547 4868 Dei,
2590 4800 2685 4873 qui
2731 4813 2842 4854 non
2880 4798 3058 4854 solum
3104 4797 3266 4867 facta,
3309 4797 3404 4855 sed
3445 4807 3499 4858 et

1907 4895 2140 4966 cogitata
2184 4893 2511 4959 considerat,
2545 4887 2818 4963 quomodo
2846 4887 3100 4944 diabolus
3129 4886 3370 4960 aliquem
3412 4903 3497 4946 ace

1906 5002 2094 5043 cusare
2129 4983 2350 5056 potest?
2404 4981 2509 5038 Sed
2555 4994 2876 5037 accusamur
2923 4977 2980 5033 in
3027 4985 3329 5052 conspectu
3373 4979 3496 5046 Dei,

1906 5093 2029 5132 cum
2052 5090 2374 5147 peccamus:
2409 5073 2626 5128 accusat
2649 5078 2704 5127 et
2722 5069 2995 5140 diabolus,
3019 5085 3148 5128 cum
3175 5068 3235 5126 in
3263 5069 3498 5143 peccatis

1905 5167 2047 5222 male
2075 5162 2354 5222 suadendo
2380 5160 2591 5234 dejicit.

1979 5274 2159 5347 (Vers.
2195 5272 2310 5346 11.)
2355 5274 2431 5329 Et
2457 5271 2561 5344 ipsi
2597 5271 2836 5328 vicerunt
2875 5287 2991 5328 eum
3022 5276 3245 5343 propter
3284 5266 3495 5344 sangui-

1903 5381 2018 5418 nem
2057 5364 2217 5434 Agni,
2259 5369 2306 5418 et
2333 5370 2558 5436 propter
2584 5362 2800 5419 verbum
2828 5362 3109 5419 testimonii
3136 5361 3239 5418 sui.
3271 5361 3498 5434 Propter

1905 5453 2227 5525 sanguinem
2258 5453 2401 5525 Agni
2431 5455 2721 5521 vicerunt;
2770 5454 2900 5526 quia
2930 5449 3236 5524 redemptio
3265 5450 3499 5523 sangui-

1903 5541 1990 5598 nis
2019 5541 2228 5600 Christi
2274 5543 2382 5601 hoc
2419 5544 2660 5602 contulit
2687 5543 2912 5612 sanctis,
2944 5549 3005 5598 ut
3032 5540 3316 5599 diabolum
3342 5557 3482 5616 pos-

1976 5745 2092 5820 (16)
2133 5744 2335 5820 anes
2361 5743 2519 5814 edit.,
2560 5742 2720 5800 vincti
2748 5742 3074 5812 tenebantur,
3122 5758 3313 5802 omnes
3341 5759 3495 5816 mss.,

1901 5816 2024 5873 victi
2052 5816 2371 5874 tcttebantur.
