3964 6438
509 397 618 458 963

1537 393 1634 455 AD
1671 391 1907 456 optans
1942 393 1998 454 s.
2039 359 2372 456 aunnosri
2408 391 2788 455 APPENDIX.

3791 396 3898 456 96S

505 536 627 586 sent
659 527 902 584 vincere.
932 526 1204 586 Vicerunt
1229 527 1394 584 etiam
1423 535 1646 601 propter
1684 527 1914 584 verbum
1941 527 2106 584 testi-
2132 534 2187 596 Α
2215 527 2362 602 quod
2405 544 2439 585 a
2481 535 2595 585 tam
2633 527 2863 584 immani
2917 525 3074 583 hoste
3127 524 3355 582 liberari
3382 523 3756 582 meruerint
3797 541 3896 599 per

506 620 682 677 monii
721 619 830 688 sui,
883 618 1052 676 ﬁdem
1109 619 1380 676 servando
1436 635 1600 692 quam
1663 617 1896 691 professi
1952 625 2104 686 sunt,

504 726 735 784 eamque
785 709 1046 781 operibus
1100 709 1398 782 implendo.
1447 707 1553 765 Sed
1601 707 1760 764 valde
1809 707 2105 764 obscurum

504 809 588 858 est
617 800 764 874 quod
795 801 1044 873 sequitur
1077 817 1090 856 :
1143 803 1216 856 Et
1244 819 1349 855 non
1391 801 1694 854 dilexerunt
1737 798 1951 852 animas
1981 815 2106 853 suas

505 907 672 963 usque
719 891 792 946 ad
837 897 1076 946 mortem.
1133 889 1420 957 Quomodo
1473 887 1620 944 enim
1669 886 1843 943 sancti
1893 886 2105 944 animas

504 995 633 1036 suas
661 997 771 1036 non
803 979 1064 1052 diligunt,
1089 995 1188 1050 pro
1218 994 1448 1051 quarum
1478 977 1652 1032 salute
1677 975 1848 1031 ardua
1876 993 2104 1050 queque

511 1083 577 1124 ac
608 1067 861 1124 diﬂicilia
890 1065 1217 1139 patiuntur?
1261 1065 1548 1132 Quomodo
1591 1065 1804 1120 animas
1833 1081 1960 1121 suas
1987 1081 2102 1120 non

503 1156 772 1229 diligunt,
825 1173 927 1228 pro
974 1155 1174 1228 quibus
1220 1155 1540 1226 semetipsos
1583 1155 1810 1226 vigiliis,
1852 1153 2100 1226 jejuniis,

503 1249 844 1306 abstinentia
873 1255 1171 1316 macerant,
1193 1255 1355 1321 atque
1375 1247 1586 1304 ceteris
1615 1247 1920 1302 virtutibus
1951 1261 2104 1300 exer-

503 1338 678 1396 cent?
707 1337 863 1406 Quod
896 1337 942 1392 si
964 1353 1060 1410 per
1083 1336 1322 1392 animam
1347 1337 1516 1392 vitam
1543 1345 1867 1408 presentem
1899 1333 2104 1391 intelli-

505 1441 630 1500 gere
643 1425 986 1482 voluerimus
1005 1445 1018 1494 ;
1047 1427 1170 1500 quis
1189 1433 1413 1482 sanctus
1424 1425 1595 1482 vitam
1608 1442 1762 1482 suam
1786 1440 1898 1480 non
1917 1423 2104 1495 diligit

503 1515 563 1572 in
593 1531 700 1589 qua
728 1514 965 1587 positus,
1007 1515 1160 1570 illam
1201 1516 1476 1572 caelestem
1507 1514 1736 1586 gloriam
1768 1512 1875 1570 sibi
1903 1512 2103 1584 acqui-

505 1603 600 1672 rit,
645 1627 664 1652 σ
699 1619 862 1676 quam
893 1619 996 1660 nec
1025 1603 1218 1660 oculus
1247 1603 1409 1669 vidit,
1435 1619 1536 1658 nec
1560 1602 1708 1658 auris
1735 1600 1970 1668 audivit,
2002 1616 2103 1657 nec

504 1692 621 1750 ulla
665 1707 820 1748 mens
863 1699 1042 1763 potest
1087 1689 1549 1764 comprehendere
1589 1691 1648 1762 (Ι
1673 1691 1798 1748 Cor.
1829 1707 1890 1755 ιι,
1919 1690 1978 1757 9)
2004 1689 2032 1745 Ῡ
2069 1713 2088 1737 ι

503 1785 616 1842 Aut
644 1785 768 1858 quis
795 1785 864 1841 ad
894 1783 1044 1840 illam
1076 1784 1194 1840 sine
1243 1783 1347 1840 ista
1375 1799 1619 1857 unquam
1655 1781 1906 1855 pervenit
1931 1781 1960 1838 τ
1997 1781 2102 1836 Lu-

2212 615 2438 673 Domini
2492 617 2744 689 gratiam.
2795 617 2880 674 νω
2909 622 3064 671 terre
3086 622 3136 672 et
3161 617 3347 672 mari!
3377 615 3516 686 quia
3575 615 3893 670 descendit

2213 703 2454 760 diabolus
2501 705 2573 760 ad
2620 722 2732 770 vos,
2761 706 2955 765 habens
3003 705 3147 761 iram
3172 721 3448 776 magnam,
3478 705 3692 760 sciens
3723 709 3882 776 quod

2213 794 2474 849 modicum
2519 801 2718 866 tempus
2774 795 2942 850 habet.
2993 795 3291 852 Possumus
3339 811 3436 867 per
3487 802 3750 850 terram
3779 795 3887 850 Ju-

2213 880 2379 950 deos,
2423 897 2520 954 per
2567 899 2715 938 mare
2759 898 2890 939 vero
2919 899 3158 956 paganos
3187 887 3334 946 549
3353 890 3751 954 ceterosque
3791 899 3884 938 re—

2213 977 2412 1049 probos
2450 977 2774 1052 intelligere.
2808 980 2905 1037 Ve
2933 979 3103 1052 igitur
3127 979 3332 1037 Judeis
3361 988 3538 1054 atque
3574 979 3881 1052 gentibus

2213 1063 2546 1125 incredulis!
2579 1071 2709 1142 quia
2739 1077 2961 1142 pr0pter
2989 1070 3129 1125 iram
3146 1086 3308 1143 quam
3341 1069 3515 1127 habet
3541 1069 3875 1138 diabolus,

2212 1172 2277 1212 eo
2292 1158 2437 1230 quod
2460 1159 2756 1215 maximam
2777 1159 3195 1216 multitudinem
3224 1159 3496 1228 amiserit,
3531 1168 3682 1216 tam
3719 1169 3875 1216 atro-

2212 1245 2351 1302 citer
2393 1247 2640 1319 reprobis
2665 1247 3004 1317 dominatur,
3037 1257 3091 1305 et
3119 1248 3178 1304 in
3211 1249 3378 1305 tantis
3407 1247 3678 1320 ﬂagitiis
3710 1247 3874 1320 deji-

2211 1333 2317 1391 cit:
2349 1343 2412 1390 ut
2439 1337 2597 1393 nullo
2624 1337 2787 1393 modo
2813 1337 2967 1409 digni
2997 1337 3110 1394 sint
3139 1344 3407 1410 quatenus
3435 1337 3508 1393 ad
3540 1338 3712 1394 vita
3753 1339 3874 1394 vias

2213 1432 2560 1480 revertantur
2586 1433 2640 1481 et
2654 1435 2934 1493 sanentur.
2965 1426 3112 1484 Dicit
3141 1427 3307 1484 etiam
3347 1425 3678 1483 diabolum
3716 1427 3870 1483 scire

2211 1517 2359 1592 quod
2411 1518 2691 1575 modicum
2717 1527 2936 1592 tempus
2965 1518 3200 1588 habeat;
3231 1521 3361 1594 quia
3384 1528 3616 1593 quanto
3649 1537 3868 1594 appro-

2212 1607 2482 1681 pinquare
2509 1610 2687 1665 cernit
2714 1608 2860 1664 diem
2886 1607 3266 1680 judicii,tanto
3287 1610 3536 1682 amplius
3563 1609 3867 1667 callidior

2210 1695 2449 1753 edicitur
2476 1695 2546 1752 ad
2567 1697 2920 1768 decipiendos
2955 1696 3226 1753 homines.

2284 1784 2467 1856 (Vers.
2521 1784 2636 1856 13.)
2693 1787 2767 1842 Et
2793 1791 3076 1857 postquam
3101 1786 3237 1842 cidit
3263 1786 3425 1842 draco
3449 1787 3611 1858 quod
3641 1787 3858 1859 proje-

506 1893 662 1935 crum
693 1876 842 1933 enim
886 1893 1144 1949 magnum
1183 1876 1400 1933 confert
1445 1871 1650 1932 sanctis
1681 1872 1795 1928 vita
1839 1886 2096 1944 presens,
2133 1882 2180 1942 Β
2207 1878 2322 1928 ctus
2362 1879 2438 1929 est
2476 1875 2534 1929 in
2564 1881 2784 1943 terram,
2829 1881 3128 1946 persecutus
3156 1883 3233 1932 est
3253 1876 3560 1942 mulierem,
3592 1893 3747 1948 qua.-
3769 1894 3856 1948 pe-

501 1965 645 2024 sicut
688 1981 718 2022 e
759 1966 1037 2024 contrario
1084 1964 1330 2039 reprobis
1379 1980 1636 2037 magnum
1680 1961 2094 2020 detrimentum.

508 2053 824 2112 Secundum
853 2063 1038 2111 tamen
1067 2054 1360 2128 quemdam
1389 2054 1614 2110 modum
1663 2058 1810 2108 recte
1834 2049 2100 2108 dicuntur

499 2144 676 2202 sancti
720 2145 893 2201 vitam
936 2161 1086 2202 suam
1134 2143 1264 2201 odio
1311 2142 1544 2212 habere;
1586 2157 1650 2198 eo
1697 2139 1845 2214 quod
1878 2145 2098 2213 propter

499 2249 744 2291 amorem
772 2235 900 2291 vite
929 2241 1146 2292 eterne
1177 2234 1235 2290 in
1266 2232 1558 2291 fastidium
1593 2231 1672 2288 eis
1701 2231 1818 2286 vita
1857 2244 2096 2302 praesens

501 2317 770 2394 vertatur,
825 2325 969 2381 sicut
996 2323 1285 2380 Psalmista
1311 2322 1602 2394 deplorans
1630 2318 1882 2376 dicebat:
1929 2342 1948 2366 ι
1975 2319 2098 2374 Heu

500 2410 680 2469 mihi!
726 2413 859 2486 quia
897 2411 1172 2469 incolatus
1211 2427 1366 2467 meus
1395 2410 1751 2484 prolongatus
1791 2415 1875 2464 est
1916 2407 2091 2480 (Psal.

499 2517 654 2571 cxrx,
683 2502 765 2574 ὅ).
799 2527 818 2552 ι
882 2503 1154 2560 Dominus
1197 2517 1414 2576 quoque
1463 2500 1601 2557 dicit
1645 2499 1704 2556 in
1749 2497 2090 2572 Evangelio:

513 2621 532 2646 ι
562 2596 670 2666 Qui
701 2605 847 2654 amat
875 2597 1114 2654 animam
1141 2612 1318 2665 suam,
1353 2593 1542 2668 perdet
1574 2609 1692 2651 eam
1726 2610 1738 2650 :
1771 2600 1826 2650 et
1851 2591 1947 2666 qui
1977 2590 2095 2647 odit

499 2686 742 2744 animam
773 2703 927 2744 suam
971 2687 1029 2742 in
1075 2687 1181 2742 hoc
1222 2685 1450 2755 mundo,
1505 2684 1564 2740 in
1613 2683 1786 2740 vitam
1833 2691 2094 2739 eternam

500 2775 746 2834 custodit
773 2794 891 2834 eam
935 2777 1116 2848 (Joan.
1155 2791 1258 2845 xu,
1293 2776 1408 2847 25).
1441 2799 1459 2823 ι
1519 2774 1659 2832 Cum
1706 2773 1854 2829 enim
1894 2771 1953 2827 in
1989 2770 2095 2828 hoc

507 2866 716 2923 mundo
728 2866 864 2924 dicit
879 2867 1020 2938 (17),
1035 2866 1373 2922 demonstrat
1385 2862 1662 2938 quomodo
1673 2862 1778 2918 hoc
1789 2860 2094 2932 intelligere

502 2955 818 3012 debeamus.
855 2979 874 3002 ι
896 2954 1001 3022 Qui
1030 2962 1178 3009 amat
1205 2953 1424 3025 (igitur)
1446 2952 1688 3007 animam
1717 2967 1869 3006 suam
1901 2949 1960 3004 in
1989 2947 2094 3004 hoc

503 3044 736 3110 mundo,
785 3045 844 3100 in
887 3044 1061 3100 vitam
1086 3050 1344 3098 eternam
1387 3039 1628 3098 custodit
1668 3054 1808 3107 eam,
1840 3063 1860 3086 ι
1903 3037 1960 3093 id
1989 3046 2090 3105 est,

501 3135 810 3192 secundum
842 3135 1102 3192 saeculum
1133 3132 1320 3206 perdet
1350 3149 1468 3189 eam
1503 3149 1514 3188 :
1563 3155 1582 3179 ι
1609 3138 1664 3187 et
1692 3129 1786 3204 qui
1817 3129 1934 3186 odit
1957 3129 2093 3185 ani-

2201 1963 2350 2034 perit
2367 1965 2681 2022 masculum.
2735 1965 2944 2024 Videris
2971 1965 3227 2024 diabolus
3252 1982 3308 2022 se
3333 1966 3676 2024 maximam
3711 1969 3855 2023 mul-

2207 2051 2506 2110 titudinem
2561 2055 2862 2112 electorum
2918 2055 3187 2124 amisisse,
3243 2062 3298 2111 et
3343 2054 3495 2112 intra
3528 2057 3846 2129 angustias

2205 2140 2459 2197 cordium
2486 2143 2844 2216 reproborum
2869 2151 2985 2200 esse
3013 2145 3354 2210 conclusum,
3385 2152 3750 2215 persecutus
3767 2153 3844 2202 est

2205 2230 2520 2300 mulierem,
2551 2231 2608 2288 id
2636 2239 2720 2288 est
2747 2233 3047 2290 Ecclesiam
3075 2251 3088 2300 ;
3127 2231 3430 2288 concitavit
3454 2232 3622 2289 enim
3660 2234 3844 2306 impe-

2204 2327 2412 2374 ratores
2435 2321 2826 2389 Romanorum,
2858 2336 3184 2394 omnemque
3219 2320 3668 2378 multitudinem
3718 2323 3839 2379 im-

2203 2405 2422 2480 piorum
2451 2407 2520 2464 ad
2545 2408 2977 2482 persequendum
2999 2409 3268 2482 populum
3296 2409 3420 2465 Dei.
3481 2440 3490 2446 ~

2275 2509 2457 2581 (Vere.
2501 2509 2614 2580 i4.)
2662 2512 2738 2567 Et
2780 2511 2916 2567 data:
2941 2517 3066 2566 sunt
3090 2510 3307 2566 mulieri
3335 2511 3455 2566 duae
3478 2513 3590 2567 alar
3616 2513 3835 2584 aquila

2200 2618 2424 2673 magnae,
2451 2606 2511 2655 ut
2535 2602 2740 2656 volaret
2766 2602 2824 2656 in
2850 2601 3108 2657 desertum
3145 2601 3206 2656 in
3255 2601 3422 2656 locum
3461 2617 3626 2658 suum
3661 2621 3690 2668 ;
3739 2603 3831 2658 ubi

2201 2691 2370 2747 alitur
2401 2707 2500 2762 per
2546 2695 2764 2760 tempus,
2805 2696 2854 2744 et
2885 2696 3140 2760 tempora,
3171 2695 3218 2744 et
3241 2687 3521 2744 dimidium
3551 2691 3826 2761 temporis

2201 2804 2236 2842 a
2281 2785 2418 2856 facie
2462 2785 2732 2858 serpentis.
2785 2786 2887 2842 Per
2930 2787 3170 2859 aquilam
3201 2783 3480 2842 Christum
3507 2801 3827 2856 possumus

2204 2876 2550 2950 intelligere:
2610 2877 2733 2934 due
2788 2891 2920 2932 vero
2969 2877 3070 2932 ale
3117 2875 3229 2932 duo
3275 2884 3404 2932 sunt
3429 2875 3820 2935 Testamenta.

2202 2966 2336 3022 Due
2367 2966 2537 3038 igitur
2563 2967 2661 3022 ale
2691 2965 2832 3022 date
2860 2972 2990 3021 sunt
3016 2964 3259 3034 mulieri,
3291 2963 3420 3036 quia
3445 2963 3558 3020 duo
3605 2964 3822 3022 Testa-

2203 3061 2388 3110 menta
2413 3053 2659 3110 Ecclesia
2684 3054 2896 3127 accepit
2926 3071 2940 3121 ;
2989 3060 3052 3108 ut
3093 3069 3282 3109 eorum
3319 3051 3575 3109 doctrina
3603 3061 3663 3109 et
3695 3053 3815 3110 dia-

2201 3142 2389 3199 bolum
2418 3143 2633 3212 evadat,
2659 3151 2714 3198 et
2741 3142 2810 3199 ad
2836 3144 3112 3200 caelestem
3144 3141 3376 3216 patriam
3407 3141 3662 3215 quotidie
3675 3161 3812 3202 con-

499 3239 644 3280 mam
687 3239 840 3280 suam
873 3223 931 3279 in
979 3222 1083 3279 hoc
1113 3221 1342 3292 mundo.
1373 3245 1392 3268 '
1449 3220 1507 3277 id
1535 3227 1634 3310 θὲῑι
1667 3217 1966 3310 33011“de
1996 3233 2090 3274 339'
2122 3243 2165 3304 c
2199 3235 2442 3293 scendat.
2466 3237 2617 3292 Hanc
2635 3251 2868 3310 namque
2886 3235 3118 3308 patriam
3138 3235 3808 3308 desertumvocat,quem-

497 3314 708 3382 culum,
755 3339 773 3362 ι
803 3313 862 3368 in
893 3313 1063 3368 vitam
1094 3319 1352 3368 eternam
1383 3309 1624 3368 custodit
1651 3324 1790 3365 eam.
1821 3331 1841 3356 ι
1870 3308 2092 3364 Amato-

498 3419 583 3460 res
611 3402 805 3460 mundi
833 3403 1048 3460 animas
1088 3417 1213 3458 suas
1239 3407 1424 3456 amant
1455 3398 1759 3456 secundum
1793 3397 2086 3464 seculum;

495 3492 625 3566 quia
652 3491 721 3548 ab
746 3491 848 3548 hac
867 3491 984 3546 vita
1004 3490 1259 3563 presenti
1280 3505 1560 3562 nunquam
1587 3487 1792 3544 vellent
1817 3487 2086 3555 recedere,

493 3590 557 3639 ut
585 3597 798 3655 semper
828 3581 1110 3638 luxuriose
1152 3587 1376 3654 possent
1407 3579 1592 3634 vivere
1624 3578 1764 3649 (18).
1809 3577 1906 3634 Ille
1935 3575 2088 3632 dives

492 3670 732 3728 animam
765 3686 920 3726 suam
950 3669 1251 3726 secundum
1279 3669 1540 3726 seculum
1571 3665 1854 3739 diligebat,
1885 3663 1983 3738 qui
2006 3663 2086 3720 di-

491 3757 684 3816 cebat:
734 3783 752 3805 κ
781 3757 1003 3826 Anima,
1034 3756 1201 3813 habes
1227 3757 1400 3813 multa
1428 3757 1575 3813 bona
1616 3755 1793 3829 posita
1820 3755 1880 3810 in
1915 3770 2088 3810 annos

491 3849 782 3923 plurimos,
827 3851 1068 3922 epulare,
1111 3848 1437 3922 jucundare,
1485 3858 1540 3906 et
1569 3847 1764 3904 satiare
1795 3847 1946 3919 (Luc.
1979 3863 2082 3915 xu,

383 3955 390 3962 '
494 3938 608 4011 19).
634 3963 652 3988 ι
709 3939 895 3997 Sancti
941 3956 1071 3996 vero
1100 3939 1195 4012 qui
1227 3939 1425 3995 nolunt
1451 3935 1786 3996 conformari
1829 3935 1962 3992 huic
1988 3953 2082 3993 se-

489 4025 636 4096 culo,
661 4026 808 4086 sicut
834 4027 971 4085 dicit
998 4027 1298 4100 Apostolus
1331 4027 1510 4100 (Rom.
1531 4044 1635 4096 xu,
1665 4025 1746 4099 2),
1776 4025 1871 4083 sed
1897 4023 2084 4080 refor-

489 4121 629 4177 mari
655 4121 715 4177 in
759 4121 1006 4178 novitate
1031 4138 1222 4179 sensus
1249 4121 1512 4194 spiritalis
1536 4138 1548 4176 :
1579 4121 1674 4194 qui
1701 4137 1813 4176 non
1843 4118 2084 4192 diligunt

489 4211 782 4280 mundum,
810 4228 987 4284 neque
1016 4229 1077 4269 ea
1103 4229 1224 4286 que
1254 4213 1313 4268 in
1344 4211 1551 4268 mundo
1580 4219 1712 4269 sunt
1740 4213 1799 4285 (Ι
1827 4211 1986 4266 Ιοαη.
2016 4225 2080 4279 n,

490 4302 620 4373 £5):
654 4302 750 4376 qui
778 4301 976 4358 nolunt
999 4317 1116 4358 esse
1138 4301 1303 4358 amici
1331 4301 1519 4358 seculi
1547 4299 1732 4372 hujus,
1763 4315 1832 4356 ne
1861 4299 2080 4356 inimici

486 4389 586 4447 Dei
612 4389 1022 4446 constituantur
1051 4389 1192 4461 (Jac.
1223 4407 1300 4458 1v,
1337 4388 1394 4460 4)
1431 4406 1444 4444 :
1477 4387 1606 4445 odio
1633 4387 1836 4445 habent
1865 4386 2079 4444 animas

485 4497 611 4539 suas
639 4481 698 4536 in
737 4481 844 4538 hoc
875 4480 1104 4550 mundo,
1138 4480 1195 4538 id
1224 4488 1327 4550 est,
1357 4496 1470 4536 non
1498 4480 1740 4554 diligunt
1767 4497 1857 4537 eas
1885 4496 2075 4538 secun-

2201 3325 2496 3382 admodum
2543 3333 2598 3381 et
2643 3324 2914 3381 Dominus
2959 3323 3098 3381 dicit
3152 3323 3210 3379 in
3252 3323 3556 3397 Evangelio
3590 3366 3609 3394 ,
3677 3341 3808 3382 cum

2201 3431 2258 3471 se
2286 3415 2585 3488 nonaginta
2613 3429 2812 3470 novem
2835 3427 2967 3468 oves
2995 3411 3055 3468 in
3084 3410 3300 3468 deserto
3327 3411 3475 3468 dixit
3493 3411 3804 3482 dimisisse,

2199 3512 2253 3560 et
2298 3520 2466 3560 unam
2515 3503 2716 3559 abiisse
2762 3517 3024 3576 querere,
3057 3517 3177 3574 que
3202 3508 3479 3556 erraverat
3511 3501 3666 3572 (Luc.
3700 3519 3801 3573 xv,

2195 3591 2338 3665 4-7).
2369 3593 2523 3650 Hanc
2551 3591 2780 3666 patriam
2811 3591 2989 3646 locum
3020 3588 3282 3646 Ecclesiae
3306 3597 3487 3658 vocat,
3516 3589 3662 3646 sicut
3684 3591 3804 3664 ipse

2196 3683 2256 3740 in
2293 3681 2506 3755 judicio
2542 3681 2792 3738 dicturus
2832 3685 2946 3736 est:
3022 3702 3042 3726 ι
3069 3678 3287 3746 Venite,
3317 3677 3596 3735 benedicti
3620 3679 3802 3737 Patris

2195 3772 2324 3841 mei,
2371 3769 2637 3844 percipite
2679 3785 2905 3840 regnum
2949 3765 3095 3841 quod
3135 3765 3294 3822 vobis
3335 3774 3584 3838 paratum
3613 3775 3696 3824 est
3723 3767 3794 3825 ab

2194 3859 2407 3933 origine
2436 3859 2628 3916 mundi
2651 3859 2864 3930 (Matth.
2896 3873 3034 3926 xxv,
3067 3855 3180 3926 34).
3220 3879 3242 3905 ι
3285 3855 3388 3912 Per
3415 3861 3634 3928 tempus
3660 3871 3797 3922 vero

2131 3983 2150 4000 ο
2193 3957 2248 4006 et
2289 3957 2562 4022 tempora,
2610 3954 2665 4004 et
2693 3945 2988 4003 dimidium
3027 3943 3309 4017 temporis,
3342 3951 3562 4016 tempus
3608 3961 3641 4001 a
3671 3961 3790 4018 pas-

2192 4039 2347 4096 sione
2389 4037 2601 4098 Christi
2632 4053 2804 4110 usque
2832 4035 2900 4092 ad
2928 4035 3097 4092 finem
3128 4033 3323 4090 mundi
3347 4032 3684 4106 designatur.
3715 4035 3781 4092 In

2192 4129 2298 4186 hoc
2325 4145 2454 4202 ergo
2480 4127 2657 4200 spatio
2685 4135 2996 4198 temporum
3021 4123 3220 4182 anime
3236 4131 3572 4192 sanctorum,
3593 4122 3650 4180 id
3678 4132 3780 4193 est,

2189 4222 2456 4291 Ecclesia,
2509 4221 2742 4294 dapibus
2785 4219 2972 4294 glorie
3001 4219 3239 4278 celestis
3267 4219 3460 4293 patrie
3489 4216 3551 4276 in
3574 4217 3778 4276 celesti

2188 4312 2528 4371 beatitudine
2557 4319 2875 4384 pascuntur.

2261 4410 2568 4482 (νει-ωδ.)
2585 4411 2659 4466 Et
2675 4409 2820 4465 misit
2847 4424 3058 4480 serpens
3076 4423 3244 4464 exere
3261 4425 3356 4464 suo
3375 4410 3497 4480 post
3508 4403 3776 4463 mulierem

2186 4516 2388 4570 aquam
2418 4507 2671 4571 tanquam
2689 4501 2903 4570 flumen,
2929 4505 3117 4554 uteam
3141 4496 3339 4569 faceret
3354 4497 3533 4552 trahia
3562 4497 3773 4568 ﬂumine

483 4569 621 4672 dnin
651 4571 937 4672 δωῇυίιξωι
955 4573 1046 4628 sed
1075 4571 1378 4628 secundum
1397 4571 1593 4672 Delli“:
1615 4587 1714 4672 Ρῖο
1741 4569 1902 4668 cuius
1929 4585 2075 4672 ἣξηο·
2104 4607 2153 4667 D
2183 4569 2415 4646 Flumen
2446 4569 2600 4662 aque
2632 4569 2903 4645 desideria
2925 4596 3054 4644 sunt
3076 4586 3338 4654 carnalia;
3360 4586 3555 4642 videns
3575 4585 3768 4658 quippe

483 4673 542 4716 τθ
569 4666 890 4717 "mmora
927 4669 1129 4750 (ξυηοίθι
1174 4666 1556 4728 contemnunt:
1606 4667 1668 4716 πῖ
1695 4675 1785 4750 lia?
1813 4666 1874 4714 in
1903 4666 2074 4750 Vna“!
2105 4666 2136 4667 Π
2185 4678 2438 4736 diabolus
2458 4677 2760 4735 Ecclesiam
2779 4694 2889 4734 non
2911 4693 3068 4750 posse
3087 4675 3251 4748 dejici
3281 4675 3762 4748 persecutionibus,

481 4757 740 4806 eternam
770 4749 1106 4808 custodiant;
1161 4751 1282 4807 Non
1329 4749 1646 4806 dilexerunt
1692 4749 1861 4821 igitur
1901 4747 2076 4804 sancti

482 4837 694 4896 animas
723 4855 850 4896 suas
875 4855 1048 4913 usque
1075 4839 1144 4896 ad
1173 4847 1427 4908 mortem,
1467 4838 1561 4912 qui
1599 4854 1690 4895 eas
1732 4837 1790 4893 in
1819 4827 2074 4909 presenti

481 4927 600 4985 vita
628 4945 845 4986 servare
871 4931 1188 4999 noluerunt,
1241 4937 1305 4986 ut
1331 4929 1612 4989 Christum
1646 4936 1904 5000 negarent
1931 4945 1944 4984 :
1977 4927 2070 4983 sed

481 5033 582 5091 pro
603 5017 812 5075 Christi
841 5019 1067 5076 nomine
1097 5019 1238 5075 mori
1269 5019 1452 5092 potius
1479 5020 1778 5092 elegerunt,
1808 5025 1871 5074 ut
1895 5033 1983 5074 eas
2011 5017 2071 5072 in

481 5108 652 5167 vitam
683 5117 938 5165 eternam
981 5111 1314 5168 invenirent.

552 5207 736 5281 (Vers.
775 5206 890 5278 12.)
933 5207 1226 5280 Propterea
1260 5210 1533 5276 laetemini,
1565 5210 1698 5278 celi,
1728 5216 1776 5264 et
1801 5209 1894 5280 qui
1921 5207 2065 5264 habi-

477 5298 601 5354 tatis
627 5298 687 5353 in
714 5297 809 5354 eis.
839 5298 1132 5354 Possumus
1157 5314 1253 5370 per
1301 5298 1466 5354 coelos
1493 5307 1548 5355 et
1577 5298 1910 5356 habitatores
1945 5314 2067 5354 ce-

478 5389 659 5444 lorum
708 5386 955 5444 diversas
1001 5385 1276 5443 Ecclesias
1303 5385 1628 5457 intelligere,
1676 5403 1797 5460 que
1824 5401 1934 5442 una
1959 5393 2060 5442 est.

477 5475 810 5548 Precipitur
858 5475 1030 5548 igitur
1079 5474 1212 5532 ﬁliis
1265 5473 1524 5531 Ecclesie
1573 5483 1634 5531 ut
1681 5475 1954 5544 letentur,
1997 5489 2062 5530 eo

551 5613 670 5686 (17)
702 5613 944 5671 Aberant
969 5615 1036 5672 ab
1065 5614 1222 5684 edit.,
1255 5631 1370 5670 cum
1391 5613 1526 5669 enim
1556 5615 1610 5670 in
1639 5616 1732 5671 hoc
1759 5612 1954 5672 "tundo
1982 5611 2061 5686 di-

474 5683 755 5760 utiusque
797 5686 867 5742 ad
895 5692 1158 5742 amatores
1203 5683 1432 5760 mundi:
1476 5701 1596 5760 que
1634 5703 1735 5744 nos
1773 5703 1803 5744 θ
1846 5683 2060 5742 cunctis

473 5769 605 5814 mss.
637 5753 698 5810 in
725 5753 908 5812 locum
935 5772 1095 5814 suum
1121 5758 1484 5829 reposuimus.

2185 4768 2278 4824 sed
2309 4769 2493 4841 potius
2521 4783 2761 4824 crescere
2802 4774 2856 4824 et
2884 4765 3151 4833 roborari,
3184 4758 3598 4822 multitudinem
3629 4763 3760 4822 desi-

2183 4856 2460 4913 deriorum
2491 4856 2794 4913 carnalium
2823 4854 2876 4912 ei
2906 4851 3204 4910 immittere
3230 4849 3429 4922 voluit,
3466 4851 3662 4927 quibus
3675 4851 3758 4911 de-

2179 4954 2356 5019 cepta,
2389 4946 2457 5003 ad
2487 4947 2628 5002 mala
2656 4961 2818 5018 opera
2854 4945 3060 5018 agenda
3095 4943 3484 5002 retraheretur.

2253 5035 2434 5108 (Vers.
2491 5035 2606 5106 16.)
2655 5036 2728 5091 Et
2758 5033 2965 5104 adjuvit
2993 5041 3138 5090 terra
3158 5033 3454 5101 mulierem,
3487 5037 3537 5087 et
3560 5028 3755 5102 aperuit

2176 5139 2236 5179 os
2288 5140 2464 5189 suum,
2525 5129 2573 5176 et
2604 5123 2828 5195 suscepit
2869 5125 3082 5194 ﬂumen,
3112 5119 3252 5194 quod
3279 5119 3423 5175 misit
3450 5136 3652 5190 serpens
3692 5137 3753 5175 ex

2175 5228 2266 5267 ore
2294 5229 2408 5268 suo.
2464 5212 2760 5268 Possumus
2797 5229 2892 5285 per
2918 5219 3118 5268 terram
3148 5209 3407 5283 reprobos
3436 5207 3746 5280 intelligere,

2174 5300 2268 5374 qui
2327 5308 2667 5373 susceptores
2703 5301 2930 5358 fuerunt
2980 5300 3378 5358 desideriorum
3435 5298 3743 5368 carnalium,

2172 5387 2375 5464 quibus
2405 5389 2658 5447 diabolus
2688 5391 2877 5448 ﬁdeles
2924 5391 3138 5448 irretire
3177 5389 3359 5446 voluit
3385 5396 3441 5446 et
3464 5385 3534 5444 ad
3561 5403 3612 5442 se
3636 5401 3742 5460 per-

2169 5478 2406 5536 trahere.
2443 5479 2740 5536 Possumus
2779 5480 2943 5537 etiam
2971 5497 3068 5554 per
3091 5475 3336 5536 eamdem
3364 5484 3566 5534 terram
3599 5475 3739 5534 Chri-

2241 5614 2358 5688 (18)
2407 5615 2582 5696 Edit.,
2622 5615 2728 5696 sed,
2749 5632 2949 5690 semper
2987 5615 3260 5676 luxuriose
3276 5615 3361 5674 hic
3385 5615 3596 5683 vicere;
3617 5631 3732 5675 mss.

2167 5702 2298 5743 vero
2330 5696 2393 5745 ut
2423 5693 2483 5744 in
2509 5693 2793 5746 contextu.
