3964 6366
114 386 257 447 965

1049 386 1505 446 BEBENGAUDI
1543 385 1917 445 EXPOSITIO
1953 386 2027 444 IN
2065 386 2567 445 APOCALYPSIN.

3337 391 3458 450 966

116 522 301 572 stum
352 514 696 588 intelligere;
739 522 795 572 et
838 514 969 588 quia
1007 515 1068 571 in
1120 514 1468 572 sermonibus
1518 513 1746 572 Domini
1794 513 2063 586 Aquitur
2089 512 2321 571 dicens:
2380 539 2397 562 ε
2439 514 2578 572 Cum
2626 514 2948 573 immundus
2990 516 3218 590 spiritus
3265 519 3465 583 exierit

119 620 354 677 magna
394 612 634 677 potestas
679 612 795 660 est:
844 629 863 653 ι
908 604 1065 661 Dixit
1092 605 1262 675 enim,
1308 614 1362 663 et
1408 605 1551 661 facta
1596 612 1748 674 sunt,

116 694 442 751 mandavit
470 703 523 751 et
568 702 747 751 creata
786 703 915 751 sunt
946 694 1118 767 (Psal.
1160 712 1390 764 cxnm,
1422 696 1515 767 5);
1542 720 1562 742 ι
1604 693 1751 750 haud

118 782 389 840 absurde
418 801 514 857 per
561 803 621 842 os
647 794 805 843 terrae
853 793 1089 859 potestas
1131 785 1247 859 ejus
1288 786 1522 857 intelligi
1553 793 1747 857 potest.

138 896 163 921 ε
188 872 442 945 Adiuvit
473 876 647 947 (ergo)
692 884 836 931 terra
877 876 1186 943 mulierem,
1218 902 1237 925 ι
1278 875 1334 931 id
1365 883 1466 943 est,
1500 875 1753 933 Christus

120 962 480 1033 Ecclesiam,
528 989 547 1012 ο
576 974 629 1021 et
675 965 890 1037 aperuit
933 982 994 1021 os
1034 982 1216 1032 suum,
1257 973 1312 1021 et
1354 964 1592 1037 suscepit
1638 964 1751 1019 llu-

120 1067 301 1121 men,
331 1052 479 1125 quod
520 1052 671 1109 misit
712 1070 932 1125 serpens
970 1070 1040 1109 ex
1086 1069 1178 1109 ore
1205 1070 1342 1109 suo:
1374 1080 1393 1102 ι
1436 1053 1493 1109 id
1534 1060 1633 1120 est,
1666 1052 1751 1107 si-

89 1205 93 1207 ,
122 1154 290 1195 num
321 1140 713 1197 misericordiae
742 1158 853 1198 suae
872 1143 1107 1215 aperuit,
1141 1141 1455 1215 flumenque
1484 1142 1750 1198 vitiorum

122 1236 394 1301 potestas
419 1227 537 1299 ejus
571 1230 822 1287 funditus
850 1232 1142 1288 exstinxit.

217 1327 412 1401 (Vers.
463 1329 575 1399 17.)
627 1330 699 1385 Et
728 1330 900 1385 iratus
944 1335 1018 1385 est
1062 1330 1223 1385 draco
1266 1330 1324 1385 in
1362 1332 1657 1397 mulierem,
1707 1338 1755 1387 et

124 1418 288 1475 abiit
308 1421 560 1491 prwlium
596 1420 771 1491 facere
798 1438 915 1476 cum
945 1421 1165 1492 reliquis
1190 1422 1253 1477 de
1280 1421 1470 1477 semine
1497 1422 1632 1491 ejus,
1662 1424 1754 1493 qui

126 1510 455 1564 custodiunt
481 1512 736 1567 mandata
776 1512 895 1580 Dei,
941 1519 991 1567 et
1027 1512 1212 1566 habent
1259 1512 1608 1567 testimonium
1656 1514 1755 1568 Je-

126 1615 228 1655 su.
270 1598 491 1673 Reliqui
531 1600 599 1656 de
641 1601 849 1657 semine
880 1602 1141 1657 Ecclesiae
1192 1602 1350 1659 electi
1386 1609 1535 1670 sunt,
1570 1603 1663 1675 qui
1698 1603 1753 1658 in

128 1687 263 1745 ﬁne
313 1689 510 1745 mundi
552 1691 818 1747 nascituri
860 1700 1009 1747 sunt.
1058 1691 1529 1759 Quemadmodum
1571 1700 1751 1749 autem

130 1778 258 1834 hoc
293 1779 544 1851 praelium
576 1779 831 1837 diabolus
877 1789 1116 1855 peragat,
1157 1780 1214 1836 in
1246 1781 1600 1854 sequentibus
1628 1798 1755 1838 ma-

129 1865 472 1924 nifestatur.

220 1967 413 2040 (Vers.
449 1969 564 2042 l8.)
598 1970 672 2026 Et
698 1971 839 2027 stetit
858 1987 1017 2043 super
1041 1988 1265 2028 arenam
1290 1971 1478 2028 maris.
1508 1971 1610 2028 Per
1637 1987 1751 2027 are-

130 2071 283 2111 nam
332 2057 499 2114 maris
542 2058 844 2115 multitudo
882 2059 1259 2133 reproborum,
1292 2061 1387 2134 qui
1417 2077 1480 2116 eo
1508 2070 1754 2133 tempore

133 2144 330 2202 futuri
369 2156 519 2217 sunt,
551 2147 890 2221 designatur.

218 2242 457 2300 CAPUT
488 2245 637 2302 XIII.
693 2277 759 2288 —
790 2247 971 2318 (Vers.
1018 2248 1097 2319 1.)
1130 2250 1203 2304 Et
1237 2248 1347 2303 vidi
1383 2248 1445 2302 de
1484 2247 1632 2302 mari
1661 2248 1755 2303 be-

137 2333 311 2389 stiam
352 2336 725 2401 ascendentem,
779 2337 1047 2392 habentem
1084 2337 1258 2409 capita
1304 2342 1496 2408 septem
1532 2343 1580 2391 et
1626 2353 1756 2391 cor-

136 2440 265 2479 nua
304 2423 495 2493 decem,
538 2430 588 2479 et
632 2440 789 2496 super
816 2441 1018 2481 cornua
1054 2424 1167 2495 ejus
1209 2426 1377 2481 decem
1432 2426 1750 2482 diademata.

142 2514 286 2571 Hac
330 2513 507 2570 bestia
555 2514 961 2571 Antichristum
1002 2514 1312 2587 signiﬁcat:
1363 2514 1458 2589 qui
1488 2532 1620 2572 vero
1649 2515 1756 2571 de-

137 2603 446 2675 signantur
484 2618 581 2674 per
608 2619 851 2673 arenam,
902 2603 1005 2676 ipsi
1034 2612 1087 2660 et
1116 2620 1212 2676 per
1253 2621 1421 2671 mare,
1455 2603 1754 2660 multitudo

139 2691 371 2748 scilicet
401 2690 781 2763 reproborum.
815 2693 893 2746 De
922 2692 1061 2747 mari
1094 2692 1264 2763 igitur
1294 2691 1469 2748 bestia
1497 2707 1754 2747 conscen-

139 2778 283 2836 dere
312 2779 437 2836 visa
462 2789 572 2847 est;
622 2780 751 2853 quia
779 2779 847 2835 de
888 2779 1147 2835 societate
1192 2779 1552 2850 reproborum
1582 2778 1755 2834 Anti-

145 2868 401 2928 christus
428 2877 704 2941 exsurget,
736 2886 856 2943 quas
886 2868 1062 2925 bestia
1102 2870 1280 2941 capita
1306 2876 1513 2941 septem
1542 2876 1596 2924 et
1623 2885 1755 2924 cor-

142 2976 264 3017 nua
294 2958 489 3017 decem
536 2960 734 3017 habere
783 2959 1133 3017 describitur.
1174 2960 1444 3015 Similiter
1487 2967 1541 3015 et
1588 2958 1756 3015 draco

144 3051 410 3123 superius
457 3057 663 3121 septem
712 3049 889 3121 capita
943 3049 1198 3106 habuisse
1232 3049 1414 3106 dictus
1449 3058 1553 3118 est,
1601 3057 1654 3105 et
1697 3048 1755 3104 in

147 3139 435 3213 capitibus
482 3146 688 3211 septem
741 3132 1089 3196 diademata:
1132 3156 1227 3212 per
1273 3156 1393 3213 quae
1436 3155 1628 3195 omnes
1674 3154 1753 3195 re-

1857 603 1927 659 ah
1954 602 2200 673 homine,
2243 604 2489 661 ambulat
2535 620 2631 677 per
2678 605 2796 662 loca
2840 605 3012 675 arida,
3065 623 3316 680 quaerens
3359 625 3463 665 re-

1860 694 2067 767 quiem,
2096 703 2150 750 et
2173 711 2284 751 non
2315 695 2603 751 inveniens
2631 694 2770 753 dicit
2794 715 2806 752 :
2843 696 3103 753 Revertar
3134 698 3192 753 in
3221 697 3453 757 domum

1860 801 2059 853 meam,
2106 785 2251 840 unde
2279 786 2449 842 exivi.
2495 787 2566 841 Et
2593 803 2718 842 cum
2758 786 2993 855 venerit,
3026 787 3241 843 invenit
3279 788 3459 860 scopis

1860 874 2176 931 mundatam
2210 883 2263 931 et
2295 885 2563 931 ornatam.
2612 876 2684 931 Et
2722 884 2856 933 tunc
2900 874 3076 943 vadit,
3124 883 3178 933 et
3228 878 3462 934 assumit

1860 974 2064 1035 septem
2107 964 2244 1019 alios
2286 964 2512 1037 spiritus
2554 981 2737 1022 secum
2780 966 3069 1037 nequiores
3127 981 3206 1034 se,
3254 973 3311 1023 et
3362 965 3461 1022 in—

1859 1063 2066 1111 trantes
2097 1054 2347 1109 habitant
2369 1055 2445 1110 ibi
2469 1056 2681 1127 (Matth.
2710 1072 2810 1123 xu,
2836 1054 3046 1126 43-45).
3078 1081 3097 1104 ι
3130 1056 3461 1113 Immundus

1861 1144 2087 1216 spiritus
2109 1143 2286 1201 exivit
2313 1144 2383 1200 ab
2414 1143 2661 1212 homine,
2695 1143 2914 1217 quando
2945 1144 3202 1201 diabolus
3229 1145 3408 1202 exivit
3432 1161 3465 1202 a

1862 1234 2086 1301 Iudaeis,
2117 1252 2244 1291 cum
2278 1236 2450 1307 legem
2485 1244 2835 1307 acceperunt.
2871 1235 3192 1292 Ambulavit
3222 1253 3318 1308 per
3344 1237 3464 1294 loca

1862 1325 2034 1393 arida,
2082 1324 2139 1381 id
2189 1334 2289 1395 est,
2348 1341 2444 1396 per
2504 1325 2750 1397 gentium
2793 1325 3065 1393 nationes,
3120 1343 3240 1400 quae
3293 1326 3463 1383 arida

1862 1425 2052 1481 erant;
2104 1417 2235 1488 quia
2292 1416 2629 1473 viriditatem
2669 1416 2799 1473 ﬁdei
2841 1433 2954 1474 non
2992 1416 3286 1473 habebant.
3339 1417 3460 1473 Non

1863 1504 2077 1560 invenit
2107 1504 2186 1562 ibi
2214 1505 2480 1578 requiem,
2504 1505 2634 1579 quia
2660 1505 2919 1563 veniente
2946 1505 3167 1565 Christo
3189 1507 3248 1562 in
3273 1521 3460 1576 carne,

1864 1601 2051 1665 gentes
2076 1610 2210 1667 quas
2238 1594 2336 1651 diu
2363 1602 2634 1664 tenuerat,
2685 1596 2889 1651 amisit.
2929 1595 3113 1653 Rediit
3140 1596 3200 1653 in
3229 1596 3459 1653 domum

1861 1699 2039 1752 suam,
2088 1682 2235 1739 unde
2291 1682 2503 1750 exivit;
2555 1684 2685 1757 quia
2729 1684 2798 1740 ad
2844 1684 3061 1742 Iudaeos
3103 1684 3491 1757 possidendas,

1861 1786 2113 1826 reversus
2142 1778 2243 1839 est,
2287 1787 2352 1827 eo
2395 1772 2542 1844 quod
2587 1773 2645 1829 in
2690 1772 2972 1830 Christum
3006 1774 3227 1830 credere
3255 1774 3461 1831 nolue-

1780 1869 1827 1930 Β
1866 1857 2000 1916 rint.
2051 1861 2268 1917 Invenit
2322 1862 2549 1919 domum
2612 1863 2925 1920 Iudaeorum
2977 1874 3285 1934 vacantem,
3331 1864 3462 1938 quia

1865 1947 2148 2006 Christum
2211 1949 2483 2024 hospitem
2539 1970 2651 2011 non
2705 1954 3004 2011 habebant.
3092 1955 3461 2023 Quaarendum

1864 2053 1994 2095 vero
2020 2038 2179 2095 nobis
2208 2048 2308 2108 est,
2340 2058 2439 2098 cur
2467 2059 2559 2099 eas
2588 2051 2798 2100 mentes
2827 2060 2949 2117 quae
2979 2046 3158 2101 Deum
3187 2044 3456 2101 habitato-

1863 2144 1976 2183 rem
2016 2145 2128 2185 non
2168 2130 2462 2199 habebant,
2518 2131 2810 2189 mundatas
2861 2140 2917 2189 et
2961 2141 3182 2191 ornatas
3228 2134 3457 2190 dixerit.

1862 2222 2007 2279 550
2054 2216 2160 2272 Sed
2190 2218 2464 2275 mandatae
2491 2227 2646 2276 erant
2671 2220 2914 2291 diabolo,
2969 2237 3083 2279 non
3111 2223 3259 2291 Deo;
3312 2222 3461 2296 quod

1863 2314 2011 2370 enim
2037 2315 2308 2372 mundum
2328 2324 2412 2373 est
2439 2317 2497 2372 in
2526 2327 2826 2391 conspectu
2852 2319 2976 2389 Dei,
3006 2318 3358 2376 immundum
3379 2320 3459 2377 vi-

1861 2404 2024 2462 detur
2055 2405 2311 2464 diabolo:
2359 2415 2413 2465 et
2441 2408 2589 2481 quod
2614 2409 2965 2465 immundum
2993 2419 3076 2466 est
3100 2412 3233 2479 Deo,
3288 2425 3461 2465 mun-

1863 2492 1995 2551 dum
2024 2502 2106 2551 est
2131 2495 2374 2552 diabolo.
2423 2497 2560 2552 Nam
2589 2497 2733 2554 sicut
2762 2497 3032 2554 scarabaeo
3062 2497 3326 2553 mundius
3364 2497 3462 2553 vi-

1862 2584 2025 2641 detur
2051 2592 2260 2642 stercus
2287 2585 2585 2656 cujuslibet
2611 2587 2914 2642 animantis
2951 2586 3095 2657 (25),
3144 2602 3309 2658 quam
3339 2586 3458 2659 qui-

1864 2673 2001 2730 libet
2040 2675 2196 2730 cibus
2226 2674 2466 2730 mundus
2495 2684 2658 2747 atque
2684 2674 3063 2741 delectabilis;
3118 2674 3197 2730 ita
3237 2682 3291 2730 et
3343 2673 3457 2730 dia-

1862 2762 2024 2819 bolus
2052 2763 2175 2835 plus
2203 2762 2388 2833 diligit
2413 2778 2476 2819 ea
2503 2763 2690 2831 corda,
2713 2779 2833 2836 quae
2863 2763 3122 2820 omnibus
3151 2762 3306 2819 vitiis
3329 2771 3458 2821 sunt

1864 2852 2085 2923 repleta,
2130 2869 2292 2925 quam
2341 2868 2403 2908 ea
2448 2868 2569 2925 qua
2614 2853 2829 2909 cunctis
2870 2852 3175 2910 virtutibus
3221 2853 3454 2926 pollent.

1863 2942 2049 3015 Scopae
2076 2952 2259 2999 autem
2287 2952 2436 3011 sunt,
2455 2960 2575 3016 qua:
2604 2943 2828 3000 domum
2860 2959 2893 2999 a
2920 2944 3238 3018 quisquiliis
3265 2961 3456 3002 emun-

1863 3036 2018 3093 dant.
2072 3036 2246 3092 Habet
2275 3036 2446 3108 igitur
2476 3038 2624 3092 Deus
2656 3052 2847 3109 scopas
2879 3052 3026 3108 suas,
3066 3036 3233 3094 habet
3260 3047 3316 3095 et
3342 3037 3456 3096 dia-

1863 3126 2064 3184 bolus:
2106 3142 2281 3199 scopas
2326 3126 2423 3182 Dei
2473 3134 2623 3195 sunt,
2655 3142 2776 3200 quae
2827 3126 3055 3184 domum
3101 3126 3220 3199 ejus
3264 3144 3456 3186 einun-

152 3227 383 3300 probos,
416 3226 620 3300 quibus
648 3227 898 3285 diabolus
926 3227 996 3284 ad
1024 3227 1411 3300 decipiendum
1442 3244 1613 3299 genus
1641 3226 1758 3282 hu-
1785 3226 1828 3287 C
1864 3217 2019 3285 dam.
2074 3227 2137 3274 ιιι
2177 3218 2234 3273 in
2263 3233 2327 3273 ea
2355 3218 2469 3290 ipse
2511 3216 2758 3273 habitare
2785 3217 2978 3289 P035“:
3024 3218 3284 3276 νίάείίοθι
3326 3235 3453 3276 c011-

151 3334 385 3375 manum
427 3335 560 3375 usus
610 3328 710 3389 est,
760 3319 1005 3376 diximus
1051 3320 1220 3375 fuisse
1268 3319 1595 3392 designatos.
1631 3319 1757 3375 Haec

151 3415 343 3463 autem
367 3406 542 3464 bestia
580 3424 691 3464 non
716 3409 774 3464 in
806 3407 1100 3480 capitibus,
1132 3408 1225 3463 sed
1255 3407 1313 3462 in
1345 3409 1531 3464 decem
1562 3407 1757 3463 corni-

152 3496 262 3553 bus
278 3495 473 3551 decem
504 3496 815 3552 diademata
840 3496 1098 3552 habuisse
1126 3496 1491 3563 describitur;
1526 3495 1757 3567 ideoque

154 3601 257 3658 per
314 3585 505 3642 decem
552 3601 758 3642 cornua
810 3594 995 3657 gentes
1042 3601 1176 3657 quas
1216 3584 1323 3641 sibi
1379 3584 1757 3640 Antichristus

154 3673 553 3746 subjugaturus
598 3682 699 3741 est,
730 3673 1118 3745 designantur:
1161 3681 1367 3746 septem
1410 3690 1541 3729 vero
1578 3673 1758 3746 capita

155 3772 367 3837 septem
396 3765 534 3820 vitia
576 3764 902 3836 principalia
938 3763 1244 3836 designant.
1287 3765 1359 3819 Et
1388 3771 1450 3819 ut
1476 3764 1757 3837 sequentia

158 3853 361 3910 melius
389 3852 779 3926 intelligamus,
821 3853 1027 3925 placuit
1073 3852 1213 3907 mihi
1244 3851 1300 3908 in
1347 3854 1757 3909 enumeratione

158 3940 428 3997 vitiorum
477 3940 841 3997 Prudentium
881 3940 1035 4014 sequi
1069 3941 1209 4012 (19),
1252 3940 1348 4014 qui
1397 3940 1465 3997 de
1493 3939 1757 3997 conﬂictu

161 4030 427 4086 vitiorum
448 4038 612 4105 atque
648 4030 923 4087 virtutum
954 4030 1167 4103 egregie
1196 4030 1447 4086 versibus
1474 4029 1756 4087 disseruit.

160 4118 408 4177 Primum
438 4136 674 4193 namque
701 4120 903 4177 vitium
943 4122 1126 4193 posuit
1154 4120 1428 4178 culturam
1458 4118 1753 4189 idolorum,

161 4206 465 4265 secundum
508 4208 820 4278 libidinem,
879 4210 1103 4266 tertium
1150 4208 1311 4278 iram,
1361 4217 1618 4282 quartum
1664 4224 1756 4263 su-

164 4299 431 4371 perbiam,
465 4300 724 4371 quintum
773 4300 1075 4356 luxuriam.
1109 4301 1374 4369 Quamvis
1403 4302 1552 4358 enim
1582 4300 1757 4357 libido

165 4387 243 4443 ita
298 4388 503 4442 inserta
555 4387 628 4443 sit
674 4389 932 4456 luxuriae,
980 4388 1124 4446 sicut
1169 4391 1393 4462 aliquod
1448 4389 1756 4446 membrum

165 4475 420 4549 corpori:
474 4492 574 4548 pro
601 4492 709 4549 qua
744 4494 802 4534 re
846 4477 964 4549 (20)
1014 4495 1046 4535 a
1084 4478 1337 4535 Patrihus
1378 4495 1476 4550 pro
1523 4477 1756 4534 libidine

1864 3308 2029 3367 fessio
2082 3316 2450 3379 peccatorum,
2501 3308 2845 3379 pmnitentia,
2890 3308 3169 3379 lacrymae,
3221 3317 3276 3365 et
3317 3309 3454 3367 elec-

1865 3413 2142 3469 mosynaa:
2184 3412 2360 3468 scopa:
2389 3395 2598 3451 diaboli
2628 3404 2776 3463 sunt,
2827 3411 2948 3468 quas
2993 3396 3297 3453 secundum
3325 3415 3453 3455 eum

1864 3486 2090 3542 domum
2120 3485 2295 3557 ipsius
2328 3492 2602 3551 evertunt,
2652 3484 2863 3540 scilicet
2894 3499 3049 3539 amor
3077 3486 3288 3551 saeculi,
3319 3485 3453 3543 levi-

1864 3583 1947 3631 tas
1975 3574 2196 3643 mentis,
2246 3582 2594 3646 contemptus
2620 3571 3000 3628 mandatorum
3031 3574 3153 3643 Dei,
3193 3584 3248 3631 et
3277 3576 3456 3633 multa

1864 3665 1991 3721 alia.
2021 3666 2236 3736 Septem
2272 3680 2402 3719 vero
2436 3664 2685 3735 spiritus,
2718 3679 2854 3735 quos
2881 3661 3136 3719 diabolus
3164 3679 3349 3721 secum
3379 3682 3457 3722 as-

1863 3755 2118 3825 sumpsit,
2174 3760 2381 3826 septem
2424 3760 2555 3808 sunt
2600 3751 2737 3809 vitia
2783 3751 3147 3824 principalia:
3197 3769 3324 3809 cum
3391 3754 3461 3811 iis

1864 3859 1992 3915 ergo
2049 3851 2255 3915 septem
2315 3842 2645 3900 satellitibus
2699 3841 2954 3898 diabolus
3012 3841 3231 3898 Iudaeos
3287 3858 3461 3917 usque

1865 3932 2030 3988 modo
2060 3932 2319 4004 possidet.
2375 3932 2481 3988 Sed
2518 3931 2689 4004 quaeri
2713 3938 2911 4003 potest,
2956 3946 3056 3986 cur
3085 3930 3204 3988 haec
3245 3938 3455 4005 septem

1866 4024 2005 4081 vitia
2060 4024 2385 4097 principalia
2434 4023 2656 4079 diabolo
2703 4039 2820 4081 esse
2865 4023 3141 4081 deteriora
3180 4024 3458 4084 dicantur.

1865 4114 2110 4173 Verbum
2140 4114 2300 4171 nobis
2328 4114 2600 4170 deteriora
2626 4121 2756 4170 sunt
2783 4113 2943 4180 vitia,
2972 4131 3136 4188 quam
3160 4115 3456 4173 daemones:

1866 4208 1996 4279 quia
2023 4204 2108 4260 illi
2133 4204 2268 4260 foris
2295 4220 2395 4259 nos
2424 4202 2769 4275 impugnant,
2810 4203 2949 4259 vitia
2982 4213 3166 4261 autem
3195 4204 3455 4262 intrinse-

1865 4311 1963 4352 cus
1989 4311 2090 4351 nos
2127 4293 2341 4351 assidue
2370 4292 2669 4350 debellant.
2726 4292 2864 4349 Nam
2907 4293 3051 4350 sicut
3097 4293 3277 4351 levius
3322 4294 3458 4351 tole-

1865 4392 2058 4441 rantur
2084 4384 2286 4452 hostes,
2343 4385 2438 4457 qui
2478 4382 2825 4441 extrinsecus
2874 4383 3066 4440 urbem
3117 4392 3458 4457 oppugnant,

1865 4491 1929 4532 eo
1957 4474 2104 4548 quod
2130 4491 2317 4532 muros
2349 4474 2587 4531 habeant
2615 4473 2876 4546 objectos,
2927 4490 3090 4547 quam
3143 4474 3185 4528 ii
3227 4475 3326 4546 qui
3372 4474 3456 4530 in-

167 4581 307 4638 saepe
332 4565 554 4623 luxuria
585 4566 925 4639 ponebatur;
959 4576 1143 4624 tamen
1184 4568 1331 4624 inter
1362 4568 1651 4624 libidinem
1702 4577 1758 4625 et
1784 4586 1833 4645 ι)
1862 4566 2133 4622 trinsecus
2174 4564 2337 4637 positi
2379 4564 2495 4636 jam
2541 4564 2823 4620 civitatem
2878 4562 3325 4634 depopulantur:
3382 4562 3461 4618 ita

170 4654 446 4712 luxuriam
483 4654 744 4712 distantia
789 4664 890 4712 est.
935 4656 1163 4713 Sextum
1218 4658 1401 4728 posuit
1443 4658 1751 4727 avaritiam,

171 4744 460 4815 septimum
506 4745 901 4817 blasphemiam
951 4746 1067 4802 sive
1108 4745 1462 4802 discordiam.
1517 4748 1589 4802 Et
1628 4748 1757 4821 quia

174 4848 262 4890 eos
295 4835 389 4907 qui
419 4834 488 4890 iis
515 4835 669 4891 vitiis
707 4834 915 4891 subditi
949 4843 1132 4904 erunt,
1176 4836 1337 4893 facile
1377 4837 1757 4893 Antichristus

174 4919 402 4994 decipiet
446 4924 661 4998 sibique
702 4925 952 4995 sociabit,
997 4934 1142 4983 recte
1188 4943 1284 4998 per
1325 4934 1532 4999 septem
1579 4927 1758 4999 capita

175 5019 374 5084 septem
402 5012 541 5068 vitia
565 5012 939 5085 designantur.

242 5110 317 5167 De
352 5111 423 5169 iis
470 5123 675 5186 septem
706 5113 861 5170 vitiis
900 5114 1172 5171 Dominus
1214 5113 1275 5171 in
1320 5116 1624 5189 Evangelio
1666 5118 1758 5173 lo-

248 5311 360 5383 (19)
384 5311 604 5388 ρωηθξ
637 5312 803 5388 _edit.,
829 5313 1173 5388 prudentium
1209 5314 1354 5385 sequi
1381 5316 1615 5388 vestigia,
1665 5317 1759 5388 qui

181 5380 508 5459 decori/lictis
550 5380 802 5459 uitiorum
829 5380 1017 5456 _atque
1053 5380 1323 5459 uirtutum
1369 5380 1563 5459 egregie
1599 5380 1757 5445 disse-

182 5461 411 5511 ruerunt.
462 5456 705 5511 Primum
743 5474 965 5527 namque
1012 5458 1191 5529 vitium
1240 5456 1548 5529 posuerunt,
1602 5468 1752 5516 etc.:

184 5539 360 5581 omnes
406 5543 535 5582 mss.
582 5543 611 5582 e
663 5528 938 5584 contrario
971 5528 1257 5584 nobiscum
1307 5529 1559 5587 faciunt:
1611 5530 1757 5587 unde

186 5598 521 5673 cognoscitur
540 5597 698 5673 illius
722 5616 758 5673 a
782 5615 891 5673 quo
919 5608 1171 5656 exaratus
1202 5601 1379 5658 fuerat
1424 5603 1518 5673 ille
1557 5602 1753 5672 codex,

187 5682 338 5740 quem
379 5669 763 5750 Dunelmensis
799 5669 1094 5750 episcopus
1141 5673 1308 5745 przelo
1355 5672 1608 5747 subjecit,
1666 5669 1756 5732 vel

189 5752 351 5796 crassa
379 5740 704 5813 ignorantia,
743 5742 830 5799 vel
841 5740 1050 5815 ‘putida
1078 5740 1399 5818 inipostura.

1865 4655 2083 4712 facilius
2126 4656 2431 4710 tolerantur
2472 4652 2769 4716 daemones,
2812 4650 2909 4723 qui
2950 4650 3215 4719 exterius,
3273 4665 3441 4724 quam

1864 4745 2002 4801 vitia
2028 4761 2149 4817 qua
2181 4746 2330 4799 intus
2358 4758 2458 4797 nos
2486 4741 2857 4796 indesinenter
2884 4739 3190 4796 devastant.
3248 4741 3325 4796 Et
3354 4756 3460 4795 su-

1863 4855 1958 4909 per
2011 4836 2186 4908 capita
2238 4835 2350 4905 ejus
2403 4835 2620 4889 nomina
2669 4832 3021 4903 blasphemiae.
3103 4830 3457 4905 Blasphemia

1864 4931 2192 4989 Antichristi
2221 4934 2378 5003 plura
2406 4929 2630 4984 nomina
2655 4926 2879 4985 habebit
2903 4945 2915 4983 :
2948 4927 3079 5000 quia
3108 4928 3304 4985 multis
3330 4946 3446 4987 mo-

1866 5023 1952 5080 dis
1980 5023 2262 5080 Christum
2295 5018 2718 5091 hlasphemavit.

1939 5112 2120 5185 (Vers.
2152 5111 2232 5182 2.)
2262 5111 2337 5166 Et
2365 5108 2525 5164 bestia
2553 5125 2712 5180 quam
2736 5107 2871 5178 vidi,
2898 5107 3093 5165 similis
3119 5116 3239 5166 erat
3251 5109 3454 5182 pardo.

1939 5315 2056 5387 (20)
2097 5313 2298 5369 Eadem
2323 5312 2480 5387 edit,
2500 5327 2601 5387 pro
2625 5327 2733 5383 qua
2759 5327 2817 5367 re
2845 5329 2877 5367 a
2905 5309 3194 5383 pluribus;
3218 5323 3347 5365 mss.
3367 5322 3455 5365 ve-

1866 5384 2086 5461 ro,'_pro
2112 5404 2226 5461 qua
2254 5402 2311 5461 re
2340 5403 2376 5439 a
2406 5384 2679 5440 Patribus.
2838 5456 2847 5461 _
2924 5459 2931 5461 ξ
3110 5452 3146 5461 η
3286 5452 3295 5461 _

1942 5452 2057 5529 (2'1)
2098 5452 2230 5514 Gill.
2262 5457 2320 5512 in
2350 5473 2598 5527 corpore,
2648 5472 2771 5529 nam
2801 5456 2935 5529 sicut
2960 5452 3209 5507 mundius
3241 5452 3456 5529 videtur

1867 5522 2061 5584 stercus
2085 5529 2293 5584 cuilibet
2322 5522 2615 5594 animanli;
2666 5528 2723 5581 in
2765 5524 3006 5596 margine
3036 5533 3286 5580 autem...
3322 5522 3458 5596 qui-

1868 5601 2085 5657 busdam
2148 5600 2507 5657 animantibus
2528 5613 2776 5671 {quam
2834 5596 3271 5671 emendationem
3329 5596 3459 5653 licet

1866 5672 2264 5729 ineptissimam
2296 5674 2454 5729 Rom.
2503 5667 2647 5726 edit.—
2687 5668 2970 5726 transtulit
3012 5667 3073 5724 in
3108 5674 3453 5727 contextum.

1868 5739 1979 5801 Sed
2004 5759 2186 5801 veram
2217 5743 2508 5801 lectionem
2539 5739 2870 5798 exhibemus
2897 5755 2927 5797 e
2956 5755 3089 5798 mss.
