3964 6438
517 377 621 435 967
1530 369 1629 430 AD
1669 373 1902 432 OPERA
1943 375 2000 430 S.
2043 371 2376 432 AMBROSII
2411 371 2788 432 APPENDIX.

513 509 561 558 et
579 502 733 574 pedes
781 500 895 571 eius
937 501 1072 557 sicut
1119 501 1276 574 pedes
1325 501 1461 570 ursi,
1510 505 1559 555 et
1598 517 1656 554 os
1711 500 1824 570 ejus
1863 501 1998 556 sicut
2039 517 2096 556 os
2128 504 2178 563 Α

518 592 680 649 leonis
707 599 842 649 erat.
891 593 993 650 Per
1020 593 1272 666 pardum,
1331 592 1426 665 qui
1465 592 1639 648 fertur
1663 589 1910 647 diversos
1951 592 2102 648 colo-

515 697 602 739 res
630 681 848 752 habere,
905 681 1221 756 hypocrisis
1249 680 1583 738 Antichristi
1613 680 1960 753 designatur:
2007 681 2104 754 qui

514 787 640 829 cum
675 773 899 830 futurus
923 774 994 830 sit
1016 773 1182 830 homo
1203 772 1594 847 nequissimus,
1614 771 1782 827 variis
1801 771 2104 828 virtutibus

515 877 572 918 se
597 861 956 930 decolorabit,
1008 872 1069 918 ut
1096 863 1315 918 facilius
1343 863 1540 918 stultos
1568 877 1810 934 quosque
1844 859 2100 932 decipiat.

514 950 617 1008 Per
645 967 833 1008 ursum
864 968 1015 1020 vero,
1055 952 1148 1023 qui
1180 950 1596 1008 callidissimum
1623 958 1703 1005 est
1732 949 1957 1018 animal,
1987 949 2105 1021 ejus

515 1042 717 1098 astutia
745 1041 811 1098 ad
842 1041 1196 1114 decipiendos
1222 1039 1475 1097 homines
1504 1040 1864 1096 demonstrari
1905 1047 2103 1111 potest.

513 1129 616 1187 Per
645 1131 855 1187 leonem
900 1130 1269 1187 nihilominus
1311 1130 1428 1202 ejus
1459 1130 1752 1187 crudelitas
1799 1129 1865 1185 ad
1907 1129 2102 1185 dilace-

513 1219 746 1275 randum
803 1221 1064 1292 populum
1121 1221 1220 1276 Dei
1284 1221 1618 1292 designatur.
1696 1222 1770 1276 Et
1827 1220 1968 1275 dedit
2017 1221 2104 1276 illi

511 1308 673 1364 draco
705 1309 950 1364 virtutem
980 1326 1151 1379 suam,
1201 1316 1248 1365 et
1272 1317 1575 1382 potestatem
1600 1327 1863 1381 magnam.
1916 1310 2100 1366 Virtu-

512 1405 623 1455 tem
655 1416 810 1456 suam
837 1400 1110 1469 diabolus,
1142 1417 1260 1474 quae
1291 1409 1404 1457 tota
1433 1401 1575 1456 mala
1606 1408 1707 1468 est,
1756 1399 2100 1456 Antichristo

513 1488 705 1557 dabit;
754 1491 883 1563 quia
912 1491 970 1546 in
1002 1489 1100 1547 illo
1127 1489 1419 1559 habitabit,
1469 1500 1522 1547 et
1551 1507 1646 1563 per
1673 1507 1798 1547 eum
1829 1489 2100 1563 quidquid

513 1579 764 1653 nequitia
839 1580 1044 1637 diaboli
1118 1583 1429 1655 excogitare
1492 1591 1688 1654 potest,
1763 1581 2095 1654 operabitur.

516 1667 622 1725 Sed
653 1685 777 1726 cum
805 1669 1088 1743 Scriptura
1120 1671 1303 1728 dicat:
1371 1697 1387 1720 ι
1422 1673 1542 1728 Νοιι
1591 1679 1673 1727 est
1714 1678 1950 1743 potestas
1992 1671 2098 1727 nisi

513 1773 546 1813 a
572 1759 686 1814 Deo
719 1760 892 1828 (Rom.
927 1777 1052 1827 xm,
1088 1761 1164 1833 i),
1198 1785 1218 1810 ι
1273 1760 1548 1835 quomodo
1585 1760 1837 1816 diabolus
1865 1767 2097 1833 potesta-

3738 373 3844 432 968

2289 499 2468 570 (Vers.
2495 501 2576 572 5.)
2609 502 2681 556 Et
2718 501 2902 555 datum
2949 505 3024 554 est
3052 498 3137 555 illi
3179 515 3236 554 os
3283 499 3504 569 loquens
3551 515 3769 569 magna
3801 507 3843 554 et

2213 589 2578 662 blasphemias.
2619 592 2816 646 Datum
2866 598 2966 657 est,
3012 589 3068 645 id
3117 596 3217 657 est,
3277 589 3626 660 permissum
3677 597 3769 645 est
3814 607 3843 645 a

2212 680 2343 746 Deo,
2392 687 2450 735 ut
2496 680 2752 752 loquatur
2799 694 2992 750 magna
3036 677 3102 734 de
3149 679 3467 750 semetipso,
3519 678 3740 735 dicens
3789 696 3842 735 se

2213 783 2326 824 esse
2376 769 2578 824 Filium
2627 769 2746 836 Dei,
2795 775 2849 824 et
2894 778 2956 824 ut
3007 769 3262 840 loquatur
3313 767 3719 839 blasphemias
3779 767 3842 824 de

2213 859 2344 913 Deo.
2389 859 2462 914 Et
2490 859 2613 913 data
2645 865 2717 912 est
2749 859 2833 913 illi
2867 864 3094 929 potestas
3123 857 3298 927 facere
3325 875 3530 912 menses
3568 858 3842 928 quadra-

2211 950 2357 1020 ginta
2385 949 2535 1004 duos.
2569 949 2802 1004 Diﬁicile
2833 949 3073 1016 videtur,
3119 956 3181 1004 ut
3226 947 3285 1002 in
3332 956 3441 1004 tam
3478 947 3840 1020 parvissimo

2212 1047 2474 1112 tempore,
2520 1037 2577 1094 id
2607 1047 2708 1107 est,
2747 1040 2805 1094 in
2835 1039 3012 1095 tribus
3042 1039 3202 1094 annis
3231 1047 3283 1094 et
3323 1039 3590 1106 dimidio,
3634 1055 3839 1094 omnes

2213 1139 2397 1202 gentes
2438 1129 2543 1184 sibi
2589 1127 2877 1199 subjicere,
2923 1138 2976 1184 et
3022 1128 3091 1184 ad
3130 1145 3283 1184 suam
3317 1130 3604 1184 culturam
3658 1144 3839 1200 genus

2212 1217 2514 1274 humanum
2561 1227 2753 1290 praeter
2801 1235 3000 1290 paucos
3051 1219 3250 1274 electos
3298 1218 3471 1290 possit
3501 1217 3833 1283 adducere;

2211 1317 2371 1364 erunt
2399 1308 2547 1364 enim
2593 1308 2755 1364 multi
2785 1309 2968 1377 electi,
3015 1307 3110 1364 sed
3156 1308 3216 1364 in
3245 1308 3674 1379 comparatione
3710 1307 3835 1362 inﬁ-

2211 1400 2416 1456 delium
2470 1401 2628 1456 valde
2673 1399 3009 1472 paucissimi.
3068 1399 3275 1455 Verum
3325 1408 3505 1471 potest
3553 1399 3716 1469 ﬁeri,
3773 1408 3832 1456 ut

2209 1490 2388 1563 primo
2439 1507 2628 1546 omnes
2660 1498 2844 1563 gentes
2886 1507 2997 1545 suae
3047 1489 3249 1546 ditioni
3277 1489 3575 1560 subjiciat:
3631 1500 3832 1562 postea

2209 1597 2340 1636 vero
2371 1580 2428 1634 in
2458 1580 2768 1652 superbiam
2808 1580 3004 1648 elatus,
3035 1595 3090 1634 se
3120 1596 3218 1651 pro
3248 1580 3359 1634 Deo
3390 1580 3499 1635 coli
3531 1579 3826 1634 instituat.

2208 1670 2343 1726 Nam
2373 1669 2515 1726 sicut
2546 1668 2684 1724 mihi
2725 1669 2962 1737 videtur,
3010 1667 3068 1724 in
3099 1668 3276 1724 tribus
3299 1668 3462 1723 annis
3486 1677 3544 1725 et
3573 1668 3830 1725 dimidio

2209 1761 2613 1835 persecutionis
2642 1768 2858 1836 tempus
2885 1762 3268 1818 tantummodo
3293 1761 3825 1834 comprehenditur,

513 1853 624 1904 tem
659 1865 909 1923 magnam
942 1850 1289 1908 Antichristo
1318 1851 1518 1908 dabit?
1555 1853 1700 1907 Deus
1745 1850 1896 1906 dabit
1941 1850 2096 1906 Anti-
2128 1873 2174 1934 B
2207 1853 2264 1907 in
2299 1869 2408 1925 quo
2455 1861 2507 1908 et
2560 1869 2657 1925 per
2696 1870 2770 1922 se,
2823 1860 2876 1909 et
2920 1869 3016 1925 per
3057 1851 3358 1924 discipulos
3403 1867 3555 1920 suos,
3615 1858 3677 1907 et
3730 1868 3829 1924 per

513 1935 722 1994 christo
761 1947 1103 2011 potestatem,
1122 1941 1217 1997 sed
1248 1941 1418 2015 ipsam
1450 1949 1770 2014 potestatem
1801 1942 1859 1998 in
1885 1948 2098 1997 tantum

510 2029 851 2100 permutabit
877 2031 935 2087 in
966 2032 1196 2100 malum,
1228 2038 1292 2088 ut
1318 2038 1434 2088 tota
1459 2030 1733 2089 diabolica
1773 2047 1890 2089 esse
1918 2032 2103 2090 creda-

507 2123 605 2174 tur
630 2127 686 2176 et
712 2118 801 2176 sit.

2212 1943 2583 1999 ostensionem
2635 1943 2913 2015 signorum
2953 1941 3294 1997 mirabilium
3322 1947 3434 1997 tota
3475 1941 3699 1997 virtute
3753 1941 3829 1996 la-

2211 2031 2449 2102 borabit,
2498 2039 2560 2088 ut
2605 2033 2880 2089 culturam
2925 2031 3142 2088 deitatis
3177 2048 3368 2087 omnes
3404 2029 3671 2085 homines
3713 2029 3825 2085 sibi

2214 2122 2555 2195 impendant.
2589 2123 2700 2178 Eos
2738 2131 2919 2178 autem
2959 2121 3053 2194 qui
3097 2120 3470 2178 contradicere
3501 2120 3826 2186 voluerint,

587 2217 772 2290 (Vers.
800 2217 881 2292 3.)
934 2221 1009 2278 Et
1037 2220 1149 2276 vidi
1176 2236 1344 2277 unum
1384 2222 1420 2276 ἀ
1490 2222 1748 2293 capitibus
1792 2222 1904 2292 ejus
1947 2224 2104 2294 quasi
2210 2211 2444 2268 diversis
2484 2219 2538 2268 et
2585 2211 2850 2267 inauditis
2891 2210 3180 2266 tormentis
3225 2210 3466 2282 afﬂiget;
3517 2216 3584 2265 ut
3632 2208 3825 2265 coacti

518 2307 745 2365 occisum
802 2309 859 2364 in
911 2315 1150 2378 mortem,
1199 2317 1249 2365 et
1295 2312 1458 2383 plaga
1511 2311 1698 2366 mortis
1749 2311 1862 2381 ejus
1913 2318 2101 2368 curata

517 2404 610 2454 est.
633 2399 892 2456 Diximus
924 2399 1175 2474 superius
1203 2417 1301 2474 per
1330 2410 1534 2474 septem
1569 2403 1747 2474 capita
1770 2402 2099 2460 Antichristi

513 2494 724 2560 septem
765 2488 903 2546 vitia
933 2489 1257 2564 principalia
1298 2507 1415 2548 esse
1443 2490 1741 2565 designata.
1790 2491 1893 2548 Per
1937 2501 2101 2567 caput

511 2592 640 2650 ergo
676 2578 822 2651 quod
852 2596 953 2637 nec
979 2580 1242 2650 occisum,
1293 2581 1388 2638 sed
1430 2582 1584 2655 quasi
1633 2583 1874 2639 occisum
1917 2583 2097 2640 visum

511 2675 613 2738 est,
657 2669 997 2743 blasphemia
1027 2671 1362 2745 designatur.
1395 2674 1758 2742 Quarendum
1791 2675 1974 2749 itaque
2003 2693 2098 2732 no-

509 2754 596 2813 bis
651 2766 754 2828 est,
815 2761 1091 2832 quomodo
1146 2761 1487 2834 blasphemia
1550 2765 1703 2837 quasi
1756 2765 1934 2822 occisa
1982 2782 2097 2822 esse

508 2845 747 2906 dicatur.
801 2850 999 2908 Primis
1029 2869 1262 2927 namque
1291 2854 1630 2927 temporibus
1658 2855 1944 2928 Evangelii
1983 2855 2096 2912 fue-

508 2945 641 2992 runt
665 2938 830 2993 multi
863 2939 1130 3010 haeretici,
1181 2943 1274 3014 qui
1306 2943 1467 2998 ﬁdem
1499 2943 1760 3000 Ecclesiae
1803 2945 1916 3000 suis
1953 2961 2096 3001 erro-

509 3025 668 3084 ribus
699 3027 1029 3086 labefactare
1054 3031 1236 3086 conati
1267 3039 1396 3087 sunt
1421 3050 1432 3088 :
1457 3032 1552 3088 sed
1579 3032 1927 3104 omnipotens
1952 3037 2098 3092 Deus

511 3115 826 3174 defensores
890 3120 1149 3177 Ecclesiae
1203 3121 1542 3179 orthodoxos
1605 3123 1790 3179 Patres
1834 3141 1902 3180 ex
1965 3125 2096 3181 ﬁliis

511 3207 686 3280 ipsius
715 3209 974 3266 Ecclesiae
1001 3212 1185 3284 elegit,
1237 3229 1373 3285 quos
1398 3212 1626 3269 ﬂumine
1657 3215 1938 3287 sapientiae
1984 3231 2094 3271 suae

510 3298 748 3370 replens,
797 3315 894 3372 per
939 3316 1127 3356 eorum
1173 3300 1482 3358 doctrinam
1520 3321 1708 3361 omnes
1754 3305 1984 3362 haereses
2028 3305 2095 3361 ab

507 3386 755 3444 Ecclesia
783 3404 882 3444 sua
909 3390 1234 3462 exstirpavit
1295 3391 1447 3464 (22);
1504 3402 1566 3450 ut
1602 3394 1826 3450 fuerunt
1865 3395 2095 3450 Ambro-

504 3477 638 3547 sius,
671 3478 932 3548 Hilarius,
966 3481 1356 3555 Hieronymus,
1390 3486 1749 3557 Augustinus,
1778 3486 2090 3557 Gregorius,

502 3573 558 3621 et
585 3567 748 3623 multi
773 3569 867 3624 alii
892 3587 905 3636 ;
931 3570 1025 3642 qui
1054 3571 1215 3627 etiam
1252 3574 1551 3630 maximam
1581 3575 1793 3648 copiam
1827 3575 2092 3631 librorum

503 3658 817 3726 ediderunt,
872 3661 1075 3734 quibus
1131 3679 1321 3720 omnes
1374 3665 1626 3734 haereses,
1694 3683 1814 3739 qua:
1870 3666 2094 3722 fuerunt

504 3757 559 3806 et
600 3765 719 3822 quae
752 3764 869 3806 esse
898 3759 1172 3823 poterant,
1221 3753 1510 3812 destructas
1542 3763 1689 3811 sunt.
1746 3753 2094 3828 Blasphemia

502 3853 630 3912 ergo
673 3839 828 3913 quasi
878 3840 1056 3898 occisa
1102 3850 1183 3898 est
1239 3845 1436 3901 modo:
1483 3845 1614 3918 quia
1669 3846 1922 3918 quamvis
1982 3846 2094 3901 sint

503 3929 666 3984 multi
719 3929 811 4002 qui
859 3933 1062 3988 multas
1112 3931 1478 4004 blasphemias
1523 3943 1705 3991 mente
1754 3935 2091 4007 concipiant,

505 4018 712 4073 malum
741 4019 890 4092 quod
919 4030 1100 4078 mente
1141 4023 1514 4095 conceperint,
1564 4040 1676 4081 non
1723 4023 1927 4081 audent
1973 4041 2093 4096 pro-

503 4104 666 4174 ferre,
694 4121 762 4161 ne
790 4123 886 4178 per
912 4108 1146 4165 istorum
1175 4110 1484 4168 doctrinam
1508 4114 1746 4185 turpiter
1763 4112 2092 4169 convincan-

502 4200 614 4250 tur.
654 4193 770 4251 Hoc
799 4194 969 4266 igitur
996 4205 1180 4268 caput,
1213 4199 1271 4254 id
1298 4210 1400 4268 est,
1429 4200 1792 4272 blasphemia,
1838 4201 2093 4273 tempori-

502 4278 608 4338 bus
633 4282 966 4340 Antichristi
1003 4293 1280 4342 mortuum
1309 4304 1426 4344 esse
1455 4289 1770 4358 videbitur;
1805 4291 1899 4346 sed
1927 4307 1958 4346 a
1980 4291 2092 4347 dia-

501 4371 634 4429 bolo
675 4371 734 4429 in
780 4374 1125 4433 Antichristo
1171 4379 1606 4450 resuscitabitur,
1657 4397 1817 4455 quem
1865 4382 1934 4438 ad
1979 4382 2092 4439 bla-

506 4459 904 4534 sphemandum
935 4465 1239 4524 Christum
1298 4469 1357 4524 in
1412 4477 1625 4526 tantum
1677 4471 1956 4541 accendet,
2032 4479 2094 4528 ut

2210 2301 2431 2369 faciant,
2465 2300 2612 2372 quod
2643 2299 2951 2355 voluntarie
2977 2300 3153 2355 facere
3182 2297 3588 2355 detrectabunt.

2280 2391 2460 2462 (Vers.
2493 2390 2574 2460 6.)
2618 2391 2691 2445 Et
2719 2388 2928 2460 aperuit
2964 2405 3020 2442 os
3059 2405 3209 2442 suum
3261 2389 3317 2442 in
3353 2387 3727 2458 blasphemias
3756 2387 3827 2442 ad

2206 2482 2371 2538 Deum
2425 2479 2785 2551 blasphemare
2845 2494 3030 2532 nomen
3092 2476 3226 2546 ejus,
3285 2484 3334 2532 et
3403 2477 3825 2533 tabernaculum

2207 2573 2337 2644 ejus,
2369 2580 2416 2630 et
2458 2591 2540 2629 eos
2591 2574 2682 2644 qui
2724 2573 2781 2628 in
2823 2574 2944 2627 ctelo
2988 2572 3243 2627 habitant.
3292 2571 3521 2642 Aperiet
3569 2588 3825 2646 namque

2208 2681 2268 2722 os
2297 2682 2457 2722 suum
2499 2665 2566 2720 ad
2613 2663 3098 2737 blasphemandum
3128 2664 3325 2731 Deum,
3355 2663 3574 2717 Patrem
3615 2663 3824 2720 videli-

2206 2764 2311 2824 cet,
2344 2762 2398 2810 et
2426 2753 2651 2820 Filium,
2683 2763 2736 2808 et
2765 2752 3030 2824 Spiritum
3063 2761 3311 2808 sanctum
3340 2769 3351 2807 :
3388 2751 3826 2823 blasphemabit

2207 2853 2261 2902 et
2301 2860 2505 2900 nomen
2553 2843 2653 2900 Dei
2696 2842 2885 2898 dicens
2931 2842 3210 2900 Christum
3261 2858 3372 2898 non
3428 2857 3545 2897 esse
3591 2843 3824 2911 Deum;

2205 2933 2609 3006 blasphemabit
2638 2933 2802 2990 etiam
2833 2933 3245 2989 tabernaculum
3290 2931 3412 3000 Dei,
3460 2928 3517 2987 id
3565 2939 3656 2988 est
3702 2933 3825 2991 Ec-

2205 3023 2425 3081 clesiam
2458 3023 2579 3092 Dei,
2611 3023 2800 3079 dicens
2828 3023 2970 3078 nihil
3001 3021 3256 3094 prodesse
3295 3021 3553 3077 ﬁdelibus
3587 3022 3823 3094 religio-

2206 3129 2331 3169 nem
2357 3113 2744 3180 Christianam,
2785 3111 2877 3168 sed
2909 3112 3194 3167 interitum
3216 3111 3388 3183 magis
3411 3111 3608 3166 afferre
3640 3128 3820 3184 quam

2203 3205 2476 3259 salutem:
2523 3202 2921 3282 blasphemabit
2963 3210 3017 3257 et
3064 3219 3154 3258 eos
3190 3200 3285 3275 qui
3330 3201 3388 3256 in
3448 3201 3592 3256 ccnlo
3654 3200 3819 3258 babi-

2209 3300 2343 3360 tant,
2393 3291 2449 3348 id
2505 3301 2586 3348 est
2633 3301 2902 3364 martyres
2958 3299 3012 3348 et
3055 3299 3278 3347 caeteros
3323 3298 3559 3358 sanctos,
3614 3290 3820 3348 dicens

2208 3381 2350 3438 nihil
2380 3389 2516 3444 551
2556 3382 2808 3455 prodesse
2849 3399 2939 3438 eos
2984 3397 3139 3454 posse
3178 3378 3457 3454 cuiquam,
3487 3379 3818 3455 falsumque

2207 3496 2320 3536 esse
2353 3479 2623 3552 quidquid
2651 3479 2717 3536 de
2743 3479 2822 3535 eis
2850 3495 2881 3533 a
2915 3477 3172 3534 ﬁdelibus
3199 3477 3482 3533 asseritur.

2279 3570 2460 3640 (Vers.
2503 3570 2581 3641 7.)
2633 3570 2705 3624 Et
2749 3568 2931 3622 datum
2962 3574 3036 3622 est
3081 3567 3166 3622 illi
3222 3567 3411 3622 bellum
3459 3565 3642 3636 facere
3693 3585 3813 3624 cum

2205 3659 2421 3724 sanctis,
2453 3665 2500 3713 et
2540 3658 2742 3713 vincere
2771 3657 2911 3714 illos.
2945 3657 3128 3713 Faciet
3155 3656 3363 3712 bellum
3392 3673 3520 3713 cum
3569 3661 3812 3726 sanctis,

2205 3751 2471 3824 quosdam
2502 3750 2855 3819 blandiendo,
2887 3749 3151 3823 quosdam
3179 3749 3456 3818 terrendo,
3490 3757 3546 3806 et
3574 3750 3649 3806 ad
3682 3751 3814 3807 ulti-

2206 3857 2358 3896 mum
2395 3841 2473 3897 eis
2502 3842 2737 3913 pessima
2767 3848 3040 3898 tormenta
3069 3839 3375 3910 inferendo,
3407 3848 3470 3896 ut
3496 3857 3592 3896 eos
3626 3841 3687 3896 in
3716 3858 3814 3898 er—

2205 3946 2355 3986 rores
2382 3947 2510 3987 suos
2555 3931 2780 3987 inducat
2809 3949 2819 3986 :
2853 3931 2948 3988 sed
2996 3930 3118 3987 ﬁeri
3161 3947 3272 3987 non
3300 3937 3504 4002 potest,
3536 3939 3602 3986 ut
3643 3931 3707 3987 in
3733 3947 3814 3988 er-

2205 4037 2385 4078 rorem
2433 4021 2767 4078 inducantur
2811 4021 2991 4079 electi.
3025 4021 3224 4079 Vincet
3271 4031 3456 4079 autem
3510 4020 3646 4079 illos
3697 4039 3811 4079 non

2205 4110 2532 4184 superando,
2562 4111 2656 4167 sed
2685 4111 3064 4169 inerﬁciendo.

2277 4211 2458 4283 (Vers.
2489 4211 2571 4282 8.)
2602 4213 2676 4268 Et
2703 4211 2830 4266 data
2858 4217 2931 4268 est
2947 4213 2995 4267 ei
3017 4217 3246 4285 potestas
3271 4212 3329 4267 in
3347 4229 3555 4268 omnem
3583 4211 3808 4282 tribum,

2203 4305 2253 4356 et
2290 4301 2570 4372 populum,
2603 4307 2651 4356 et
2687 4302 2942 4373 linguam,
2984 4309 3032 4358 et
3069 4309 3264 4373 gentem
3285 4321 3303 4358 :
3340 4305 3388 4358 et
3434 4304 3812 4360 adoraverunt

2201 4406 2320 4445 eum
2348 4407 2522 4446 omnes
2550 4391 2642 4462 qui
2669 4391 2908 4447 habitant
2937 4398 3153 4450 terram.
3174 4394 3289 4450 Hoc
3316 4393 3628 4451 secundum
3662 4396 3808 4452 litte-

2203 4495 2318 4536 ram
2365 4480 2705 4554 implebitur.
2755 4482 2914 4538 Multi
2950 4483 3154 4552 dicent,
3193 4501 3291 4540 cur
3317 4484 3451 4541 talia
3485 4486 3641 4541 Deus
3686 4486 3806 4543 ﬁeri

505 4552 1187 4662 quinesnblasphematores
1235 4558 1449 4658 insuis
1477 4559 1833 4632 blasphemiis
1864 4571 2090 4662 ‘anteceo
2126 4604 2174 4662 D
2205 4572 2363 4640 sinat,
2399 4552 2462 4626 ut
2488 4571 2863 4629 Antichristus
2893 4590 3060 4645 genus
3085 4574 3388 4630 humanum
3419 4584 3530 4631 tam
3564 4577 3807 4648 pessime

502 4633 614 4696 dat.
670 4642 744 4697 Et
787 4645 1057 4700 admirata
1103 4652 1180 4702 est
1224 4648 1472 4704 universa
1519 4655 1663 4704 terra
1697 4657 1819 4722 post
1861 4651 2092 4709 bestiam.

505 4723 607 4787 Per
632 4737 836 4789 terram
878 4743 1192 4806 peccatores
1220 4737 1475 4795 homines
1505 4739 1876 4812 designantur.

2204 4661 2490 4734 decipiat?
2530 4662 2736 4719 Verum
2783 4661 2999 4719 duabus
3047 4665 3225 4721 causis
3268 4665 3643 4722 existentibus
3672 4668 3805 4722 talia

2202 4754 2482 4826 permittet
2511 4773 2523 4822 ;
2559 4772 2685 4811 nam
2716 4756 2858 4813 sicut
2888 4758 3001 4829 ipse
3039 4757 3176 4814 dicit
3213 4757 3272 4812 in
3301 4759 3639 4830 Evangelia:
3691 4785 3710 4808 ι
3743 4761 3802 4816 In

579 4827 758 4901 (νει-8.
792 4830 874 4905 4.)
928 4835 1004 4889 Et
1039 4835 1400 4894 adoraverunt
1443 4841 1742 4910 draconem,
1781 4842 1909 4913 quia
1955 4843 2096 4898 dedit
2202 4844 2318 4900 illis
2348 4845 2540 4901 diebus
2579 4846 2891 4918 refrigescet
2913 4827 3158 4904 charitas
3188 4827 3513 4918 multorum,
3543 4859 3598 4906 et
3630 4850 3805 4906 abun-

496 4924 800 4991 potestatem
834 4923 1040 4982 bestiae:
1091 4933 1138 4983 et
1164 4929 1528 4986 adoraoe-runt
1555 4931 1788 5000 bestiam,
1846 4932 2084 4990 dicentes:

507 5009 637 5077 Qui:
659 5011 852 5067 similis
880 5015 1069 5086 bestias,
1117 5025 1165 5073 et
1201 5021 1320 5090 quis
1342 5024 1538 5092 poterit
1562 5040 1801 5094 pugnare
1827 5040 1945 5078 cum
1985 5042 2043 5080 ea
2065 5028 2092 5082 ?

503 5095 794 5165 Quomodo
823 5101 1137 5174 draconem,
1185 5107 1244 5162 id
1292 5118 1375 5166 est
1419 5111 1724 5178 diabolum,
1764 5112 2089 5179 adorabunt,

505 5203 668 5261 quem
699 5206 810 5247 non
839 5191 1158 5250 videbunt?
1193 5195 1298 5252 Sed
1335 5198 1641 5257 adorabunt
1683 5201 2088 5258 Antichristum

503 5277 609 5347 illi,
667 5279 761 5352 qui
793 5296 888 5352 per
913 5288 1113 5338 terram
1143 5282 1524 5358 designantur,
1574 5297 1628 5346 et
1659 5290 1716 5345 in
1745 5291 2089 5349 Antichristo

506 5366 813 5440 diabolum,
857 5370 1101 5429 dicentes
1128 5375 1344 5430 nullum
1394 5393 1508 5434 esse
1554 5380 1897 5437 Antichristo
1937 5382 2086 5439 simi-

501 5454 632 5530 lem,
682 5476 782 5519 nec
809 5477 924 5520 esse
953 5462 1051 5537 qui
1080 5461 1197 5536 ejus
1227 5463 1542 5523 fortitudini
1586 5470 1756 5542 possit
1791 5472 2082 5546 coaequari.

2200 4933 2354 4990 dabit
2407 4935 2670 5008 iniquitas
2729 4938 2938 5008 (Matth.
2992 4954 3112 5006 XXI,
3173 4939 3261 5008 12)
3314 4957 3328 5007 ;
3386 4965 3404 4988 ι
3472 4941 3531 4995 in
3580 4950 3800 4998 tantum

2199 5023 2401 5096 quippe
2442 5026 2653 5080 malitia
2699 5025 2987 5082 hominum
3035 5035 3331 5095 excrescat,
3385 5035 3440 5084 et
3495 5029 3575 5085 ita
3622 5033 3796 5087 Deum

2201 5129 2299 5185 pro
2329 5113 2442 5169 suis
2477 5115 2774 5171 sceleribus
2819 5117 2888 5172 ad
2918 5116 3255 5172 iracundiam
3300 5120 3710 5189 provocabunt,
3742 5129 3803 5177 ut

2200 5201 2352 5274 digni
2383 5203 2492 5259 sint
2535 5213 2804 5277 quatenus
2836 5215 2943 5262 tam
2986 5208 3222 5279 pessimo
3252 5207 3467 5263 homini
3497 5209 3800 5280 subjiciam-

2200 5297 2310 5356 tur,
2356 5302 2518 5367 atque
2548 5295 2614 5351 ab
2660 5311 2724 5351 eo
2775 5295 3140 5368 decipiantur,
3194 5305 3428 5353 testante
3471 5298 3794 5371 Scriptura:

2213 5405 2232 5429 ε
2263 5381 2366 5448 Qui
2413 5399 2635 5455 regnare
2676 5385 2808 5441 facit
2855 5385 3132 5442 hominem
3181 5385 3530 5460 hypocritam
3575 5400 3800 5464 propter

2200 5475 2613 5546 perversitatem
2643 5477 2832 5549 populi
2855 5477 2980 5551 (Job
3019 5494 3214 5548 xxxxv,
3238 5478 3353 5551 30).
3377 5504 3395 5528 ι
3433 5511 3504 5523 -
3550 5506 3570 5531 ι
3598 5481 3798 5542 Trade-

717 5680 938 5778 amnes
983 5687 1142 5760 edit.,
1200 5690 1532 5764 exstirpacit.
1596 5692 1700 5762 Qui
1752 5697 1928 5768 etiam,
1983 5703 2087 5758 etc.
2147 5696 2429 5775 Quidquid
2481 5717 2613 5761 vero
2658 5701 3048 5778 interponitur,
3089 5721 3117 5765 e
3155 5723 3286 5768 mss.
3337 5707 3601 5769 omnibus
3641 5710 3797 5770 resti-

504 5758 685 5809 tutum
713 5762 814 5811 est.
