3964 6368
95 410 231 469 969

1054 412 1510 471 BERENGAUDI
1548 411 1920 469 EXPOSITIO
1962 412 2032 467 IN
2069 411 2571 471 APOCALYPSIN.

3327 411 3433 470 970

100 540 285 593 enim
317 538 443 593 illos
479 540 674 605 Deus,-
714 538 855 593 sicut
886 537 1021 594 dicit
1049 539 1364 610 Apostolus,
1407 560 1425 584 ‹
1457 538 1514 592 in
1544 553 1726 610 repro-
1751 538 1805 597 A
1836 543 2128 608 exsurget;
2161 535 2381 609 duoque
2399 551 2605 592 cornua
2624 534 2834 590 similia
2859 534 3003 606 Agni
3025 533 3284 592 habuisse
3313 535 3434 592 visa

99 624 271 683 bum
309 642 528 683 sensum
560 628 735 700 (Rom.
774 646 815 697 ι,
862 627 995 701 28);
1025 651 1046 676 ι
1101 635 1163 684 ut
1204 627 1408 685 faciant
1452 644 1572 701 quae
1618 644 1731 684 non

101 715 478 771 conveniunt
500 734 514 784 ;
549 725 603 773 et
632 716 832 790 quibus
861 715 1003 772 nihil
1035 717 1188 789 pensi
1217 716 1341 784 erit,
1364 724 1578 774 tantum
1612 717 1729 789 (23)

101 816 181 864 ut
221 809 503 883 quidquid
533 810 663 865 mali
695 810 1080 883 cogitaverim,
1103 800 1390 882 expleant;
1424 808 1734 880 justissima

100 897 229 953 Dei
268 899 627 971 permissione
656 898 769 968 ﬁet,
802 906 863 955 ut
892 898 959 955 ab
1008 899 1354 956 Antichristo
1386 898 1599 971 decepti
1627 898 1734 955 de-

102 990 310 1046 terius
356 996 599 1063 pereant.
680 990 965 1047 Permittet
1037 990 1201 1047 etiam
1256 990 1362 1047 hoc
1419 991 1564 1046 Deus
1612 988 1733 1044 ﬁeri

103 1089 362 1153 propter
415 1080 799 1154 probationem
842 1081 1142 1137 electorum
1184 1096 1432 1150 suorum,
1481 1086 1543 1135 ut
1588 1079 1734 1136 sicut

102 1184 337 1227 aurum
367 1170 630 1243 probatur
657 1186 754 1243 per
793 1170 998 1243 ignem,
1052 1169 1129 1225 ita
1174 1178 1228 1226 et
1258 1169 1344 1225 illi
1383 1167 1442 1224 in
1468 1183 1734 1240 persecu—

105 1258 387 1316 tionibus
415 1258 745 1316 Antichristi
771 1259 1073 1331 probentur
1101 1264 1156 1315 et
1185 1258 1597 1326 examinentur,
1630 1256 1733 1313 sic-

104 1356 184 1405 ut
222 1348 290 1405 in
346 1348 573 1405 Dauiele
616 1348 684 1405 de
712 1348 827 1405 illis
876 1348 1141 1420 scriptum
1187 1355 1269 1404 est
1307 1364 1319 1404 :
1368 1370 1387 1395 ι
1420 1346 1733 1420 Eligentur,

104 1444 173 1494 et
208 1437 642 1507 dealbabuntur,
672 1444 725 1495 et
748 1436 904 1511 quasi
933 1454 1128 1495 aurum
1158 1437 1540 1510 probabuntur
1561 1436 1733 1510 pluri-

105 1527 203 1582 mi
244 1528 364 1601 (24)
400 1529 563 1601 (Dan.
596 1545 697 1598 xu,
738 1528 849 1601 10).
888 1552 908 1576 ι
980 1528 1283 1602 Sequitur:
1346 1529 1584 1596 Quorum
1629 1544 1735 1584 non

107 1623 261 1673 sunt
292 1618 489 1690 scripta
538 1618 755 1673 nomina
782 1618 840 1673 in
882 1617 1016 1674 libro
1062 1617 1183 1674 vita
1228 1617 1391 1689 Agni,
1420 1618 1512 1687 qui
1539 1616 1735 1673 occisus

109 1710 200 1761 est
238 1706 309 1763 ab
339 1706 542 1778 origine
570 1706 775 1763 mundi.
816 1705 982 1762 Liber
1024 1705 1154 1762 vitae
1201 1706 1614 1778 praedestinatio
1652 1715 1735 1764 est

108 1795 233 1853 Dei
282 1797 678 1870 omnipotentis
716 1813 727 1853 :
780 1795 1000 1868 reprobi
1028 1812 1141 1852 non
1171 1803 1301 1853 sunt
1342 1796 1534 1870 scripti
1563 1797 1622 1853 in
1655 1798 1735 1854 li-

1840 632 1940 682 est.
1970 624 2231 697 Superius
2256 623 2503 680 diximus
2531 640 2627 697 per
2656 630 2864 696 septem
2887 638 3093 680 cornua
3119 624 3265 696 Agni
3302 640 3435 681 om-

1840 730 1938 770 nes
1970 715 2171 771 electos
2218 729 2335 770 esse
2380 713 2712 786 designatos,
2744 729 2883 786 quos
2909 712 2969 769 in
3006 722 3212 786 septem
3253 720 3434 786 partes

1842 803 2136 861 divisimus
2168 821 2180 860 :
2207 819 2304 875 per
2331 804 2588 876 quintum
2621 809 2803 859 autem
2833 818 3006 860 cornu
3049 801 3295 860 diximus
3327 803 3434 859 Ju—

1841 892 2006 962 dzeos,
2033 894 2128 965 qui
2154 893 2211 948 in
2244 892 2527 950 Christum
2558 892 2931 963 crediderunt,
2967 892 3135 950 fuisse
3172 892 3433 966 designa-

1840 991 1928 1041 tos
1961 1001 1973 1040 :
2003 1000 2098 1056 per
2128 991 2345 1040 sextum
2375 998 2505 1040 vero
2535 990 2740 1055 gentes,
2774 998 2893 1056 quae
2936 982 2996 1038 in
3032 981 3315 1040 Christum
3349 983 3435 1039 si—

1840 1072 2050 1129 militer
2078 1071 2447 1129 crediderunt.
2482 1072 2664 1129 Bestia
2691 1072 2873 1145 itaque
2901 1087 3109 1129 cornua
3128 1071 3246 1128 'duo
3283 1070 3435 1129 simi-

1842 1162 1917 1219 lia
1946 1163 2088 1235 Agni
2110 1160 2370 1229 habebit;
2401 1160 2532 1234 quia
2558 1160 2774 1217 Iudaeos
2803 1166 2858 1217 et
2886 1168 3072 1233 gentes
3108 1160 3435 1233 decipiendo

1841 1250 2159 1323 possidebit.
2201 1251 2342 1319 Quia
2385 1249 2635 1324 quamvis
2673 1250 2835 1307 multi
2873 1251 3098 1309 credant
3124 1268 3196 1308 ex
3230 1252 3436 1310 Iudaeis

1842 1357 1940 1415 per
1981 1340 2427 1415 praedicationem
2455 1341 2594 1397 Eliaa
2635 1340 2697 1398 in
2734 1341 3039 1412 Christum,
3068 1342 3314 1399 maxima
3338 1350 3434 1400 ta-

1842 1447 1969 1488 men
2016 1442 2140 1505 pars
2175 1448 2364 1489 eorum
2408 1430 2817 1489 Antichristum
2864 1441 3118 1492 secutura
3152 1438 3255 1502 est,
3291 1431 3437 1491 sicut

1843 1520 1979 1579 dicit
2006 1521 2275 1579 Dominus
2301 1521 2360 1577 in
2387 1520 2689 1593 Evangelia
2725 1538 2739 1578 :
2784 1545 2804 1571 ι
2822 1521 2939 1595 Ego
2966 1522 3097 1580 veni
3124 1522 3184 1579 in
3207 1522 3434 1579 nomine

1843 1610 2020 1667 Patris
2064 1611 2196 1677 mei,
2226 1618 2282 1667 et
2317 1626 2430 1667 non
2476 1610 2756 1682 recepistis
2793 1627 2882 1668 me
2914 1629 2927 1668 :
2957 1612 3101 1670 alius
3137 1613 3329 1671 veniet
3375 1614 3435 1669 in

1842 1700 2067 1757 nomine
2112 1716 2234 1769 suo,
2285 1706 2341 1756 et
2388 1699 2547 1755 illum
2588 1698 2898 1772 suscipietis
2949 1700 3132 1773 (Joan.
3163 1718 3219 1771 v,
3253 1701 3369 1774 43).
3400 1726 3421 1752 ι

1843 1791 2190 1864 Loquehatur
2234 1804 2361 1863 ergo
2402 1786 2520 1845 haec
2563 1787 2739 1845 bestia
2781 1797 2847 1846 ut
2893 1788 3082 1859 draco,
3130 1790 3261 1864 quia
3315 1789 3434 1863 ejus

110 1883 233 1941 bro
269 1885 398 1941 vitae
426 1903 441 1953 ;
474 1885 604 1959 quia
631 1900 744 1941 non
775 1891 903 1941 sunt
931 1883 1307 1957 praedestinati
1338 1885 1407 1942 ad
1435 1886 1611 1943 vitam
1640 1903 1724 1944 εθ-
1755 1899 1804 1963 B
1840 1881 2009 1940 verba
2047 1878 2319 1937 diabolica
2363 1884 2555 1946 erant;
2585 1893 2715 1934 nam
2745 1876 3001 1936 diabolus
3037 1878 3135 1961 qui
3177 1879 3435 1953 loquetur

109 1981 371 2031 ternam.
390 1972 497 2031 Sed
524 1973 882 2048 quaerendum
910 1973 1070 2031 nobis
1098 1982 1199 2044 est,
1222 1975 1500 2048 quomodo
1517 1977 1729 2048 Agnus,

111 2061 183 2119 id
221 2069 333 2133 est,
365 2062 636 2133 Christus,
682 2063 750 2122 ab
779 2062 992 2136 origine
1021 2062 1217 2120 mundi
1253 2062 1466 2123 occisus
1492 2081 1608 2122 esse
1635 2065 1733 2121 di-

111 2160 312 2213 catur.

201 2244 395 2320 (Vers.
424 2245 506 2318 9.)
554 2245 691 2304 Nam
734 2245 875 2303 illud
905 2245 1053 2320 quod
1079 2245 1358 2319 sequitur:
1395 2246 1453 2303 Si
1493 2245 1611 2318 quis
1640 2246 1729 2302 ha-

114 2336 207 2394 bet
246 2352 430 2405 aures,
460 2335 690 2402 audiat;
735 2337 1052 2409 ubicunque
1096 2336 1157 2392 in
1187 2335 1399 2392 divinis
1430 2334 1728 2407 Scripturis

114 2426 386 2500 ponitur,
406 2425 703 2483 obscurum
719 2442 834 2482 esse
863 2426 1010 2500 quod
1030 2425 1328 2499 praecessit,
1358 2424 1727 2483 demonstrat:

115 2531 296 2574 aures
342 2515 543 2589 quippe
585 2515 766 2572 cordis
822 2524 985 2588 atque
1042 2514 1421 2587 intelligentiae
1478 2514 1729 2589 requirit.

115 2610 327 2679 Agnus
370 2605 538 2677 igitur
583 2604 652 2661 ab
689 2605 901 2678 origine
947 2604 1141 2660 mundi
1188 2605 1402 2662 occisus
1457 2611 1571 2671 est;
1605 2604 1734 2677 quia

116 2692 252 2765 ejus
296 2709 443 2749 mors
494 2691 562 2747 ab
608 2692 839 2748 exordio
885 2692 1096 2765 generis
1142 2691 1372 2748 humani
1426 2692 1485 2747 in
1530 2691 1733 2748 sanctis

117 2781 389 2855 patribus
409 2780 759 2854 praeﬁgurata
787 2787 888 2836 est.
928 2781 990 2836 In
1035 2779 1216 2851 primo
1242 2795 1478 2852 namque
1506 2778 1733 2835 homine

117 2872 484 2945 praefigurata
530 2878 631 2939 est,
682 2870 902 2944 quando
931 2886 995 2925 eo
1017 2869 1346 2938 dormiente,
1376 2871 1494 2927 Eva
1538 2870 1606 2925 de
1645 2886 1732 2926 co-

117 2973 210 3020 sta
242 2961 368 3033 ejus
394 2962 537 3017 facta
565 2969 645 3017 est
676 2979 689 3017 :
746 2960 1002 3016 similiter
1042 2968 1096 3016 et
1126 2961 1183 3016 in
1213 2961 1353 3017 Abel
1392 2960 1736 3033 praeﬁgurata

119 3059 233 3120 est,
275 3049 431 3124 quia
477 3050 645 3107 fratre
696 3050 832 3108 Cain
880 3057 1192 3122 peremptus
1220 3057 1343 3117 est;
1393 3048 1735 3122 praeﬁgurata

120 3147 212 3197 est
244 3148 305 3196 et
334 3154 430 3211 per
458 3140 625 3207 Isaac,
657 3155 820 3212 quem
849 3147 1002 3212 pater
1027 3139 1085 3195 in
1115 3139 1499 3196 holocaustum
1532 3139 1735 3196 obtulit

1839 1987 1937 2045 per
1981 1969 2408 2039 Antichristum,
2441 1967 2558 2040 ipse
2602 1968 2859 2042 loquetur
2904 1976 2959 2027 et
2993 1955 3092 2043 per
3133 1967 3435 2043 discipulos

1841 2078 1978 2135 ejus.

1914 2158 2097 2232 (Vera.
2124 2158 2238 2233 12.)
2271 2160 2348 2217 Et
2372 2174 2575 2215 omnem
2597 2162 2903 2230 potestatem
2911 2154 3120 2230 prioris
3147 2153 3319 2211 bestias
3353 2152 3437 2225 fa-

1841 2249 2005 2305 ciebat
2054 2248 2115 2305 in
2163 2254 2437 2321 conspectu
2476 2247 2610 2319 ejus.
2642 2245 2803 2316 Quod
2847 2246 2985 2305 dicit
3017 2262 3031 2303 :
3061 2244 3123 2302 in
3167 2250 3439 2318 conspectu

1841 2338 1973 2408 ejus,
1993 2338 2270 2411 signiﬁcat
2308 2338 2366 2395 in
2409 2337 2636 2395 nomine
2672 2335 2816 2410 ejus;
2849 2351 2963 2393 non
3010 2335 3158 2393 enim
3201 2349 3439 2407 prmsens

1844 2427 2047 2501 poterit
2075 2443 2190 2484 esse
2224 2426 2605 2485 Antichristus
2634 2427 2693 2483 in
2720 2426 2981 2483 omnibus
3022 2424 3180 2493 locis,
3210 2422 3308 2480 ubi
3339 2422 3439 2479 fu-

1842 2518 1948 2573 erit
1976 2517 2306 2589 praedicatus
2333 2534 2366 2573 a
2393 2517 2526 2574 suis.
2561 2515 2746 2573 Faciet
2769 2531 3005 2588 namque
3034 2514 3300 2571 miracula
3325 2515 3437 2568 An-

1840 2607 2128 2664 tichristus
2178 2614 2293 2663 arte
2339 2605 2630 2673 diabolica,
2662 2604 2866 2662 facient
2894 2612 2950 2660 et
2983 2602 3244 2676 discipuli
3272 2599 3391 2673 ejus
3419 2619 3433 2659 :

1842 2695 1937 2751 sed
1983 2712 2172 2751 eorum
2219 2695 2484 2752 miracula
2512 2694 2649 2750 falsa
2674 2700 2859 2761 erunt,
2888 2700 2943 2749 et
2969 2709 3084 2749 non
3117 2708 3268 2763 vera,
3296 2691 3439 2748 sicut

1843 2786 1980 2843 dicit
2015 2786 2310 2859 Apostolus
2343 2802 2356 2841 :
2404 2810 2423 2834 ι
2451 2784 2622 2857 Cujus
2671 2785 2943 2841 adventus
2988 2784 3095 2840 erit
3135 2782 3439 2841 secundum

1843 2874 2216 2948 operationem
2268 2876 2501 2942 Satanas,
2535 2874 2593 2929 in
2643 2874 2900 2931 omnibus
2927 2873 3231 2930 virtutibus
3260 2880 3314 2929 et
3353 2870 3441 2927 si-

1845 2967 1966 3040 gnis
2009 2976 2064 3024 et
2109 2964 2376 3039 prodigiis
2420 2965 2777 3024 mendacibus
2824 2968 2917 3040 (II
2954 2968 3132 3025 Thess.
3178 2983 3240 3035 n,
3292 2965 3373 3038 9).
3405 2987 3425 3013 ι

1844 3058 1965 3114 Non
1997 3056 2145 3114 enim
2171 3056 2433 3114 credibile
2462 3064 2563 3127 est,
2595 3064 2658 3113 ut
2686 3073 2780 3113 eos
2823 3073 2960 3130 quos
3004 3057 3150 3113 Deus
3190 3070 3443 3112 excaeca-

1844 3153 2016 3217 verat,
2046 3154 2142 3203 aut
2170 3144 2576 3215 debilitaverat,
2605 3145 2829 3203 sanitati
2858 3145 3072 3219 possint
3104 3144 3392 3201 restituere
3425 3159 3439 3199 :

120 3228 415 3320 Domino:
449 3226 704 3320 similiter
732 3235 786 3284 et
814 3244 911 3300 per
939 3228 1159 3320 Ioseph,
1179 3245 1341 3303 quem
1366 3229 1563 3320 fratres
1597 3244 1731 3320 νεῗζι·
1761 3256 1806 3320 C
1843 3240 1937 3297 sed
1974 3256 2067 3297 eos
2112 3240 2521 3307 tantummodo,
2553 3256 2691 3313 quos
2739 3240 2845 3312 ipsi
2891 3240 3154 3308 lmserint,
3184 3237 3444 3294 laedentes

125 3317 404 3375 diderunt
434 3334 446 3374 :
492 3316 839 3389 praeﬁgurata
879 3324 961 3374 est
998 3319 1164 3374 etiam
1194 3335 1343 3375 mors
1388 3317 1507 3389 ejus
1550 3318 1607 3374 in
1637 3318 1734 3374 di-

1848 3328 1901 3385 in
1932 3329 2170 3398 occulto,
2199 3337 2454 3386 sanantes
2482 3330 2541 3385 in
2570 3335 2776 3401 aperto.
2804 3328 2910 3385 Sed
2937 3336 2991 3384 et
3016 3327 3130 3399 ipse
3160 3325 3442 3383 Antichri-

130 3407 319 3463 versis
344 3405 740 3463 sacriﬁciorum
762 3406 981 3463 ritibus.
1007 3405 1232 3475 Quoties
1252 3423 1379 3479 ergo
1400 3423 1549 3463 mors
1577 3406 1733 3465 Chri-

133 3497 214 3554 sti
238 3512 272 3552 a
299 3495 502 3553 sanctis
553 3495 802 3569 patribus
848 3505 942 3553 aut
984 3496 1328 3570 praeﬁgurata
1354 3503 1450 3552 aut
1476 3496 1737 3568 praedicta

132 3593 246 3655 est,
289 3584 445 3658 quasi
481 3585 645 3641 toties
690 3586 880 3656 Agnus
916 3585 1131 3642 occisus
1170 3593 1271 3643 est.
1319 3585 1583 3653 Quamvis
1629 3585 1736 3643 hoc

134 3675 475 3748 simpliciter
501 3674 673 3747 possit
700 3674 957 3748 intelligi,
998 3682 1061 3731 ut
1088 3692 1200 3732 non
1230 3676 1380 3733 dicat
1395 3677 1617 3750 Agnum
1648 3693 1735 3734 oc-

132 3767 321 3824 cisum
347 3766 415 3821 ab
445 3764 657 3836 origine
680 3763 896 3834 mundi,
918 3764 1013 3821 sed
1028 3766 1254 3823 nomina
1272 3776 1588 3825 sanctorum
1605 3767 1737 3825 scri-

134 3864 239 3929 pta
265 3856 335 3912 ab
364 3856 576 3928 origine
603 3855 798 3913 mundi
829 3854 891 3913 in
917 3854 1062 3914 libro
1089 3857 1255 3931 Agni,
1288 3858 1385 3933 qui
1422 3875 1523 3933 pro
1542 3875 1735 3916 eorum

136 3947 323 4003 salute
351 3946 567 4003 occisus
594 3952 695 4005 est.

216 4035 401 4110 (Vers.
432 4033 543 4109 10.)
583 4036 686 4104 Qui
712 4035 770 4092 in
796 4036 1153 4110 captivitatem
1199 4036 1438 4105 dua-erit,
1473 4036 1533 4094 in
1561 4037 1741 4110 capti-

135 4124 356 4182 vitatem
384 4126 575 4184 vadit:
617 4127 785 4198 quiin
825 4129 1006 4201 gladio
1060 4128 1326 4199 occiderit,
1379 4136 1582 4203 oportet
1626 4147 1742 4186 eum

138 4215 327 4288 gladio
354 4216 538 4272 occidi.
569 4216 705 4273 Anti
720 4216 961 4275 christus
981 4218 1076 4291 qui
1096 4219 1360 4291 populum
1376 4219 1741 4278 christianum

140 4321 176 4361 a
204 4303 463 4361 Creatore
491 4319 590 4359 suo
620 4305 939 4377 captivabit,
969 4306 1086 4378 ipse
1114 4322 1147 4362 a
1174 4309 1428 4379 praesenti
1453 4309 1583 4385 vita
1606 4325 1747 4383 cap-

139 4391 438 4461 tivabitur,
470 4399 524 4447 et
553 4391 613 4448 in
648 4394 927 4451 infernum
958 4393 1317 4454 detrudetur:
1351 4405 1405 4453 et
1450 4397 1578 4470 quia
1627 4401 1744 4472 gla-

142 4481 244 4538 dio
276 4480 501 4536 malitiae
530 4496 641 4537 suae
670 4483 970 4539 multorum
993 4482 1207 4539 animas
1235 4492 1626 4557 perempturus
1664 4500 1749 4549 est

1842 3427 1958 3475 stus
1987 3419 2045 3476 in
2076 3425 2229 3475 tanta
2248 3418 2500 3475 claritate
2520 3433 2577 3474 se
2596 3416 2919 3473 hominibus
2938 3416 3358 3484 demonstrabit,
3377 3421 3443 3471 ut

1842 3506 1911 3563 ab
1941 3506 2335 3579 insipientibus
2364 3506 2620 3564 credatur
2646 3508 2813 3576 Deus,
2844 3506 2987 3564 sicut
3023 3505 3161 3563 dicit
3193 3505 3443 3577 Aposto-

1842 3596 1973 3653 lus:
2025 3618 2045 3645 ι
2074 3597 2157 3652 Ita
2185 3602 2249 3652 ut
2296 3595 2356 3651 in
2393 3597 2600 3670 templo
2643 3595 2845 3667 sedeat,
2884 3594 3177 3653 ostendens
3219 3609 3277 3652 se
3321 3600 3442 3650 tau-

1845 3701 2009 3760 quam
2040 3685 2112 3742 sit
2144 3687 2291 3744 Deus
2332 3686 2494 3758 (Ibid.
2524 3685 2606 3759 4).
2638 3709 2658 3735 ι
3028 3678 3032 3683 ’
3420 3710 3423 3713 -

1921 3784 2103 3857 (Vers.
2140 3784 2254 3857 13.)
2283 3785 2362 3842 Et
2385 3783 2509 3856 fecit
2538 3791 2758 3856 terram,
2787 3790 2836 3841 et
2872 3783 3222 3843 inhabitantes
3259 3785 3318 3843 in
3357 3802 3441 3854 ea,

1845 3875 2079 3932 adorare
2144 3874 2362 3931 bestiam
2414 3874 2674 3947 primam,
2716 3874 2869 3946 cujus
2913 3880 3102 3931 curata
3158 3881 3235 3931 est
3279 3877 3444 3949 plaga

1847 3965 2053 4021 mortis.
2082 3965 2157 4020 Et
2178 3963 2301 4035 fecit
2346 3962 2503 4034 signa
2529 3979 2742 4037 magna,
2774 3963 2851 4021 ita
2879 3969 2940 4021 ut
2968 3965 3128 4021 etiam
3149 3963 3319 4037 ignem
3345 3964 3446 4036 fa-

1848 4059 1983 4109 ceret
2008 4053 2070 4109 de
2113 4053 2239 4108 caelo
2275 4052 2576 4110 descendere
2601 4053 2661 4108 in
2703 4058 2902 4109 terram
2938 4052 2999 4108 in
3042 4059 3313 4125 conspectu
3340 4054 3445 4110 ho-

1849 4142 2071 4197 minum.
2102 4141 2359 4213 Legimus
2378 4142 2437 4197 in
2454 4141 2599 4199 libro
2627 4140 2729 4198 Job
2756 4140 3039 4199 diabolum
3072 4158 3143 4199 ex
3169 4142 3445 4216 permissi-

1851 4250 1955 4291 one
1984 4230 2085 4289 Dei
2116 4232 2298 4305 ignem
2344 4231 2539 4290 fecisse
2568 4233 2635 4290 de
2677 4233 2817 4291 caelo
2852 4232 3203 4304 descendere,
3233 4242 3295 4292 et
3314 4250 3447 4309 oves

1851 4323 1953 4379 Job
1982 4336 2289 4395 puerosque
2335 4322 2738 4395 consumpsisse
2765 4322 2885 4395 (Job
2916 4341 2956 4395 ι,
2986 4323 3099 4397 16).
3131 4323 3289 4392 Quod
3317 4340 3446 4398 ergo

1855 4411 1973 4469 illic
2004 4427 2101 4484 per
2124 4410 2480 4484 semetipsum
2514 4411 2665 4483 fecit,
2695 4411 2801 4470 hoc
2827 4428 2925 4485 per
2956 4412 3363 4471 Antichristum
3391 4422 3446 4471 et

1855 4515 2111 4573 sequaces
2139 4499 2257 4571 ejus
2285 4507 2533 4557 extremo
2560 4509 2805 4574 tempore
2833 4500 3016 4558 faciet.

146 4569 769 4683 ξιαξίίοὲιζεξΑοοτρ-εξξειιί
817 4571 1095 4683 iustme
1155 4588 1384 4683 Gargara
1439 4575 1743 4683 cedimus.
1773 4624 1822 4683 Β
1928 4569 2112 4660 (νει-ε.
2156 4569 2240 4645 is.
2275 4589 2379 4662 )Et
2419 4589 2630 4645 seduxit
2665 4569 2957 4683 habitantes
2996 4594 3191 4645 terram
3225 4594 3446 4662 propter

146 4658 268 4732 ipse
299 4657 480 4731 gladio
522 4660 717 4717 mortis
762 4668 1035 4734 perpetuae
1064 4662 1436 4721 damnabitur.
1482 4687 1503 4714 ι
1530 4664 1633 4723 Hic
1664 4674 1747 4724 est

146 4757 420 4829 patientia
449 4756 568 4830 (25)
594 4763 648 4813 et
671 4756 807 4814 ﬁdes
836 4765 1171 4829 sanctorum,
1201 4782 1221 4807 ι
1266 4757 1324 4814 id
1352 4766 1453 4829 est,
1484 4761 1750 4833 patientia

150 4856 205 4905 et
254 4848 390 4906 ﬁdes
436 4856 752 4907 sanctorum
790 4849 849 4907 in
904 4849 1374 4926 persecutionibus
1416 4852 1747 4912 Antichristi

149 4942 622 5014 comprobabitur.

227 5042 409 5115 (Vers.
444 5043 559 5115 11.)
591 5043 666 5100 Et
691 5040 804 5098 vidi
838 5042 1005 5099 aliam
1046 5041 1259 5099 bestiam
1304 5043 1659 5100 ascendentem
1688 5043 1751 5100 de

151 5136 322 5197 terra,
344 5130 610 5186 habentem
656 5148 858 5187 cornua
904 5131 1008 5187 duo
1055 5131 1260 5188 similia
1309 5133 1470 5205 Agni,
1500 5138 1549 5189 et
1579 5134 1748 5205 loque-

155 5222 315 5278 batur
350 5222 483 5277 sicut
527 5221 709 5279 draco.
739 5222 865 5279 Haec
909 5222 1083 5279 bestia
1110 5229 1204 5279 aut
1256 5240 1430 5281 unum
1472 5239 1543 5281 ex
1588 5224 1749 5282 disci-

154 5310 303 5383 pulis
331 5310 665 5369 Antichristi
718 5311 965 5384 designat
1021 5312 1345 5371 deteriorem
1393 5314 1623 5383 caeteris,
1654 5322 1750 5371 aut

157 5403 381 5473 multos,
417 5402 513 5474 qui
559 5419 687 5460 eum
713 5403 1061 5476 praedicaturi
1129 5412 1277 5462 sunt.
1330 5405 1463 5473 Quae
1500 5404 1567 5462 de
1605 5413 1749 5462 terra

156 5490 469 5549 ascendisse
492 5492 615 5550 visa
641 5501 757 5564 est;
790 5494 919 5570 quia
961 5493 1029 5552 de
1076 5494 1333 5553 societate
1389 5494 1746 5569 reproborum

162 5685 217 5738 tu
219 5607 464 5750 7$12,323ulzta
490 5626 665 5681 mss.;
707 5611 838 5671 edit.
896 5628 1049 5684 vero,
1095 5612 1233 5671 nihil
1271 5612 1425 5688 pejus
1468 5613 1590 5683 erit,
1622 5620 1749 5671 tan-

234 5749 352 5826 (24)
386 5749 565 5824 Edit.,
611 5758 658 5811 et
686 5754 1071 5817 dealbabuntur
1093 5753 1343 5832 plurimi,
1377 5775 1507 5819 mss.
1541 5764 1746 5829 autem,

482 5850 723 5912 PATBOL.
764 5853 941 5912 XVII.

1853 4677 2023 4749 signa,
2053 4694 2170 4748 qua:
2195 4678 2325 4733 data
2366 4684 2490 4734 sunt
2530 4677 2618 4733 illi
2655 4672 2832 4748 facere
2866 4677 2926 4732 in
2952 4684 3222 4750 conspectu
3252 4679 3440 4736 bestia.

1853 4766 2006 4823 Nihil
2035 4775 2117 4824 est
2136 4766 2281 4840 quod
2301 4766 2382 4823 sic
2410 4767 2633 4823 seducet
2657 4765 2933 4838 simplices
2970 4782 3239 4842 quosque,
3258 4756 3443 4842 quem-

1853 4854 2151 4912 admodum
2208 4855 2491 4927 signorum
2541 4854 2955 4912 demonstratio.
3000 4856 3235 4930 Ideoque
3275 4853 3444 4913 'mini-

1855 4943 1955 5001 stri
1978 4943 2310 5003 Antichristi
2335 4948 2557 5016 propter
2583 4941 2865 5015 signorum
2887 4945 3261 5018 operationem
3283 4946 3445 5005 facile

1855 5048 2149 5104 stultorum
2175 5044 2592 5103 multitudinem
2622 5046 2917 5121 decipient.
2947 5048 3135 5105 Dicens
3163 5041 3317 5102 552
3337 5049 3445 5107 ha-

1857 5136 2140 5193 bitantibus
2167 5135 2225 5190 in
2253 5141 2420 5201 terra,
2458 5141 2521 5191 ut
2545 5127 2752 5207 faciant
2789 5137 3071 5211 imaginem
3114 5137 3304 5209 bestice,
3330 5154 3447 5210 quin

1856 5226 2007 5283 habet
2027 5227 2244 5297 plagam
2266 5224 2456 5296 gladii,
2490 5230 2541 5280 et
2570 5226 2753 5292 via-it,-
2785 5225 3064 5297 videlicet,
3094 5234 3159 5284 ut
3205 5227 3265 5284 in
3311 5229 3443 5285 ima-

1856 5314 2077 5388 ginibus
2104 5313 2481 5370 Autichristus
2509 5313 2784 5372 adoretur.
2816 5314 2974 5384 Quod
3002 5324 3184 5372 autem
3211 5314 3445 5371 bestiam

1856 5405 2070 5478 plagam
2099 5402 2266 5477 gladii
2296 5401 2553 5461 habuisse
2581 5403 2748 5475 dixit,
2778 5412 2832 5462 et
2859 5405 3086 5474 vixisse,
3114 5413 3295 5478 potest
3322 5403 3445 5486 ﬁeri

1854 5506 1919 5555 ut
1958 5504 2072 5554 arte
2109 5496 2382 5557 diabolica
2424 5497 2597 5573 ﬁngat
2648 5514 2706 5557 se
2756 5497 3134 5560 Antichristus
3188 5496 3335 5558 mori
3391 5503 3446 5554 et

1856 5621 1905 5673 et
1929 5614 2334 5688 dealbabuntur,
2353 5621 2401 5673 et
2424 5615 2579 5688 quasi
2602 5630 2818 5688 aurum,
2840 5621 2945 5688 etc.
3156 5644 3161 5648 -

1929 5688 2048 5761 (25)
2081 5687 2266 5748 Codex
2294 5686 2474 5758 GemI,
2508 5687 2607 5746 Hic
2631 5686 2894 5759 sapientia
2925 5691 3019 5757 est,
3050 5692 3158 5747 etc.

3059 5853 3125 5912 31
