3964 6368
594 373 695 434 971

1611 375 1708 430 AD
1745 374 1980 432 OPERA
2015 373 2072 430 S.
2113 373 2444 432 AMBROSII
2481 374 2857 432 APPENDIX.
3839 375 3920 430 97:

593 511 896 570 resurgere,
925 503 988 552 ut
1033 497 1139 554 hoc
1183 497 1328 554 facto
1371 495 1588 554 facilius
1617 497 1870 556 homines
1893 497 2139 572 decipiat
2166 517 2179 556 :
2213 503 2264 562 A
2291 514 2422 570 pore
2454 499 2796 556 necessitatis
2844 515 2958 568 eos,
2994 497 3090 571 qui
3123 497 3576 557 Christianitatis
3615 499 3806 556 ﬁdem
3839 518 3921 557 oe-

593 585 744 661 quod
769 585 960 642 Simon
990 601 1178 658 magus
1203 585 1396 644 fecisse
1421 585 1646 644 dicitur.

665 675 850 749 (Vers.
899 676 1014 748 15.)
1063 679 1137 732 Et
1181 677 1364 732 datum
1409 683 1483 733 est
1514 677 1601 734 illi
1639 683 1701 732 ut
1740 677 1894 734 daret
1939 676 2187 750 spiritum

590 765 810 838 imagini
847 766 1037 832 bestias,
1067 772 1118 822 et
1159 771 1221 822 ut
1271 767 1521 838 loquatur
1565 767 1737 838 imago
1779 766 1967 822 bestiae.
1996 767 2102 824 Sed
2134 774 2186 824 et

589 855 698 912 hoc
733 855 999 930 quosdam
1051 873 1237 929 magos
1280 857 1473 914 fecisse
1517 857 1870 925 audivimus;
1911 857 2187 914 faciebant

589 947 800 1020 quippe
841 963 938 1020 per
980 948 1452 1011 necromanticam
1481 955 1676 1018 artem,
1702 955 1766 1004 ut
1793 954 1988 1004 statuae
2019 946 2188 1004 vide-

589 1045 782 1093 rentur
809 1037 1022 1093 moveri
1052 1044 1104 1094 et
1133 1037 1305 1110 loqui.
1338 1038 1634 1094 Possumus
1669 1037 1776 1094 hoc
1813 1037 1976 1094 aliter
2011 1036 2187 1094 intel-

589 1127 776 1200 ligere.
811 1129 993 1201 Imago
1024 1129 1262 1200 speciem
1308 1128 1474 1185 habet
1505 1129 1768 1198 hominis,
1801 1129 1896 1186 sed
1941 1145 2055 1185 non
2104 1135 2186 1185 est

588 1213 756 1272 homo
782 1235 794 1272 :
819 1217 1076 1274 similiter
1093 1225 1147 1274 et
1169 1217 1544 1276 Antichristus
1571 1226 1792 1290 propter
1810 1218 2182 1290 operationem

586 1308 860 1366 virtutum
904 1318 1066 1384 atque
1107 1311 1393 1385 signorum
1423 1311 1708 1384 putabitur
1738 1327 1854 1368 esse
1893 1313 2059 1380 Deus,
2088 1311 2184 1369 sed

585 1396 692 1456 hoc
719 1398 1083 1458 falsissimum
1113 1401 1240 1471 erit,
1261 1417 1374 1457 non
1396 1401 1543 1457 enim
1571 1409 1750 1474 potest
1776 1400 1896 1457 ﬁeri
1924 1409 1988 1457 ut
2015 1399 2183 1458 homo

585 1485 948 1560 impiissimus
975 1488 1187 1563 aliquid
1209 1489 1432 1548 deitatis
1461 1489 1520 1546 in
1553 1507 1610 1547 se
1635 1490 1851 1548 habeat.
1881 1490 2181 1562 Imaginem

585 1592 715 1648 ergo
759 1575 1090 1634 Antichristi
1133 1577 1356 1646 facient,
1385 1577 1480 1650 qui
1526 1593 1654 1634 eum
1687 1579 1865 1635 Deum
1895 1577 2178 1635 existima-

581 1665 725 1722 bunt
755 1683 768 1721 :
805 1665 1050 1722 ministri
1093 1681 1224 1724 vero
1265 1665 1598 1724 Antichristi
1645 1667 1903 1739 spiritum
1947 1665 2179 1737 imagini

579 1753 771 1812 bestias
817 1755 1052 1826 dabunt,
1078 1772 1207 1813 cum
1252 1772 1346 1813 eos
1387 1756 1483 1830 qui
1531 1756 1868 1814 crediderint
1911 1755 1970 1812 in
2020 1755 2178 1812 Anti-

2293 588 2441 647 culte
2469 603 2684 644 servare
2713 587 3014 656 voluerint,
3047 586 3491 660 deprehendant.

2370 677 2548 749 (Vers.
2585 677 2698 749 18.)
2731 676 2843 738 Hic,
2868 676 3131 748 sapientia
3183 683 3277 734 est.
3333 677 3441 746 Qui
3477 679 3654 734 habet
3703 680 3919 736 intellee

2296 772 2428 833 tum,
2454 773 2714 838 computet
2757 783 3036 822 numerum
3069 767 3244 825 bestias
3271 786 3286 836 ;
3319 785 3591 824 numerus
3634 769 3796 825 enim
3839 772 3922 826 ho-

2291 857 2452 912 minis
2492 864 2589 926 est,
2619 863 2669 913 et
2694 874 2947 912 numerus
2975 857 3090 928 ejus
3117 864 3192 912 est
3219 859 3450 914 sexcenti
3477 859 3799 931 sexaginta
3828 879 3919 916 ser.

2295 948 2372 1002 De
2410 946 2518 1004 hoc
2565 963 2797 1003 numero
2851 947 3016 1004 multi
3074 949 3250 1003 multa
3301 947 3601 1017 dixerunt,
3653 949 3918 1022 pluraque

2293 1037 2522 1093 nomina
2568 1045 2908 1110 repererunt,
2981 1036 3041 1092 in
3095 1053 3328 1110 quorum
3388 1037 3608 1094 litteris
3677 1037 3786 1095 hic
3841 1057 3920 1096 nu-

2293 1139 2477 1182 merus
2507 1126 2814 1184 invenitur.
2847 1128 3052 1185 Tamen
3071 1127 3118 1184 si
3138 1125 3362 1198 aliquod
3381 1143 3454 1183 ex
3480 1128 3562 1184 iis
3581 1130 3918 1187 nominibm

2291 1213 2672 1273 Antichristus
2710 1216 3004 1289 possideat,
3055 1216 3355 1288 praevidere
3395 1233 3513 1274 non
3546 1227 3915 1290 potuerunt:

2291 1301 2386 1358 sed
2442 1301 2508 1358 de
2540 1321 2597 1360 re
2647 1312 2763 1362 tam
2809 1306 3021 1364 incerta
3065 1304 3210 1362 nihil
3255 1305 3432 1363 audeo
3474 1307 3764 1366 definire.
3799 1309 3918 1377 Quis

2291 1391 2440 1448 enim
2467 1397 2593 1463 scit,
2615 1395 2662 1451 si
2690 1411 2893 1452 nomen
2924 1394 3072 1468 quod
3090 1395 3142 1451 ei
3161 1413 3192 1452 a
3212 1395 3539 1469 parentibus
3559 1399 3918 1472 imponetur,

2291 1480 2440 1540 hunc
2476 1499 2768 1540 numerum
2797 1484 3076 1541 contineat
3103 1485 3132 1541 ?

2360 1570 2590 1629 CAPUT
2619 1573 2770 1630 XIV.
2803 1603 2874 1615 —
2901 1573 3085 1647 (Vers.
3119 1574 3199 1646 1.)
3230 1576 3304 1633 Et
3327 1575 3460 1644 uidi,
3491 1584 3544 1633 et
3579 1595 3705 1635 ecce
3736 1579 3916 1651 Agnus

2286 1659 2464 1716 stabat
2517 1678 2686 1734 supra
2739 1669 2965 1718 montem
3020 1665 3166 1721 Sion.
3214 1663 3272 1720 Si
3328 1664 3640 1740 diligenter
3698 1677 3912 1726 textum

2285 1750 2545 1810 lectionis
2569 1754 2850 1827 sequentis
2875 1752 3252 1826 inspiciamus,
3274 1755 3392 1814 haec
3419 1774 3544 1830 quae
3571 1757 3650 1814 de
3683 1768 3908 1816 centum

579 1843 873 1914 christum,
919 1843 1202 1902 Christum
1261 1845 1643 1919 blasphemare
1697 1845 2047 1917 compellent.
2104 1846 2180 1900 Et
2207 1879 2254 1942 Β
2288 1841 2650 1942 quadraginta
2694 1852 2930 1942 quatuor
2978 1845 3227 1942 millibus
3245 1845 3534 1942 dicuntur,
3711 1852 3910 1906 electos

577 1933 740 2005 faciet
764 1941 825 1990 ut
849 1935 1144 2008 quicunque
1183 1952 1290 1993 non
1335 1936 1644 1994 adoraverit
1672 1936 1953 2008 imaginem
1981 1935 2172 2003 bestias,

578 2025 868 2083 occidatur.
901 2026 1116 2084 Fideles
1162 2029 1259 2102 qui
1303 2029 1712 2086 Antichristum
1757 2027 1984 2085 adorare
2016 2027 2173 2084 nolu-

579 2113 745 2182 erint,
796 2114 1032 2172 diversis
1077 2116 1254 2188 pmuis
1295 2119 1554 2174 macerati
1599 2118 2034 2184 interﬁcientur;
2068 2117 2174 2172 erit

579 2218 818 2276 namque
837 2202 963 2259 talis
982 2203 1292 2275 tribulatio,
1306 2206 1448 2263 sicut
1467 2206 1613 2262 dixit
1635 2207 1899 2263 Dominus
1915 2207 1972 2262 in
1993 2207 2172 2262 Evan-

579 2291 743 2364 gelio,
774 2291 952 2366 qualis
981 2308 1094 2349 non
1123 2293 1232 2350 fuit
1257 2292 1328 2349 ab
1358 2294 1543 2364 initio,
1570 2311 1746 2368 neque
1769 2294 1882 2364 fiet,
1916 2294 1994 2351 ita
2020 2301 2083 2350 ut
2111 2294 2170 2350 in

577 2395 821 2438 errorem
868 2381 1207 2440 inducantur
1247 2384 1430 2454 electi,
1472 2385 1520 2442 si
1563 2384 1684 2442 ﬁeri
1732 2393 1911 2458 potest
1954 2386 2166 2457 (Matth.

577 2487 738 2540 xxxv,
771 2471 861 2540 21,
893 2471 1012 2546 24.)

651 2560 832 2634 (Vers.
867 2561 981 2634 16.)
1012 2564 1088 2619 Et
1132 2561 1294 2634 faciet
1329 2578 1504 2620 omnes
1525 2564 1755 2636 pusillos
1781 2571 1830 2620 et
1855 2581 2092 2637 magnos,
2123 2571 2172 2621 et

575 2650 760 2708 divites
781 2657 829 2708 et
845 2668 1125 2725 pauperes,
1155 2659 1206 2708 et
1234 2653 1422 2710 liberos
1453 2659 1502 2710 et
1525 2671 1720 2724 servos,
1743 2655 1932 2712 habere
1958 2657 2170 2711 charac-

580 2751 738 2803 terem
779 2747 840 2802 in
886 2747 1104 2804 dextera
1146 2764 1330 2818 manu,
1360 2754 1456 2804 aut
1499 2748 1556 2804 in
1592 2748 1858 2820 frontibus
1895 2749 2024 2806 suis.
2056 2749 2173 2806 Po-

578 2844 686 2892 test
707 2834 828 2891 ﬁeri
853 2843 917 2892 ut
945 2836 1088 2893 sicut
1111 2851 1213 2893 nos
1239 2837 1505 2894 habemus
1533 2837 1901 2895 characterem
1937 2837 2166 2907 Christi,

579 2924 637 2980 id
665 2931 766 2993 est,
795 2939 1035 2994 crucem,
1066 2941 1173 2998 qua
1201 2925 1521 2998 signamur;
1549 2927 1628 2984 ita
1664 2927 1862 2984 habeat
1888 2927 2170 2984 Antichri-

578 3021 696 3070 stus
723 3015 1010 3086 proprium
1037 3014 1430 3084 characterem,
1461 3032 1571 3089 quo
1599 3015 1884 3089 signentur
1911 3017 1954 3072 ii
1983 3015 2079 3089 qui
2109 3015 2169 3071 in

577 3118 707 3158 eum
726 3101 1081 3160 crediderint.
1113 3103 1408 3161 Possumus
1435 3113 1490 3162 et
1517 3103 1624 3162 hoc
1653 3105 1812 3162 aliter
1839 3105 2166 3178 intelligere.

577 3190 850 3265 Discipuli
875 3190 1208 3249 Antichristi
1237 3191 1548 3251 laudatores
1575 3202 1737 3251 erunt
1765 3195 2050 3263 vitiorum,
2072 3193 2168 3251 do-

577 3281 782 3341 cebunt
809 3281 958 3337 enim
991 3280 1116 3338 ideo
1144 3289 1387 3339 creatum
1431 3283 1625 3339 vinum
1672 3291 2000 3358 caterasque
2027 3281 2168 3339 divi-

579 3371 700 3440 tias,
750 3377 827 3427 ut.
867 3369 1121 3427 homines
1177 3371 1248 3428 iis
1300 3371 1666 3443 abundanter,
1723 3383 1780 3430 et
1835 3373 2170 3430 sufficienter

575 3466 864 3517 uterentur
893 3477 906 3516 :
939 3459 1174 3533 ideoque
1196 3459 1389 3518 fecisse
1409 3463 1581 3518 Deum
1612 3462 1872 3534 genitalia
1899 3461 2165 3532 membra,

576 3553 640 3604 ut
687 3545 940 3604 homines
987 3547 1210 3604 feminis
1261 3547 1642 3620 miscerentur,
1663 3557 1718 3605 et
1757 3549 1910 3606 nefas
1955 3565 2072 3606 esse
2106 3557 2170 3606 ut

577 3635 782 3708 aliquis
833 3651 867 3691 a
921 3635 1223 3693 concubitu
1277 3637 1548 3695 abstineat
1593 3656 1606 3696 :
1661 3638 1850 3695 omnia
1897 3638 2171 3695 desideria

577 3731 820 3791 carnalia
845 3747 962 3788 esse
1001 3731 1350 3804 perﬁcienda.
1383 3734 1522 3792 Cum
1564 3743 1746 3792 autem
1789 3734 1950 3791 istam
1981 3735 2169 3792 nefan-

576 3821 704 3879 dam
735 3821 857 3895 (26)
889 3821 1197 3880 doctrinam
1225 3823 1528 3882 virtutibus
1554 3825 1969 3894 aﬂirmaverint,
2002 3831 2168 3882 terre-

577 3928 680 3969 nos
708 3909 962 3967 homines
990 3911 1087 3984 q’ui
1112 3912 1271 3984 proni
1301 3914 1548 3972 eruntad
1568 3916 1772 3972 malum
1804 3915 1978 3988 magis
2005 3931 2168 3988 quam

577 3999 647 4057 ad
679 4000 912 4068 bonum,
939 3999 1102 4058 facile
1131 4000 1426 4075 decipient.
1459 4005 1610 4078 Saepe
1655 4022 1786 4062 vero
1828 4021 1925 4078 per
1974 4020 2170 4060 manus

579 4099 743 4163 Opera
787 4090 1182 4163 intelliguntur
1211 4111 1224 4151 :
1256 4094 1625 4152 characterem
1672 4111 1799 4168 ergo
1836 4093 2169 4150 Antichristi

580 4177 640 4235 in
687 4178 914 4236 dextera
965 4197 1132 4237 manu
1178 4181 1496 4254 habebunt;
1547 4185 1677 4258 quia
1720 4200 1884 4256 opera
1928 4183 2170 4256 maligna

581 4267 845 4325 doctrinae
875 4267 1204 4328 Antichristi
1237 4274 1595 4346 congruentia
1612 4273 1948 4329 exercebunt
1969 4292 1982 4330 :
2005 4272 2167 4330 habe-

579 4355 722 4414 bunt
745 4365 800 4414 et
827 4354 886 4415 in
915 4359 1116 4432 fronte,
1138 4379 1238 4436 per
1257 4380 1422 4437 quam
1452 4379 1606 4420 mens
1629 4379 1771 4434 saepe
1800 4362 2164 4430 discernitur;

580 4446 710 4520 quia
755 4463 824 4504 ex
873 4451 1060 4522 pravis
1105 4451 1384 4526 operibus,
1432 4467 1594 4524 quam
1641 4453 1902 4527 pessimus
1958 4460 2168 4513 mentes

579 4543 767 4608 gerant
785 4535 1168 4610 'dignoscetur.

2287 1931 2492 2002 potius,
2533 1949 2770 2006 quorum
2800 1935 2998 1992 animae
3043 1935 3102 1992 in
3147 1936 3759 1996 coelestibeatitudine
3791 1957 3906 1996 cum

2291 2021 2530 2079 Domino
2560 2024 2863 2094 exsultant,
2896 2041 3060 2098 quam
3098 2025 3168 2082 ad
3195 2041 3291 2082 eos
3316 2027 3414 2100 qui
3443 2026 3502 2084 in
3532 2026 3648 2084 hac
3681 2029 3812 2085 vita
3841 2029 3907 2084 la-

2282 2108 2502 2182 borant,
2551 2113 2864 2170 videbimus
2903 2115 3194 2186 pertinere.
3245 2116 3436 2188 Agnus
3487 2117 3691 2191 itaque
3736 2117 3907 2175 Chri-

2283 2209 2435 2258 stum
2464 2202 2810 2260 demonstrat
2841 2222 2854 2261 :
2888 2205 3022 2262 Sion
3051 2213 3237 2262 autem
3268 2207 3574 2280 speculatio
3611 2209 3908 2282 interpre-

2284 2298 2465 2348 tatur:
2508 2309 2605 2365 per
2653 2300 2897 2350 montem
2959 2311 3092 2352 vero
3135 2296 3270 2353 Sion
3321 2298 3602 2355 caelestem
3663 2300 3903 2372 patriam

2280 2380 2586 2453 intelligere
2627 2381 2907 2440 debemus.
2961 2383 3026 2439 In
3063 2393 3250 2441 monte
3301 2387 3472 2459 igitur
3517 2387 3664 2445 Sion
3717 2389 3902 2461 Agnus

2279 2471 2430 2526 visus
2459 2477 2559 2538 est,
2592 2471 2723 2542 quia
2751 2471 2810 2526 in
2839 2472 3050 2528 caelesti
3102 2473 3452 2533 beatitudine
3496 2494 3632 2534 cum
3699 2480 3902 2535 sanctis

2277 2559 2392 2615 suis
2418 2559 2670 2616 Christus
2700 2559 2972 2617 consistit.
3027 2563 3102 2618 Et
3127 2579 3243 2618 cum
3271 2563 3368 2620 illo
3397 2573 3611 2622 centum
3643 2569 3902 2638 quadra-

2276 2648 2427 2718 ginta
2453 2654 2690 2718 quatuor
2736 2649 2934 2716 millia,
2965 2652 3202 2708 habentes
3228 2671 3414 2709 nomen
3442 2654 3582 2724 ejus,
3625 2664 3690 2712 et
3719 2675 3901 2715 nomen

2277 2739 2462 2794 Patris
2508 2738 2621 2809 ejus
2650 2741 2904 2812 scriptum
2932 2741 2992 2796 in
3029 2741 3294 2812 frontibus
3320 2745 3450 2800 suis.
3483 2745 3551 2800 In
3592 2749 3782 2804 tertia
3817 2749 3905 2804 vi-

2279 2827 2436 2884 sione
2455 2845 2576 2901 quae
2605 2827 2750 2886 hanc
2778 2830 3060 2902 praecedit,
3093 2839 3314 2889 centum
3348 2832 3736 2906 quadraginta
3763 2855 3905 2911 qua-

2279 2925 2408 2974 tuor
2438 2919 2616 2975 millia
2671 2936 2740 2976 ex
2785 2919 3080 2978 duodecim
3132 2921 3390 2978 tribubus
3445 2923 3624 2980 electa
3665 2925 3828 2998 (27),
3858 2937 3902 2983 et

2279 3007 2435 3080 signo
2454 3008 2588 3064 ﬁdei
2614 3008 2826 3082 signata
2860 3009 3030 3068 fuisse
3057 3009 3339 3068 dicuntur.
3370 3011 3474 3067 Illa
3499 3028 3632 3086 ergo
3661 3024 3899 3072 centum

2277 3097 2643 3170 quadraginta
2688 3106 2927 3172 quatuor
2960 3101 3159 3170 millia,
3206 3099 3352 3158 sicut
3390 3102 3672 3174 expositio
3719 3108 3900 3162 nomi-

2278 3201 2412 3241 num
2445 3185 2739 3244 duodecim
2772 3187 3022 3244 tribuum
3061 3189 3420 3258 demonstrat,
3455 3189 3525 3246 ad
3551 3192 3778 3250 electos
3807 3197 3896 3268 qui

2278 3275 2338 3332 in
2365 3275 2470 3332 hac
2513 3275 2628 3332 vita
2657 3277 2929 3347 laborant,
2971 3279 3251 3350 pertinent
3281 3297 3296 3337 :
3339 3281 3444 3338 ista
3483 3297 3622 3338 vero
3653 3293 3890 3340 centum

2277 3365 2641 3438 quadraginta
2685 3377 2925 3440 quatuor
2972 3369 3150 3426 millia
3189 3371 3410 3440 electos,
3441 3371 3539 3444 qui
3568 3371 3636 3428 in
3666 3373 3888 3430 cmlesti

2277 3454 2450 3527 gloria
2475 3471 2601 3512 cum
2639 3455 2878 3512 Domino
2905 3457 3180 3526 laetantur,
3202 3457 3538 3529 signiﬁcant,
3567 3459 3732 3518 sicut
3757 3469 3890 3518 tex-

2275 3548 2368 3600 tus
2419 3545 2702 3616 praesentis
2756 3546 3008 3604 lectionis
3038 3547 3324 3606 manifeste
3375 3549 3610 3607 indicat.
3647 3551 3764 3608 Sed
3793 3569 3889 3609 cur

2277 3648 2482 3691 nomen
2510 3635 2688 3692 Patris
2715 3644 2770 3692 et
2798 3637 2926 3694 Filii
2952 3638 3337 3696 tantummodo
3359 3639 3420 3694 in
3447 3640 3744 3698 frontibus
3776 3643 3888 3699 suis

2277 3737 2370 3779 eos
2403 3725 2670 3797 scriptum
2699 3726 2900 3784 habere
2931 3727 3088 3798 dicit,
3117 3737 3172 3786 et
3198 3729 3266 3787 de
3311 3730 3528 3802 Spiritu
3556 3743 3765 3791 sancto
3795 3751 3887 3791 re—

2277 3811 2439 3868 ticuit
2461 3813 2490 3869 ?
2519 3814 2660 3882 Quia
2702 3815 2960 3874 videlicet
2989 3817 3304 3892 ubicunque
3333 3819 3552 3876 Patrem
3583 3828 3644 3878 et
3675 3823 3883 3880 Filium

2276 3901 2528 3973 legimus,
2599 3904 2907 3980 intelligere
2952 3907 3214 3964 debemus
3266 3908 3538 3981 Spiritum
3599 3920 3881 3969 sanctum.

2275 3989 2572 4050 Possumus
2619 4003 2802 4052 autem
2846 4011 2944 4068 per
2971 3996 3179 4054 frontes
3231 3998 3396 4055 corda
3424 4007 3762 4058 sanctorum
3792 4003 3884 4058 in-

2277 4082 2521 4154 telligere
2553 4101 2566 4140 :
2627 4100 2829 4140 nomen
2865 4085 3050 4160 itaque
3079 4087 3256 4146 Patris
3282 4097 3337 4147 et
3385 4089 3520 4148 Filii
3555 4097 3615 4146 et
3643 4091 3883 4164 Spiritus

2275 4173 2449 4229 sancti
2503 4173 2563 4228 in
2617 4173 2892 4232 frontibus
2935 4177 3052 4234 suis
3097 4177 3300 4234 habent
3336 4179 3656 4251 scriptum;
3687 4181 3821 4254 quia
3853 4196 3882 4235 a

2275 4263 2553 4321 mentibus
2582 4282 2769 4322 eorum
2801 4283 2956 4323 amor
2983 4267 3086 4324 Dei
3113 4283 3416 4342 numquam
3443 4268 3617 4324 avelli
3655 4269 3878 4341 poterit,

2275 4353 2419 4410 sicut
2445 4355 2670 4412 avulsus
2685 4364 2813 4412 esta
2839 4355 3100 4412 cordibus
3129 4357 3495 4430 quorumdam
3525 4358 3876 4431 angelorum,

2274 4441 2370 4514 qui
2392 4450 2612 4516 propter
2642 4444 2952 4518 superbiam
2974 4445 3042 4502 de
3071 4448 3211 4504 coelo
3239 4447 3584 4504 ceciderunt.

2351 4543 2532 4616 (Vers.
2589 4545 2670 4616 2.)
2727 4548 2802 4602 Et
2850 4547 3036 4603 audivi
3095 4565 3262 4604 vocem
3308 4550 3372 4604 de
3417 4551 3570 4620 aceto,
3623 4557 3875 4624 tanquam

651 4632 834 4707 (vers.
867 4607 983 4708 17.)
1015 4639 1090 4694 Ει
1127 4654 1191 4692 πο
1232 4635 1352 4706 quis
1390 4637 1560 4708 possit
1585 4639 1822 4709 vendere,
1861 4645 1958 4696 aut
1981 4655 2163 4708 emere,
2194 4607 2245 4668 D
2276 4607 2449 4688 vocem
2475 4607 2742 4705 aquarum
2795 4639 3108 4706 multarum,
3137 4645 3186 4694 et
3243 4645 3497 4710 tanquam
3539 4607 3876 4698 uocem‘toni-

575 4719 685 4779 nisi
727 4725 820 4795 qui
867 4725 1111 4780 habuerit
1163 4725 1518 4782 characterem
1565 4729 1792 4784 nominis
1847 4729 2037 4799 bestiis,
2075 4736 2172 4786 aut

577 4827 854 4870 numerum
881 4813 1110 4868 nominis
1135 4813 1268 4884 ejus.
1295 4814 1510 4872 Scimus
1537 4815 1833 4874 humanam
1863 4819 2036 4875 vitam
2057 4835 2168 4875 non

579 4915 736 4973 posse
765 4902 1084 4973 subsistere,
1110 4903 1219 4962 nisi
1249 4911 1344 4962 aut
1367 4906 1610 4964 vendant
1648 4908 1944 4982 aliquando
1993 4908 2168 4966 homi-

579 5007 698 5062 nes,
737 5001 832 5050 aut
871 5003 1057 5050 emant
1098 5015 1110 5053 :
1161 5012 1226 5053 eo
1270 4999 1456 5072 itaque
1492 5001 1824 5060 Antichristi
1863 5002 2170 5076 persecutio

579 5096 706 5154 erga
747 5079 936 5137 ﬁdeles
977 5085 1258 5143 crudelius
1304 5089 1658 5160 grassahitur,
1690 5107 1800 5164 quo
1841 5092 1922 5148 eis
1949 5091 2056 5149 hoc
2085 5091 2168 5148 in-

578 5165 872 5229 terdictum
901 5172 1089 5243 fuerit,
1119 5175 1238 5233 sine
1262 5193 1372 5252 quo
1397 5179 1586 5238 vivere
1613 5197 1726 5237 non
1769 5190 2048 5254 poterunt.
2071 5183 2170 5238 Fa-

577 5262 728 5324 cient
763 5275 946 5326 autem
993 5265 1102 5326 hoc
1137 5267 1382 5328 ministri
1425 5273 1778 5344 Antichristi,
1819 5283 1882 5332 ut
1929 5277 1991 5333 in
2033 5283 2169 5333 tem-

650 5439 769 5518 (26)
801 5447 884 5504 Ita
909 5463 1053 5522 mss.
1071 5467 1095 5522 ;7
1117 5449 1250 5508 edit.
1297 5467 1351 5522 e‘
1368 5451 1666 5522 contrario,
1711 5461 1943 5511 creatum
1985 5455 2170 5512 citium

578 5516 890 5596 ligatisque
944 5516 1180 5596 divitias,
1229 5527 1290 5596 ut
1333 5516 1564 5577 homines
1613 5516 1682 5596 iis
1725 5525 2076 5596 abundanter,
2124 5533 2173 5584 et

577 5585 850 5713 gﬁcientér
903 5585 1196 5650 uterentur.
1248 5591 1383 5651 Cum
1431 5599 1606 5650 autem
1660 5594 1819 5652 istam
1862 5585 2168 5670 nefandam,

651 5722 770 5798 (27)
823 5729 974 5790 Edit.
1010 5730 1166 5804 Gill.,
1214 5732 1454 5794 Christus
1495 5736 1749 5798 consistit.
1795 5740 1870 5799 Et
1913 5756 2030 5800 cum
2074 5742 2170 5802 illo

2279 4725 2390 4780 trui
2414 4727 2611 4797 magni.
2655 4727 2806 4800 Saepe
2835 4747 2930 4802 per
2955 4732 3221 4788 Joannem
3252 4734 3540 4805 praesentis
3570 4735 3710 4793 vita
3737 4736 3876 4794 ﬁde-

2277 4815 2356 4872 les
2408 4816 2899 4878 demonstrantur:
2946 4837 3042 4893 per
3085 4839 3252 4896 aquas
3299 4839 3430 4880 vero
3483 4825 3686 4896 populi
3743 4827 3875 4883 desi-

2277 4913 2534 4978 gnantur.
2558 4907 2629 4962 Et
2643 4909 2773 4981 quia
2799 4909 2866 4965 de
2885 4910 3145 4968 omnibus
3163 4911 3418 4983 gentibus
3447 4914 3711 4985 quotidie
3730 4916 3875 4973 colli-

2277 5006 2482 5070 guntur
2500 4997 2682 5067 electi,
2714 5005 2768 5054 et
2796 4998 2856 5054 in
2885 5000 3094 5056 caelesti
3133 4999 3476 5057 beatitudine
3503 5002 3871 5072 collocantur,

2277 5087 2455 5144 sancti
2498 5087 2599 5143 Dei
2650 5087 2709 5143 in
2757 5095 2904 5145 terra
2962 5091 3274 5158 constituti,
3314 5091 3410 5164 qui
3467 5107 3569 5163 per
3609 5093 3869 5152 Joannem

2277 5174 2654 5248 designantur,
2712 5193 2904 5234 vocem
2958 5195 3224 5252 aquarum
3294 5181 3604 5239 multarum
3661 5185 3872 5242 assidue

2277 5265 2511 5323 audiunt
2539 5285 2554 5336 ;
2585 5266 2715 5340 quia
2741 5267 3049 5326 doctrinam
3077 5277 3394 5328 sanctorum
3445 5271 3508 5328 in
3535 5273 3703 5332 caelis
3755 5292 3872 5334 con-

2278 5461 2483 5530 centum
2553 5456 2912 5530 quadraginta
2967 5466 3198 5530 quatuor
3240 5461 3438 5528 millia,
3493 5479 3564 5518 επ
3606 5464 3868 5522 duodecim

2279 5527 2730 5600 tribubuselecta,
2767 5527 2904 5587 edit.
2953 5527 3138 5600 Rom.,
3191 5527 3434 5590 Christus
3488 5536 3755 5594 consistit.
3812 5540 3869 5595 In

2277 5598 2644 5681 superioribus

2734 5617 2902 5678 uoque
2965 5609 3166 5658 centum
3220 5604 3583 5677 quadraginta
3645 5615 3870 5678 quatuor

2277 5671 2472 5744 millia,
2496 5689 2561 5728 ea:
2579 5671 2796 5730 ἀπιοᾶεοί

2798 5690 2868 5744 m,
2885 5681 2990 5734 etc.
3012 5693 3029 5745 ;
3059 5691 3190 5738 mss.
3213 5685 3396 5738 autem
3418 5683 3482 5735 ut
3502 5678 3561 5736 in
3583 5688 3865 5740 contextu.
