3964 6366
110 427 246 483 973

1016 431 1470 489 BERENGAUDI
1509 431 1881 488 EXPOSITIO
1922 432 1991 487 lN
2030 431 2528 488 APOCALYPSIN.

3293 513 3298 517 _
3330 436 3437 500 971.

89 552 436 608 sistentium
461 561 513 609 et
538 554 720 610 cordis
741 555 964 611 auribus
995 557 1261 624 sentiunt,
1295 565 1348 612 et
1378 558 1584 613 virtute
1621 573 1725 628 qua
1760 559 1810 616 A
1842 564 1967 610 tuor
2019 556 2196 610 millia
2224 563 2538 612 sanctorum
2587 555 2797 610 animas
2827 570 2942 610 esse
2981 554 3286 626 designatas
3315 574 3435 630 qua

91 653 372 712 possunt,
417 661 606 700 eorum
655 652 808 701 actus
854 645 1160 701 imitantur.
1217 645 1369 701 Unde
1420 653 1474 700 et
1527 646 1714 701 eadem

91 745 229 784 vox
283 739 540 804 tanquam
586 735 894 790 tonitruum
949 752 1063 791 esse
1110 735 1334 803 dicitur,
1369 736 1515 808 quod
1553 736 1718 792 corda

87 818 466 876 audientium
501 831 699 878 terrere
734 824 910 891 solet;
949 831 1226 880 terrentur
1269 826 1438 893 enim,
1484 841 1609 881 cum
1649 824 1717 880 ad

90 923 314 964 eorum
350 910 739 981 perfectionem
769 929 826 968 se
857 914 1146 969 ascendere
1191 931 1301 969 non
1349 931 1505 986 posse
1542 912 1719 969 consi-

88 999 335 1056 derant.
385 1002 459 1056 Et
511 1019 613 1056 vox
666 1020 825 1072 quam
871 1005 1078 1071 audivi,
1127 1003 1260 1058 sicut
1311 1005 1721 1059 citharadorum

91 1089 559 1144 citharizantium
602 1091 655 1144 in
685 1093 905 1146 citharis
947 1094 1076 1148 suis.
1120 1094 1243 1149 Vox
1290 1093 1720 1149 citharmdorum

92 1177 286 1234 valde
316 1187 396 1234 est
425 1179 605 1235 dulcis
632 1179 984 1236 audientibus
1024 1199 1034 1236 :
1078 1190 1131 1237 et
1163 1181 1302 1254 quid
1332 1183 1550 1239 dulcius
1578 1183 1724 1238 ﬁde-

97 1267 297 1336 libus,
325 1285 487 1341 quam
517 1269 781 1324 memoria
811 1278 1126 1326 sanctorum
1176 1270 1233 1325 in
1282 1271 1437 1327 coelis
1469 1288 1724 1327 commo-

95 1359 370 1414 rantium
397 1377 410 1424 ;
457 1358 588 1414 dum
621 1367 825 1431 quanta
855 1360 927 1416 sit
957 1376 1147 1416 eorum
1183 1359 1356 1431 gloria
1394 1370 1575 1418 mente
1608 1377 1724 1434 per-

91 1455 382 1515 tractant,
415 1456 575 1520 atque
613 1456 676 1504 ut
718 1448 785 1504 ad
822 1448 964 1506 hanc
1005 1450 1334 1522 quandoque
1380 1451 1722 1522 perveniant,

95 1537 450 1608 suppliciter
479 1539 760 1594 exorant?

185 1633 382 1704 (Vers.
442 1632 523 1703 3.)
574 1635 648 1688 Et
690 1632 974 1688 cantabant
1024 1634 1180 1704 quasi
1224 1635 1485 1690 canticum
1531 1651 1726 1689 novum

95 1729 241 1777 ante
281 1723 471 1788 sedem,
510 1729 558 1778 et
601 1729 722 1778 ante
769 1730 998 1793 quatuor
1044 1724 1324 1792 animalia,
1365 1731 1413 1778 et
1449 1724 1676 1780 seniores
1707 1740 1725 1777 :

96 1816 153 1865 et
206 1828 364 1866 nemo
416 1818 626 1883 poterat
675 1811 846 1867 dicere
898 1813 1176 1881 canticum,
1220 1813 1326 1868 nisi
1374 1814 1475 1868 illa
1525 1821 1723 1869 centum

1827 636 1883 698 in
1926 645 2088 698 cales
2105 644 2146 698 ti
2192 643 2536 700 beatitudine
2583 645 2758 699 Deum
2805 643 3019 698 assidue
3060 643 3280 700 laudare
3325 662 3436 700 non

1827 731 2088 788 desinunt
2123 751 2133 788 :
2169 750 2265 804 per
2306 734 2487 789 sedem
2533 750 2684 801 vero,
2716 740 2768 788 et
2798 741 3030 805 quatuor
3075 734 3350 803 animalia,
3382 747 3435 794 et

1828 822 2069 878 seniores
2099 832 2226 880 ante
2272 841 2415 897 quos
2444 826 2720 882 canticum
2750 842 2955 880 novum
2983 835 3201 883 cantare
3229 827 3436 882 dicun-

1834 919 1943 980 tur,
1978 914 2169 968 ﬁdeles
2233 914 2292 968 in
2337 914 2441 970 hac
2482 915 2598 970 vita
2643 915 2829 987 positi,
2860 931 2929 969 ex
2958 915 3158 988 quibus
3194 916 3437 972 Ecclesia

1833 1010 2066 1071 constat,
2129 1003 2514 1075 designantur,
2581 1004 2726 1060 sicut
2798 1004 2855 1058 in
2931 1005 3169 1060 secunda
3210 1006 3435 1061 Visione

1835 1090 2104 1146 diximus.
2139 1093 2282 1147 Ante
2309 1091 2492 1146 sedem
2525 1109 2675 1164 ergo,
2714 1099 2770 1148 et
2810 1101 3046 1165 quatuor
3073 1094 3354 1159 animalia,
3383 1101 3436 1149 et

1832 1179 2074 1235 seniores
2095 1188 2314 1236 centum
2335 1181 2693 1252 quadraginta
2713 1191 2946 1254 quatuor
2961 1183 3138 1238 millia
3158 1183 3434 1239 canticum

1833 1283 2040 1323 novum
2073 1277 2318 1325 cantasse
2357 1268 2662 1336 dicuntur;
2717 1287 2922 1325 novum
2969 1286 3203 1343 namque
3241 1272 3436 1327 Testa—

1837 1365 2085 1412 mentum
2128 1359 2401 1414 canticum
2444 1375 2651 1414 novum
2684 1359 2908 1428 dicitur,
2945 1359 3088 1416 sicut
3133 1359 3270 1416 dicit
3313 1377 3434 1432 pro-

1835 1443 2048 1515 pheta:
2095 1469 2113 1492 ι
2173 1447 2401 1503 Cantate
2446 1447 2683 1506 Domino
2725 1447 2999 1504 canticum
3041 1465 3270 1517 novum,
3318 1449 3436 1505 laus

1835 1532 1952 1604 ejus
1997 1534 2065 1590 ab
2112 1535 2377 1591 extremis
2427 1543 2584 1591 terra
2635 1537 2770 1608 (Isa.
2823 1554 2962 1605 XLII,
3012 1538 3119 1610 10).
3151 1562 3170 1586 ι
3218 1539 3434 1594 Novum

1838 1631 2023 1678 autem
2072 1624 2481 1680 Testamentum
2547 1623 2772 1695 dicitur,
2833 1643 2897 1682 eo
2960 1627 3106 1700 quod
3167 1627 3435 1698 praecedat

1836 1711 2009 1780 aliud,
2052 1713 2198 1785 quod
2228 1721 2388 1770 vetus
2416 1722 2646 1770 vocatur
2675 1733 2686 1770 :
2715 1713 2831 1770 sive
2860 1731 2958 1786 pro
2992 1731 3057 1770 eo
3086 1715 3234 1787 quod
3262 1732 3436 1772 novos

1837 1800 2069 1872 populos
2099 1801 2285 1870 faciat,
2310 1819 2436 1858 cum
2469 1818 2538 1858 ex
2565 1802 2695 1858 ﬁliis
2725 1801 2930 1859 diaboli
2962 1803 3096 1860 facit
3137 1803 3282 1858 ﬁlios
3312 1803 3430 1860 Dei.

96 1903 483 1974 quadraginta
519 1909 752 1973 quatuor
779 1903 979 1971 millia,
1012 1905 1105 1974 qui
1133 1905 1291 1975 empti
1320 1910 1441 1959 sunt
1469 1905 1531 1959 de
1561 1911 1722 1960 terra.
1761 1916 1808 1978 Β
1840 1889 2054 1944 Habent
2100 1897 2154 1946 εί
2203 1889 2391 1946 ﬁdeles
2434 1890 2493 1946 in
2538 1889 2642 1948 hac
2687 1891 2803 1948 Vim
2847 1892 3011 1963 P03iti
3057 1891 3270 1949 οδηίίοει
3313 1909 3431 1961 sua,

100 1996 224 2052 Hic
260 2012 453 2066 magna
482 2001 626 2058 553
657 1995 964 2051 obscuritas
1004 2005 1123 2063 est;
1173 1995 1310 2052 dicit
1342 1998 1543 2071 quippe
1586 2013 1726 2053 cen-

102 2101 237 2149 tum
282 2093 642 2166 quadraginta
673 2101 908 2166 quatuor
937 2094 1115 2150 millia
1143 2111 1255 2150 non
1286 2095 1455 2150 fuisse
1478 2094 1726 2166 coinqui-

102 2193 284 2239 natos
329 2199 453 2238 cum
511 2182 862 2250 mulieribus,
910 2183 1259 2256 virginesque
1305 2200 1456 2250 esse;
1503 2190 1556 2238 et
1604 2183 1726 2237 ideo

102 2272 399 2331 canticum
432 2289 638 2329 novum
669 2282 912 2341 cantare,
945 2273 1091 2345 quod
1119 2290 1280 2329 nemo
1312 2283 1489 2345 potest
1519 2273 1720 2339 dicere,

103 2364 227 2420 nisi
274 2364 356 2418 illi
387 2363 488 2419 soli
525 2383 535 2419 :
570 2363 776 2419 scimus
819 2372 997 2419 autem
1041 2364 1303 2435 quosdam
1357 2379 1426 2417 ex
1464 2363 1725 2434 apostolis

105 2461 284 2526 atque
318 2453 652 2524 martyribus
691 2469 892 2508 uxores
939 2451 1215 2508 habuisse.
1249 2452 1530 2524 Numquid
1562 2452 1601 2506 ii
1629 2450 1722 2524 qui

106 2542 497 2614 virginitatem
548 2540 796 2612 corporis
860 2558 1074 2597 servare
1133 2540 1484 2609 studuerunt,
1538 2540 1724 2596 laudes

105 2634 234 2687 Deo
265 2631 580 2698 decantant,
612 2640 664 2686 et
695 2630 784 2684 isti
823 2633 880 2684 in
923 2630 1181 2685 laudibus
1221 2632 1315 2685 Dei
1359 2631 1498 2685 muti
1542 2631 1726 2687 exsis-

108 2730 248 2778 tunt
269 2722 296 2777 ?
331 2722 563 2776 Maxime
610 2737 736 2775 cum
773 2720 1007 2775 sciamus
1035 2735 1102 2774 ex
1136 2727 1366 2790 utroque
1396 2736 1530 2774 sexu
1569 2719 1723 2790 parvi

108 2811 307 2865 meriti
336 2810 588 2865 homines
617 2808 992 2878 virginitatem
1023 2807 1268 2878 corporis
1296 2824 1466 2880 usque
1493 2807 1560 2862 ad
1583 2823 1722 2861 mor-

113 2909 228 2957 tem
291 2915 553 2964 servasse,
611 2897 753 2952 sicut
801 2903 929 2950 sunt
978 2895 1214 2950 infantes
1262 2903 1316 2950 et
1363 2896 1540 2967 pueri,
1588 2910 1724 2966 quos

117 3000 258 3046 atas
288 2989 661 3060 virginitatem
693 2987 944 3042 amittere
985 3003 1093 3042 non
1141 2988 1432 3058 permittit.
1467 2987 1724 3044 Vidimus

120 3081 299 3135 etiam
325 3077 587 3150 quosdam
609 3077 884 3150 aliquibus
913 3079 1149 3149 peccatis
1179 3078 1468 3145 obnoxios,
1496 3079 1723 3149 virgini-

121 3176 301 3224 tatem
353 3167 599 3240 corporis
645 3183 816 3239 usque
863 3167 929 3222 ad
987 3175 1218 3223 mortem
1269 3183 1532 3236 servasse,
1585 3187 1721 3242 quos

115 3258 400 3314 credimus
445 3273 540 3327 per
585 3255 764 3327 ignem
817 3257 1192 3328 purgatorium
1238 3273 1353 3313 esse
1392 3259 1720 3330 purgandos,
1757 3267 1800 3327 Ο

111 3358 178 3405 ut
210 3349 270 3404 in
295 3347 568 3419 justorum
601 3362 832 3403 numero
871 3347 1199 3419 quandoque
1235 3348 1432 3405 ascribi
1464 3365 1723 3404 merean-

113 3447 230 3495 tur.
273 3439 554 3511 Numquid
599 3438 732 3493 istos
771 3438 912 3492 tales
953 3437 1215 3509 apostolis
1262 3448 1314 3493 et
1362 3441 1718 3510 martyribus,

116 3548 262 3604 quos
291 3547 491 3586 uxores
521 3529 776 3585 habuisse
808 3529 1091 3600 Scriptura
1132 3545 1244 3584 non
1273 3536 1434 3598 tacet,
1469 3531 1722 3602 praeferre

116 3621 484 3688 audebimus;
518 3627 580 3674 ut
609 3619 750 3675 illud
780 3619 1055 3675 canticum
1080 3618 1470 3675 suavissimum
1500 3622 1612 3676 Deo
1641 3621 1720 3677 of-

116 3710 325 3778 ferant,
378 3726 408 3764 a
457 3725 566 3781 quo
605 3708 796 3764 Petrus
841 3707 1069 3780 ejusque
1115 3707 1324 3763 similes
1374 3709 1540 3764 alieni
1578 3710 1720 3766 exsi-

116 3807 268 3855 stant
289 3800 316 3854 ?
344 3797 478 3853 Nam
510 3797 654 3852 sicut
683 3804 767 3852 est
794 3797 974 3853 dulcis
1005 3796 1210 3854 sanctis
1239 3796 1381 3852 visio
1407 3797 1527 3866 Dei,
1560 3799 1638 3855 sic
1667 3809 1720 3856 et

119 3891 241 3945 laus
266 3888 363 3944 Dei
399 3905 410 3944 :
445 3895 498 3944 et
527 3887 991 3960 quemadmodum
1025 3887 1260 3944 saturari
1289 3896 1569 3962 nequeunt
1590 3890 1717 3946 visi-

115 3998 222 4037 one
259 3979 377 4048 Dei,
417 3979 497 4035 ita
540 3996 642 4036 nec
694 3979 881 4036 satiari
930 3980 1188 4037 laudibus
1229 3980 1351 4037 Dei.
1395 3982 1466 4037 Et
1515 3991 1718 4054 quanto

117 4071 484 4144 proximiores
527 4077 656 4128 sunt
699 4072 1000 4129 secundum
1051 4073 1373 4130 meritorum
1421 4074 1716 4146 qualitates

115 4163 356 4220 Domino
387 4165 519 4232 Deo,
553 4172 708 4220 tanto
734 4172 788 4220 et
820 4164 1180 4220 ferventiores
1214 4164 1270 4220 in
1310 4165 1566 4221 laudibus
1592 4163 1714 4220 Dei.

115 4255 254 4323 Quis
301 4273 433 4312 vero
480 4255 643 4326 digne
688 4255 1036 4312 considerare
1086 4263 1264 4327 potest
1311 4272 1472 4328 quam
1523 4272 1718 4327 magna

115 4361 243 4418 pars
301 4344 488 4416 gloria
535 4344 737 4399 sanctis
790 4343 1116 4411 detrahitur,
1154 4344 1199 4398 si
1251 4361 1282 4399 a
1318 4344 1573 4400 laudibus
1617 4344 1715 4400 Dei

116 4442 367 4507 expertes
391 4433 695 4488 habeantur
714 4433 744 4488 Ῡ
772 4434 881 4488 Nec
911 4432 1037 4488 ideo
1074 4431 1181 4489 hoc
1209 4433 1467 4501 dicimus,
1500 4442 1562 4488 ut
1590 4435 1717 4488 vir-

119 4521 335 4594 ginitati
370 4521 712 4592 derogemus,
745 4537 868 4593 qua
896 4536 1091 4592 magna
1119 4529 1200 4577 est
1231 4520 1430 4588 virtus,
1459 4522 1714 4594 sociaque

1839 1980 1932 2036 sed
1964 1980 2022 2034 in
2069 1979 2139 2035 iis
2185 1980 2415 2036 canticis
2468 1997 2610 2052 sape
2651 1981 2922 2037 confessio
2959 1981 3022 2047 tit
3064 1989 3432 2054 peccatorum,

1838 2085 1979 2140 saepe
2024 2086 2129 2142 pro
2177 2070 2415 2141 peccatis
2450 2069 2782 2142 deprecatio,
2812 2087 2954 2142 sape
2987 2070 3434 2127 commemoratio

1839 2164 2239 2214 tormentorum
2272 2167 2606 2214 aternorum
2652 2177 2664 2214 :
2716 2157 2948 2232 ideoque
2991 2158 3048 2213 in
3094 2157 3252 2215 ﬂetus
3294 2175 3434 2230 sape

1837 2253 2120 2302 cantantes
2177 2247 2444 2316 excitant,
2509 2263 2650 2318 sape
2699 2248 2757 2302 in
2806 2247 3062 2303 laudibus
3125 2248 3225 2303 Dei
3281 2265 3435 2305 orare

1836 2336 2036 2403 solent,
2087 2351 2228 2406 sape
2268 2335 2335 2390 ad
2365 2352 2518 2406 spem
2550 2335 2787 2392 caelestis
2833 2337 3021 2408 patria
3061 2344 3270 2393 mentes
3298 2337 3434 2392 ﬁde-

1839 2424 1976 2478 lium
2003 2424 2221 2479 elevant
2255 2442 2268 2490 ;
2305 2425 2363 2478 in
2395 2425 2492 2478 illo
2522 2441 2652 2479 vero
2678 2425 2894 2480 cantico
2924 2425 3220 2496 spirituum
3250 2426 3433 2481 cales-

1837 2514 1976 2568 tium
2025 2514 2168 2568 nihil
2217 2513 2392 2580 triste,
2447 2513 2590 2568 nihil
2640 2513 2786 2585 quod
2846 2523 3082 2568 mentem
3130 2513 3432 2584 perturbet,

1837 2608 2091 2666 resonat;
2141 2609 2194 2655 et
2222 2610 2430 2671 quanto
2468 2600 2704 2670 amplius
2746 2599 3106 2671 depromitur,
3138 2607 3291 2654 tanto
3319 2617 3429 2655 am-

1838 2690 1984 2760 plius
2005 2688 2264 2760 gaudium
2290 2697 2343 2744 et
2374 2688 2618 2743 latitiam
2649 2689 2765 2759 (28)
2794 2689 3068 2744 mentibus
3090 2690 3430 2746 cantantium

1838 2777 2104 2832 infundit.
2136 2777 2290 2833 Sicut
2325 2777 2494 2848 igitur
2523 2794 2728 2832 novum
2763 2779 3172 2834 Testamentum
3202 2779 3428 2849 dicitur,

1837 2867 1963 2940 quia
2001 2866 2278 2938 pracessit
2328 2876 2488 2923 vetus
2519 2885 2530 2922 :
2570 2867 2645 2923 ita
2673 2875 2727 2922 et
2757 2867 2897 2922 illud
2945 2868 3221 2923 canticum
3253 2869 3430 2940 spiri-

1837 2964 1993 3011 tuum
2049 2955 2352 3011 ccelestium
2424 2972 2630 3010 novum
2691 2957 2964 3012 canticum
3018 2956 3244 3025 dicitur,
3302 2957 3431 3030 quia

1838 3045 2111 3117 pracessit
2145 3044 2297 3100 aliud
2322 3045 2468 3117 quod
2499 3054 2659 3100 vetus
2689 3053 2769 3100 est
2795 3046 2909 3100 illis
2932 3046 3029 3117 qui
3059 3048 3126 3101 ad
3156 3045 3431 3102 caelestem

1835 3135 2231 3190 beatitudinem
2281 3133 2526 3206 quotidie
2574 3141 2879 3203 transeunt,
2931 3145 2984 3191 et
3018 3150 3224 3191 novum
3255 3144 3335 3192 est
3363 3135 3432 3192 ad

1836 3225 1983 3298 quod
2046 3223 2395 3295 perveniunt.
2445 3225 2516 3279 Et
2568 3224 2673 3282 hoc
2729 3226 3007 3280 canticum
3066 3233 3191 3279 ante
3246 3226 3430 3280 sedem

1833 3315 1952 3381 Dei,
1986 3313 2043 3368 id
2072 3321 2175 3380 est,
2211 3313 2269 3368 in
2309 3321 2604 3384 conspectu
2657 3313 2823 3380 sedis,
2851 3322 3094 3368 cantasse
3122 3312 3426 3380 dicuntur;

1834 3404 1979 3475 quod
2030 3403 2179 3457 enim
2225 3403 2284 3457 in
2333 3409 2627 3473 conspectu
2669 3409 2857 3457 nostro
2915 3409 3016 3469 est,
3057 3401 3430 3456 indesinenter

1834 3493 2152 3564 aspicimus.
2204 3494 2268 3548 In
2320 3501 2616 3564 conspectu
2679 3508 2805 3563 ergo
2865 3491 3138 3557 ﬁdelium,
3192 3491 3286 3563 qui
3333 3507 3429 3563 per

1833 3581 2015 3638 sedem
2047 3588 2100 3636 et
2129 3588 2364 3653 quatuor
2393 3581 2654 3635 animalia
2681 3587 2735 3635 et
2781 3579 3022 3636 seniores
3049 3579 3423 3652 designantur,

1831 3670 2030 3726 anima
2057 3669 2304 3725 ﬁdelium
2327 3669 2602 3727 canticum
2626 3685 2830 3726 novum
2852 3676 3096 3726 cantasse
3124 3667 3423 3737 dicuntur;

1829 3759 1960 3831 quia
1987 3759 2162 3815 sancti
2209 3759 2318 3814 viri
2366 3759 2424 3814 in
2473 3758 2577 3815 hac
2605 3767 2752 3815 terra
2789 3757 2980 3831 positi,
3031 3757 3259 3830 gloriam
3288 3774 3427 3814 san-

1827 3856 2043 3904 ctorum
2108 3848 2166 3904 in
2222 3847 2376 3904 cmlis
2439 3847 2901 3904 commorantium
2975 3847 3152 3904 oculis
3223 3845 3426 3902 mentis

1828 3939 2044 3995 assidue
2084 3939 2452 4011 conspiciunt,
2487 3949 2648 4013 atque
2677 3947 2739 3996 ut
2776 3939 2845 3995 ad
2877 3955 3069 3994 eorum
3107 3939 3422 3996 societatem

1827 4028 2155 4101 quandoque
2185 4028 2528 4100 perveniant,
2570 4036 2684 4085 tota
2722 4028 2930 4084 virtute
2970 4028 3240 4084 laborant.

1897 4145 1970 4199 Et
2009 4161 2157 4199 nemo
2178 4150 2390 4216 poterat
2426 4145 2596 4200 dicere
2641 4145 2922 4212 canticum,
2958 4143 3062 4198 nisi
3092 4143 3192 4198 illa
3220 4148 3423 4199 centum

1826 4235 2186 4307 quadraginta
2255 4243 2488 4308 quatuor
2546 4237 2740 4304 millia,
2811 4235 2905 4306 qui
2974 4234 3132 4304 empti
3186 4239 3309 4288 sunt
3360 4234 3423 4288 de

1829 4331 1971 4380 terra
2005 4325 2122 4395 (29)
2158 4343 2169 4380 :
2220 4324 2276 4380 id
2306 4333 2406 4394 est,
2444 4341 2606 4381 nemo
2636 4324 2860 4379 illorum
2901 4323 2995 4397 qui
3025 4339 3120 4395 per
3148 4321 3332 4378 sedem
3367 4331 3422 4379 et

1826 4424 2061 4487 quatuor
2091 4415 2352 4470 animalia
2399 4424 2453 4472 et
2497 4415 2738 4471 seniores
2787 4412 3161 4486 designantur.
3216 4410 3420 4468 Vident

1825 4519 2061 4575 namque
2091 4503 2254 4559 modo
2304 4502 2494 4559 ﬁdeles
2523 4504 2630 4559 viri
2675 4504 2732 4558 in
2772 4510 2915 4557 terra
2947 4500 3110 4572 positi
3139 4499 3294 4570 quasi
3323 4515 3418 4570 per

120 4613 473 4685 angelorum;
521 4612 566 4667 si
613 4619 794 4666 tamen
848 4627 965 4667 eam
1018 4609 1157 4665 vitio
1201 4626 1310 4666 non
1358 4610 1706 4668 fmdaverint.
1741 4623 1788 4681 1)
1823 4593 2104 4685 SPefulum
2143 4601 2208 4685 _et
2257 4593 2642 4685 in_‘Bni8_{1_13tf3
2718 4590 2944 4685 gloria?)
2995 4595 3315 4685 “Helorum.
3355 4586 3414 4641 in

119 4701 254 4768 Quis
292 4701 442 4758 enim
489 4701 821 4773 perpendere
869 4706 1046 4771 potest
1094 4716 1256 4772 quam
1306 4716 1561 4772 magnum
1602 4700 1712 4755 bo-

122 4805 252 4846 num
283 4798 360 4846 est
395 4790 764 4862 integritatem
795 4789 1041 4861 corporis
1069 4796 1123 4844 et
1150 4788 1348 4844 anima
1386 4788 1660 4860 possidere
1684 4790 1711 4845 ‘i’

123 4880 289 4952 Igitur
329 4880 456 4953 quia
502 4879 618 4935 hac
657 4896 776 4952 qua
817 4878 1067 4950 superius
1110 4877 1176 4933 de
1208 4877 1517 4949 virginibus
1564 4878 1711 4934 dicta

125 4978 266 5038 sunt,
301 4971 366 5026 de
406 4970 474 5026 iis
503 4971 851 5026 solummodo
896 4969 989 5043 qui
1038 4969 1415 5041 virginitatem
1463 4969 1708 5040 corporis

124 5067 490 5128 servaverunt,
525 5061 830 5133 intelligere
871 5077 981 5115 non
1012 5077 1332 5132 possumus;
1381 5076 1597 5117 necesse
1627 5071 1708 5120 est

123 5159 184 5205 ut
217 5149 549 5222 indagemus,
580 5150 674 5222 qui
702 5149 814 5205 sint
844 5149 1106 5220 virgines,
1139 5157 1192 5204 et
1222 5149 1316 5220 qui
1346 5150 1428 5205 illi
1461 5151 1555 5223 qui
1583 5167 1706 5208 can-

125 5243 288 5300 ticum
320 5245 590 5314 virginum
623 5243 803 5301 dicere
833 5261 942 5300 non
974 5251 1250 5315 poterunt.
1277 5245 1412 5300 Nam
1441 5246 1488 5301 si
1523 5261 1706 5317 super-

127 5332 294 5388 ﬁciem
335 5333 588 5390 lectionis
630 5333 920 5405 diligenter
950 5333 1328 5401 atttendimus,
1359 5333 1706 5392 inveniemus

128 5437 232 5476 non
273 5422 337 5478 de
383 5422 514 5478 solis
557 5422 886 5494 virginibus,
937 5423 1032 5480 sed
1079 5421 1146 5479 de
1196 5422 1454 5480 omnibus
1499 5424 1704 5482 sanctis

127 5510 403 5567 animabus
430 5511 547 5568 hac
577 5529 692 5568 esse
721 5511 886 5570 dicta.

193 5603 441 5661 Diximus
468 5603 718 5676 superius
765 5620 861 5677 per
891 5611 1112 5662 centum
1152 5603 1512 5678 quadraginta
1557 5619 1700 5677 qua-

199 5727 306 5804 (2_8_)
351 5728 556 5804 Omnes
592 5730 751 5804 _edit.,
803 5736 947 5788 tanto
986 5733 1299 5804 ampliorem
1345 5733 1426 5788 vel
1471 5732 1700 5803 amplius

132 5801 366 5870 gaudium
384 5808 432 5860 et
453 5801 727 5868 latitiam;
754 5804 1011 5863 nonnulli
1037 5801 1191 5874 nisa,
1225 5811 1366 5862 tanto
1389 5801 1701 5878 ampliorem

1823 4681 1976 4738 calis
2005 4681 2445 4749 consistentium,
2485 4680 2732 4751 illudque
2760 4677 3037 4735 canticum
3067 4675 3195 4748 quia
3223 4674 3413 4730 arden-

1821 4779 1904 4826 ter
1934 4770 2264 4840 desiderant,
2297 4770 2452 4843 quasi
2497 4769 2748 4835 audiunt,
2791 4767 2887 4822 sed
2917 4766 3098 4822 dicere
3136 4781 3247 4820 non
3278 4781 3414 4837 pos-

1819 4867 1988 4926 sunt;
2023 4860 2154 4933 quia
2194 4883 2212 4906 ι
2242 4861 2434 4915 oculus
2470 4875 2580 4914 non
2635 4856 2797 4924 vidit,
2840 4872 2940 4911 nec
2981 4854 3128 4909 auris
3174 4848 3409 4921 audivit,

1817 4965 1921 5005 nec
1945 4948 2004 5004 in
2055 4966 2151 5005 cor
2179 4947 2422 5003 hominis
2466 4945 2733 5013 ascendit,
2763 4961 2883 5017 qua
2914 4941 3240 5016 praparavit
3267 4943 3412 4997 Deus

1817 5037 2181 5110 diligentibus
2208 5053 2265 5092 se
2295 5037 2352 5109 (Ι
2382 5037 2506 5092 Cor.
2541 5053 2600 5102 ιι,
2631 5035 2713 5106 9).
2743 5059 2761 5082 ι
2811 5033 2918 5100 Qui
2964 5031 3032 5088 de
3069 5040 3212 5088 terra
3239 5029 3409 5101 empti

1819 5144 1932 5183 esse
1978 5127 2284 5193 dicuntur;
2337 5126 2504 5198 empti
2555 5133 2686 5181 sunt
2714 5124 2914 5198 quippe
2954 5124 3010 5179 in
3057 5130 3200 5178 terra
3244 5120 3406 5193 positi

1817 5220 2056 5294 pretioso
2100 5219 2362 5292 sanguine
2410 5218 2636 5276 Christi.
2683 5217 2789 5274 Sed
2839 5218 3036 5273 melius
3083 5222 3163 5270 est
3212 5220 3273 5268 ut
3312 5228 3408 5284 per

1817 5309 2150 5381 emptionem
2195 5309 2627 5380 assumptionem
2676 5306 3090 5378 intelligamus;
3139 5299 3406 5372 assumpti

1812 5408 1942 5457 sunt
1967 5399 2114 5454 enim
2143 5398 2211 5456 de
2241 5407 2406 5468 terra,
2437 5407 2490 5455 et
2519 5399 2579 5454 in
2616 5397 2823 5455 calesti
2853 5390 3193 5452 beatitudine
3219 5390 3405 5446 collo-

1813 5489 1942 5548 cati.

1885 5604 2068 5676 (Vers.
2099 5603 2181 5676 4.)
2217 5604 2268 5661 Ii
2310 5609 2432 5659 sunt
2484 5601 2576 5674 qui
2621 5617 2736 5656 cum
2776 5598 3087 5655 mulieribus
3129 5615 3236 5656 non
3278 5605 3404 5657 sunt
3499 5619 3502 5622 ·

1806 5729 1990 5802 gaudii
2022 5729 2304 5802 laetitiam;
2333 5727 2607 5802 cateriAut
2645 5742 2742 5780 nos
2772 5724 2830 5802 in
2860 5731 3038 5802 teratu.

1883 5801 2000 5873 (29)
2033 5801 2190 5858 Rom.
2221 5800 2352 5856 edit.
2380 5798 2746 5871 jugulaverat,
2772 5796 2876 5853 nisi
2903 5797 3117 5854 illa.....
3147 5796 3210 5852 de
3231 5803 3394 5854 terra.
