3964 6378
563 418 670 477 975

1561 415 1657 470 ΑΙ)
1695 412 1929 471 OPERA
1966 413 2020 469 S.
2060 412 2388 472 AMBROSII
2426 412 2803 469 APPENDIX.
3830 414 3908 468 97:;

564 539 891 612 coinquinati
918 558 941 607 ,°
966 538 1196 611 virgines
1232 539 1367 595 enim
1404 545 1544 596 sunt.
1585 539 1686 595 Hic
1715 555 1933 594 rursum
1974 537 2150 593 oritur
2182 541 2232 599 Α
2261 537 2693 594 misericordiam
2751 553 2904 593 suam
2964 537 3290 593 auferendo.
3350 538 3721 609 Sequuntur
3792 553 3901 594 ven:

575 628 806 702 quaestio
833 645 848 697 ;
882 643 1011 684 nam
1039 627 1086 683 si
1113 627 1173 683 in
1204 627 1301 684 illa
1328 625 1667 684 beatitudine
1691 626 1897 684 diversi
1936 626 2156 682 ordines

573 725 724 787 sunt,
767 726 831 775 ut
880 725 1011 775 sunt
1047 716 1301 790 apostoli,
1359 724 1647 790 martyres,
1698 716 2052 785 confessores,
2101 723 2157 772 et

571 808 859 881 virgines;
900 806 1175 880 quomodo
1215 822 1404 863 omnes
1449 816 1763 865 sanctorum
1794 806 1992 862 animai
2031 805 2158 861 vir-

572 895 728 969 gines
765 912 879 952 esse
907 896 1186 966 dicuntur,
1218 902 1273 952 et
1301 895 1360 951 in
1397 902 1612 953 tantum
1652 895 1915 967 virgines,
1940 904 2001 951 ut
2028 910 2156 951 cum

574 986 905 1044 mulieribus
930 985 1299 1061 coinquinata
1328 1004 1440 1043 non
1470 987 1638 1044 fuisse
1674 987 1929 1044 dicantur
1956 987 1985 1043 ‘I
2012 988 2083 1042 Et
2109 984 2177 1053 si_

574 1092 767 1134 verum
789 1086 873 1134 est
894 1077 1039 1151 quod
1059 1076 1328 1134 Dominus
1350 1076 1508 1146 dicit,
1549 1077 1662 1134 imo
1684 1093 1877 1133 verum
1906 1083 2007 1144 est,
2031 1074 2160 1147 quia

577 1181 690 1221 non
730 1174 910 1239 potest
937 1166 1059 1223 ﬁeri
1085 1173 1149 1222 ut
1175 1168 1320 1223 Deus
1347 1166 1646 1222 mentiatur
1679 1183 1691 1222 :
1755 1188 1775 1215 ‹
1808 1165 1916 1233 Qui
1955 1163 2159 1219 viderit

573 1256 862 1331 mulierem
892 1256 961 1313 ad
988 1256 1485 1330 concupiscendum
1531 1271 1672 1326 eam,
1712 1255 1827 1327 jam
1857 1254 2159 1312 mmchatus

574 1352 657 1402 est
692 1361 811 1402 eam
850 1345 911 1402 in
957 1346 1122 1404 corde
1163 1362 1262 1403 suo
1293 1346 1507 1418 (Matth.
1557 1362 1613 1413 v,
1645 1343 1763 1415 28),
1811 1369 1831 1393 ι
1884 1342 2158 1415 quomodo

574 1450 766 1492 omnes
794 1443 1111 1492 sanctorum
1159 1434 1356 1492 animm
1403 1434 1463 1489 in
1502 1438 1620 1489 toto
1654 1430 1832 1504 spatio
1869 1430 1998 1487 vitae
2027 1445 2160 1502 prae-

572 1523 745 1582 sentis
793 1523 861 1580 ab
902 1522 1285 1597 inquinatione
1324 1521 1621 1578 mulierum
1653 1520 1871 1577 mundae
1908 1534 2023 1575 esse
2052 1534 2161 1590 po-

573 1621 804 1671 tuerunt
830 1614 859 1670 ?
886 1612 1254 1681 Quaerendum
1298 1628 1425 1684 ergo
1453 1610 1614 1667 nobis
1642 1617 1724 1665 est
1751 1608 2027 1682 quomodo
2055 1606 2161 1663 hoc

569 1702 990 1775 intelligendum
1020 1702 1092 1758 sit
1124 1720 1139 1770 ;
1180 1701 1343 1758 multi
1397 1699 1597 1774 quippe
1626 1699 1848 1754 fuerunt
1874 1706 1999 1754 ante
2024 1695 2159 1768 bap-

573 1785 800 1842 tismum
848 1784 1085 1842 adulteri
1134 1791 1189 1841 et
1235 1782 1613 1850 fornicatores,
1645 1781 1743 1838 sed
1780 1781 1840 1835 in
1880 1779 2158 1837 Christum

572 1873 877 1943 credentes,
947 1881 1108 1946 atque
1171 1872 1239 1929 de
1298 1872 1537 1945 peccatis
1599 1871 1714 1929 suis
1781 1868 2159 1942 paenitentiam

568 1971 808 2035 agentes,
856 1962 1173 2036 fontemque
1215 1960 1563 2034 baptismatis
1608 1966 1942 2033 expetentes,
1987 1957 2161 2031 quid-

571 2053 708 2127 quid
742 2053 804 2111 in
846 2053 925 2111 eis
956 2053 1243 2111 sordidum
1272 2054 1398 2123 fuit,
1429 2070 1526 2125 per
1557 2051 1792 2124 Spiritus
1830 2050 2006 2108 sancti
2044 2065 2158 2123 gra-

569 2143 703 2201 tiam
741 2143 898 2217 aquis
937 2143 1284 2217 baptismatis
1330 2144 1573 2201 deletum
1615 2150 1699 2199 est
1729 2158 1740 2198 :
1772 2141 1867 2215 qui
1912 2140 1972 2196 in
2011 2140 2157 2198 bono

569 2232 718 2307 quod
766 2232 827 2289 in
874 2232 1065 2290 eodem
1112 2233 1437 2305 baptismate
1463 2232 1854 2305 promiserunt,
1884 2245 2057 2303 usque
2097 2229 2156 2285 in

569 2321 737 2379 finem
765 2321 897 2379 vitae
927 2330 1353 2396 perseverantes,
1387 2322 1643 2379 veniente
1690 2320 1947 2388 Domino,
1975 2327 2038 2375 ut
2065 2335 2159 2375 eos

565 2426 664 2484 per
691 2419 924 2469 mortem
951 2412 1019 2469 ab
1046 2413 1148 2471 hac
1177 2420 1397 2469 terrena
1424 2411 1765 2468 habitatione
1791 2407 2152 2477 subtraheret,

564 2517 755 2559 eorum
784 2502 981 2559 animae
1009 2501 1272 2574 virgines,
1303 2500 1359 2556 id
1388 2509 1490 2570 est,
1521 2500 1765 2572 integrae,
1814 2504 1870 2554 et
1907 2497 1974 2553 ab
2002 2497 2155 2553 omni

562 2591 919 2663 corruptione
942 2590 1206 2647 vitiorum
1226 2591 1443 2647 mundae
1463 2591 1702 2646 inventae
1733 2593 1881 2645 sunt.
1913 2588 2151 2643 Istorum

560 2697 689 2756 ergo
732 2680 929 2739 animai
973 2680 1098 2754 jure
1146 2681 1389 2754 virgines
1436 2688 1748 2747 vocantur;
1790 2678 1919 2751 quia
1965 2691 2154 2733 eorum

560 2771 744 2828 omnis
788 2771 1070 2845 corruptio
1108 2770 1265 2844 aquis
1309 2769 1677 2843 baptismatis,
1722 2768 1993 2839 bonisque
2031 2781 2153 2838 ope-

559 2859 715 2916 ribus
760 2859 940 2917 deleta
986 2868 1087 2917 est.
1128 2860 1374 2916 Fuerunt
1416 2858 1581 2915 etiam
1628 2857 1811 2926 multi,
1888 2856 1985 2928 qui
2032 2861 2155 2927 post

559 2948 895 3021 baptismum
946 2949 1122 3005 multa
1171 2949 1374 3004 scelera
1427 2947 1841 3013 commiserunt,
1891 2944 1987 3000 sed
2028 2960 2153 3000 cum

561 3051 660 3109 per
685 3035 1067 3108 pmnitentiam
1112 3043 1167 3092 et
1212 3036 1481 3107 lacrymas
1532 3041 1693 3105 atque
1722 3048 1818 3104 per
1848 3030 2153 3087 misericor-

561 3123 732 3194 diam,
762 3123 1082 3197 caaterisque
1112 3122 1276 3181 bonis
1311 3123 1569 3197 operibus
1609 3123 1816 3178 malum
1865 3120 2011 3193 quod
2042 3136 2154 3192 ges-

563 3219 773 3282 serunt,
806 3211 988 3269 delere
1014 3211 1348 3282 studuerint,
1380 3219 1434 3268 et
1459 3212 1517 3268 in
1554 3210 1700 3267 bono
1726 3209 2006 3283 proposito
2036 3225 2153 3281 per-

557 3302 960 3371 severaverint,
990 3303 1230 3360 Domino
1272 3301 1548 3369 veniente,
1580 3316 1770 3357 eorum
1799 3300 1998 3356 animae
2026 3298 2154 3354 vir-

561 3391 715 3465 gines
745 3401 973 3466 reperta;
998 3399 1128 3449 sunt
1154 3410 1168 3461 ;
1202 3391 1333 3466 quia
1359 3390 1629 3465 quidquid
1651 3391 1709 3446 in
1729 3388 1809 3446 eis
1837 3388 1945 3445 fuit
1972 3403 2155 3459 repro-

559 3479 716 3550 bum,
772 3480 1059 3539 charitatis
1103 3479 1363 3538 remediis
1407 3488 1490 3538 est
1545 3486 1857 3553 purgatum.
1910 3478 2156 3534 Fuerunt

563 3575 619 3625 et
645 3565 945 3640 conjugati,
994 3568 1089 3642 qui
1129 3571 1307 3626 Deum
1347 3576 1464 3626 tota
1502 3574 1650 3633 554
1693 3568 1902 3625 virtute
1951 3565 2156 3622 dilexe-

563 3672 716 3733 runt,
747 3671 911 3737 atque
938 3663 998 3719 in
1025 3664 1328 3723 virtutibus
1370 3668 1544 3724 vitam
1571 3664 1773 3723 ducere
1800 3663 2152 3721 studuerunt.

565 3751 802 3809 Istorum
848 3751 1019 3825 igitur
1071 3754 1268 3810 animae
1326 3763 1473 3812 recte
1524 3755 1769 3828 virgines
1822 3759 2091 3810 vocantur
2139 3768 2154 3819 ;

565 3843 696 3917 quia
748 3843 795 3899 si
843 3858 979 3916 quas
1029 3843 1216 3902 sordes
1264 3860 1335 3902 ex
1386 3846 1780 3920 conjunctione
1826 3841 2157 3900 feminarum

564 3939 876 4004 traxerunt,
907 3933 1068 3992 bonis
1096 3935 1354 4009 operibus
1381 3935 1622 3994 deletum
1666 3943 1767 3993 est.
1798 3934 2067 3994 Similiter
2090 3932 2159 3989 de

564 4022 778 4080 caeteris
800 4022 1088 4081 ordinibus
1111 4025 1226 4099 (30)
1253 4025 1675 4099 intelligendum
1704 4032 1804 4083 est.

640 4129 937 4188 Possumus
966 4131 1131 4188 etiam
1162 4148 1258 4204 per
1304 4133 1564 4189 mulieres
1588 4148 1817 4206 corpora
1844 4137 2159 4188 sanctorum

570 4215 898 4290 intelligere,
930 4235 1027 4292 per
1054 4219 1205 4277 viros
1234 4228 1417 4277 autem
1446 4221 1657 4299 animas
1688 4239 1703 4290 ;
1746 4220 1876 4294 quia
1903 4219 2048 4277 sicut
2073 4218 2163 4275 vir

568 4312 625 4365 et
653 4307 857 4364 mulier
886 4324 997 4364 una
1021 4324 1148 4366 caro
1178 4318 1446 4368 vocantur
1475 4310 1630 4383 (Gen.
1652 4327 1715 4380 ιι,
1736 4309 1852 4382 24),
1875 4309 1952 4367 ita
1965 4325 2163 4382 corpus

571 4406 628 4455 et
668 4397 854 4454 anima
890 4414 1036 4455 unus
1073 4394 1241 4456 homo
1287 4417 1299 4457 :
1353 4409 1408 4457 et
1446 4399 1907 4473 quemadmodum
1956 4400 2163 4457 femina

572 4486 807 4546 inferior
851 4498 933 4546 est
985 4488 1129 4561 viro,
1188 4490 1421 4565 ideoque
1468 4508 1687 4549 necesse
1745 4498 1828 4548 est
1867 4498 1930 4547 ut
1969 4507 2001 4547 a
2039 4490 2162 4546 viro

570 4586 810 4652 regatur,
840 4578 1067 4654 ejusque
1095 4580 1527 4639 dominationem
1549 4582 1821 4656 perferat;
1855 4581 1933 4637 ita
1964 4596 2161 4652 corpus

569 4670 749 4726 multo
777 4668 1012 4727 inferius
1038 4679 1122 4728 est
1149 4688 1311 4745 quam
1353 4672 1555 4743 anima,
1590 4682 1643 4729 et
1682 4671 1805 4729 ideo
1834 4686 2052 4727 necesse
2082 4675 2163 4725 est
2193 4640 2242 4699 D

570 4765 636 4816 ut
664 4775 697 4816 a
727 4760 927 4833 spiritu
957 4768 1177 4834 regatur
1211 4769 1373 4836 atque
1415 4763 1688 4830 dometur,
1736 4761 1960 4835 ejusque
2009 4761 2164 4818 desi-

567 4847 721 4906 deria
759 4849 1104 4924 frangantur.
1149 4852 1310 4920 Quod
1345 4852 1473 4925 quia
1510 4852 1704 4912 sancti.
1726 4851 1903 4907 facere
1947 4850 2167 4907 studue-

567 4946 721 5006 runt,
770 4954 883 4995 non
921 4948 1052 4997 sunt
1092 4938 1436 5015 coinquinati
1466 4957 1593 4998 cum
1622 4940 1947 4996 mulieribus
1979 4958 1994 5008 ;
2039 4940 2169 5013 quia

570 5040 642 5083 ex
681 5025 1075 5098 conjunctione
1104 5046 1398 5101 corporum
1428 5032 1609 5087 nullas
1639 5030 1824 5087 sordes
1857 5033 2164 5098 traxerunt,

569 5128 640 5171 ex
692 5113 894 5186 quibus
936 5116 1115 5172 Deum
1155 5118 1326 5174 nimis
1374 5119 1730 5176 offenderent.
1780 5118 1831 5176 Ii
1879 5124 2169 5189 sequuntur

563 5203 779 5275 Agnum
816 5219 1125 5275 quocunque
1182 5205 1391 5263 abierit.
1441 5208 1561 5276 Quo
1601 5206 1774 5277 vadit,
1831 5207 1927 5280 qui
1984 5206 2170 5262 omnia

569 5289 784 5368 implet,
821 5299 877 5351 et
923 5301 1074 5351 totus
1122 5292 1329 5368 ubique
1372 5304 1453 5352 est
1491 5297 1520 5355 ?
1554 5297 1663 5354 Sed
1706 5296 2167 5371 quemadmodum

569 5383 759 5454 vadat,
788 5385 1086 5457 Apostolus
1114 5382 1275 5442 docet
1317 5383 1508 5444 dicens
1538 5404 1551 5444 :
1608 5411 1628 5438 ι
1656 5387 1760 5446 Cui
1799 5388 1920 5444 vult
1947 5387 2169 5444 misere-

567 5476 684 5542 tur,
725 5481 780 5531 et
813 5491 977 5549 quem
1006 5475 1130 5533 vult
1171 5473 1397 5532 indurat
1431 5474 1608 5546 (Rom.
1659 5492 1740 5546 rx,
1784 5477 1900 5550 18).
1941 5500 1962 5526 ι
2001 5476 2169 5537 Vadit

572 5558 759 5636 itaque
783 5562 932 5623 Deus
974 5563 1287 5624 miserando
1316 5562 1670 5639 quibusdam,
1697 5571 1752 5624 et
1779 5581 1811 5624 a
1838 5565 2168 5641 quibusdam

2263 626 2459 695 sancti,
2508 626 2639 699 quia
2684 626 2886 699 quibus
2930 626 3026 681 ille
3066 625 3527 683 misericordiam
3580 642 3763 682 suam
3813 627 3909 683 lar-

2265 713 2431 787 gitur,
2462 714 2774 785 largiuntur
2794 721 2848 770 et
2868 714 2980 782 illi;
3017 721 3070 770 et
3097 731 3129 771 a
3156 715 3362 788 quibus
3382 714 3683 783 abscidit,
3707 714 3907 772 abscin-

2263 802 2406 859 dunt
2432 810 2488 859 et
2515 803 2621 860 illi.
2650 804 2765 860 Hoc
2786 803 2854 860 de
2874 804 3061 861 electis
3081 805 3141 860 in
3161 813 3307 861 terra
3337 804 3555 878 positis
3590 805 3908 876 intelligere

2264 910 2377 950 non
2407 910 2728 966 possumus;
2774 910 2915 967 saepe
2943 894 3090 950 enim
3121 895 3462 952 miserentur
3493 894 3741 969 quibus
3782 897 3908 951 Dens

2266 1000 2377 1041 non
2407 984 2717 1053 miseretur,
2746 984 2889 1041 sicut
2910 983 3128 1040 Samuel
3146 986 3242 1059 qui
3265 985 3497 1059 lugebat
3525 986 3681 1041 Saul
3716 986 3783 1057 (Ι
3801 987 3909 1057 Rrg.

2264 1090 2361 1142 xv,
2385 1073 2502 1146 35),
2525 1090 2686 1147 quem
2714 1075 2860 1130 Deus
2886 1072 3189 1147 projecerat
3212 1092 3245 1131 a
3273 1075 3415 1132 facie
3446 1092 3557 1132 sua
3588 1094 3604 1132 :
3637 1076 3908 1149 quosdam

2266 1162 2431 1220 etiam
2461 1163 2635 1220 sancti
2665 1164 2925 1220 damnare
2972 1165 3190 1232 volunt,
3225 1164 3431 1237 quibus
3460 1166 3637 1221 Deus
3697 1163 3910 1219 misere-

2266 1260 2377 1321 tur,
2407 1253 2554 1308 sicut
2579 1253 2765 1321 Jonas,
2806 1253 2903 1326 qui
2952 1252 3209 1325 cupiebat
3238 1261 3301 1309 ut
3327 1253 3625 1310 Ninivitae
3663 1252 3909 1309 deleren-

2265 1347 2360 1397 tur
2390 1341 2535 1414 (Jon.
2581 1358 2658 1410 ιν,
2691 1342 2774 1414 3),
2816 1357 2954 1414 quos
3001 1343 3146 1398 Deus
3189 1342 3403 1398 salvare
3449 1341 3844 1421 decreverat.
3875 1344 3910 1398 Ii

2266 1430 2423 1502 empti
2472 1436 2595 1485 sunt
2638 1447 2704 1486 ea:
2759 1431 3000 1486 omnibus
3036 1430 3292 1503 primitiw
3334 1432 3445 1487 Deo
3500 1437 3556 1486 et
3612 1432 3818 1502 Agna.
3861 1432 3909 1486 In

2269 1521 2384 1593 lege
2432 1530 2763 1595 praeceptum
2802 1529 2885 1577 est
2911 1530 2974 1578 ut
3001 1520 3262 1594 primitiae
3290 1519 3521 1593 frugum
3555 1521 3911 1578 oﬂ'errenmr

2268 1610 2382 1665 Deo
2412 1610 2616 1680 (Ea-od.
2648 1628 2791 1679 xxn,
2822 1609 2913 1683 29)
2951 1627 2962 1667 :
2998 1627 3094 1683 per
3123 1610 3399 1683 primitias
3430 1610 3721 1682 frugum,
3757 1612 3908 1668 electi

2268 1697 2663 1772 designantur;
2713 1716 2838 1761 nam
2888 1700 3033 1757 sicut
3071 1717 3141 1756 ex
3178 1699 3551 1756 multitudine
3601 1699 3904 1757 fructuum

2269 1806 2451 1863 parvae
2482 1791 2743 1863 primitiae
2767 1793 2881 1848 Deo
2913 1790 3299 1858 oiferebantur,
3330 1790 3409 1845 ita
3435 1796 3494 1846 et
3524 1806 3605 1845 ex
3641 1792 3903 1847 multitu-

2188 1904 2234 1965 Β
2269 1879 2400 1936 dine
2429 1881 2759 1953 populorum
2790 1896 2992 1952 parvus
3017 1897 3280 1936 numerus
3299 1880 3619 1937 electorum
3645 1880 3901 1953 eligitur,

2268 1970 2366 2044 qui
2394 1969 2462 2026 ab
2495 1969 2705 2042 angelis
2734 1971 2849 2026 Deo
2887 1969 2947 2025 in
2979 1970 3186 2042 templo
3217 1969 3403 2041 gloriae
3430 1969 3705 2026 caelestis
3735 1970 3904 2025 offer-

2266 2067 2379 2128 tur,
2422 2058 2569 2115 sicut
2606 2057 2874 2115 Dominus
2929 2057 3067 2115 dicit
3121 2058 3180 2113 in
3233 2057 3545 2129 Evangelio
3590 2076 3606 2115 :
3677 2081 3702 2106 ε
3745 2058 3900 2115 Multi

2266 2150 2413 2206 enim
2438 2156 2569 2207 sunt
2584 2149 2958 2222 vocati,pauci
2981 2165 3113 2205 vero
3130 2148 3287 2205 electi
3310 2148 3530 2221 (Matth.
3546 2164 3719 2217 χχιι,
3740 2148 3856 2219 14).
3871 2174 3887 2198 ι

2264 2239 2451 2297 Sancti
2483 2256 2610 2313 ergo
2640 2239 3011 2313 primitiarum
3058 2254 3210 2295 more
3257 2250 3327 2294 ex
3372 2237 3733 2295 hominibus
3777 2246 3894 2294 sunt

2264 2328 2549 2401 assumpti,
2583 2338 2636 2385 et
2666 2329 2725 2385 in
2755 2328 2961 2385 caelesti
2988 2328 3332 2386 beatitudine
3370 2327 3675 2387 collocati.

2336 2419 2515 2489 (Vers.
2547 2419 2628 2490 ὅ.)
2661 2420 2735 2474 Et
2768 2419 2825 2473 in
2849 2435 2940 2474 ore
2967 2434 3150 2473 eorum
3184 2435 3292 2473 non
3319 2425 3396 2475 est
3429 2418 3737 2475 inventum
3766 2435 3887 2474 mea.

2262 2507 2492 2563 dacium.
2532 2506 2706 2564 Valde
2735 2506 2960 2563 difﬁcile
2987 2522 3103 2562 esse
3140 2506 3383 2576 videtur,
3418 2509 3580 2580 quod
3632 2508 3882 2575 dicitur;

2262 2602 2389 2651 sunt
2417 2595 2618 2668 quippe
2648 2595 2893 2668 quedam
2941 2594 3227 2651 mendacia
3270 2594 3434 2651 valde
3479 2596 3733 2668 gravia,
3772 2608 3886 2655 sum

2262 2684 2372 2740 alia
2423 2700 2543 2757 quae
2598 2684 2740 2741 inter
2797 2684 2940 2741 levia
2982 2691 3204 2756 peccata
3257 2683 3580 2756 deputanda
3644 2695 3816 2755 sunt,
3864 2704 3889 2741 ε

2264 2773 2467 2847 quibus
2515 2773 2721 2831 nostris
2764 2772 3106 2846 temporibus
3142 2772 3328 2829 nescio
3376 2773 3425 2829 si
3469 2774 3700 2847 aliquis
3743 2777 3887 2833 omni

2262 2871 2511 2935 tempore
2578 2862 2709 2918 vitae
2767 2878 2877 2919 suae
2935 2860 3211 2917 abstinere
3268 2860 3462 2933 possit,
3518 2862 3636 2918 nisi
3724 2865 3889 2921 fuerit

2262 2952 2464 3021 infans,
2500 2951 2595 3025 qui
2643 2950 2796 3024 loqui
2827 2949 3061 3021 ignorat.
3092 2951 3215 3007 Non
3261 2949 3445 3022 itaque
3491 2949 3561 3005 de
3613 2954 3893 3009 omnibus

2265 3041 2568 3099 mendaciis
2597 3040 2704 3101 hoc
2730 3039 2943 3097 dictum
2990 3056 3106 3097 esse
3150 3038 3292 3094 mihi
3339 3038 3563 3096 videtur
3608 3057 3623 3096 :
3672 3043 3783 3099 sed
3816 3053 3891 3099 est

2261 3131 2614 3188 mendacium
2643 3130 2804 3185 valde
2834 3128 3241 3202 gravissimum,
3287 3146 3414 3186 cum
3458 3130 3791 3187 mentimur
3835 3148 3889 3186 ea

2263 3238 2383 3294 quae
2403 3219 2463 3276 in
2484 3219 2808 3292 baptismate
2828 3219 3205 3290 promisimus.
3230 3219 3345 3276 Hoc
3365 3235 3492 3291 ergo
3514 3219 3885 3277 mendacium

2263 3311 2324 3369 in
2352 3329 2445 3369 ore
2469 3318 2783 3369 sanctorum
2811 3324 2925 3365 non
2951 3316 3033 3365 est
3062 3309 3353 3366 inventum
3378 3327 3391 3378 ;
3424 3309 3556 3382 quia
3586 3309 3706 3366 hoc
3738 3310 3889 3384 quod

2266 3402 2326 3458 in
2372 3402 2703 3475 baptismate
2746 3400 3140 3472 promiserunt,
3195 3415 3368 3472 usque
3414 3398 3473 3455 in
3520 3398 3702 3455 ﬁnem
3757 3402 3885 3456 vitm

2264 3509 2483 3549 servare
2529 3490 2880 3549 studuerunt.
2928 3490 3001 3544 Et
3039 3489 3086 3545 si
3132 3489 3358 3545 fuerunt
3385 3488 3559 3561 aliqui
3610 3488 3717 3562 qui
3762 3497 3883 3563 post

2263 3582 2604 3656 baptismum
2641 3582 2819 3637 multa
2849 3585 3073 3653 peccata
3116 3579 3535 3647 commiserunt,
3577 3586 3782 3638 tamen
3828 3583 3881 3637 in

2266 3689 2360 3731 ore
2388 3689 2580 3729 eorum
2610 3687 2721 3729 non
2750 3678 2831 3727 est
2864 3669 3153 3725 inventum
3182 3667 3536 3725 mendacium
3563 3686 3579 3736 ;
3617 3670 3764 3742 quia
3791 3687 3885 3743 per

2265 3762 2670 3837 paenitentiam,
2702 3760 3095 3833 charitatisque
3121 3775 3286 3831 opera
3314 3759 3527 3814 malum
3557 3760 3722 3831 quod
3776 3777 3883 3834 ges-

2268 3862 2483 3923 serunt,
2513 3860 2639 3909 ante
2685 3859 2919 3908 mortem
2948 3850 3130 3907 delere
3176 3848 3510 3905 studuerunt
3546 3866 3559 3904 :
3597 3850 3733 3906 Sine
3762 3869 3880 3908 ma-

2270 3944 2395 4000 cula
2438 3942 2575 3998 enim
2619 3947 2759 3998 sunt.
2804 3942 2876 3997 Et
2923 3939 3017 3997 hic
3046 3939 3177 3996 satis
3205 3946 3389 4013 aperte
3418 3937 3794 4011 demonstrat,
3826 3958 3881 3998 ea

2270 4049 2391 4106 quae
2423 4031 2482 4087 in
2510 4030 2614 4088 hac
2642 4030 2877 4087 lectione
2905 4028 3286 4099 continentur,
3317 4044 3429 4084 non
3454 4028 3527 4085 ad
3556 4028 3763 4088 ﬁdeles
3791 4031 3877 4105 qui

2270 4121 2329 4177 in
2374 4121 2477 4180 hac
2521 4120 2636 4176 vita
2668 4119 2940 4188 laborant,
2974 4119 3069 4175 sed
3097 4118 3165 4175 ad
3203 4134 3296 4175 eos
3340 4120 3438 4192 qui
3466 4118 3528 4174 in
3559 4120 3877 4177 cwlestibus

2271 4210 2492 4268 sedibus
2538 4208 2911 4282 requiescunt,
2942 4209 3236 4281 pertinere.
3280 4207 3419 4276 Quis
3466 4208 3623 4264 enim
3674 4209 3737 4267 in
3783 4209 3876 4265 hac

2270 4303 2387 4359 vita
2432 4301 2662 4374 positus,
2709 4301 2827 4358 sine
2872 4301 3089 4357 macula
3127 4315 3244 4356 esse
3290 4299 3526 4372 potest?
3555 4317 3691 4357 cum
3738 4301 3873 4357 idem

2271 4391 2508 4448 Joannes
2546 4390 2694 4449 dicat
2726 4408 2738 4448 :
2784 4416 2803 4440 ι
2831 4389 2888 4446 Si
2919 4388 3228 4446 dixerimus
3275 4387 3406 4462 quia
3442 4398 3742 4461 peccatum
3775 4407 3873 4446 non

2271 4484 2559 4553 habemus,
2588 4500 2689 4539 nos
2718 4481 2864 4555 ipsos
2906 4481 3240 4550 seducimus,
3271 4488 3327 4537 et
3370 4481 3582 4537 veritas
3616 4482 3678 4538 in
3726 4485 3875 4541 nobis

2271 4589 2385 4629 non
2419 4580 2502 4628 est
2544 4573 2601 4644 (Ι
2633 4573 2790 4627 Joan.
2837 4589 2875 4641 1,
2907 4570 2989 4642 8).
3034 4595 3054 4620 ι
3101 4571 3319 4627 Anima).
3374 4588 3505 4627 vero
3562 4582 3871 4630 sanctorum

2271 4663 2390 4719 sine
2420 4662 2635 4719 macula
2677 4669 2842 4730 sunt;
2884 4660 3014 4733 quia
3041 4661 3086 4717 si
3114 4678 3251 4733 quas
3279 4661 3468 4718 sordes
3495 4678 3569 4717 ex
3601 4665 3872 4720 mundana

2273 4754 2617 4812 habitatione
2661 4760 3077 4821 contraxerunt,
3110 4762 3205 4809 aut
3249 4769 3346 4825 per
3393 4751 3785 4825 paenitentiam
3827 4764 3872 4811 et

2273 4844 2566 4917 lacrymas,
2594 4843 2987 4915 charitatisque
3017 4859 3205 4915 opera,
3234 4852 3330 4900 aut
3376 4859 3472 4915 per
3516 4842 3760 4915 ﬂagella,
3789 4853 3871 4901 aut

2273 4947 2420 4998 certe
2451 4944 2573 5010 post
2600 4944 2833 4993 mortem
2863 4935 2988 5008 igne
3018 4936 3334 5008 purgatorio
3361 4934 3557 4991 deletze
3589 4945 3744 4994 sunt.

2344 5027 2476 5085 Dixi
2506 5026 2652 5100 quod
2673 5026 2838 5083 sensi.
2861 5024 3016 5092 Quod
3037 5025 3083 5080 si
3106 5025 3229 5097 quis
3251 5030 3468 5079 textum
3492 5022 3668 5096 hujus
3699 5025 3867 5082 lectio-

2274 5115 2364 5173 nis
2391 5116 2461 5172 ad
2492 5125 2815 5188 praesentem
2844 5115 3147 5173 Ecclesiam
3188 5115 3488 5171 transferre
3526 5116 3794 5182 voluerit,
3823 5122 3867 5172 et

2276 5223 2374 5280 per
2401 5215 2624 5264 centum
2656 5205 3019 5280 quadraginta
3049 5212 3284 5278 quatuor
3312 5204 3512 5273 millia,
3544 5212 3645 5261 aut
3675 5206 3865 5277 praedi-

2276 5304 2510 5367 catores,
2552 5303 2646 5353 aut
2674 5304 2898 5353 caeteros
2937 5294 3115 5367 justos
3163 5294 3224 5351 in
3270 5293 3373 5351 hac
3415 5293 3604 5351 adhuc
3634 5295 3749 5351 vita
3774 5296 3865 5351 de-

2276 5393 2463 5460 gentes
2496 5404 2506 5444 :
2541 5403 2638 5460 per
2680 5403 2886 5443 novum
2916 5402 3048 5443 vero
3076 5383 3355 5443 canticum
3385 5383 3535 5457 quod
3566 5400 3730 5441 nemo
3768 5384 3864 5440 nisi

2276 5474 2384 5549 ipsi
2425 5476 2529 5533 soli
2575 5475 2757 5533 dicere
2804 5482 3076 5549 poterant,
3115 5473 3484 5547 Evangelium
3528 5474 3860 5547 designatum

2277 5582 2396 5625 esse
2423 5565 2733 5635 censuerit;
2766 5567 3065 5642 perpendat
3092 5572 3341 5624 sanctum
3370 5565 3739 5639 Evangelium
3763 5581 3860 5623 non

644 5780 764 5858 (30)
816 5780 1019 5842 Omnes
1060 5783 1221 5859 edit.,
1264 5783 1327 5846 de
1371 5784 1571 5846 deteris
1616 5786 1861 5846 sordibus
1902 5824 1921 5855 ,
1978 5803 2168 5847 omnes
2215 5801 2370 5859 mss.,
2402 5787 2464 5847 de
2493 5788 2694 5847 ceteris
2715 5788 3010 5849 ordinibus.
