3964 6368
105 359 254 416 977

1064 361 1521 420 BERENGAUDI
1558 359 1933 420 EXPOSITIO
1966 363 2041 421 IN
2073 362 2578 423 APOCALYPSIN.

3346 371 3455 432 978

102 486 335 541 solum
365 484 434 542 ab
460 486 669 556 electis,
700 501 893 543 verum
935 494 990 543 et
1026 502 1058 543 a
1097 487 1344 560 reprobis
1378 503 1518 561 sape
1545 485 1739 560 praedi-
1767 487 1821 547 A
1848 487 2140 561 signiﬁcat.
2170 488 2277 557 Qui
2305 473 2670 565 Evangelium
2699 499 2968 553 aeternum
3020 494 3280 555 habuisse
3309 497 3447 557 dici-

103 574 286 642 cari,
320 574 390 631 de
417 576 618 648 quibus
651 575 951 633 Dominum
984 576 1043 633 in
1063 577 1367 650 Evangelio
1394 577 1603 634 dixisse
1632 593 1747 633 cre-

100 662 339 720 dimus
373 682 386 720 :
434 690 453 713 σ
479 666 642 723 Multi
679 666 864 724 dicent
907 666 1045 724 mihi
1093 667 1152 723 in
1198 668 1294 724 illa
1332 668 1445 737 die,
1487 668 1744 738 Domine,

98 755 408 826 Domine,
440 774 625 814 nonne
652 757 710 813 in
735 759 959 815 nomine
988 766 1084 815 tuo
1114 758 1584 831 prophetavimus,
1611 765 1665 814 et
1684 758 1744 814 in

104 847 379 903 nomine
408 856 503 904 tuo
540 848 813 905 daemonia
837 849 1011 904 multa
1039 847 1321 919 ejecimus,
1351 857 1405 904 et
1434 849 1493 904 in
1519 847 1743 904 nomine

103 944 239 991 tuo
298 938 537 993 virtutes
580 938 786 993 multas
833 936 1112 994 fecimus?
1155 939 1226 993 Et
1262 948 1395 995 tunc
1438 938 1744 995 conﬁtebor

105 1023 294 1080 illis:
353 1026 530 1080 Amen
586 1024 711 1081 dico
746 1026 926 1093 vobis,
978 1026 1163 1082 nescio
1209 1043 1327 1082 vos.
1378 1026 1653 1083 Discedite
1710 1044 1742 1083 a

104 1128 254 1181 me,
283 1129 478 1169 omnes
496 1113 1056 1187 operariiiniquitatis
1079 1116 1291 1187 (Matth.
1316 1132 1417 1184 vn,
1447 1117 1535 1184 22,
1560 1115 1676 1188 23).
1706 1142 1725 1166 ι

98 1204 206 1259 De
246 1203 457 1260 talibus
488 1204 652 1260 etiam
682 1205 885 1260 Paulus
897 1205 1176 1277 apostolus
1198 1206 1466 1279 loquitur,
1497 1206 1687 1263 dicens
1718 1224 1732 1263 :

120 1316 146 1339 ιι
183 1293 350 1349 Sunt
378 1292 474 1365 qui
513 1310 609 1366 per
627 1294 1038 1352 contentionem
1071 1294 1351 1353 Christum
1379 1296 1732 1365 annuntiant,

99 1399 250 1439 non
295 1383 546 1453 sincere,
597 1385 975 1441 existimantes
1015 1402 1073 1442 se
1116 1403 1422 1459 pressuram
1471 1388 1734 1444 suscitare

99 1473 383 1530 vinculis
426 1474 562 1530 meis
620 1475 881 1547 (Philipp.
929 1493 968 1545 ι,
1028 1477 1141 1548 17).
1186 1500 1205 1526 ι
1269 1477 1324 1533 Si
1372 1476 1497 1551 quis
1551 1484 1733 1534 autem

98 1562 337 1619 seriem
382 1563 637 1621 lectionis
684 1562 852 1635 hujus
897 1565 965 1621 ad
1004 1567 1289 1638 praesentis
1314 1567 1580 1639 temporis
1606 1566 1734 1622 vir-

99 1655 289 1728 gines
347 1656 622 1729 pertinere
677 1656 960 1726 sanxerit,
1014 1657 1082 1714 ad
1137 1673 1229 1714 eos
1282 1657 1541 1717 videlicet
1596 1675 1732 1732 quos

98 1761 290 1802 amor
360 1747 461 1804 Dei
528 1747 597 1804 ad
672 1746 1001 1820 integritatis
1054 1748 1397 1817 custodiam,
1457 1748 1732 1822 adjunctis

1852 591 1980 651 tur;
2012 585 2143 659 quia
2181 585 2433 644 doctrina
2472 587 2761 662 Evangelii
2806 606 2840 647 a
2879 588 3122 661 Christo,
3162 591 3446 664 apostolis,

1852 673 2173 748 caeterisque
2195 676 2644 748 praedicatoribus
2677 677 2805 734 data
2849 686 2949 747 est,
2994 695 3158 753 quam
3191 682 3447 753 gentibus

1852 762 2230 834 praedicarent.
2267 765 2375 834 Qui
2402 764 2765 839 Evangelium
2795 773 3059 825 aeternum
3082 785 3196 826 esse
3213 769 3444 842 dicitur,

1851 851 1981 924 quia
2008 853 2368 910 aeternitatem
2397 862 2617 927 praestat
2635 855 2895 912 omnibus
2913 855 3248 913 facientibus
3278 859 3441 919 illud.

1851 942 2010 1010 Quod
2057 943 2225 1001 etiam
2264 961 2428 1018 super
2465 953 2669 1002 terram
2711 947 3028 1005 sedentibus
3080 949 3442 1021 praedicatum

1849 1045 1965 1086 esse
2005 1030 2244 1102 dicitur;
2287 1042 2472 1106 gentes
2518 1050 2756 1109 namque
2816 1036 3018 1110 quibus
3072 1038 3442 1112 Evangelium

1846 1120 2205 1192 praedicatum
2226 1132 2328 1193 est,
2350 1123 2494 1180 nihil
2509 1124 2664 1182 aliud
2682 1142 2846 1201 quam
2864 1135 3067 1184 terram
3098 1130 3439 1202 quaerebant,

1848 1214 2125 1283 totamque
2178 1212 2424 1285 requiem
2453 1230 2609 1270 suam
2646 1214 2707 1270 in
2755 1222 2897 1272 terra
2939 1224 3258 1289 posuerant.
3289 1220 3437 1290 Quid

1843 1307 2026 1357 autem
2056 1302 2159 1358 iste
2183 1304 2408 1376 angelus
2435 1305 2714 1379 praedicet,
2745 1307 3057 1365 audiamus.

1918 1397 2098 1469 (Vers.
2131 1400 2209 1472 7.)
2249 1401 2440 1457 Timete
2459 1403 2766 1473 Dominum,
2794 1411 2843 1460 et
2882 1405 3002 1462 date
3027 1404 3115 1462 illi
3149 1406 3436 1474 honorem;

1842 1487 1969 1558 quia
1996 1489 2140 1543 venit
2165 1491 2300 1547 hora
2331 1491 2528 1561 judicii
2580 1493 2693 1563 ejus
2748 1500 2799 1549 et
2832 1494 3053 1552 adorata
3085 1512 3202 1552 eum
3231 1496 3326 1569 qui
3355 1495 3432 1567 fe-

1839 1576 1911 1631 cit
1929 1578 2112 1632 cretum
2139 1584 2187 1633 et
2212 1586 2430 1648 terram,
2476 1598 2625 1637 mare
2660 1589 2709 1638 et
2750 1582 2920 1653 fontes
2958 1602 3245 1656 aquarum.
3288 1585 3431 1644 Con-

1841 1665 2126 1724 venienter
2155 1668 2409 1725 timorem
2438 1671 2662 1727 Domini
2709 1671 2889 1743 primo
2919 1673 3124 1744 posuit,
3161 1682 3216 1731 et
3242 1684 3430 1747 postea

1839 1753 2148 1825 honorem;
2176 1757 2347 1814 timor
2391 1758 2595 1815 etenim
2641 1760 2866 1816 Domini
2913 1761 2983 1818 ad
3043 1763 3427 1835 pmnitentiam

94 1836 347 1893 caeteris
390 1837 551 1893 bonis
595 1838 872 1909 operibus,
919 1837 1165 1912 quotidie
1213 1838 1484 1912 impellit,
1533 1859 1727 1899 sanum
1761 1847 1809 1909 B
1839 1844 2080 1919 impellit
2100 1844 2420 1905 hominem:
2452 1848 2779 1920 pcnnitentia
2809 1866 2939 1907 vero
2972 1849 3042 1907 ad
3086 1851 3234 1909 bona
3263 1866 3431 1925 opera

98 1925 274 1982 mihi
308 1928 366 1983 in
396 1926 503 1984 hoc
522 1927 741 1985 videtur
769 1928 1047 2000 possidere
1065 1945 1287 1985 sensum
1314 1946 1327 1985 :
1357 1929 1452 1986 sed
1481 1932 1727 1989 animad-

92 2022 344 2071 vertere
390 2015 552 2073 debet
594 2034 706 2073 non
749 2034 907 2090 posse
936 2017 1069 2075 huic
1094 2017 1278 2074 sensui
1306 2020 1626 2089 convenire,
1659 2029 1723 2078 ut

95 2130 215 2187 per
249 2115 530 2172 canticum
559 2132 766 2172 novum
799 2116 857 2171 in
888 2115 994 2173 hoc
1022 2115 1143 2172 loco
1167 2116 1534 2191 Evangelium
1564 2119 1724 2175 intel-

93 2204 293 2275 ligat;
341 2204 436 2260 sed
466 2205 649 2277 potius
696 2204 956 2278 gaudium
999 2206 1284 2277 spiritale,
1335 2207 1483 2280 quod
1529 2207 1607 2264 eis
1653 2225 1725 2264 ex

95 2293 377 2352 custodia
418 2294 755 2366 virginitatis
805 2296 1086 2352 accrescit.
1135 2298 1334 2353 Nullus
1381 2297 1552 2370 igitur
1595 2312 1722 2355 can-

93 2383 297 2441 ticum
354 2399 565 2441 novum
623 2386 803 2442 dicere
858 2393 1059 2458 potest,
1098 2386 1206 2442 nisi
1261 2386 1346 2443 illi
1402 2387 1544 2455 soli;
1592 2388 1722 2461 quia

95 2475 383 2549 gaudium
427 2476 763 2549 virginitatis
810 2477 997 2532 nullus
1052 2476 1253 2533 habere
1294 2479 1575 2549 praevalet,
1609 2479 1717 2535 nisi

94 2564 220 2621 soli
274 2564 370 2637 qui
418 2563 561 2621 hanc
603 2565 815 2622 caeteris
859 2564 1021 2621 bouis
1076 2566 1332 2638 operibus
1388 2574 1714 2623 exornatam

94 2654 369 2726 quotidie
394 2656 508 2711 Deo
541 2655 737 2710 oﬂ'erre
786 2662 1176 2711 consuescunt.
1229 2654 1499 2711 Similiter
1527 2662 1581 2712 et
1618 2656 1715 2729 qui

96 2742 263 2800 hanc
295 2743 623 2799 sententiam
653 2743 731 2799 eis
760 2751 945 2814 aptare
975 2743 1236 2810 voluerit,
1273 2743 1517 2816 quicum
1548 2744 1713 2817 virgi-

96 2832 311 2888 nitatis
348 2833 528 2905 palma
573 2831 642 2887 ad
681 2832 921 2888 coelestia
975 2847 1141 2903 regna
1186 2831 1302 2903 jam
1350 2833 1714 2891 conscendere

97 2928 459 2989 meruerunt,
514 2937 547 2976 a
597 2928 746 2977 recto
795 2920 1091 2977 intellectu
1123 2937 1237 2976 non
1266 2919 1538 2994 discrepat
1567 2945 1582 2992 ;
1616 2924 1710 2980 sed

96 3011 254 3069 sciat
307 3029 422 3068 non
473 3011 771 3068 convenire
816 3010 947 3069 huic
998 3011 1203 3079 sensui,
1250 3020 1313 3069 ut
1361 3028 1457 3085 per
1502 3029 1710 3069 novum

99 3103 416 3171 canticum,
474 3102 699 3176 aliquod
753 3102 1031 3159 canticum
1090 3102 1238 3174 quod
1291 3117 1446 3171 voce,
1499 3102 1706 3175 lingua,

1835 1937 2046 2008 agenda
2072 1953 2200 1994 eum
2240 1946 2523 2011 provocat.
2576 1939 2853 1996 Honorem
2899 1940 3086 2013 itaque
3119 1942 3234 1997 Deo
3267 1940 3429 1999 defe—

1834 2025 2033 2095 rimus,
2064 2042 2192 2083 cum
2213 2027 2359 2083 bona
2377 2042 2541 2099 opera
2576 2027 2810 2099 agimus,
2840 2027 2985 2085 sicut
3012 2028 3129 2101 ipse
3156 2028 3427 2086 Dominus

1833 2112 2005 2170 dicit:
2052 2137 2071 2162 ι
2100 2114 2341 2174 Videant
2384 2132 2548 2189 opera
2583 2124 2766 2173 vestra
2804 2116 2968 2186 bona,
3017 2124 3073 2174 et
3117 2117 3428 2190 gloriﬁcent

1832 2204 2047 2261 Patrem
2077 2212 2323 2263 vestrum
2357 2207 2450 2280 qui
2481 2206 2540 2263 in
2583 2207 2739 2265 oculis
2767 2214 2849 2264 est
2882 2208 3095 2280 (Matth.
3127 2225 3187 2278 v,
3234 2208 3348 2282 16).
3393 2234 3414 2261 ι

1832 2294 1977 2350 Hora
1997 2311 2129 2351 vero
2158 2295 2355 2367 judicii
2384 2313 2454 2354 ex
2482 2305 2618 2354 tunc
2652 2297 2902 2369 incmpit,
2938 2313 3009 2353 ex
3037 2313 3148 2371 quo
3176 2298 3423 2372 Evange-

1830 2382 1968 2438 lium
1998 2384 2285 2456 praedicari
2314 2386 2500 2458 coepit.
2526 2385 2616 2443 Illi
2646 2385 2824 2459 igitur
2839 2386 3039 2443 acriter
3065 2388 3125 2443 in
3155 2386 3245 2443 die
3264 2386 3415 2461 judi-

1828 2472 1903 2529 cii
1925 2471 2345 2545 judicabuntur,
2379 2475 2475 2548 qui
2514 2476 2745 2533 verbum
2792 2475 3081 2548 Evangelii
3109 2475 3416 2547 audientes,

1828 2561 2075 2634 illudque
2096 2572 2437 2636 spernentes,
2478 2564 2643 2621 ﬁdem
2686 2563 2895 2623 Christi
2924 2564 3200 2638 suscipere
3227 2565 3417 2623 nolue-

1826 2658 1974 2707 runt.
2007 2652 2276 2709 Similiter
2299 2660 2353 2709 et
2371 2652 2456 2707 illi
2485 2651 2579 2725 qui
2608 2661 2966 2725 susceperunt
2993 2653 3215 2726 quidem
3246 2653 3413 2711 ﬁdem

1826 2737 2054 2809 Christi,
2100 2740 2194 2796 sed
2247 2756 2367 2796 eam
2407 2740 2665 2812 operibus
2693 2740 2923 2813 implere
2959 2741 3287 2812 noluerunt;
3320 2744 3414 2801 cui

1822 2826 1971 2883 enim
1997 2827 2121 2900 plus
2140 2827 2529 2898 committitur,
2554 2829 2680 2901 plus
2706 2828 2776 2885 ab
2799 2843 2862 2884 eo
2893 2827 3163 2901 exigetur.
3191 2830 3270 2887 De
3298 2829 3415 2888 illis

1820 2924 2005 2973 autem
2035 2918 2131 2991 qui
2161 2917 2393 2975 verbum
2447 2917 2548 2975 Dei
2605 2933 2718 2974 non
2768 2917 3085 2987 audierunt,
3138 2920 3412 2978 Dominus

1819 3006 1957 3063 dicit
1983 3005 2044 3062 in
2072 3007 2410 3081 Evangelio:
2447 3030 2468 3056 ι
2497 3006 2604 3076 Qui
2630 3023 2745 3065 non
2762 3007 2960 3075 credit,
2986 3007 3105 3082 jam
3128 3006 3411 3083 judicatus

1818 3103 1899 3155 est
1931 3097 2112 3170 (Joan.
2144 3114 2231 3167 m,
2261 3097 2373 3170 18).
2415 3120 2436 3147 ι

98 3191 281 3249 labiis
315 3192 572 3264 componi
606 3200 801 3265 potest,
851 3192 1167 3265 intelligat:
1205 3190 1298 3247 sed
1337 3191 1521 3264 potius
1542 3192 1707 3264 virgi-
1741 3205 1785 3267 ο
1885 3197 2073 3267 (Vers.
2101 3196 2183 3270 8.)
2237 3198 2314 3254 Et
2365 3197 2587 3254 adorate
2631 3213 2766 3267 eum,
2814 3197 2908 3270 qui
2956 3197 3081 3270 fecit
3126 3199 3311 3257 caelum
3364 3207 3415 3258 et

101 3283 308 3339 uitatis
337 3283 648 3354 praemium,
686 3282 834 3356 quod
877 3299 908 3338 a
951 3281 1187 3339 Domino
1217 3282 1546 3338 aeternaliter
1574 3299 1708 3355 per-

72 3373 298 3446 cipere
328 3382 625 3430 merentur.
659 3374 881 3444 Hocque
911 3370 1187 3427 canticum
1220 3372 1427 3440 nullus,
1474 3371 1583 3428 nisi
1622 3373 1708 3428 illi

103 3465 241 3533 soli,
281 3462 462 3521 dicere
498 3472 674 3537 potest
698 3482 712 3531 ;
737 3463 867 3537 quia
893 3462 1225 3533 virginitatis
1254 3464 1542 3535 praemium
1571 3464 1706 3519 nul-

104 3554 197 3610 lus
229 3554 484 3626 percipit,
518 3554 624 3625 nisi
654 3555 751 3626 qui
797 3552 939 3608 hanc
986 3552 1045 3609 in
1083 3554 1285 3610 saeculo
1333 3553 1523 3626 positi,
1554 3554 1708 3610 inte-

104 3650 326 3700 merata
367 3652 549 3699 mente
595 3659 694 3717 pro
742 3641 949 3699 Christi
996 3658 1181 3699 amore
1223 3658 1440 3699 servare
1487 3643 1706 3699 studue-

104 3734 248 3791 rint.
286 3735 365 3790 De
406 3732 610 3789 talibus
655 3731 921 3805 propheta
964 3732 1129 3788 Isaias
1176 3732 1440 3806 loquitur,
1468 3731 1656 3788 dicens
1689 3747 1702 3787 :

118 3846 140 3873 ι
184 3825 315 3880 Haec
343 3822 481 3879 dicit
518 3822 788 3878 Dominus
826 3821 1096 3878 eunuchis
1129 3839 1141 3877 :
1194 3821 1299 3889 Qui
1345 3821 1707 3879 custodierint

105 3912 338 3969 sabbata
382 3927 521 3980 mea,
557 3918 611 3966 et
657 3910 918 3983 elegerint
948 3927 1068 3984 quae
1108 3910 1283 3979 volui,
1332 3920 1387 3968 et
1429 3910 1707 3967 tenuerint

106 4001 296 4059 fuadus
333 4016 539 4069 meum,
584 4000 724 4057 dabo
773 4001 853 4057 eis
899 4002 957 4057 in
988 4001 1151 4057 domo
1174 4000 1322 4071 'mea,
1364 4001 1503 4058 etin
1532 4000 1705 4056 muris

107 4092 253 4149 meis
279 4092 496 4160 locum,
538 4099 591 4149 et
623 4107 824 4148 nomen
869 4091 1068 4148 melius
1112 4106 1143 4147 a
1187 4090 1321 4147 ﬁliis
1366 4098 1418 4147 et
1462 4090 1701 4158 ﬁliabus,

111 4199 321 4241 nomen
368 4183 768 4256 sempiternum
810 4183 952 4241 dabo
994 4182 1095 4253 eis,
1148 4183 1296 4258 quod
1345 4199 1459 4241 non
1503 4180 1706 4256 peribit

112 4274 255 4347 (Isa.
281 4291 390 4342 va,
424 4275 479 4343 4,
510 4276 589 4346 5).
623 4299 642 4325 ι

185 4361 371 4434 (Vers.
402 4360 484 4434 6.)
515 4364 590 4419 Et
627 4362 740 4418 uidi
784 4363 1016 4419 alterum
1044 4365 1287 4435 angelum
1325 4365 1587 4420 volantem
1605 4379 1705 4435 per

110 4451 344 4509 medium
382 4451 589 4520 caelum,
639 4452 906 4508 habentem
949 4452 1301 4523 Evangelium
1328 4459 1615 4517 internum;
1646 4458 1707 4506 ut

110 4543 497 4617 svangelizaret
548 4543 838 4599 sedentibus
873 4559 1033 4617 super
1078 4550 1295 4614 terram,
1327 4550 1375 4600 et
1413 4560 1570 4616 super
1597 4558 1702 4600 om-

119 4608 268 4691 nem'
291 4639 507 4705 gentem,
564 4638 613 4689 et
672 4633 885 4702 tribum,
934 4608 989 4688 et
1028 4608 1292 4706 linguam,
1332 4640 1381 4689 et
1421 4608 1700 4706 populum,
1727 4608 1778 4668 D

120 4723 369 4779 dicentem
436 4738 554 4778 voce
616 4738 828 4793 magna.
895 4724 1099 4780 Iterum
1150 4722 1409 4779 universa
1461 4722 1703 4779 breviter

120 4814 532 4888 comprehendit
574 4831 590 4882 ;
646 4829 774 4870 nam
830 4814 973 4873 sicut
1037 4817 1290 4888 superius
1366 4831 1493 4873 cum
1558 4815 1704 4872 mala

119 4903 445 4961 Antichristi
491 4918 712 4960 narrare
747 4904 936 4975 vellet,
968 4904 1035 4961 ab
1073 4906 1314 4963 adventu
1365 4906 1567 4966 Christi
1602 4907 1701 4965 in-

124 4992 359 5061 choavit,
390 4993 903 5068 persecutionesque
940 5011 1075 5068 quas
1120 4994 1367 5053 Ecclesia
1410 5013 1443 5053 a
1480 4997 1700 5054 diabolo

125 5099 276 5157 passa
300 5090 401 5153 est,
433 5083 584 5156 prius
611 5100 838 5140 narrans
865 5084 934 5140 ad
963 5084 1367 5142 Antichristum
1398 5088 1648 5159 pervenit
1680 5102 1695 5145 :

124 5174 199 5233 ita
225 5181 278 5231 et
302 5173 393 5231 hic
422 5174 568 5231 diem
607 5174 809 5249 judicii
856 5175 1160 5233 describere
1202 5177 1457 5249 cupiens,
1512 5177 1579 5234 ab
1609 5177 1699 5235 ad-

125 5272 290 5321 ventu
317 5263 524 5324 Christi
554 5265 799 5333 inchoat,
842 5274 1004 5339 atque
1047 5267 1149 5324 sub
1203 5267 1381 5339 specie
1411 5268 1582 5326 trium
1607 5286 1699 5326 an-

127 5355 363 5426 gelorum
411 5362 610 5413 cuncta
665 5361 809 5419 555
853 5355 1094 5413 breviter
1132 5355 1403 5429 replicans
1440 5357 1581 5431 (31),
1631 5358 1700 5416 ad

128 5454 266 5513 diem
291 5455 490 5530 judicii
518 5455 788 5531 pervenit.
811 5457 918 5513 Iste
944 5456 1146 5530 quippe
1178 5455 1403 5529 angelus
1417 5456 1699 5516 Christum

130 5555 181 5604 et
231 5548 501 5622 apostolos
545 5546 682 5621 ejus,
723 5554 1054 5622 caaterosque
1082 5545 1287 5607 Christi
1317 5546 1700 5620 praedicatores

199 5735 307 5810 (31)
349 5737 430 5794 Ita
470 5751 639 5805 mss.;
671 5735 803 5795 edit.
838 5752 991 5808 vero,
1023 5744 1208 5796 cuncta
1247 5738 1696 5813 comprehenderis.

1822 3290 2038 3354 terram,
2065 3292 2115 3341 et
2141 3302 2290 3342 mare
2311 3292 2359 3342 et
2377 3285 2547 3357 fontes
2574 3303 2862 3359 aquarum,
2892 3285 2951 3343 id
2979 3296 3082 3356 est,
3112 3275 3411 3362 relinquite

1816 3372 1965 3431 idola
1993 3374 2178 3443 surda,
2219 3383 2393 3444 muta,
2445 3384 2501 3432 et
2543 3392 2704 3445 caeca,
2745 3383 2800 3431 et
2848 3374 3072 3432 adorato
3127 3391 3252 3431 eum
3312 3377 3409 3449 qui

1814 3469 2013 3520 cuncta
2042 3462 2173 3520 fecit
2211 3479 2281 3520 ex
2318 3463 2518 3520 nihilo.
2567 3466 2642 3521 Et
2686 3463 2828 3519 alius
2854 3465 3071 3536 angelus
3092 3471 3405 3535 prosecutus

1814 3560 1908 3623 est,
1955 3554 2148 3611 dicens.
2206 3552 2369 3610 Alius
2425 3554 2651 3627 angelus
2681 3551 2932 3609 doctores
2972 3552 3255 3624 Ecclesiae,
3283 3554 3402 3627 qui,

1814 3642 1989 3699 ﬁnitis
2017 3641 2510 3716 persecutionibus,
2556 3642 2862 3699 Ecclesiam
2907 3642 3008 3699 Dei
3056 3642 3405 3716 gubernave-

1813 3740 1966 3798 runt,
1995 3732 2261 3804 designat.
2310 3732 2524 3802 Cecidit,
2568 3732 2754 3787 cecidit
2786 3732 3029 3803 Babylon
3055 3749 3269 3805 magna.
3300 3733 3404 3790 Per

1813 3821 2180 3894 Babylonem,
2230 3822 2375 3880 sicut
2404 3821 2656 3894 superius
2674 3820 2942 3891 diximus,
2967 3821 3165 3880 civitas
3193 3821 3402 3879 diaboli

1813 3911 2153 3983 designatur,
2173 3928 2293 3985 quas
2323 3929 2393 3969 ex
2414 3911 2672 3969 omnibus
2700 3911 2887 3984 impiis
2916 3919 3149 3970 constat.
3183 3911 3403 3971 Cecide-

1813 4011 1897 4059 rat
1924 4010 2129 4071 autem,
2162 4003 2291 4076 quia
2319 4002 2499 4059 omnis
2526 4004 2745 4061 cultura
2770 4002 3082 4059 daemonum
3111 4018 3209 4076 per
3234 4002 3402 4060 ﬁdem

1813 4090 2019 4149 Christi
2047 4091 2226 4149 deleta
2252 4092 2451 4150 fuerat.
2482 4094 2555 4150 Et
2583 4091 2669 4149 bis
2695 4090 2958 4150 cecidisse
2996 4091 3237 4159 dicitur;
3270 4091 3405 4165 quia

1812 4197 1882 4237 ex
1908 4189 2060 4254 parte
2088 4190 2523 4254 persecutorum,
2557 4189 2612 4237 et
2655 4197 2726 4237 ex
2755 4189 2908 4253 parte
2935 4182 3167 4238 culturae
3194 4180 3402 4239 diabo-

1813 4269 1934 4327 licae
1982 4270 2273 4328 ceciderat.
2334 4274 2461 4340 Quae
2504 4289 2540 4327 a
2594 4271 2716 4327 vino
2741 4270 2840 4327 ira:
2865 4286 2975 4327 sua
2997 4270 3206 4343 potavit
3225 4288 3402 4329 omnes

1810 4365 1997 4432 gentes.
2043 4360 2253 4419 Vinum
2294 4360 2388 4416 ira:
2419 4375 2632 4417 errores
2678 4367 2807 4416 sunt
2849 4360 3162 4434 gentilium,
3201 4362 3401 4436 quibus

1809 4449 1985 4504 Deum
2009 4448 2079 4505 ad
2117 4449 2462 4507 iracundiam
2491 4457 2931 4522 provocaverunt
2960 4467 2973 4506 :
3004 4449 3101 4506 sed
3130 4466 3256 4507 cum
3285 4452 3401 4508 Ba-

1808 4538 1981 4612 bylon
2027 4540 2172 4597 nihil
2222 4542 2295 4600 sit
2345 4542 2496 4598 aliud
2533 4555 2697 4614 quam
2745 4555 2936 4597 omnes
2972 4548 3179 4612 gentes,
3232 4540 3291 4597 id
3317 4549 3401 4599 est

1809 4646 2000 4687 omnes
2038 4631 2281 4704 reprobi,
2318 4630 2595 4705 quomodo
2624 4644 2814 4686 omnes
2857 4635 3045 4701 gentes
3070 4646 3103 4686 a
3140 4630 3276 4686 vino
3300 4630 3400 4688 ira

1810 4734 1922 4776 suae
1950 4719 2211 4791 potavit?
2237 4719 2444 4779 Verum
2473 4734 2602 4777 cum
2652 4732 2799 4774 unus
2843 4718 3077 4774 alterum
3106 4717 3317 4789 docuit,
3345 4726 3401 4776 et

1810 4809 1906 4866 ille
1957 4809 2206 4879 tertium,
2252 4818 2307 4867 et
2346 4809 2541 4866 tertius
2587 4815 2863 4882 quartum,
2909 4813 2964 4864 et
3006 4806 3085 4862 ita
3115 4807 3173 4862 in
3207 4822 3400 4864 omnes

1811 4897 2065 4957 homines
2095 4914 2248 4956 error
2295 4896 2602 4954 diabolicus
2647 4895 2891 4966 transiit,
2922 4895 3118 4971 utique
3146 4894 3398 4970 Babylon

1809 5005 1998 5047 omnes
2036 4998 2221 5063 gentes
2247 4989 2381 5045 vino
2412 4988 2507 5043 irae
2535 4987 2636 5044 Dei
2664 4986 2899 5061 potavit.

1881 5087 2062 5161 (Vers.
2110 5088 2163 5156 9,
2198 5086 2310 5160 10.)
2342 5088 2417 5143 Et
2441 5087 2658 5159 angelus
2696 5085 2881 5142 tertius
2911 5090 3114 5142 secutus
3154 5091 3228 5143 est
3254 5086 3397 5154 illos,

1806 5177 1980 5234 dicens
2022 5194 2141 5233 voce
2176 5193 2407 5249 magna:
2466 5175 2525 5233 Si
2576 5174 2697 5247 quis
2747 5174 3054 5232 adoraverit
3095 5176 3308 5233 bestiam
3355 5182 3403 5231 et

1805 5269 2086 5343 imaginem
2139 5267 2272 5340 ejus,
2334 5274 2383 5325 et
2449 5268 2707 5341 acceperit
2762 5269 3118 5325 characterem
3167 5265 3282 5337 ejus
3343 5268 3400 5323 in

1806 5360 1986 5433 fronte
2012 5376 2130 5429 sua,
2162 5365 2260 5417 aut
2304 5359 2364 5416 in
2407 5374 2738 5425 manu'sua;
2774 5362 2823 5414 et
2863 5357 2946 5413 hic
2988 5357 3125 5414 bibet
3175 5358 3238 5414 de
3277 5356 3403 5413 vino

1809 5450 1909 5509 ira:
1930 5450 2052 5521 Dei,
2082 5449 2225 5523 quod
2251 5448 2480 5507 mixtum
2503 5454 2580 5506 est
2619 5464 2762 5506 mero
2801 5445 2861 5504 in
2887 5446 3047 5505 calice
3069 5446 3259 5519 ipsius.
3289 5446 3404 5504 An-

1812 5541 1964 5616 gelus
2016 5540 2215 5600 tertius
2267 5539 2652 5616 praedicatores
2716 5543 2865 5607 sunt,
2921 5535 3020 5611 qui
3063 5535 3407 5613 temporibus
