3964 6380
490 367 619 428 979-
1394 409 1400 415 .
1510 366 1608 423 AD
1643 364 1882 424 OPERA
1917 364 1974 422 S.
2015 361 2348 422 AMBROSII
2375 361 2756 422 APPENDIX.
3698 363 3826 420 980

487 494 822 555 Antichristi
860 491 1033 550 futuri
1053 501 1210 562 sunt;
1243 491 1620 567 praedicabunt
1640 490 1788 550 enim
1809 497 1877 547 ut
1902 489 2092 547 nullus
2121 493 2174 552 A
2272 490 2476 546 Amodo
2518 487 2640 560 jam
2692 487 2821 546 dicit
2869 485 3115 560 spiritus,
3144 491 3206 542 ut
3229 483 3566 558 requiescant
3590 503 3630 543 a
3662 486 3820 543 labo-

487 583 897 642 Antichristum
981 583 1188 651 adoret,
1246 598 1424 656 neque
1483 582 1550 638 ad
1624 579 1742 654 ejus
1796 579 2087 654 pessimam
2197 577 2346 634 ribus
2395 578 2526 635 suis.
2575 577 2812 648 Amodo,
2843 577 2902 634 id
2951 585 3052 645 est,
3091 591 3125 632 a
3170 584 3418 649 tempore
3463 575 3668 633 mortis
3693 591 3821 632 sua;

491 673 800 732 doctrinam
841 688 1000 729 aures
1035 672 1218 729 cordis
1261 671 1660 740 accommodet,
1701 687 1878 742 neque
1924 685 2090 742 opera
2203 672 2549 746 requiescant
2597 671 2772 728 sancti
2820 687 2854 726 a
2903 669 3184 746 laboribus
3230 669 3366 725 suis.
3424 669 3604 740 Opera
3663 669 3822 724 enim

493 761 614 835 ejus
640 761 930 818 imitetur:
965 761 1112 835 quod
1150 761 1197 818 si
1227 761 1351 834 quis
1391 760 1605 830 fecerit,
1637 766 1898 834 perpetua
1927 774 2089 831 poena
2197 761 2421 817 illorum
2495 767 2786 831 sequuntur
2845 759 2990 816 illos.
3057 759 3346 828 Quomodo
3401 766 3724 834 sequuntur
3786 758 3818 815 ?

491 867 618 906 eum
648 867 764 906 esse
791 851 1163 908 damnandum
1194 851 1562 908 testabantur.
1613 849 1716 906 Per
1752 849 1946 905 vinum
1989 848 2086 906 ira:

491 939 593 997 Dei
609 939 890 996 damnatio
910 941 1256 1013 ultima,quaa
1275 939 1335 995 in
1355 939 1445 995 die
1457 937 1659 1012 judicii
1675 937 1863 1011 impiis
1880 937 2083 1010 irroga-

489 1029 644 1087 bitur
665 1029 1010 1103 designatur:
1035 1047 1246 1088 merum
1267 1039 1450 1088 autem
1473 1048 1670 1104 purum
1698 1029 1959 1088 dicimus.
1983 1031 2086 1087 Per

493 1136 710 1178 merum
756 1120 925 1191 igitur
967 1119 1186 1192 justitia
1212 1119 1313 1178 Dei
1361 1121 1698 1194 designatur,
1731 1137 1828 1194 per
1855 1120 2080 1178 calicem

487 1225 621 1266 vero
645 1207 921 1281 judicium
953 1208 1052 1266 Dei
1085 1208 1330 1281 accipere
1369 1226 1678 1281 possumus.
1712 1209 1919 1266 Vinum
1970 1209 2085 1266 ita-

397 1289 404 1301 ’
491 1313 596 1371 que
626 1295 852 1352 mistum
883 1303 966 1352 est
994 1313 1144 1354 mero
1182 1297 1239 1352 in
1271 1297 1442 1355 calice
1471 1297 1607 1366 Dei;
1632 1297 1764 1371 quia
1798 1297 2084 1354 damnatio

486 1387 707 1454 ultima,
756 1399 864 1458 qua
909 1385 1068 1458 impii
1110 1386 1543 1455 damnabuntur,
1588 1387 1752 1444 mista
1803 1387 1908 1444 erit
1953 1403 2081 1444 cum

479 1474 700 1548 justitia
729 1475 788 1532 in
827 1475 998 1534 calice
1025 1475 1147 1546 Dei,
1199 1475 1258 1532 id
1306 1485 1406 1546 est,
1440 1476 1501 1532 in
1541 1476 1758 1549 judicio
1785 1478 1922 1546 Dei;
1955 1477 2086 1550 quia

487 1565 799 1638 justissimo
849 1565 950 1623 Dei
994 1564 1210 1638 judicio
1259 1564 1595 1637 perﬁcietur.
1654 1565 1855 1622 Bibent
1912 1565 2084 1638 igitur

485 1653 649 1726 impii
679 1653 875 1710 vinum
895 1653 992 1708 ira;
1015 1651 1138 1722 Dei,
1167 1668 1293 1709 cum
1325 1653 1438 1708 illis
1468 1653 1684 1710 dicetur
1717 1671 1730 1709 :
1777 1677 1796 1700 ι
1824 1653 1924 1721 Ite,
1969 1669 2079 1710 ma-

487 1742 699 1812 ledicti,
730 1743 788 1799 in
816 1743 998 1816 ignem
1029 1750 1316 1811 aeternum,
1347 1742 1444 1816 qui
1475 1751 1810 1815 praeparatus
1842 1751 1924 1800 est
1959 1743 2078 1816 (32)

486 1829 708 1889 diabolo
728 1838 783 1888 et
808 1831 1016 1904 angelis
1044 1831 1164 1903 ejus
1195 1832 1409 1904 (Matth.
1441 1847 1581 1902 xxv,
1615 1831 1732 1905 41).
1763 1857 1782 1880 ι

560 1927 744 1998 (Vers.
777 1927 892 2000 11.)
923 1930 1000 1984 Et
1027 1917 1356 1985 cruciabitur
1375 1930 1492 2002 igne
1520 1935 1569 1986 et
1595 1930 1847 2001 sulphure
1880 1929 1939 1986 in
1965 1946 2082 1986 con-

485 2026 660 2092 spectu
695 2021 1000 2092 angelorum
1030 2027 1354 2090 sanctorum,
1403 2021 1536 2077 etin
1581 2027 1856 2092 conspectu
1891 2021 2033 2092 Agni
2060 2037 2084 2086 ,-

485 2115 536 2165 et
584 2109 766 2179 fumus
806 2115 1185 2164 tormentorum
1229 2126 1412 2166 eorum
1451 2109 1509 2165 in
1548 2112 1744 2166 swcula
1771 2111 2082 2166 saeculorum

487 2198 748 2255 ascendet.
785 2199 938 2270 Ignis
965 2198 1170 2268 exurit,
1212 2197 1447 2270 sulphur
1479 2205 1664 2254 autem
1691 2198 1921 2253 fetorem
1951 2213 2084 2269 pes-

487 2286 689 2342 simum
744 2285 812 2343 de
863 2303 920 2344 se
973 2287 1198 2345 emittit.
1268 2288 1398 2360 Igne
1461 2292 1646 2342 autem
1723 2285 2082 2358 corporaliter

487 2374 908 2442 cruciabuntur,
938 2377 1034 2450 qui
1063 2377 1247 2448 ignem
1267 2373 1531 2431 vitiorum
1561 2373 1620 2428 in
1650 2389 1708 2430 se
1731 2375 2082 2447 exstinguere

491 2465 827 2523 noluerunt:
875 2465 1046 2522 fetore
1084 2462 1368 2536 sulphuris
1409 2462 1834 2536 torquebuntur,
1880 2464 2082 2537 quibus

492 2554 673 2612 dulcis
701 2554 810 2610 fuit
845 2553 989 2610 fetor
1016 2553 1275 2609 luxuriae.
1307 2553 1370 2608 In
1416 2559 1714 2624 conspectu
1759 2554 2080 2626 angelorum

491 2651 807 2700 sanctorum
835 2641 1250 2708 cruciabuntur,
1286 2647 1341 2696 et
1379 2640 1438 2696 in
1466 2651 1764 2713 conspectu
1805 2642 1968 2716 Agni,
1999 2643 2080 2698 vi-

491 2733 694 2792 delicet
722 2740 784 2790 ut
821 2730 879 2788 in
917 2747 1107 2789 eorum
1137 2737 1435 2803 conspectu
1471 2732 1813 2802 crucientur,
1847 2733 1904 2790 in
1935 2749 2082 2806 quo-

502 2840 624 2880 rum
665 2829 962 2894 conspectu
1006 2837 1120 2876 non
1152 2819 1463 2878 timuerunt
1493 2824 1670 2880 multa
1719 2825 2080 2898 mala‘perpe-

500 2921 664 2969 trare.
697 2913 802 2968 Nec
828 2909 1087 2965 habebunt
1130 2909 1365 2980 requiem
1401 2911 1484 2966 die
1520 2929 1582 2968 ac
1625 2919 1790 2982 nocte,
1821 2913 1914 2985 qui
1941 2914 2082 2970 ado-

502 3006 758 3058 raverunt
799 2998 1013 3055 bestiam
1041 3005 1090 3054 et
1115 2999 1394 3071 imaginem
1433 2999 1564 3070 ejus,
1609 3007 1657 3057 et
1710 3001 1760 3057 si
1790 3005 1883 3073 qui
1927 3021 2082 3058 acce—

485 3091 669 3165 perint
693 3092 1046 3146 characterem
1075 3091 1306 3146 nominis
1345 3091 1478 3162 ejus.
1518 3091 1629 3150 Cur
1657 3108 1834 3166 neque
1881 3093 1940 3149 in
1968 3094 2077 3163 die,

489 3194 667 3258 neque
697 3177 756 3233 in
781 3185 940 3234 nocte
968 3179 1230 3251 reprobos
1257 3179 1457 3236 habere
1487 3179 1626 3238 dicit
1654 3181 1922 3254 requiem,
1953 3198 2080 3238 cum

487 3267 648 3326 electi
677 3276 944 3324 internum
972 3267 1118 3325 diem
1165 3268 1465 3342 possessuri
1511 3268 1658 3339 sint;
1695 3269 1911 3342 reprobi
1956 3287 2085 3328 vero

486 3365 801 3431 perpetuam
857 3364 1076 3415 noctem
1099 3359 1128 3415 ?
1200 3357 1306 3416 Sed
1364 3375 1514 3416 more
1568 3357 1814 3416 humano
1866 3358 2084 3417 locutus

487 3454 588 3504 est.

563 3543 748 3617 (Vers.
773 3543 862 3612 12,
897 3542 1010 3616 13.)
1042 3544 1163 3599 Haec
1217 3549 1294 3599 est
1328 3543 1591 3616 patientia
1637 3551 1960 3616 sanctorum,
1991 3547 2084 3618 qui

487 3634 789 3690 custodiunt
839 3633 1095 3689 mandata
1151 3633 1270 3699 Dei,
1329 3640 1378 3688 et
1434 3635 1588 3706 ﬁdem
1643 3636 1800 3703 Jesu;
1865 3636 1924 3693 id
1977 3643 2080 3703 est,

486 3723 614 3780 talis
668 3731 751 3778 est
799 3721 1065 3795 patientia
1111 3730 1447 3791 sanctorum,
1511 3731 1565 3780 et
1615 3726 1780 3781 talem
1807 3725 2080 3782 ‘fructum

487 3811 666 3879 aﬁ‘ert,
723 3811 902 3886 qualis
957 3811 1016 3867 in
1089 3811 1451 3884 sequentibus
1523 3813 1950 3872 demonstratur.
2009 3817 2082 3871 Et

486 3899 674 3955 audivi
701 3916 872 3955 vocem
900 3900 962 3955 de
1012 3901 1137 3956 caelo
1175 3899 1424 3956 dicentem
1469 3902 1601 3958 mihi
1633 3920 1644 3959 :
1710 3903 1904 3972 Scribe,
1947 3904 2080 3960 beati

486 3991 687 4044 mortui
717 3989 811 4060 qui
857 3989 913 4044 in
969 3989 1191 4046 Domino
1235 3991 1564 4048 moriuntur.
1607 3991 1752 4049 Talis
1795 4001 1877 4050 est
1911 3993 2080 4065 igitur

487 4078 753 4152 patientia
783 4086 1120 4146 sanctorum,
1161 4079 1255 4151 qui
1303 4081 1623 4138 custodiunt
1664 4083 1918 4140 mandata
1953 4083 2074 4152 Dei,

489 4173 544 4223 et
569 4165 732 4222 ﬁdem
762 4167 909 4234 Iesu,
942 4175 1004 4222 ut
1031 4167 1144 4222 sint
1169 4165 1315 4224 beati
1345 4167 1402 4222 in
1435 4177 1778 4240 perpetuum.
1809 4170 1914 4227 Sed
1943 4170 2075 4244 quid

489 4263 570 4311 est
600 4254 751 4328 quod
797 4253 935 4311 dicit
967 4271 979 4310 :
1029 4255 1184 4310 Beati
1227 4256 1445 4325 mortui,
1484 4256 1578 4328 qui
1621 4258 1679 4312 in
1707 4259 1934 4316 Domino
1967 4277 2074 4318 mo-

487 4341 756 4399 riuntur?
783 4341 919 4410 Quis
961 4341 1108 4399 enim
1159 4351 1410 4401 mortuus
1447 4345 1588 4402 mori
1623 4349 1844 4420 potest?
1877 4351 2075 4408 Nullus

487 4433 679 4508 procul
707 4431 878 4490 dubio
907 4440 1157 4490 mortuus
1194 4434 1334 4490 mori
1373 4443 1570 4508 potest,
1602 4437 1712 4494 nisi
1759 4439 1912 4511 prius
1943 4441 2074 4496 ani-

2196 849 2388 904 Nonne
2431 846 2750 904 Cornelium
2795 863 2962 920 opera
3003 863 3104 904 sua
3150 855 3562 922 praecesserant,
3608 847 3706 906 cui
3737 847 3817 903 ab

2196 937 2390 1008 angelo
2421 935 2636 992 dictum
2658 943 2774 992 est:
2831 960 2849 984 ι
2885 935 3177 993 Orationes
3209 947 3317 995 tuas
3345 946 3400 994 et
3427 939 3815 1011 eleemosynze

2197 1033 2303 1081 tua)
2331 1031 2774 1080 commemoratae
2807 1033 2937 1082 sunt
2976 1025 3033 1080 in
3081 1035 3379 1098 conspectu
3419 1027 3520 1083 Dei
3553 1028 3702 1099 (Act.
3737 1042 3812 1094 χ,

2193 1111 2250 1183 4)
2279 1111 2307 1168 Ῡ
2347 1137 2366 1160 ι
2409 1111 2514 1168 Sed
2543 1112 2689 1183 sequi
2717 1129 2816 1185 pro
2843 1113 3096 1170 comitari
3125 1115 3348 1186 posuit;
3382 1131 3511 1170 nam
3541 1123 3598 1171 et
3631 1131 3816 1171 exer-

2193 1203 2337 1260 citus
2363 1202 2457 1275 qui
2486 1218 2666 1274 regem
2701 1203 3014 1272 comitatur,
3045 1220 3172 1260 eum
3201 1203 3358 1277 sequi
3385 1204 3633 1274 dicitur;
3671 1222 3816 1263 cum

2199 1291 2295 1347 alii
2325 1289 2644 1362 procedant,
2675 1290 2772 1346 alii
2801 1300 3122 1364 sequantur,
3143 1293 3241 1348 alii
3262 1292 3332 1349 ad
3351 1293 3818 1364 dexteram,sive

2194 1378 2474 1435 sinistram
2507 1379 2784 1436 incedant.
2814 1379 2989 1453 Opera
3015 1380 3186 1454 igitur
3207 1391 3524 1440 sanctorum
3555 1399 3815 1456 sequun~

2193 1469 2446 1538 turillos;
2459 1470 2590 1543 quia
2609 1486 2820 1529 merces
2843 1488 3069 1544 operum
3099 1473 3323 1528 illorum
3347 1473 3650 1530 comitatur
3670 1473 3815 1530 illos

2193 1559 2254 1616 in
2287 1569 2634 1632 perpetuum.
2669 1561 2968 1618 Possumus
3007 1569 3062 1618 et
3093 1560 3199 1618 hoc
3231 1560 3300 1618 de
3328 1560 3443 1618 illis
3469 1557 3816 1634 spiritaliter

2192 1649 2501 1722 intelligere
2537 1637 2635 1723 qui
2683 1649 3026 1724 temporibus
3071 1649 3402 1708 Antichristi
3444 1667 3544 1723 pro
3569 1651 3816 1708 nomine

2191 1737 2417 1796 Domini
2445 1738 2621 1796 nostri
2643 1739 2772 1797 .lesu
2800 1739 3010 1798 Christi
3041 1738 3410 1797 interﬁciendi
3439 1746 3569 1795 sunt
3598 1756 3612 1806 ;
3647 1738 3814 1796 beati

2107 1848 2156 1910 Β
2191 1830 2392 1904 quippe
2429 1839 2592 1888 erunt
2623 1830 2728 1900 illi,
2763 1838 2818 1886 et
2847 1830 2906 1886 in
2933 1830 3172 1887 Domino
3202 1830 3529 1900 morientur,
3553 1830 3653 1904 qui
3697 1848 3814 1904 pro

2198 1919 2308 1976 ﬁde
2355 1921 2580 1977 Domini
2625 1920 2800 1978 nostri
2839 1926 2984 1984 556
3031 1921 3160 1978 .lesu
3205 1920 3412 1978 Christi
3459 1921 3809 1979 morientur.

2193 2021 2352 2078 Nunc
2381 2022 2511 2095 quia
2533 2038 2750 2094 prunam
2783 2022 3005 2078 illorum
3039 2023 3134 2096 qui
3163 2023 3221 2079 in
3251 2023 3662 2080 Antichristum
3683 2039 3812 2080 cre-

2193 2109 2367 2166 dituri
2395 2117 2544 2180 sunt,
2575 2111 2842 2181 narravit,
2889 2111 3396 2185 beatitudinemque
3447 2112 3678 2169 illorum
3702 2111 3812 2186 qui

2193 2200 2254 2256 in
2283 2199 2390 2256 ﬁde
2419 2197 2627 2256 Christi
2665 2203 3138 2272 perseveraverint
3165 2217 3340 2275 usque
3368 2201 3425 2257 in
3454 2201 3814 2270 ﬁnem,bre—

2192 2287 2338 2343 viter
2365 2287 2784 2359 comprehendit
2808 2307 2822 2357 ;
2853 2306 3195 2363 consequens
3217 2299 3300 2347 est
3325 2299 3390 2347 ut
3417 2289 3564 2346 diem
3588 2289 3812 2362 judicii

2193 2374 2486 2445 describat,
2519 2375 2578 2431 in
2615 2392 2726 2448 quo
2753 2375 2871 2434 haec
2899 2387 3099 2434 cuncta
3127 2378 3575 2450 complebuntur-

2273 2464 2458 2537 (Vere.
2493 2463 2718 2536 14-19.)
2768 2466 2843 2520 Et
2875 2465 3006 2530 vidi,
3037 2471 3085 2520 et
3129 2483 3235 2522 ecce
3272 2468 3458 2522 nubem
3483 2466 3810 2536 candidam,

2193 2559 2242 2610 et
2271 2569 2430 2624 super
2462 2553 2647 2608 nubem
2685 2553 2940 2610 sedentem
2977 2555 3199 2609 similem
3231 2555 3370 2611 Filio
3399 2557 3652 2626 hominis,
3689 2559 3813 2614 ha-

2195 2643 2392 2698 bentem
2438 2641 2493 2698 in
2541 2643 2709 2714 capite
2754 2659 2849 2698 suo
2891 2661 3140 2701 coronam
3189 2661 3430 2713 auream,
3461 2652 3509 2700 et
3533 2646 3592 2700 in
3621 2664 3810 2704 manu

2191 2747 2292 2787 sua
2317 2729 2508 2801 falcem
2538 2737 2768 2787 acutam.
2799 2733 2873 2789 Et
2916 2734 3056 2788 alter
3081 2735 3296 2805 angelus
3325 2735 3454 2790 exiit
3481 2735 3544 2790 de
3575 2739 3812 2808 templo,

2193 2821 2430 2876 clamans
2458 2835 2577 2874 voce
2621 2836 2813 2892 magna
2857 2821 2930 2877 ad
2973 2821 3225 2877 sedentem
3271 2839 3430 2894 super
3457 2824 3672 2894 nubem,
3718 2827 3809 2882 di-

2193 2926 2310 2965 cens
2343 2927 2355 2964 :
2412 2909 2560 2968 Mitte
2585 2907 2776 2979 falcem
2807 2916 2971 2978 tuam,
3021 2917 3069 2966 et
3095 2917 3223 2967 mete
3269 2930 3284 2980 ;
3335 2913 3464 2984 quia
3487 2914 3627 2969 venit
3655 2915 3812 2972 hora

2196 3002 2255 3052 ut
2294 3001 2542 3066 metatur,
2581 2995 2834 3067 quoniam
2881 2995 3033 3052 aruit
3064 2997 3244 3053 ntessis
3282 3003 3457 3055 terrae.
3517 3001 3594 3056 Et
3643 3002 3815 3057 misit

2189 3085 2284 3157 qui
2328 3085 2534 3140 sedebat
2569 3101 2727 3156 super
2754 3086 2962 3155 nubem,
2991 3085 3181 3157 falcem
3207 3104 3360 3143 suam
3400 3088 3458 3144 in
3487 3095 3721 3160 terram,
3756 3097 3813 3146 et

2116 3204 2160 3265 ρ
2187 3173 2402 3230 messuit
2445 3181 2662 3265 terram.
2716 3177 2787 3230 Et
2825 3175 2970 3230 alius
3005 3177 3220 3247 angelus
3269 3177 3434 3232 exivit
3481 3177 3544 3232 de
3577 3181 3807 3250 templo,

2196 3265 2340 3335 quod
2386 3271 2462 3320 est
2486 3264 2544 3319 in
2587 3266 2733 3332 creto,
2766 3265 2957 3320 habens
2985 3271 3034 3320 et
3074 3267 3184 3338 ipse
3213 3265 3406 3337 falcem
3446 3273 3681 3324 acutam.
3721 3271 3808 3326 Et

2192 3354 2337 3410 alius
2363 3355 2582 3425 angelus
2624 3353 2788 3409 exivit
2826 3354 2888 3410 de
2927 3355 3114 3424 altari,
3163 3356 3256 3428 qui
3297 3357 3518 3413 habebat
3560 3364 3806 3430 potesta-

2195 3461 2295 3508 tem
2335 3469 2504 3525 supra
2547 3453 2736 3525 ignem,
2780 3459 2829 3509 et
2882 3455 3132 3510 clamavit
3165 3473 3286 3512 voce
3321 3473 3514 3528 magna
3552 3458 3626 3513 ad
3673 3475 3809 3514 eum

2191 3543 2284 3614 qui
2337 3541 2556 3598 habebat
2607 3541 2800 3614 falcem
2838 3549 3066 3612 acutam,
3114 3545 3334 3601 dicens:
3390 3545 3538 3604 Mitte
3596 3544 3809 3616 falcem

2193 3639 2336 3687 tuam
2372 3637 2602 3700 acutam,
2644 3638 2694 3688 et
2740 3632 3003 3689 vindemia
3044 3635 3218 3690 botros
3264 3635 3426 3690 vinea:
3453 3641 3632 3700 terrm,
3661 3652 3807 3706 quo-

2188 3723 2338 3780 niam
2381 3729 2608 3778 maturw
2649 3729 2774 3779 sunt
2798 3741 2912 3780 uvae
2947 3723 3079 3794 eius.
3126 3727 3201 3782 Et
3241 3725 3388 3780 misit
3430 3727 3648 3798 angelus
3683 3725 3804 3796 fal-

2187 3827 2294 3866 cem
2343 3827 2497 3868 suam
2536 3818 2746 3868 acutam
2787 3813 2845 3868 in
2885 3820 3104 3882 terram,
3135 3821 3183 3868 et
3209 3815 3551 3871 v-indemiavit
3577 3815 3808 3874 vineam

2189 3907 2346 3956 terrae
2369 3944 2385 3970 ,
2428 3907 2476 3957 el
2523 3902 2668 3958 misit
2703 3902 2763 3956 in
2809 3904 2981 3959 lacum
3024 3903 3124 3958 irae
3171 3905 3272 3961 Dei
3336 3923 3584 3977 magnum
3641 3907 3797 3980 (33).

2191 3991 2384 4048 Totam
2413 4007 2552 4064 pene
2597 3993 2927 4047 sententiam
2975 3991 3153 4062 posui,
3187 4001 3248 4048 ut
3274 3993 3520 4065 undique
3548 3995 3802 4053 circum-

2185 4087 2369 4152 specta
2405 4079 2523 4152 ejus
2564 4079 2840 4136 anfractus
2891 4079 3132 4150 apertius
3170 4079 3484 4137 videantur.
3529 4083 3800 4158 Uterque

2185 4184 2418 4242 namque
2448 4167 2551 4224 iste
2591 4167 2816 4238 angelus
2845 4166 3128 4225 Christum
3155 4167 3429 4240 signiﬁcat
3459 4187 3471 4224 :
3515 4171 3798 4231 similiter

2183 4265 2237 4314 et
2261 4256 2385 4312 duae
2425 4255 2594 4312 falces
2635 4271 2802 4312 unam
2848 4256 3308 4328 signiﬁcationem
3338 4256 3548 4315 habent
3579 4277 3593 4327 ;
3627 4261 3798 4320 desi-

2182 4353 2351 4420 gnant
2415 4344 2562 4402 enim
2605 4345 2765 4402 illum
2813 4347 2997 4420 ignem
3037 4363 3147 4422 quo
3192 4347 3486 4406 universus
3533 4355 3793 4412 mundus

2181 4435 2451 4494 delendus
2495 4445 2614 4505 est;
2666 4437 2798 4510 quia
2846 4437 2990 4495 sicut
3036 4439 3214 4512 primo
3260 4447 3510 4512 tempore
3539 4445 3792 4502 mundus

489 4539 636 4580 mam
673 4523 920 4595 recipiat,
953 4530 1016 4578 ut
1043 4521 1243 4578 iterum
1275 4524 1418 4580 mori
1445 4525 1632 4596 possit.
1665 4526 1772 4584 Sed
1817 4528 1904 4584 illi
1944 4537 2074 4586 sunt
2113 4561 2162 4620 Β
2193 4543 2287 4599 per
2311 4541 2509 4598 aquam
2539 4525 2752 4584 deletus
2779 4535 2880 4598 est,
2911 4528 2990 4585 ita
3019 4535 3074 4584 et
3122 4529 3181 4584 in
3209 4528 3319 4586 ﬁne
3349 4537 3662 4604 temporum
3691 4551 3791 4606 per

488 4613 656 4682 beati,
689 4620 745 4669 et
777 4613 862 4668 illi
891 4613 949 4668 in
975 4613 1216 4670 Domino
1246 4614 1580 4686 moriuntur,
1621 4617 1718 4690 qui
1761 4618 1915 4690 prius
1967 4635 2079 4676 mo-

488 4702 712 4760 riuntur
761 4703 983 4772 saeculo,
1040 4709 1228 4776 postea
1281 4719 1443 4760 carne
1475 4721 1486 4760 :
1521 4705 1615 4778 qui
1647 4706 1799 4778 prius
1841 4713 2078 4764 veterem

491 4791 795 4860 hominem,
833 4790 890 4848 id
933 4800 1034 4861 est,
1087 4809 1280 4849 omnes
1331 4793 1606 4867 nequitias
1645 4801 1696 4850 et
1725 4795 2004 4868 spiritales
2029 4804 2082 4852 et

488 4882 736 4938 carnales
781 4881 839 4936 in
885 4898 942 4938 se
983 4881 1371 4954 exstinguunt,
1402 4891 1464 4940 ut
1501 4883 1716 4956 possint
1744 4884 1925 4942 dicere
1954 4901 2082 4942 cum

489 4969 802 5040 Apostolo:
875 4993 895 5016 ι
942 4970 1080 5036 Mihi
1109 4970 1351 5028 mundus
1391 4971 1693 5030 cruciﬁxus
1723 4981 1823 5044 est,
1881 4982 1936 5030 et
1982 4991 2082 5048 ego

489 5057 698 5114 mundo
729 5059 938 5130 (Galat.
967 5076 1044 5127 vr,
1077 5059 1188 5132 14).
1221 5084 1240 5107 ι
1301 5061 1392 5116 Illi
1439 5077 1678 5135 namque
1733 5063 1792 5118 in
1839 5065 2078 5122 Domino

489 5146 821 5214 moriuntur,
853 5145 920 5202 de
947 5146 1150 5220 quibus
1177 5149 1450 5206 Dominus
1479 5149 1620 5207 dicit
1639 5151 1698 5208 in
1727 5153 2040 5227 Evangelio
2064 5173 2076 5210 :

503 5261 522 5282 ι
560 5235 666 5304 Qui
721 5243 904 5291 autem
951 5237 1380 5308 perseveraverit
1428 5255 1602 5314 usque
1649 5240 1710 5298 in
1753 5240 1942 5312 ﬁnem,
1988 5242 2082 5302 hic

488 5330 673 5387 salvus
698 5330 805 5388 erit
835 5329 1048 5404 (Matth.
1089 5346 1247 5402 xxiv,
1281 5331 1394 5404 13).
1424 5355 1443 5380 ι

561 5493 677 5570 (32)
711 5493 988 5570 Omissum
1015 5493 1194 5570 fuerat
1223 5493 1283 5550 in
1321 5492 1481 5559 edit.,
1515 5496 1608 5566 qui
1630 5507 1973 5570 praeparatus
2007 5508 2082 5558 est

488 5562 700 5636 diabolo
728 5573 788 5636 et,
800 5566 998 5636 angelis
1027 5565 1160 5634 ejus.

562 5634 678 5703 (33)
713 5634 1030 5713 Edit.'Gil.,
1061 5636 1252 5705 falcem
1269 5652 1417 5690 suam
1441 5643 1650 5692 acutam
1678 5657 1836 5710 super
1857 5649 2075 5713 terram,

489 5708 539 5756 et
583 5705 797 5758 messuit
842 5712 1074 5762 terram:
1113 5713 1329 5778 uterque
1366 5725 1610 5780 namque,
1648 5705 1754 5768 etc:
1785 5713 1945 5770 Rom.
1970 5705 2078 5772 an;

2194 4618 2377 4690 ignem
2418 4617 2714 4674 delebitur.
2755 4618 2860 4676 Sed
2906 4619 3261 4692 quaerendum
3319 4621 3482 4678 nobis
3532 4630 3636 4691 est,
3684 4641 3790 4681 cur

2191 4725 2333 4765 unus
2364 4707 2616 4766 Christus
2643 4724 2740 4781 per
2769 4707 2908 4766 duos
2954 4710 3198 4780 angelos,
3223 4717 3279 4766 et
3311 4726 3422 4766 una
3449 4713 3788 4770 extermina-

2191 4800 2272 4855 tio
2299 4814 2396 4871 per
2423 4797 2562 4855 duas
2585 4798 2753 4855 falces
2787 4797 3073 4870 ﬁguretur.
3110 4797 3329 4854 Primus
3367 4799 3569 4872 quippe
3607 4817 3788 4874 ange-

2193 4892 2278 4946 lus
2332 4906 2496 4963 super
2538 4890 2741 4946 nubem
2791 4889 3084 4946 candidam
3128 4888 3352 4956 sedisse,
3411 4898 3466 4947 et
3519 4907 3786 4952 coronam

2190 4997 2410 5036 auream
2441 4979 2698 5036 habuisse
2745 4978 2899 5037 visus
2948 4987 3074 5036 est:
3119 4978 3394 5037 secundus
3439 4995 3573 5036 vero
3602 4998 3786 5056 neque

2193 5086 2453 5126 coronam
2512 5084 2732 5124 auream
2785 5068 3066 5138 habuisse,
3125 5085 3302 5143 neque
3355 5085 3520 5141 super
3574 5071 3784 5129 nubem

2189 5157 2476 5216 candidam
2507 5156 2708 5214 sedisse
2737 5157 2962 5215 dicitur.
2991 5159 3063 5215 Et
3091 5151 3303 5230 primus
3332 5173 3565 5214 messem
3593 5165 3782 5231 terra,

2189 5246 2464 5304 secundus
2486 5263 2616 5304 vero
2635 5247 2825 5306 botros
2843 5248 3018 5305 vineae
3053 5255 3211 5304 terrae
3247 5246 3563 5320 praecidisse
3590 5249 3782 5308 dictus

2187 5348 2269 5397 est
2301 5358 2314 5397 :
2347 5339 2440 5396 sed
2468 5341 2680 5414 primus
2707 5357 2816 5416 quo
2860 5341 2984 5400 loco
3033 5355 3263 5398 messem
3311 5348 3468 5397 terrae
3503 5341 3778 5413 posuerit,

2187 5512 2318 5571 tem,
2359 5503 2550 5573 falcem
2575 5521 2727 5562 suam
2770 5513 2981 5563 acutam
3003 5505 3063 5562 in
3105 5510 3325 5574 terram,
3359 5509 3406 5558 et
3434 5503 3781 5560 vindemiavit

2186 5575 2392 5630 vineam
2430 5583 2587 5632 terrm
2627 5584 2676 5632 et
2710 5579 2857 5634 misit
2896 5579 2955 5632 in
3003 5578 3176 5633 lacum
3218 5576 3316 5631 irin
3362 5575 3460 5647 Dei
3504 5592 3776 5647 magnum.

2193 5647 2414 5717 Uterque
2446 5665 2688 5719 namque,
2717 5657 2822 5706 etc.
2855 5649 3062 5708 Locum
3093 5663 3250 5717 vero,
3279 5646 3421 5704 utin
3441 5663 3571 5705 mss.
3615 5647 3778 5704 habe-

2184 5724 2296 5786 tur,
2325 5719 2692 5791 reposuimus.
