3964 6366
98 374 218 431 981
994 374 1453 433 BERENGAUDI
1493 374 1873 433 EXPOSI’I‘IO
1911 374 1984 433 IN
2022 373 2528 434 APOCALYPSIN.
3315 374 3421 435 982

100 519 230 559 non
276 501 485 560 dicitur
513 520 525 559 :
595 500 867 560 secundus
903 509 1083 560 autem
1123 503 1311 561 botros
1346 503 1519 560 vinea:
1549 511 1709 559 terrae
1737 506 1789 566 Α
1820 517 2007 558 eorum
2040 501 2208 559 fuerit
2235 517 2498 559 numerus
2522 500 2848 575 completus.
2881 500 3152 559 Similiter
3175 508 3230 559 et
3256 508 3419 575 quar'

99 594 171 649 in
206 595 385 650 lacum
418 594 511 649 irae
540 593 637 650 Dei
672 608 927 666 magnum
961 593 1176 651 misisse
1203 594 1386 653 dictus
1416 602 1517 651 est.
1554 593 1715 653 Vide-
1826 599 1914 648 tus
1940 592 2165 664 angelus
2192 591 2290 665 qui
2319 592 2454 650 exiit
2481 591 2550 649 de
2576 592 2757 661 altari,
2788 591 2885 665 qui
2911 590 3147 649 habebat
3170 599 3421 664 potesta-

100 689 210 738 tur
256 683 440 756 itaque
487 683 624 739 mihi
686 700 781 756 per
827 700 1057 740 messem
1109 694 1267 741 terrae
1314 686 1562 741 electos:
1620 699 1716 757 per
1823 687 1932 736 tem
1983 696 2146 753 super
2197 680 2403 753 ignem,
2444 679 2692 737 eamdem
2734 678 3194 753 signiﬁcationem
3250 678 3422 736 habet

97 771 304 829 botros
328 782 533 842 autem,
564 790 631 829 ex
678 774 879 847 quibus
906 774 1100 830 vinum
1144 774 1340 843 oritur,
1371 774 1519 849 quod
1549 790 1715 829 men-

99 871 195 919 tes
262 863 551 919 hominum
613 863 834 932 alienat,
886 863 1146 936 reprobos
1214 880 1331 919 esse
1380 863 1708 934 designatos.

98 954 224 1009 Ista
252 962 331 1010 est
364 953 574 1022 messis,
597 952 665 1009 de
690 969 797 1025 qua
820 954 1090 1009 Dominus
1126 953 1335 1010 dicitin
1365 952 1667 1024 Evangelio
1694 968 1707 1006 :

114 1066 136 1089 ι
183 1044 247 1098 In
294 1050 539 1115 tempore
587 1042 779 1098 messis
823 1041 1000 1097 dicam
1054 1042 1419 1099 messoribus:
1456 1040 1712 1112 Colligite

98 1132 355 1204 primum
401 1131 627 1199 zizania,
659 1139 712 1187 et
750 1132 914 1203 ligate
943 1147 1004 1187 ea
1048 1132 1107 1186 in
1136 1132 1427 1188 fasciculos
1452 1131 1521 1187 ad
1546 1147 1710 1188 com-

96 1221 421 1279 burendum
448 1240 459 1278 :
494 1224 743 1280 triticum
773 1239 904 1279 vero
930 1223 1211 1279 recondite
1239 1224 1299 1279 in
1332 1224 1545 1279 horreis
1573 1223 1710 1279 meis

100 1312 329 1383 (Matth.
363 1329 486 1382 xm,
508 1313 622 1385 30).
648 1338 667 1363 ι
704 1314 810 1382 Qui
854 1314 1002 1369 enim
1036 1312 1152 1370 illic
1173 1330 1268 1385 per
1296 1312 1568 1381 triticum,
1604 1313 1707 1385 ipsi

97 1400 168 1455 in
223 1400 329 1457 hoc
369 1402 489 1458 loco
537 1418 633 1475 per
670 1417 899 1459 messem
938 1402 1313 1474 designantur.
1365 1403 1435 1457 Et
1469 1404 1562 1475 qui
1592 1402 1708 1459 illic

98 1506 211 1562 per
247 1491 473 1560 zizania,
516 1492 619 1564 ipsi
650 1492 707 1547 in
744 1491 847 1547 hoc
867 1493 988 1547 loco
1013 1508 1109 1564 per
1136 1492 1323 1547 botros
1348 1491 1520 1547 vineae
1548 1501 1707 1548 terrae

97 1578 421 1652 ﬁgurantur
448 1597 459 1635 :
490 1589 545 1635 et
577 1581 707 1653 quia
740 1580 994 1638 Christus
1027 1581 1186 1637 aliter
1217 1580 1498 1653 apparebit
1517 1580 1704 1652 justis,

98 1677 161 1724 et
223 1670 383 1726 aliter
452 1669 693 1741 injustis,
748 1686 858 1725 non
905 1670 1357 1725 inconvenienter
1412 1687 1509 1743 per
1568 1670 1706 1725 duos

96 1759 334 1829 angelos
380 1759 664 1831 ﬁguratur.
715 1760 856 1815 Justi
887 1776 1122 1833 namque
1153 1761 1207 1815 in
1239 1760 1427 1816 eadem
1454 1760 1703 1817 claritate

1822 787 1987 845 quam
2016 779 2070 827 et
2095 771 2370 829 secundus
2411 770 2504 844 qui
2546 771 2615 829 de
2651 771 2857 843 templo
2885 770 3087 828 exiisse
3113 770 3268 827 visus
3295 778 3413 840 est;

1821 867 2095 940 signiﬁcat
2148 883 2383 941 namque
2429 869 2629 925 electos
2672 867 2731 924 in
2774 867 2879 926 bac
2930 868 3047 925 vita
3086 868 3416 926 laborantes.

1778 1036 1783 1041 ξ
1819 960 2007 1016 Altare
2050 968 2232 1016 autem
2280 960 2583 1016 Ecclesiam
2642 958 2936 1033 signiﬁcat,
2981 960 3126 1018 sicut
3164 967 3219 1017 et
3263 968 3418 1017 tem-

1820 1049 1971 1121 plum
2000 1066 2014 1117 ;
2047 1065 2142 1121 per
2170 1048 2352 1122 ignem
2382 1065 2514 1105 vero
2547 1048 2869 1106 charitatem
2910 1066 3202 1124 possumus
3238 1050 3416 1107 intel-

1819 1140 2006 1211 ligere,
2057 1157 2222 1213 quam
2277 1141 2338 1196 in
2397 1140 2660 1198 cordibus
2711 1149 3025 1199 sanctorum
3072 1142 3415 1216 spiritalibus

1817 1230 2077 1286 fomentis
2102 1229 2340 1302 Spiritus
2368 1237 2588 1287 sanctus
2607 1231 2835 1288 enutrit.
2859 1232 3034 1305 Super
3054 1231 3204 1289 hunc
3232 1232 3415 1305 ignem

1817 1320 1989 1376 sancti
2051 1319 2249 1377 habere
2306 1329 2628 1395 potestatem
2678 1320 2802 1378 ideo
2849 1321 3134 1392 dicuntur,
3181 1322 3312 1396 quia
3361 1332 3417 1381 et

1815 1410 1921 1483 ipsi
1952 1412 2231 1483 possident
2257 1412 2603 1481 charitatem,
2634 1421 2687 1469 et
2716 1413 3067 1484 possidentur
3094 1414 3163 1472 ab
3196 1431 3278 1474 ea.
3309 1416 3416 1472 Iste

1815 1516 1943 1572 ergo
1993 1501 2216 1572 angelus
2248 1501 2510 1558 clamavit
2541 1501 2610 1558 ad
2640 1502 2863 1559 tertium
2907 1504 3160 1575 angelum
3208 1520 3417 1561 secun-

1813 1588 1940 1644 dam
1972 1589 2167 1646 falcem
2209 1598 2507 1662 gerentem,
2547 1606 2710 1663 quem
2746 1590 3027 1649 Christum
3076 1594 3411 1667 signiﬁcasse

1814 1676 2082 1747 diximus,
2131 1685 2195 1735 ut
2236 1678 2604 1734 vindemiaret
2638 1678 2826 1737 botros
2866 1680 3040 1736 vineae
3086 1690 3267 1752 terrae,
3316 1698 3413 1756 per

1812 1782 1949 1838 quos
1977 1766 2134 1840 impii
2174 1766 2568 1840 designantur;
2608 1767 2738 1841 quia
2784 1768 2893 1824 viri
2940 1771 3116 1827 sancti
3162 1771 3414 1830 videntes

96 1863 237 1904 eum
285 1848 573 1915 videbunt,
607 1848 882 1921 quomodo
912 1848 980 1904 ab
1008 1850 1215 1922 angelis
1253 1858 1305 1905 et
1338 1849 1542 1905 sanctis
1579 1850 1702 1923 spi-
1729 1870 1776 1931 Β
1814 1854 2062 1925 quotidie
2090 1872 2260 1927 genus
2292 1856 2596 1913 humanum
2633 1873 2665 1913 a
2706 1855 3050 1915 daemonibus
3084 1859 3284 1933 decipi,
3321 1861 3419 1919 vi-

95 1940 313 1995 ritibus
341 1940 399 1994 in
430 1941 635 1995 cmlesti
653 1940 993 1997 beatitudine
1014 1942 1297 2010 cernitur;
1331 1942 1489 2014 impii
1521 1952 1703 2000 autem

96 2030 166 2086 in
222 2045 286 2084 ea
331 2028 509 2101 specie
554 2045 678 2085 eum
711 2029 997 2099 videbunt,
1052 2047 1155 2104 qua
1205 2031 1273 2087 ab
1302 2030 1623 2088 hominibus
1653 2033 1713 2088 in

92 2128 253 2175 terra
281 2119 492 2191 positus
520 2118 809 2175 videbatur
836 2137 847 2175 :
896 2144 916 2168 ε
954 2120 1200 2176 Tolletur
1228 2122 1430 2194 quippe
1482 2122 1708 2194 impius,

95 2224 177 2264 ne
222 2207 407 2264 videat
436 2208 663 2281 gloriam
713 2209 811 2264 Dei
854 2208 995 2280 (Isa.
1047 2221 1185 2275 xxx,
1220 2207 1310 2275 10,
1359 2227 1457 2264 sec.
1488 2210 1692 2283 Lxx).-

96 2296 355 2353 Blandus
385 2298 568 2370 itaque
610 2298 794 2370 justis,
827 2298 1093 2353 terribilis
1122 2299 1408 2371 apparebit
1442 2298 1705 2370 injustis;

96 2386 257 2441 unde
302 2394 357 2442 et
410 2386 622 2459 primus
665 2403 828 2459 super
872 2387 1075 2443 nubem
1123 2387 1413 2444 candidam
1469 2389 1703 2457 sedisse,

98 2484 160 2532 et
203 2492 459 2532 coronam
488 2493 707 2532 auream
751 2475 1007 2533 habuisse
1037 2477 1094 2532 in
1124 2478 1300 2549 capite
1350 2477 1703 2536 describitur.

95 2566 212 2622 Per
235 2566 439 2622 nubem
469 2581 704 2638 namque
741 2565 1033 2622 candidam
1057 2582 1257 2639 corpus
1286 2566 1404 2638 ejus
1430 2567 1705 2625 immacu-

98 2662 284 2717 latum
314 2657 667 2729 designatur:
715 2670 814 2726 per
839 2671 1098 2710 coronam
1141 2672 1273 2712 vero
1297 2672 1516 2711 auream
1547 2656 1706 2711 mul-

97 2748 290 2805 titudo
342 2748 661 2818 angelorum
717 2754 881 2820 atque
933 2756 1268 2813 sanctorum,
1314 2745 1408 2817 qui
1460 2760 1585 2800 eum
1636 2745 1703 2801 ad

87 2836 373 2910 judicium
448 2837 759 2893 venientem
829 2836 1260 2901 comitabuntur,
1347 2834 1700 2905 exprimitur.

97 2925 378 2984 Similiter
413 2933 467 2980 et
495 2941 606 2981 una
648 2924 1040 2981 'exterminatio
1068 2939 1165 2996 per
1190 2923 1326 2979 duas
1358 2922 1523 2979 falces
1550 2922 1705 2977 desi-

103 3024 346 3091 gnatur;
403 3016 534 3088 quia
574 3016 735 3071 aliter
783 3014 1303 3070 exterminabuntur
1342 3010 1501 3084 justi,
1546 3011 1706 3067 aliter

100 3106 302 3178 injusti
328 3150 340 3162 .
368 3105 646 3177 justorum
665 3106 1054 3163 exterminatio
1084 3105 1388 3178 redemptio
1417 3105 1602 3177 potius
1621 3104 1701 3161 di-

99 3194 281 3252 cenda
331 3203 433 3263 est,
486 3195 629 3252 sicut
680 3194 951 3252 Dominus
1000 3193 1172 3252 dicit:
1239 3218 1257 3241 ‹
1298 3194 1588 3267 Respicite,
1651 3201 1704 3249 et

100 3285 283 3339 levate
335 3284 514 3356 capita
580 3292 795 3355 vestra;
846 3284 1103 3357 quoniam
1155 3283 1553 3356 appropinquat
1598 3298 1694 3339 re-

99 3372 351 3443 demptio
398 3381 579 3429 vestra
635 3373 787 3446 (Luc.
832 3390 953 3441 XXI,
983 3373 1098 3443 28).
1151 3397 1169 3421 ι
1229 3370 1693 3444 Redemptiojure

102 3468 356 3530 vocatur,
400 3479 463 3519 eo
510 3461 656 3537 quod
685 3479 717 3518 a
748 3463 907 3519 malis
960 3463 1353 3534 temporalibus
1398 3462 1612 3527 liberet,
1642 3468 1696 3516 et

101 3552 175 3607 ad
203 3552 397 3622 gaudia
425 3562 626 3609 aeterna
653 3552 931 3626 perducat.
963 3552 1260 3625 Impiorum
1300 3561 1480 3608 autem
1520 3559 1695 3607 exter-

102 3638 340 3694 minatio
370 3647 424 3695 et
452 3640 543 3696 hic
570 3640 749 3713 gravis
775 3640 898 3708 erit,
931 3648 985 3697 et
1018 3647 1140 3712 post
1176 3648 1408 3696 mortem
1439 3641 1692 3713 gravior;

102 3726 390 3782 damnatio
436 3729 580 3783 enim
628 3729 917 3800 luctusque
944 3738 1241 3799 perpetuus
1284 3727 1340 3783 in
1371 3730 1449 3784 eis
1475 3745 1698 3801 perma-

103 3816 281 3871 nebit.
326 3816 464 3871 Justi
512 3816 579 3872 de
626 3833 719 3889 spe
766 3816 1150 3874 retributionis
1196 3826 1413 3875 aeternae
1462 3827 1695 3875 mortem

103 3906 289 3961 laetam
324 3904 601 3977 excipient
632 3925 644 3963 :
680 3907 837 3979 impii
882 3923 1012 3963 vero
1042 3907 1109 3964 de
1140 3907 1490 3965 damnatione
1512 3925 1698 3982 perpe-

104 4003 205 4051 tua
227 3995 431 4063 timidi,
458 3996 773 4053 tristissima
810 4004 985 4053 morte
1013 3999 1339 4070 plectemur.

181 4104 339 4161 Alter
381 4104 604 4177 angelus
632 4103 728 4177 qui
774 4105 951 4163 exivit
990 4106 1058 4163 de
1093 4108 1318 4181 templo,
1347 4114 1402 4164 et
1440 4106 1700 4165 clamavit

104 4210 245 4250 voce
293 4209 488 4266 magna
516 4193 582 4249 ad
612 4210 735 4250 eum
768 4196 862 4268 qui
908 4198 1128 4254 sedebat
1158 4214 1322 4270 super
1346 4198 1571 4267 nubem,
1603 4198 1699 4255 di-

104 4300 268 4340 cens:
317 4284 465 4342 Mitte
509 4284 699 4355 falcem
746 4291 911 4353 tuam,
957 4293 1009 4341 et
1035 4294 1196 4355 mete,
1256 4289 1458 4345 electos
1493 4289 1588 4362 qui
1639 4288 1699 4344 in

106 4373 214 4429 hac
265 4380 406 4429 terra
456 4375 704 4431 laborant
756 4375 1023 4447 designat,
1066 4394 1161 4448 per
1204 4377 1469 4450 templum
1516 4385 1698 4433 autem

105 4461 257 4519 unde
285 4462 484 4518 exiisse
521 4464 674 4521 visus
701 4473 801 4534 est,
832 4466 1079 4523 Ecclesia
1107 4458 1454 4538 designatur.’
1473 4466 1698 4525 Clama—

106 4552 192 4609 vit
217 4568 344 4644 ergo
373 4552 441 4608 ad
469 4570 594 4611 eum
623 4556 720 4628 qui
766 4555 988 4611 sedebat
1020 4571 1184 4628 super
1207 4556 1434 4625 nubem,
1464 4564 1526 4612 ut
1556 4555 1696 4611 mit-
1724 4585 1772 4644 Ι)

106 4649 248 4699 teret
302 4643 496 4700 falcem
556 4660 709 4700 suam
767 4646 824 4700 in
880 4654 1103 4714 terram,
1152 4652 1205 4701 et
1262 4653 1527 4712 meteret;
1567 4644 1697 4717 quia

108 4732 284 4789 sancti
316 4733 424 4789 viri
454 4733 703 4791 videntes
743 4736 1011 4791 mundum
1057 4735 1115 4791 in
1150 4734 1393 4807 maligno
1437 4734 1698 4807 positum.

108 4820 336 4895 ejusque
388 4824 636 4879 miserias
683 4823 991 4893 horrentes,
1041 4824 1403 4897 deprecantur
1452 4823 1702 4897 quotidie

108 4920 173 4967 ut
201 4928 427 4984 regnum
460 4913 557 4968 Dei
586 4904 792 4981 veniat,
826 4912 881 4967 in
914 4931 1023 4988 quo
1043 4914 1110 4970 ab
1149 4913 1407 4971 omnibus
1434 4913 1703 4985 angustiis

110 5001 351 5071 liberati,
390 5019 617 5076 corpora
663 5005 881 5076 propria
919 5005 1206 5077 recipient,
1246 5013 1301 5061 et
1347 5005 1406 5061 in
1438 5012 1700 5061 aeternum

109 5108 238 5149 cum
264 5092 501 5150 Domino
531 5093 906 5150 exsultabunt.
940 5094 1183 5152 Ariditas
1210 5111 1340 5152 vero
1369 5095 1565 5153 messis
1594 5111 1702 5152 ma-

108 5182 392 5239 turitatem
440 5184 556 5257 ejus
604 5183 847 5252 indicat;
900 5201 1027 5241 nam
1066 5185 1211 5241 sicut
1259 5187 1450 5244 messis
1500 5187 1703 5261 crescit

112 5288 284 5345 usque
327 5272 394 5328 ad
440 5275 833 5343 maturitatem,
877 5272 1096 5346 quando
1122 5273 1274 5331 arida
1320 5276 1587 5334 eﬁicitur:
1626 5277 1703 5332 ita

112 5369 167 5417 et
197 5379 460 5419 numerus
500 5363 797 5419 electorum
829 5378 1000 5436 usque
1026 5364 1094 5421 ad
1123 5364 1291 5422 ﬁnem
1321 5365 1516 5423 mundi
1546 5383 1701 5422 cres-

112 5460 219 5521 cet,
279 5468 579 5526 eorumque
639 5453 924 5511 maturitas
969 5462 1105 5512 tunc
1163 5455 1499 5528 perﬁcietur,
1573 5473 1700 5515 cum

188 5654 306 5729 (34)
363 5652 785 5729 Desiderabatur
829 5655 889 5714 in
913 5656 1094 5729 edit..,
1124 5666 1172 5716 et
1196 5659 1402 5718 mittent
1428 5661 1620 5719 illos...
1656 5667 1704 5716 et

115 5727 314 5785 stridor
342 5727 593 5785 dentium.

1822 1942 2011 1999 dentes
2054 1944 2223 2001 etiam
2278 1944 2478 2017 impios
2528 1945 2741 2014 ﬂorere,
2786 1947 3165 2021 mundumque
3204 1966 3419 2024 semper

1821 2032 1889 2089 ad
1914 2033 2187 2091 deteriora
2218 2034 2420 2103 delabi,
2456 2044 2617 2092 orant
2644 2043 2707 2092 ut
2735 2036 2853 2094 dies
2875 2037 3078 2109 judicii
3120 2040 3327 2109 veniat,
3357 2042 3417 2098 in

1821 2138 1930 2195 quo
1971 2132 2025 2179 et
2067 2122 2316 2195 nequitia
2365 2123 2677 2180 daemonum
2726 2141 2853 2182 cum
2912 2126 3046 2198 ipsis
3100 2128 3418 2187 auctoribus

1820 2219 2022 2281 pereat,
2062 2218 2115 2267 et
2143 2211 2324 2268 omnis
2349 2211 2729 2283 praevaricatio
2757 2228 2884 2270 cum
2916 2214 3053 2287 ipsis
3083 2220 3420 2288 praevarica-

1818 2299 2032 2356 toribus
2060 2301 2294 2372 accipiat
2323 2301 2513 2368 ﬁnem,
2554 2308 2609 2357 et
2633 2301 2938 2360 adducatur
2962 2303 3180 2377 justitia
3219 2311 3418 2383 sempi-

1818 2395 1993 2457 terna,
2034 2404 2156 2461 quae
2185 2389 2342 2445 nullo
2380 2388 2489 2446 ﬁne
2540 2391 2949 2449 terminabitur.
2996 2394 3175 2453 Vinea
3214 2399 3417 2473 quippe

1818 2477 2084 2534 mundum
2115 2478 2409 2551 signiﬁcat,
2440 2496 2561 2552 quae
2586 2498 2807 2539 omnem
2835 2483 3134 2556 impiorum
3162 2489 3412 2545 multitu-

1815 2567 2004 2623 dinem
2027 2569 2218 2639 genuit
2246 2577 2301 2624 et
2336 2569 2614 2625 nutrivit:
2654 2570 2805 2627 lacus
2838 2588 2992 2641 vero,
3040 2591 3201 2648 quem
3246 2577 3412 2635 infer-

1815 2675 1947 2716 num
1976 2675 2257 2727 vocamus,
2287 2658 2412 2714 ideo
2440 2660 2590 2715 lacus
2617 2660 2714 2715 iraa
2743 2662 2841 2716 Dei
2872 2662 3097 2734 dicitur,
3128 2666 3258 2739 quia
3282 2669 3412 2725 vin-

1818 2747 1964 2805 dicta
1993 2748 2087 2803 irae
2113 2748 2213 2803 Dei
2239 2747 2296 2802 in
2326 2763 2391 2802 eo
2416 2748 2909 2805 consummabitur.

1888 2837 2070 2909 (Vers.
2108 2835 2225 2908 20.)
2256 2837 2331 2891 Et
2361 2837 2593 2892 calcatus
2638 2843 2713 2893 est
2753 2839 2897 2896 lacus
2936 2846 3091 2899 extra
3130 2842 3411 2903 civitatem.

1813 2925 1916 2982 Per
1937 2925 2294 2982 calcationem
2326 2924 2726 2983 demersionem
2787 2927 3086 3002 impiorum
3125 2933 3185 2989 in
3232 2933 3414 2992 infer-

1814 3030 1947 3070 num
1998 3030 2288 3087 possumus
2346 3014 2688 3089 intelligere:
2745 3034 2843 3091 per
2893 3019 3175 3080 civitatem
3229 3033 3412 3084 autem

1813 3102 2051 3160 caelestis
2096 3104 2397 3161 Jerusalem
2443 3106 2807 3179 designatur:
2864 3125 2985 3183 quae
3031 3127 3102 3169 ex
3151 3115 3410 3175 omnibus

1735 3225 1779 3285 ϐ
1814 3191 2003 3249 electis
2056 3201 2289 3250 constat.
2344 3194 2519 3251 Extra
2566 3195 2708 3254 hanc
2749 3214 2876 3270 ergo
2926 3199 3207 3259 civitatem
3264 3206 3414 3264 lacus

1814 3285 2116 3343 calcabitur
2139 3306 2154 3355 ;
2186 3286 2316 3360 quia
2338 3304 2371 3344 a
2397 3290 2676 3346 consortio
2694 3291 2970 3363 justorum
2998 3295 3156 3368 impii
3184 3314 3414 3371 separa-

1811 3373 2040 3444 buntur,
2071 3384 2126 3433 et
2151 3377 2211 3433 in
2240 3377 2517 3434 infernum
2549 3378 2932 3451 detrudentur,
2964 3384 3109 3440 sicut
3137 3387 3411 3446 Dominus

1808 3463 1946 3522 dicit
1975 3466 2033 3521 in
2060 3467 2396 3539 Evangelio:
2440 3493 2459 3515 «
2488 3468 2740 3525 Exibunt
2768 3473 2968 3543 angeli,
3001 3482 3056 3531 et
3080 3477 3415 3548 separabunt

1809 3554 1982 3613 malos
2015 3555 2083 3611 de
2113 3555 2294 3611 medio
2315 3556 2616 3629 justorum,
2649 3566 2703 3615 et
2735 3560 2956 3618 mittent
2987 3563 3113 3621 illos
3142 3567 3200 3622 in
3228 3569 3412 3626 cami-

1809 3658 1941 3699 num
1981 3642 2146 3716 ignis.
2180 3644 2263 3700 Ibi
2289 3646 2395 3704 erit
2436 3646 2597 3706 ﬂetus
2641 3656 2698 3705 et
2730 3649 2936 3708 stridor
2985 3652 3236 3714 dentium
3291 3660 3407 3732 (34)

1812 3732 2027 3806 (Matth.
2064 3750 2186 3802 xm,
2214 3734 2330 3807 49).
2363 3760 2381 3783 ι

1889 3832 2036 3890 557
2080 3838 2156 3893 Et
2204 3838 2334 3895 exiit
2375 3839 2590 3912 sanguis
2632 3841 2695 3897 de
2740 3843 2857 3899 lacu
2901 3860 3064 3916 usque
3111 3846 3185 3903 ad
3227 3848 3411 3919 frenos

1811 3940 2063 3994 equorum
2100 3943 2202 3998 per
2238 3929 2414 3985 stadia
2460 3930 2604 3986 mille
2654 3939 2913 3989 sexcmta.
2960 3934 3063 3991 Per
3088 3939 3409 4011 sanguinem

1811 4026 1975 4083 poena
2028 4013 2327 4085 impiorum
2383 4016 2747 4091 designatur:
2813 4037 2908 4093 per
2973 4024 3212 4097 spatium
3278 4043 3410 4086 vero

1811 4100 1965 4157 mille
1993 4111 2377 4162 sexcentarum
2408 4108 2734 4179 stadiorum,
2767 4111 2915 4184 quod
2943 4115 3164 4187 sanguis
3191 4115 3260 4174 de
3287 4119 3411 4177 lacu

1811 4190 2003 4247 exiens
2031 4195 2342 4266 occupavit,
2393 4196 2515 4253 falsi
2561 4197 2863 4255 Christiani
2893 4200 3287 4275 designantur;
3314 4207 3409 4282 qui

1812 4295 2076 4338 numerus
2108 4285 2362 4356 quamvis
2390 4302 2422 4341 a
2451 4286 2803 4359 quaternario
2832 4304 3063 4348 numero
3104 4294 3407 4365 derivetur,

1810 4368 2237 4445 circumquaque
2292 4382 2475 4430 tamen
2522 4376 2776 4432 eumdem
2830 4394 3125 4438 numerum
3184 4401 3408 4443 servans

1810 4460 2083 4531 spargitur
2113 4462 2253 4534 (35),
2293 4463 2536 4535 ﬁnesque
2574 4463 2693 4536 ejus
2723 4465 2953 4524 minime
2991 4471 3275 4528 transiliit.
3309 4474 3407 4529 Si-

1810 4548 2018 4605 militer
2070 4558 2123 4606 et
2172 4552 2295 4609 falsi
2344 4554 2633 4613 christiani
2686 4556 2852 4613 ﬁdem
2905 4557 3135 4628 Christi,
3181 4576 3302 4633 quae
3347 4562 3405 4620 in

1806 4648 2042 4712 quatuor
2090 4641 2246 4699 libris
2286 4644 2574 4717 Evangelii
2627 4645 2901 4716 consistit,
2959 4646 3017 4703 in
3073 4647 3407 4722 baptismate

1808 4729 2117 4802 suscipiunt
2156 4750 2168 4787 :
2229 4732 2323 4788 sed
2378 4740 2583 4789 arctam
2629 4742 2685 4790 et
2728 4742 3016 4805 angustam
3055 4735 3224 4808 viam,
3283 4756 3404 4813 qua

1809 4820 1955 4877 intra
1980 4822 2259 4894 angustias
2288 4822 2622 4897 quaternarii
2650 4822 2868 4878 numeri
2902 4825 3281 4896 concluditur,
3306 4845 3404 4885 re-

1809 4913 2140 4986 linquentes,
2183 4929 2305 4987 quie
2351 4912 2506 4970 ducit
2548 4912 2619 4969 ad
2664 4912 2835 4968 vitam
2882 4913 3095 4986 (Matth.
3136 4932 3238 4986 vn,
3272 4915 3399 4989 lh);

1809 5020 1907 5076 per
1945 5005 2112 5061 latam
2162 5012 2215 5059 et
2259 5002 2552 5075 spatiosam
2606 5002 2775 5075 hujus
2827 5003 3015 5061 saeculi
3064 5004 3233 5075 viam,
3281 5023 3402 5081 qua)

1808 5092 1963 5151 ducit
1990 5093 2059 5149 ad
2089 5100 2343 5158 mortem,
2375 5092 2641 5149 incedunt
2672 5092 2836 5162 (Ibid.
2870 5094 2983 5167 13).
3008 5095 3405 5154 Verumtamen

1808 5180 2208 5257 aquaternario
2235 5198 2465 5238 numero
2497 5197 2608 5239 non
2649 5182 2931 5252 recedunt,
2981 5185 3111 5258 quia
3150 5186 3402 5259 quamvis

1807 5290 1972 5347 opera
2002 5271 2319 5329 christianis
2356 5287 2469 5329 non
2507 5270 2766 5341 habeant,
2798 5288 2998 5329 nomen
3029 5281 3211 5331 tamen
3241 5272 3402 5331 chri-

1808 5364 2104 5422 stianitatis
2132 5379 2243 5421 non
2273 5362 2559 5423 amittunt.
2592 5363 2824 5439 Sanguis
2850 5380 2978 5438 ergo
3005 5364 3074 5421 de
3112 5364 3236 5422 lacu
3270 5363 3401 5420 exi-

1807 5454 1911 5525 vit,
1943 5461 2000 5510 et
2043 5453 2196 5511 mille
2244 5461 2503 5511 sexcenta
2548 5453 2724 5512 stadia
2767 5452 3109 5527 occupavit;
3161 5452 3293 5527 quia
3338 5468 3402 5512 ea

1880 5656 2007 5741 (35)
2050 5656 2253 5715 Omnes
2307 5653 2466 5725 edit.,
2525 5654 2758 5712 eumdem
2815 5668 3095 5710 numerum
3142 5670 3399 5741 spargens

1806 5732 2114 5803 spargitur;
2141 5742 2332 5786 omnes
2361 5744 2464 5785 ms.
2501 5769 2515 5785 .
2551 5769 2565 5785 .
2600 5767 2616 5785 .
2650 5770 2665 5785 .
2700 5769 2714 5784 .
2744 5742 2960 5786 servans
2992 5732 3290 5801 spargitur.
