3964 6386
560 369 669 432 983

1593 369 1692 430 AD
1730 368 1966 430 OPERA
2002 368 2058 427 S.
2088 366 2420 427 AMBROSII
2456 367 2836 428 APPENDIX.

3759 374 3852 433 984

561 517 725 580 poena
749 515 871 576 quae
899 496 1176 560 daemones
1214 505 1271 558 et
1313 514 1504 560 omnes
1545 501 1860 560 incredulos
1903 499 2156 559 absorbe-
2187 502 2242 564 Α
2268 501 2462 560 lorum.
2519 499 2650 570 Quis
2675 517 2784 559 non
2837 500 3033 559 timebit
3059 509 3126 570 te,
3154 501 3398 574 Domine,
3426 509 3479 560 et
3499 502 3852 578 magniﬁeabit

558 601 664 672 bit,
693 600 862 658 etiam
911 599 1078 658 falsos
1114 597 1478 670 Christianos,
1527 599 1624 675 qui
1670 596 1836 658 ﬁdem
1881 599 1991 656 visi
2027 605 2157 656 sunt

560 695 840 768 habuisse,
871 695 968 754 sed
994 711 1160 770 opera
1199 695 1330 752 ﬁdei
1365 712 1477 754 non
1517 695 1848 766 habuerunt,
1891 695 2154 770 illaquea-

559 786 680 846 bit:
727 802 825 860 per
862 802 1030 860 equos
1063 801 1196 842 vero
1240 783 1366 842 falsi
1409 791 1652 858 pastores
1697 783 1956 842 Ecclesiae
1999 783 2156 842 desi-

560 885 820 950 gnantur,
851 875 944 949 qui
971 874 1213 931 olﬁcium
1243 873 1528 946 regiminis
1555 889 1668 930 non
1695 889 1795 946 pro
1820 887 2005 930 amore
2028 873 2151 942 Dei,

560 965 656 1022 sed
685 981 785 1038 pro
813 977 998 1020 amore
1025 959 1214 1019 saeculi
1262 961 1572 1034 suscipiunt
1605 977 1618 1016 :
1663 977 1758 1033 per
1803 961 1986 1018 frenos
2035 959 2154 1034 qui-

559 1056 663 1114 bus
691 1055 819 1129 equi
863 1061 1144 1127 reguntur,
1185 1066 1374 1108 eorum
1414 1050 1550 1106 falsa
1595 1049 1848 1108 doctrina
1893 1049 2156 1124 designa—

559 1155 672 1205 tur.
725 1145 941 1204 Habent
991 1143 1216 1219 quidem
1273 1142 1398 1198 falsi
1444 1149 1688 1214 pastores
1738 1141 2046 1200 doctrinam
2091 1141 2153 1198 in

560 1255 673 1309 ore,
727 1254 797 1296 ne
841 1238 909 1294 ab
953 1237 1136 1295 ofﬁcio
1182 1234 1434 1293 funditus
1481 1234 1650 1292 alieni
1696 1233 2026 1296 videantur:
2058 1235 2154 1292 sed

557 1326 960 1385 Pharisaeorum
1000 1325 1318 1398 exemplum
1361 1332 1671 1396 sequentes,
1714 1322 1908 1381 dicunt
1949 1331 2003 1380 et
2039 1339 2153 1380 non

556 1416 788 1474 faciunt.
847 1415 919 1472 Et
968 1415 1098 1488 quia
1152 1412 1304 1470 aliud
1350 1427 1463 1470 non
1507 1419 1737 1486 possunt
1780 1411 1996 1480 docere,
2045 1411 2153 1469 nisi

557 1507 706 1584 quod
729 1506 1094 1581 Evangelium
1141 1504 1406 1579 loquitur,
1441 1512 1496 1561 et
1531 1504 1590 1560 in
1620 1503 2011 1577 praedicatione
2056 1520 2156 1562 sua

557 1597 892 1655 annuntiant
919 1593 1296 1669 peccatoribus
1327 1608 1464 1666 quas
1490 1609 1677 1666 poenas
1705 1593 2004 1666 patientur,
2043 1593 2152 1650 nisi

557 1687 942 1760 corrigantur;
983 1699 1156 1758 usque
1179 1683 1248 1740 ad
1274 1699 1540 1758 equorum
1569 1683 1755 1740 frenos
1781 1682 2003 1756 sanguis
2033 1697 2151 1756 per-

554 1773 730 1842 venit,
759 1773 890 1846 quia
926 1787 1114 1845 pmnas
1158 1786 1294 1846 quas
1337 1771 1717 1844 peccatoribus
1758 1771 1952 1828 minati
2000 1776 2150 1843 sunt,

2260 609 2446 652 nomen
2473 602 2621 653 tuum
2642 599 2671 655 ?
2704 596 2846 666 Quia
2875 603 2932 654 tu
2953 597 3099 654 solus
3116 597 3243 672 pius
3269 615 3322 656 es
3351 617 3374 666 ;
3401 599 3659 672 quoniam
3686 617 3851 656 omnes

2260 691 2428 756 gentes
2480 685 2706 756 venient,
2735 693 2784 742 et
2835 686 3138 754 adorabunt
3164 687 3222 744 in
3257 693 3530 760 conspectu
3567 695 3680 758 tuo,
3721 705 3852 760 quo-

2260 772 2406 830 niam
2451 772 2664 843 judicia
2716 779 2809 830 tua
2861 773 3147 845 manifesta
3199 781 3340 832 sunt.
3390 775 3704 834 Concordat
3753 777 3851 836 hoc

2260 865 2534 922 canticum
2588 881 2715 922 cum
2765 865 2933 921 veteri
2991 873 3046 922 et
3099 881 3244 922 novo
3297 865 3696 932 Testamento;
3733 883 3849 922 nam

2261 961 2466 1026 septem
2513 954 2926 1012 benedictiones
2965 955 3046 1012 ibi
3081 955 3461 1024 inveniuntur,
3495 973 3620 1030 quin
3649 964 3849 1028 septem

2261 1043 2528 1115 partibus,
2573 1043 2640 1100 de
2668 1043 2868 1117 quibus
2897 1046 3148 1118 superius
3174 1045 3422 1102 diximus
3453 1046 3594 1119 (cap.
3628 1063 3690 1113 v,
3717 1061 3846 1100 vers.

2260 1131 2326 1198 9;
2361 1133 2489 1202 vn),
2539 1133 2784 1206 coaptari
2812 1141 3062 1206 possunt.
3094 1133 3277 1190 Prima
3307 1134 3508 1208 quippe
3538 1133 3848 1191 benedictio

2260 1227 2384 1276 est:
2435 1221 2633 1294 Magna
2675 1227 2723 1278 et
2765 1222 3038 1278 mirabilia
3087 1238 3246 1294 opera
3279 1228 3390 1291 tua,
3438 1223 3666 1278 Domine
3716 1224 3848 1279 Deus

2258 1309 2620 1381 omnipotens;
2665 1326 2786 1384 quas
2827 1311 3010 1384 primo
3041 1311 3277 1384 tempori
3323 1313 3623 1370 convenire
3679 1321 3850 1386 potest

2260 1397 2320 1453 in
2348 1412 2458 1470 quo
2503 1397 2709 1456 factum
2738 1406 2820 1457 est
2847 1400 3047 1458 ccelum
3075 1409 3131 1458 et
3167 1409 3331 1470 terra,
3363 1417 3666 1476 omnesque
3693 1418 3850 1460 crea-

2257 1492 2416 1556 turae,
2447 1503 2568 1560 quae
2596 1488 2756 1546 valde
2779 1497 2909 1547 sunt
2934 1489 3228 1546 mirabilia.
3259 1490 3506 1548 Secunda
3526 1501 3608 1550 est
3643 1508 3657 1548 :
3689 1492 3850 1549 Iusta

2259 1583 2308 1632 et
2348 1592 2487 1632 verae
2529 1576 2650 1632 vitae
2694 1584 2812 1648 tute,
2856 1579 2970 1636 Rea:
3010 1580 3323 1636 saeculorum
3352 1598 3368 1648 ;
3417 1595 3537 1654 quas
3593 1581 3850 1654 congruit

2259 1665 2404 1738 parti
2448 1667 2720 1736 secundae,
2769 1667 2829 1724 in
2859 1684 2968 1742 qua
3011 1684 3202 1726 omnes
3229 1676 3491 1727 creaturae
3518 1686 3644 1744 quas
3675 1669 3852 1726 habe-

2257 1753 2392 1810 bant
2417 1755 2676 1827 spiritum
2693 1755 2845 1823 vitaa,
2869 1755 3178 1830 justissimo
3195 1758 3295 1814 Dei
3321 1757 3558 1830 judicio,
3589 1760 3755 1833 aquis
3773 1758 3849 1816 di-

551 1861 662 1918 nisi
707 1842 1136 1934 corrigerentur,
1173 1842 1284 1934 ipsi
1321 1842 1452 1934 quia
1489 1859 1627 1918 vitia
1653 1875 1752 1918 sua
1779 1858 2026 1918 deserere
2053 1842 2148 1916 no?
2181 1865 2228 1926 B
2259 1842 2652 1934 ljlvﬁdebcm
2701 1851 2849 1934 sunt}
2881 1845 3064 1902 Tertia
3091 1855 3172 1903 θεῖ
3203 1863 3216 1902 ε
3257 1848 3385 1916 Qui8
3411 1864 3517 1903 ηοη
3563 1849 3766 1904 τίθησθα
3789 1857 3847 1916 τε,

551 1954 792 2026 luerunt,
821 1954 1196 2027 experientur.

621 2043 849 2102 CAPUT
876 2043 1000 2102 xv.
1031 2073 1102 2086 —
1142 2040 1325 2116 (νοτε.
1356 2040 1436 2115 1.)
1483 2042 1560 2099 Et
1591 2041 1706 2098 vidi
1743 2041 1898 2098 aliud
1939 2041 2145 2114 signum

551 2133 610 2188 in
631 2133 755 2189 caelo
782 2149 1032 2204 mag-num
1073 2138 1121 2188 et
1157 2130 1421 2200 mirabile,
1451 2133 1662 2204 angelos
1689 2137 1878 2204 septem
1905 2130 2144 2188 habentes

549 2230 737 2295 septem
759 2224 949 2296 plagas
971 2221 1282 2278 novissimas
1301 2239 1324 2288 ,'
1363 2221 1614 2293 quoniam
1648 2221 1707 2278 in
1742 2221 1857 2292 illis
1893 2237 2144 2276 consum-

549 2320 696 2370 mata
717 2319 792 2370 est
811 2313 900 2368 ira
929 2312 1048 2368 Dei.
1080 2310 1234 2369 Sicut
1260 2311 1512 2384 superius
1553 2317 1846 2384 antequam
1894 2309 1964 2366 ad
2003 2325 2142 2364 nar-

550 2403 816 2460 rationem
847 2409 1052 2476 septem
1088 2402 1409 2475 angelorum
1449 2401 1600 2459 tubis
1639 2399 1954 2458 canentium
1986 2397 2137 2455 veni-

548 2503 652 2565 ret,
675 2511 866 2551 eorum
894 2494 1231 2552 mentionem
1270 2494 1448 2552 facere
1503 2493 1762 2562 studuit;
1815 2492 1896 2550 ita
1943 2499 1999 2549 et
2047 2490 2140 2551 hic

547 2595 838 2660 antequam
872 2585 942 2644 ad
968 2594 1174 2660 septem
1211 2585 1528 2658 angelorum
1571 2581 1781 2657 phialas
1817 2581 2135 2638 habentium

545 2677 916 2734 narrationem
954 2677 1162 2744 veniat,
1200 2691 1390 2732 eorum
1421 2673 1757 2732 mentionem
1783 2672 1932 2741 facit,
1963 2680 2026 2728 ut
2054 2671 2136 2727 in-

545 2765 692 2823 dicet
719 2781 917 2838 magna
945 2763 1209 2839 mysteria
1245 2765 1306 2820 in
1337 2779 1526 2820 eorum
1571 2762 1784 2818 visione
1839 2759 2132 2819 contineri.

545 2854 652 2912 Sed
677 2853 745 2912 de
791 2854 862 2912 iis
903 2853 962 2911 in
1001 2851 1354 2929 sequentibus
1402 2852 1550 2927 quod
1588 2850 1859 2910 Dominus
1899 2850 2132 2922 dederit,

545 2943 812 3002 dicemus.

617 3035 800 3107 (Vers.
831 3035 888 3106 2,
919 3035 1001 3108 3.)
1041 3037 1117 3092 Et
1145 3033 1256 3090 vidi
1284 3039 1536 3103 tanquam
1565 3047 1716 3088 mare
1754 3031 1980 3088 vitreum
2022 3031 2136 3087 mi-

541 3131 680 3182 stum
716 3125 848 3198 igni,
880 3131 929 3181 et
962 3141 1048 3182 eos
1095 3123 1191 3196 qui
1230 3121 1468 3178 vicerunt
1513 3121 1729 3178 bestiam
1772 3129 1823 3178 et
1851 3123 2134 3196 imaginem

539 3214 675 3286 ejus,
704 3221 754 3270 et
778 3230 1060 3272 numerum
1087 3211 1318 3268 nominis
1361 3210 1496 3282 ejus,
1543 3217 1738 3269 stantes
1783 3230 1943 3286 super
1987 3231 2136 3270 mare
2171 3227 2212 3286 ί]

538 3306 784 3376 vitreum,
825 3300 1064 3362 habentes
1091 3302 1326 3358 citharas
1353 3301 1474 3372 Dei,
1505 3308 1554 3358 et
1579 3309 1845 3360 cantantes
1873 3303 2133 3360 canticum

537 3393 710 3469 Moysi
749 3393 892 3451 servi
934 3392 1054 3463 Dei,
1095 3397 1144 3448 et
1185 3391 1446 3448 canticum
1493 3393 1636 3466 Agni
1688 3393 1942 3450 dicentes.
1987 3393 2133 3462 Quid

539 3485 811 3560 signiﬁcet
859 3497 1009 3539 mare
1059 3482 1323 3553 vitreum,
1379 3484 1632 3557 superius
1675 3485 1734 3542 in
1780 3484 1994 3541 visione
2049 3501 2130 3540 se-

536 3577 718 3636 cunda
745 3573 990 3632 diximus
1021 3573 1160 3646 (cap.
1192 3591 1274 3642 Iv,
1302 3591 1440 3631 vers.
1471 3575 1529 3647 6)
1557 3593 1568 3631 :
1601 3575 1697 3632 sed
1723 3575 1840 3632 illic
1867 3582 2128 3648 tanquam

535 3665 859 3738 crystallum
899 3679 1015 3720 esse
1057 3663 1280 3733 dicitur,
1329 3664 1425 3724 hic
1463 3672 1645 3721 autem
1685 3666 1912 3722 mistum
1955 3665 2079 3738 igne
2113 3685 2125 3724 :

534 3760 589 3810 et
614 3752 743 3826 quia
769 3753 1068 3826 crystallus
1106 3753 1328 3810 eximiae
1376 3754 1644 3812 claritatis
1689 3761 1790 3822 est,
1839 3754 2130 3829 ignemque

535 3841 604 3898 de
631 3857 688 3898 se
717 3855 844 3898 cum
889 3843 1128 3900 calorem
1168 3843 1302 3900 solis
1343 3844 1632 3918 acceperit,
1674 3845 1812 3902 solet
1856 3845 2124 3914 emittere,

533 3929 780 3989 eamdem
803 3929 1260 4004 signiﬁcationem
1289 3931 1455 3990 habet
1481 3933 1600 3990 illic
1631 3933 1926 4006 crystallus
1963 3950 2126 4008 quam

533 4019 630 4078 hic
666 4019 854 4093 ignis:
911 4020 1225 4094 signiﬁcant
1267 4038 1504 4096 namque
1557 4021 1862 4094 spiritalem
1923 4023 2128 4081 intelli-

533 4109 796 4184 gentiam,
827 4125 948 4184 qum
977 4111 1038 4168 in
1075 4110 1284 4168 divinis
1319 4111 1617 4184 Scripturis
1645 4111 1949 4170 invenitur.
1978 4115 2127 4172 Mare

533 4198 706 4272 igitur
728 4199 968 4256 vitreum
993 4199 1220 4258 mistum
1249 4208 1333 4257 est
1360 4201 1471 4274 igni
1497 4218 1511 4268 ;
1554 4200 1683 4274 quia
1717 4201 1913 4259 divina
1946 4203 2124 4277 Scrip-

529 4295 657 4345 tura
683 4286 848 4346 mista
873 4295 955 4346 est
981 4288 1323 4363 spiritalibus
1352 4289 1744 4349 intellectibus.
1775 4291 1950 4365 Super
1975 4307 2124 4350 mare

529 4375 716 4449 itaque
743 4377 984 4434 vitreum
1015 4379 1079 4449 ii,
1111 4379 1208 4453 qui
1237 4379 1471 4438 bestiam
1509 4380 1786 4448 vicerunt,
1834 4389 1978 4439 stare
2015 4381 2122 4456 visi

527 4473 690 4534 sunt;
723 4465 854 4540 quia
879 4469 1054 4528 sancti
1083 4469 1184 4527 Dei
1213 4470 1309 4544 qui
1337 4477 1532 4528 contra
1572 4469 1982 4528 Antichristum
2024 4485 2121 4544 pu-

2253 1931 2476 1988 Domi-ne
2503 1933 2532 1989 7
2563 1948 2684 2006 quae
2713 1933 2890 1991 tertiae
2920 1935 3086 2007 parti,
3119 1935 3188 1990 iis
3227 1934 3486 1993 videlicet
3512 1935 3725 2010 quibus
3763 1937 3850 1994 lex

2251 2019 2378 2076 data
2422 2028 2524 2091 est,
2563 2023 2840 2096 congruit,
2884 2024 2982 2098 qui
3015 2025 3214 2082 timore
3242 2025 3426 2097 potius
3467 2042 3632 2099 quam
3663 2045 3850 2085 amore

2251 2110 2384 2184 legis
2411 2112 2668 2171 mandata
2719 2113 3066 2172 exercebant.
3126 2115 3328 2185 Quarta
3359 2125 3440 2174 est
3474 2133 3486 2172 :
3517 2119 3594 2174 Et
3625 2120 3848 2190 magni-

2249 2201 2426 2273 ﬁcabit
2481 2219 2667 2259 nomen
2716 2211 2908 2273 tuum;
2979 2220 3143 2278 quam
3207 2205 3488 2280 prophetis
3547 2210 3848 2267 convenire

2249 2289 2602 2348 manifestum
2627 2301 2728 2363 est,
2770 2293 2865 2367 qui
2893 2309 3097 2350 nomen
3124 2294 3227 2350 Dei
3275 2302 3329 2350 et
3358 2295 3848 2368 praedicationibus

2247 2385 2302 2434 et
2340 2379 2560 2452 scriptis
2602 2380 3111 2454 magniﬁcaverunt.
3163 2381 3371 2448 Quinta
3410 2393 3532 2442 est:
3592 2387 3743 2455 Quia
3797 2395 3848 2444 tu

2246 2467 2390 2523 solus
2419 2469 2548 2540 pius
2574 2485 2626 2525 es
2656 2486 2671 2537 ;
2702 2469 2764 2526 in
2794 2469 2988 2542 quinta
3001 2479 3154 2543 parte
3181 2473 3483 2530 adventum
3513 2475 3735 2534 Christi
3762 2495 3848 2552 po-

2245 2557 2476 2626 suimus,
2506 2557 2568 2614 in
2617 2574 2724 2631 qua
2749 2559 3019 2616 Dominus
3047 2569 3252 2633 noster,
3285 2565 3379 2637 qui
3405 2564 3556 2620 solus
3585 2566 3726 2638 pius
3750 2576 3846 2636 est,

2244 2653 2299 2703 et
2345 2645 2513 2702 homo
2559 2645 2681 2703 ﬁeri
2725 2663 2825 2720 pro
2877 2648 3053 2706 salute
3100 2651 3310 2723 generis
3364 2650 3612 2723 humani,
3647 2663 3712 2712 et
3740 2656 3848 2728 pati

2243 2741 2298 2790 et
2346 2736 2490 2793 mori
2536 2736 2791 2810 dignatus
2843 2746 2941 2794 est.
2989 2738 3154 2797 Sexta
3191 2747 3316 2798 est:
3372 2743 3642 2809 Quoniam
3671 2763 3846 2801 omnes

2239 2829 2407 2896 gentes
2447 2825 2670 2896 venient,
2717 2833 2767 2883 et
2794 2826 3099 2884 adorabunt
3132 2828 3189 2884 in
3236 2837 3506 2902 conspectu
3553 2837 3642 2888 tuo
3670 2851 3688 2902 ;
3729 2851 3848 2890 ma-

2242 2913 2502 2971 nifestum
2548 2923 2629 2972 est
2653 2925 2777 2989 post
2821 2917 3196 2976 ascensionem
3227 2919 3454 2976 Domini
3483 2937 3682 2979 omnes
3719 2941 3846 2998 gen-

2241 3011 2323 3061 tes
2349 3003 2417 3060 ad
2443 3003 2609 3061 ﬁdem
2638 3005 2853 3064 venisse
2883 3006 3111 3080 Christi,
3144 3025 3278 3082 quas
3304 3009 3364 3065 in
3393 3018 3549 3068 sexto
3579 3012 3712 3070 loco
3745 3031 3845 3088 po-

2241 3091 2472 3149 suimus.
2501 3093 2744 3164 Septima
2771 3101 2889 3151 est:
2925 3095 3185 3163 Quoniam
3192 3095 3402 3165 judicia
3435 3102 3523 3153 tua
3550 3098 3847 3170 manifesta

2241 3187 2364 3236 sunt
2392 3199 2406 3250 ;
2439 3197 2604 3254 quam
2633 3181 2702 3239 ad
2749 3182 2892 3239 diem
2922 3182 3124 3256 judicii
3174 3185 3447 3256 pertinere
3475 3187 3843 3244 manifestum

2241 3277 2342 3340 est,
2370 3270 2429 3326 in
2459 3287 2566 3344 quo
2590 3270 2805 3344 judicia
2831 3271 2932 3328 Dei
2956 3271 3106 3345 jnsta
3123 3280 3178 3330 et
3204 3289 3334 3330 vera
3366 3292 3480 3332 esse
3504 3277 3846 3335 manifesta-

2239 3359 2464 3418 buntur.
2495 3361 2546 3417 A
2567 3361 2728 3434 cujus
2736 3360 2939 3434 judicii
2960 3363 3313 3420 damnatione
3331 3380 3433 3422 nos
3451 3365 3845 3424 misericordia

2239 3459 2294 3508 et
2327 3451 2500 3522 pietas
2524 3451 2749 3508 Domini
2776 3460 2830 3509 et
2857 3452 3219 3527 redemptoris
3247 3455 3424 3511 nostri
3455 3455 3586 3512 Jesu
3618 3455 3842 3515 Christi

2240 3540 2470 3597 liberare
2517 3541 2774 3614 dignetur
2815 3541 2954 3615 (37),
3005 3543 3100 3616 qui
3147 3560 3274 3601 cum
3329 3545 3487 3602 Patre
3533 3553 3588 3601 et
3616 3544 3843 3619 Spiritu

2237 3639 2426 3690 sancto
2453 3633 2596 3690 vivit
2621 3640 2674 3690 et
2701 3641 2890 3708 regnat
2913 3636 3058 3693 Deus
3094 3651 3192 3709 per
3221 3635 3408 3694 omnia
3433 3637 3634 3696 saecula
3664 3653 3841 3697 saecu-

2239 3721 2440 3793 lorum,
2467 3738 2648 3781 amen.

2668 3886 2765 3944 DE
2794 3885 3078 3947 VISIONE
3107 3885 3389 3956 QUINTA.

2306 4018 2463 4076 Visio
2509 4019 2724 4094 quinta,
2767 4020 2836 4077 ad
2877 4019 3034 4093 cujus
3063 4035 3254 4077 sensus
3301 4019 3684 4094 elucidandos,
3732 4027 3838 4085 Do-

2235 4107 2386 4166 mino
2408 4109 2658 4182 juvante,
2679 4109 3050 4182 pervenimus,
3081 4125 3152 4166 ex
3175 4109 3419 4166 maxima
3446 4118 3600 4183 parte
3616 4114 3834 4174 visioni

2231 4199 2500 4270 superiori
2538 4198 2852 4268 concordat,
2916 4199 2986 4256 de
3021 4198 3180 4272 cujus
3233 4201 3604 4274 intelligentia
3651 4221 3834 4280 usque

2231 4287 2394 4345 modo
2423 4287 2569 4362 quod
2596 4288 2822 4346 Domini
2863 4289 3036 4362 gratia
3072 4288 3262 4362 largiri
3295 4289 3519 4364 dignata
3536 4301 3642 4363 est,
3683 4295 3832 4354 dixi-

2231 4393 2353 4435 mus
2385 4377 2404 4450 (
2432 4378 2522 4436 Ad
2545 4396 2662 4452 cap.
2693 4395 2819 4448 vm,
2858 4396 2996 4438 vers.
3022 4379 3102 4452 2).
3126 4379 3264 4436 Nam
3292 4379 3437 4439 sicut
3464 4381 3585 4439 illic
3611 4394 3831 4456 septem

2227 4469 2406 4539 angeli
2434 4467 2546 4526 visi
2596 4475 2745 4538 sunt,
2793 4468 2994 4544 quibus
3021 4468 3161 4526 datas
3204 4477 3334 4528 sunt
3375 4480 3582 4544 septem
3624 4472 3782 4531 tubae
3813 4492 3828 4532 :

529 4555 748 4629 gnaturi
777 4565 928 4628 sunt,
954 4557 1013 4614 in
1037 4559 1322 4634 praeceptis
1351 4559 1666 4618 divinarum
1710 4559 2117 4632 Scripturarum
2147 4585 2198 4644 Ι)
2235 4554 2314 4616 ita
2340 4565 2395 4614 et
2430 4557 2525 4616 hic
2551 4566 2758 4632 septem
2785 4559 2994 4631 angelis
3015 4567 3221 4632 septem
3251 4559 3451 4633 phialae
3478 4561 3618 4618 datae
3650 4563 3828 4620 fuisse

528 4663 744 4720 gressus
770 4648 960 4724 ﬁgant,
1005 4651 1268 4725 nullaque
1301 4651 1635 4726 impulsione
1667 4659 1960 4709 ventorum
2005 4653 2124 4730 (36)

525 4753 560 4794 a
585 4755 684 4797 sua
709 4739 818 4796 ﬁde
848 4741 1058 4798 moveri
1104 4749 1384 4815 poterunt.
1423 4743 1526 4800 Per
1559 4741 1798 4801 citharas
1825 4758 1958 4800 vero
1989 4758 2126 4816 quas

526 4825 821 4898 habebant,
853 4830 1208 4889 mortiﬁcatio
1236 4833 1418 4890 carnis
1447 4832 1766 4906 designatur
1798 4849 1810 4888 :
1843 4833 2122 4892 canticum

524 4923 708 4975 autem
736 4918 936 4992 Moysi,
963 4929 1121 4979 vetus
1153 4921 1562 4980 Testamentum
1595 4939 1608 4978 :
1653 4920 1932 4980 canticum
1971 4923 2119 4996 Agni

525 5025 735 5091 novum
759 5011 1117 5070 demonstrat.
1160 5013 1450 5073 Canticum
1477 5030 1606 5088 ergo
1633 5013 1814 5087 Moysi
1853 5020 1910 5070 et
1949 5016 2122 5074 canti-

523 5114 652 5156 cum
679 5099 826 5173 Agni
851 5101 1178 5170 cantabant;
1231 5103 1362 5176 quia
1389 5111 1628 5160 etvetus
1673 5109 1728 5161 et
1771 5119 1980 5162 novum
2026 5105 2122 5162 Te-

522 5195 857 5246 stamentum
872 5189 1046 5249 sancti
1065 5189 1461 5266 praedicabunt.
1480 5192 1640 5262 Quod
1659 5194 1937 5253 canticum
1961 5196 2119 5270 quale

521 5277 618 5348 sit,
651 5277 962 5338 audiamus.

593 5366 778 5439 (Vers.
805 5368 922 5442 14.)
947 5370 1146 5443 Magna
1173 5376 1225 5427 et
1243 5370 1521 5429 mirabilia
1547 5387 1710 5446 opera
1742 5378 1857 5445 tua,
1898 5372 2120 5432 Domine

521 5464 662 5522 Deus
685 5467 1007 5540 omnipotens
1039 5485 1056 5524 :
1081 5468 1243 5540 justo:
1267 5475 1318 5526 et
1351 5485 1488 5528 verte
1513 5470 1614 5529 vim
1651 5476 1772 5530 tuae.
1811 5473 1928 5531 Rea:
1961 5489 2118 5530 scaeu-

592 5676 709 5757 (36)
744 5677 918 5748 Edit.,
946 5681 1198 5754 nullaque
1224 5683 1538 5757 impulsione
1572 5685 1866 5754 vitiorum;
1905 5703 2006 5744 ms.
2043 5727 2056 5744 .
2091 5731 2104 5744 .

519 5753 809 5805 ventorum.
1109 5753 1123 5754 “⁷
1294 5753 1313 5757 “
1753 5778 1758 5783 ·

2236 4655 2608 4706 memorantur
2635 4665 2648 4704 ξ
2697 4657 2752 4704 et
2780 4649 2924 4706 sicut
2951 4649 3011 4705 in
3057 4657 3223 4706 cantu
3255 4649 3398 4708 tubae
3435 4651 3604 4724 primi
3633 4654 3825 4726 angeli

2233 4738 2437 4812 grando
2465 4753 2662 4811 magna
2703 4743 2905 4794 terram
2934 4737 3236 4810 percussit;
3277 4738 3356 4794 ita
3383 4745 3437 4796 et
3465 4739 3524 4794 in
3553 4740 3826 4800 eﬂ‘usione

2231 4827 2429 4900 phialae
2453 4828 2621 4900 primi
2651 4827 2830 4900 angeli
2861 4827 3131 4896 homines,
3183 4827 3280 4900 qui
3323 4845 3420 4901 per
3445 4837 3648 4886 terram
3680 4849 3825 4904 saepe

2231 4915 2608 4989 designantur,
2647 4915 2899 4989 pessimis
2937 4915 3262 4974 vulneribus
3300 4919 3543 4990 percussi
3591 4937 3711 4978 esse
3741 4923 3822 4980 di-

2229 5014 2431 5065 cuntur
2453 5025 2474 5065 -:
2535 5012 2681 5072 558
2733 5014 2789 5063 et
2842 5005 3303 5080 quemadmodum
3359 5007 3418 5063 in
3463 5017 3631 5066 cantu
3671 5013 3821 5070 tubae

2229 5105 2456 5164 secundi
2482 5105 2662 5178 angeli
2688 5104 2852 5162 tertia
2874 5120 2996 5176 pars
3029 5103 3196 5161 maris
3220 5103 3280 5160 in
3306 5105 3632 5178 sanguinem
3661 5124 3820 5166 versa

2228 5203 2329 5267 est,
2359 5197 2616 5254 similiter
2655 5203 2711 5252 et
2758 5195 2816 5251 in
2842 5194 3108 5252 effusione
3137 5193 3338 5266 phialae
3367 5196 3595 5253 secundi
3633 5199 3820 5272 angeli

2227 5292 2405 5343 totum
2435 5301 2584 5344 mare
2599 5285 2661 5343 in
2684 5283 3006 5358 sanguinem
3026 5299 3246 5340 versum
3261 5283 3430 5342 fuisse
3457 5284 3813 5344 describitur.

2227 5376 2498 5437 Eumdem
2525 5391 2745 5434 sensum
2783 5381 3088 5449 sequuntur
3113 5381 3167 5431 et
3191 5375 3416 5432 caeteri:
3449 5377 3545 5434 sed
3573 5377 3817 5450 qualiter

2226 5466 2317 5524 isti
2358 5485 2484 5525 cum
2529 5465 2905 5541 superioribus
2963 5465 3319 5536 concordent,
3368 5466 3428 5524 in
3455 5469 3816 5541 sequentibus

2294 5684 2412 5758 (37)
2437 5683 2622 5766 Codex
2663 5683 2818 5740 Gem.
2827 5725 2844 5754 ,
2873 5682 3134 5756 dignetur,
3162 5682 3250 5741 cui
3272 5689 3348 5740 est
3369 5685 3538 5742 honor
3565 5691 3614 5743 et
3637 5689 3810 5760 gloria

2215 5773 2316 5829 per
2344 5762 2542 5824 omnia,
2576 5762 2680 5813 etc.
