3964 6366
217 384 325 442 985

1110 383 1568 442 BERENGAUDI
1606 376 1980 441 EXPOSITIO
2019 384 2089 442 IN
2126 383 2630 443 APOCALYPSIN.

3412 384 3517 443 986

219 506 465 564 dicemus
498 507 638 580 (38).
672 506 936 563 Eamdem
972 522 1100 580 ergo
1130 507 1584 581 signiﬁcationem
1609 506 1815 563 habent
1843 510 1893 569 A
1922 507 2329 580 praedicandum
2361 508 2744 564 descendunt?
2772 508 2876 564 Sed
2906 509 3083 565 sancti
3129 508 3515 582 pradicatores

221 595 315 653 isti
346 612 511 669 quam
551 606 606 653 et
652 596 771 664 illi;
822 596 1136 670 signiﬁcant
1185 598 1386 672 quippe
1435 596 1818 671 pradicatores

220 686 316 760 qui
348 686 573 741 fuerunt
601 685 669 741 ab
700 686 882 755 initio,
913 695 968 743 et
994 696 1157 744 erunt
1187 704 1359 761 usque
1403 687 1470 743 ad
1493 687 1679 743 ﬁnem.
1713 686 1817 743 Sed

220 774 343 831 ideo
374 774 457 830 bis
488 783 788 847 ponuntur,
836 776 964 849 quia
1020 776 1162 833 sicut
1192 776 1442 850 superius
1470 777 1820 832 demonstra-

219 864 423 932 vimus,
449 880 512 919 ea
537 880 655 937 qua
678 864 780 920 sub
806 872 972 921 cantu
992 866 1137 922 tuba
1159 866 1323 939 primi
1348 865 1548 936 angeli,
1568 863 1813 933 secundi,

220 952 394 1021 tertii,
436 961 599 1025 atque
629 954 811 1025 quarti
858 962 1007 1026 gesta
1046 954 1216 1010 fuisse
1252 955 1371 1010 visa
1406 961 1555 1021 sunt,
1589 954 1652 1009 ad
1700 953 1820 1008 ele—

220 1053 338 1102 ctos
366 1045 663 1117 pertinent.
701 1046 869 1101 Porro
928 1061 1046 1118 qua
1091 1045 1192 1101 sub
1242 1054 1408 1103 cantu
1437 1045 1581 1101 tuba
1616 1043 1818 1116 quinti,

221 1134 386 1201 sexti,
420 1141 583 1206 atque
622 1133 841 1207 septimi
871 1133 1050 1205 angeli
1082 1134 1225 1190 facta
1266 1135 1435 1189 fuisse
1484 1134 1816 1200 referuntur,

220 1222 426 1295 quibus
455 1229 509 1277 et
539 1221 642 1277 tria
670 1239 752 1277 va
800 1221 1232 1293 conjunguntur,
1292 1222 1350 1277 in
1390 1220 1589 1294 quibus
1630 1236 1822 1293 perse-

219 1312 469 1368 cutiones
516 1312 797 1379 Ecclesia,
851 1328 987 1385 quas
1016 1311 1085 1366 ab
1135 1311 1407 1368 hareticis
1444 1320 1496 1367 et
1524 1327 1555 1366 a
1599 1310 1822 1383 paganis

220 1415 376 1473 passa
397 1409 498 1470 est,
530 1408 585 1456 et
627 1400 695 1456 ab
724 1399 1070 1456 Antichristo
1097 1400 1155 1454 in
1197 1400 1306 1455 ﬁne
1354 1399 1548 1455 mundi
1596 1413 1823 1471 passura

220 1497 321 1558 est,
378 1488 791 1555 describuntur,
843 1504 913 1544 ex
960 1504 1071 1544 una
1104 1498 1256 1562 parte
1301 1488 1370 1544 ad
1420 1487 1700 1560 reprobos,
1751 1502 1821 1542 ex

220 1577 486 1633 alteraad
537 1578 738 1634 electos
795 1577 1118 1649 pertinent;
1171 1577 1301 1651 quia
1352 1577 1511 1649 impii
1557 1593 1626 1632 ex
1676 1578 1820 1632 malo

221 1665 368 1739 quod
399 1664 506 1738 piis
534 1665 813 1739 ingerunt,
864 1682 1079 1738 poenam
1114 1674 1467 1738 perpetuam:
1515 1666 1653 1738 justi
1688 1682 1821 1722 vero

218 1770 290 1809 ex
319 1755 463 1810 malo
504 1756 651 1828 quod
682 1753 986 1827 perferunt,
1020 1755 1248 1827 gloriam
1293 1754 1682 1827 sempiternam
1713 1755 1818 1811 sibi

1925 598 2080 672 quasi
2109 599 2175 654 de
2203 599 2409 655 cmlcsti
2440 599 2614 671 patria
2644 608 2867 669 exeunt,
2898 617 3023 656 cum
3054 600 3122 656 ab
3162 601 3260 657 illo
3288 601 3515 656 mittun-

1925 696 2037 756 tur,
2067 688 2162 760 qui
2212 696 2291 743 est
2330 689 2501 760 gloria
2531 697 2865 756 sanctorum,
2907 696 2960 743 et
3004 706 3035 744 a
3063 706 3172 762 quo
3202 689 3382 745 omnis
3408 688 3518 744 do-

1926 776 2102 832 ctrina
2130 792 2317 832 eorum
2349 778 2610 849 procedit.
2648 778 2752 845 Qui
2785 786 2987 849 septem
3038 779 3219 849 plagas
3265 778 3518 834 habuisse

1926 864 2223 921 dicuntur:
2275 876 2328 922 et
2358 868 2607 939 superius
2648 876 2851 940 septem
2888 869 3071 941 plagas
3100 869 3353 925 habuisse
3383 868 3517 925 dicti

1927 964 2075 1025 sunt,
2109 973 2172 1013 eo
2207 958 2353 1031 quod
2401 958 2458 1013 in
2505 958 2618 1013 illis
2654 966 3032 1015 consummata
3072 959 3144 1015 sit
3185 959 3266 1015 ira
3296 958 3414 1014 Dei.
3461 957 3517 1014 Si

1928 1054 2130 1116 septem
2176 1047 2358 1117 plagas
2404 1046 2700 1103 iracundia
2742 1048 2839 1103 Dei
2880 1047 3212 1115 habuerunt,
3245 1046 3519 1121 quomodo

1928 1135 2100 1190 sancti
2131 1134 2263 1191 facti
2292 1135 2514 1191 fuerunt
2544 1137 2572 1192 ‘l
2600 1137 2703 1193 Sed
2734 1136 3047 1192 habuerunt
3076 1136 3251 1192 sancti
3278 1135 3377 1191 Dei
3407 1136 3518 1206 pla-

1929 1238 2019 1293 gas
2072 1231 2275 1296 septem
2323 1224 2379 1279 in
2412 1232 2753 1295 potestatem,
2805 1240 2917 1279 non
2964 1224 3023 1279 in
3069 1240 3283 1296 pmnam
3328 1239 3514 1292 suam;

1928 1311 2199 1367 Dominus
2228 1329 2462 1385 namque
2500 1313 2637 1369 dicit
2680 1314 2737 1368 in
2767 1312 3102 1384 Evangelio:
3147 1336 3166 1359 ι
3195 1313 3256 1367 In
3287 1326 3519 1383 regene-

1929 1400 2140 1455 ratione
2184 1416 2311 1457 cum
2352 1401 2551 1457 sederit
2580 1400 2756 1457 Filius
2793 1401 3038 1457 hominis
3072 1400 3129 1455 in
3162 1399 3284 1455 sede
3315 1398 3521 1470 majes—

1932 1490 2057 1545 tatis
2085 1506 2215 1559 sua,
2266 1490 2524 1545 sedebitis
2572 1498 2626 1546 et
2652 1507 2752 1546 vos
2799 1507 2961 1562 super
3009 1490 3162 1546 sedes
3205 1488 3518 1557 duodecim,

1922 1577 2235 1651 judicantes
2291 1578 2581 1634 duodecim
2653 1578 2830 1635 tribus
2890 1580 3054 1634 Israel
3127 1580 3339 1652 (Matth.
3397 1594 3517 1648 xrx,

1929 1667 2043 1739 28).
2078 1692 2097 1717 ι
2156 1667 2258 1723 Per
2290 1676 2494 1741 septem
2523 1675 2704 1724 autem
2749 1668 2933 1741 plagas
2961 1674 3164 1739 septem
3194 1666 3331 1722 vitia
3357 1666 3522 1739 prin-

1928 1756 2144 1828 cipalia,
2190 1774 2259 1812 ex
2290 1758 2489 1829 quibus
2520 1758 2706 1812 omnia
2752 1757 2894 1812 mala
2930 1755 3203 1824 oriuntur,
3237 1756 3520 1828 designan-

219 1843 533 1916 acquirunt.
565 1842 762 1900 Omnia
792 1844 977 1916 itaque
1008 1860 1128 1917 quae
1168 1844 1270 1900 sub
1306 1845 1574 1900 eﬁ‘usione
1596 1844 1821 1917 phiala-
1849 1873 1897 1933 Β
1928 1856 2036 1904 tur.
2090 1848 2308 1921 Septem
2358 1848 2527 1921 igitur
2574 1848 2757 1921 plagas
2793 1854 2998 1919 septem
3038 1846 3216 1918 angeli
3266 1844 3522 1901 habuisse

219 1955 344 1995 rum
394 1948 599 2012 septem
651 1940 969 2011 angelorum
1000 1940 1414 2009 describuntur,
1449 1941 1518 1997 ad
1564 1940 1821 2013 reprobos

218 2026 538 2097 pertinent;
571 2028 717 2084 unde
746 2036 800 2084 et
847 2028 1016 2101 primi
1072 2030 1244 2096 tubis,
1296 2030 1495 2103 quibus
1547 2031 1822 2086 exercitus

219 2116 320 2172 Dei
351 2116 420 2173 ad
451 2133 689 2190 pugnam
732 2119 1153 2191 provocabatur,
1202 2119 1469 2176 cecinisse
1524 2120 1816 2176 dicuntur:

218 2212 509 2278 sequentes
531 2214 713 2263 autem
757 2207 967 2279 phialas
1003 2209 1190 2281 plenas
1236 2206 1534 2264 iracundiae
1580 2208 1680 2264 Dei
1717 2224 1823 2264 su-

221 2312 320 2370 per
350 2298 549 2369 impios
577 2298 834 2355 effudisse
864 2300 1200 2355 referuntur.

294 2388 474 2460 (Vers.
503 2388 585 2461 5.)
619 2390 746 2444 Post
773 2390 878 2443 lucc
905 2390 1037 2458 vidi,
1093 2396 1140 2445 et
1177 2406 1283 2445 ecce
1312 2394 1555 2461 apertum
1582 2395 1657 2444 est
1685 2393 1822 2444 tem-

212 2478 366 2551 plum
424 2478 750 2533 tabernaculi
808 2478 1087 2533 testimonii
1159 2479 1218 2533 in
1270 2479 1414 2537 caelo.
1486 2479 1550 2534 In
1625 2479 1821 2535 Exodo

217 2565 486 2638 scriptum
517 2573 599 2622 est
640 2565 787 2639 quod
833 2566 1026 2623 fecerit
1070 2567 1284 2640 Moyses
1311 2567 1730 2625 tabernaculum
1762 2568 1821 2623 in

218 2654 481 2713 deserto:
526 2664 713 2728 postea
759 2672 891 2712 vero
920 2672 952 2712 a
1009 2656 1301 2712 Salomone
1351 2656 1465 2728 jam
1514 2658 1716 2729 populo
1763 2657 1822 2712 in

219 2751 372 2801 terra
414 2744 861 2817 repromissionis
905 2744 1152 2816 degente,
1186 2745 1457 2816 templum
1490 2744 1819 2801 adiﬁcatum

216 2841 322 2891 est.
353 2834 455 2889 Per
491 2834 770 2890 desertum
801 2833 971 2904 igitur
997 2834 1104 2889 hoc
1150 2833 1452 2890 saculum:
1487 2851 1585 2906 per
1621 2835 1817 2891 taber-

219 2924 483 2981 naculum
514 2922 661 2997 quod
689 2923 756 2979 de
787 2923 907 2980 loco
954 2924 1023 2980 ad
1054 2924 1238 2979 locum
1270 2923 1620 2993 transfertur,
1672 2940 1819 2996 pra-

218 3031 345 3072 sens
382 3013 632 3072 Ecclesia
649 3013 989 3087 designatur,
1018 3031 1140 3088 qua
1168 3014 1235 3071 de
1274 3014 1489 3072 deserto
1519 3014 1685 3088 hujus
1710 3033 1821 3072 sae-

213 3106 331 3166 culi
352 3106 598 3180 quotidie
616 3106 683 3162 ad
714 3106 988 3163 coalestem
1015 3106 1417 3164 beatitudinem
1445 3105 1670 3177 transit,
1692 3124 1818 3181 per-

1931 1942 2036 1999 visi
2065 1953 2232 2012 sunt;
2282 1943 2411 2016 quia
2453 1941 2833 2015 pradicatores
2865 1941 3038 1999 sancti
3085 1941 3143 1996 in
3191 1939 3279 1995 die
3321 1936 3519 2011 judicii

1932 2040 2136 2104 septem
2169 2031 2308 2087 vitia
2355 2032 2703 2105 principalia,
2750 2032 2807 2087 id
2851 2039 2952 2101 est,
2996 2046 3185 2086 omnes
3214 2036 3524 2099 operatores

1931 2121 2202 2175 malorum
2233 2120 2309 2175 ita
2339 2120 2396 2175 in
2427 2128 2692 2192 potestate
2723 2118 3021 2186 habebunt,
3057 2126 3119 2173 ut
3148 2133 3336 2172 eorum
3361 2114 3518 2187 judi—

1930 2209 2019 2264 cio
2050 2215 2309 2281 perpetua
2338 2224 2496 2281 pana
2523 2208 2851 2279 plectantur.
2882 2208 3273 2269 Consummata
3292 2211 3371 2261 est
3392 2220 3522 2260 vero

1930 2296 1988 2352 in
2019 2296 2224 2355 sanctis
2264 2296 2714 2369 pradicatoribus
2756 2297 2837 2353 ira
2863 2297 2984 2363 Dei,
3012 2295 3069 2351 id
3100 2304 3201 2364 est,
3234 2311 3331 2368 per
3358 2294 3520 2361 illos;

1929 2387 2057 2459 quia
2084 2402 2273 2442 eorum
2321 2386 2535 2458 judicio
2587 2386 2668 2442 ira
2713 2386 2812 2443 Dei
2851 2385 3181 2459 perﬁcietur.
3231 2384 3524 2439 Possumus

1931 2483 2140 2548 septem
2199 2476 2384 2548 plagas
2441 2476 2602 2531 aliter
2660 2475 2985 2546 intelligere.
3050 2472 3309 2544 Superius
3363 2487 3524 2527 omne

1929 2580 2128 2636 corpus
2181 2564 2477 2636 impiorum
2525 2564 2585 2619 in
2614 2573 2818 2635 septem
2850 2570 3029 2635 partes
3056 2561 3348 2617 divisimus
3380 2560 3519 2631 (cap.

1930 2671 1970 2721 ι,
2000 2670 2135 2709 vers.
2166 2654 2255 2725 il)
2284 2672 2296 2709 :
2345 2661 2549 2725 septem
2589 2669 2716 2723 ergo
2753 2654 2922 2723 plagae
2972 2660 3101 2707 sunt
3128 2658 3368 2720 peccata,
3403 2666 3523 2722 qua

1931 2742 2233 2816 unicuique
2287 2742 2428 2814 parti
2480 2741 2662 2811 aptius
2714 2739 3100 2806 conveniunt;
3159 2739 3319 2795 aliter
3374 2738 3520 2794 enim

1924 2831 2323 2904 judicabuntur
2363 2831 2403 2886 ii
2451 2830 2546 2903 qui
2583 2838 2709 2885 ante
2746 2828 3021 2884 diluvium
3050 2829 3295 2897 fuerunt,
3338 2846 3521 2901 popu-

1930 2920 2158 2992 lumque
2223 2920 2322 2977 Dei
2371 2918 2761 2991 conjunctione
2811 2918 3139 2974 feminarum
3192 2919 3523 2990 deceperunt

1931 3010 2177 3082 (Gen.vr,
2201 3010 2279 3083 2):
2307 3009 2465 3065 aliter
2494 3008 2535 3065 ii
2564 3009 2658 3082 qui
2682 3014 2808 3080 post
2836 3007 3110 3064 diluvium
3129 3007 3517 3076 idololatriam,

1927 3100 2285 3174 diversosque
2314 3112 2524 3156 errores
2552 3098 2904 3166 invenerunt,
2938 3113 3032 3170 per
3060 3114 3180 3170 qua
3210 3112 3378 3170 genus
3406 3095 3523 3152 hu-

218 3198 409 3271 gitque
444 3197 512 3254 de
536 3197 743 3254 virtute
771 3197 831 3253 in
865 3198 1149 3268 virtutem,
1181 3206 1243 3255 ut
1275 3198 1457 3255 videat
1475 3201 1648 3255 Deum
1679 3200 1821 3257 deo-
1853 3231 1895 3292 ο
1929 3208 2153 3249 manum
2172 3192 2473 3292 ‘deceptum
2502 3196 2583 3246 est
2610 3208 2620 3247 :
2645 3188 2864 3292 aliter‘ii
2884 3188 2978 3261 qui
3002 3187 3104 3245 sub
3128 3190 3250 3292 lege
3275 3188 3521 3292 fuerat”:

216 3303 343 3343 rum
364 3288 423 3343 in
438 3287 569 3345 Sion
590 3288 763 3360 (Psal.
783 3305 1019 3359 Lxxxm,
1038 3290 1118 3361 8).
1137 3290 1293 3347 Unde
1320 3299 1373 3347 et
1392 3290 1617 3347 cortina
1646 3290 1821 3347 taber-

218 3377 431 3447 naculi,
451 3395 571 3453 qua
586 3378 822 3435 diversis
840 3378 1117 3437 coloribus
1132 3379 1363 3452 depicta
1386 3387 1562 3450 erant,
1586 3380 1823 3452 pellibus

217 3470 545 3543 tegebantur
572 3478 626 3527 et
655 3471 855 3529 ciliciis
881 3492 895 3543 ;
943 3479 1006 3529 ut
1040 3472 1483 3529 demonstrarent
1515 3471 1825 3530 mortiﬁca-

216 3559 431 3618 tionem
486 3559 667 3618 carnis
707 3568 869 3635 atque
921 3561 1293 3619 humilitatem
1348 3562 1659 3620 custodiam
1708 3579 1823 3620 esse

218 3654 517 3711 virtutum.
550 3652 697 3721 Quid
726 3662 910 3711 autem
955 3670 1055 3727 per
1103 3662 1303 3713 terram
1358 3654 1819 3728 repromissionis,

217 3746 333 3804 nisi
381 3744 618 3803 caelestis
665 3745 846 3819 patria
895 3745 1233 3820 designatur,
1289 3764 1451 3821 quam
1510 3750 1825 3822 repromisit

206 3838 369 3895 Deus
398 3835 758 3909 diligentibus
786 3854 842 3893 se
871 3838 1007 3910 (Jac.
1043 3856 1081 3906 ι,
1111 3838 1203 3909 42)
1237 3839 1265 3895 ‘l
1293 3839 1365 3895 Et
1388 3839 1522 3913 quid
1550 3857 1646 3913 per
1674 3848 1826 3897 tem-

218 3925 399 3999 plum,
431 3925 581 3999 quod
637 3943 707 3982 ex
759 3926 982 3999 optimis
1028 3926 1308 4000 lapidibus
1334 3929 1664 3988 aediﬁcatum
1693 3931 1820 4001 fuit,

214 4015 519 4088 ﬁguratur,
557 4015 668 4073 nisi
698 4018 937 4073 caelestis
991 4018 1314 4087 Jerusalem,
1372 4037 1492 4093 qua
1551 4036 1624 4076 ex
1672 4021 1823 4079 vivis

220 4108 501 4181 lapidibus
530 4107 780 4181 quotidie
808 4107 1113 4166 aediﬁcatur
1130 4109 1158 4166 ?
1181 4109 1339 4177 Quod
1361 4111 1477 4183 (39)
1502 4128 1630 4183 ergo
1650 4112 1819 4169 dicit:

217 4196 486 4269 Apertum
516 4204 590 4253 est
619 4199 865 4270 templum
886 4198 1215 4256 tabernaculi
1235 4219 1258 4266 ;
1280 4201 1387 4257 tale
1417 4208 1498 4258 est
1522 4220 1585 4259 ac
1608 4201 1654 4258 si
1683 4202 1826 4259 dica-

218 4294 357 4343 tur:
415 4286 684 4357 Apertum
742 4294 822 4342 est
880 4287 1146 4359 templum
1199 4289 1503 4345 Ecclesia:
1559 4292 1825 4363 templum

219 4390 357 4429 vero
386 4374 645 4430 Ecclesia
672 4375 807 4447 quid
835 4385 918 4432 est
965 4376 1137 4444 aliud,
1170 4378 1280 4432 nisi
1312 4380 1549 4436 caelestis
1597 4382 1778 4453 patria
1800 4382 1828 4438 ?

220 4464 289 4521 In
318 4462 423 4519 hoc
451 4463 660 4535 templo
690 4462 982 4519 Psalmista
1010 4463 1258 4522 habitare
1303 4466 1668 4538 desiderabat,
1701 4486 1826 4527 cum

1932 3289 1985 3338 et
2027 3281 2283 3337 mandata
2319 3280 2420 3338 Dei
2471 3296 2583 3336 non
2626 3277 3043 3336 custodierunt:
3094 3276 3252 3332 aliter
3296 3275 3523 3348 pseudo-

1932 3371 2232 3445 propheta,
2265 3370 2361 3444 qui
2391 3369 2655 3442 populum
2684 3366 2784 3424 Dei
2812 3366 3163 3437 deceperunt,
3185 3365 3347 3421 aliter
3365 3363 3524 3435 impii

1932 3462 2129 3530 Judai,
2183 3461 2274 3533 qui
2328 3460 2629 3516 Dominum
2676 3456 3088 3522 interfecerunt,
3143 3462 3197 3509 et
3249 3454 3525 3525 apostolos

1933 3551 2050 3623 ejus
2093 3548 2365 3623 persecuti
2408 3555 2568 3605 sunt:
2617 3546 2778 3602 aliter
2834 3551 3205 3618 persecutores
3239 3542 3522 3611 Ecclesia,

1933 3642 2028 3714 qui
2066 3640 2231 3696 ﬁdem
2280 3638 2488 3697 Christi
2536 3636 2882 3708 exstinguere
2928 3633 3111 3691 conati
3157 3640 3322 3689 sunt:
3364 3631 3526 3687 aliter

1933 3728 2174 3785 ministri
2228 3725 2581 3795 Antichristi,
2639 3726 2736 3799 qui
2787 3723 3069 3783 Christum
3126 3721 3416 3789 deserturi,
3469 3727 3525 3777 et

1933 3817 2339 3875 Antichristum
2370 3825 2500 3873 sunt
2538 3817 2800 3873 secuturi.
2833 3817 2939 3872 Has
2968 3815 3153 3887 itaque
3183 3813 3367 3886 plagas
3395 3827 3525 3867 san-

1933 3909 2009 3967 cti
2037 3908 2136 3965 Dei
2174 3907 2234 3963 in
2264 3914 2526 3981 potestate
2556 3906 2874 3973 habebunt;
2908 3904 3036 3978 quia
3076 3902 3282 3976 singuli
3310 3917 3401 3957 eos
3429 3900 3526 3974 qui

1935 3998 2049 4055 suis
2076 3997 2416 4070 temporibus
2446 4000 2689 4065 fuerunt,
2722 4011 3019 4068 eorumque
3050 3993 3259 4049 monita
3284 3998 3526 4049 contem-

1934 4096 2178 4160 pserunt,
2233 4104 2333 4143 suo
2383 4086 2598 4159 judicio
2642 4093 2901 4159 perpetua
2950 4100 3108 4157 pana
3160 4081 3524 4138 damnabunt.

1935 4177 2037 4233 Per
2080 4176 2315 4249 lapidem
2354 4192 2484 4232 vero
2524 4176 2796 4233 mundum
2840 4184 3002 4247 atque
3046 4172 3365 4240 candidum,
3418 4186 3527 4244 quo

1936 4274 2142 4340 septem
2188 4267 2368 4339 angeli
2400 4268 2585 4323 vestiti
2630 4267 2797 4322 fuisse
2827 4266 2934 4321 visi
2964 4272 3113 4333 sunt,
3144 4264 3395 4322 Christus
3423 4261 3528 4318 de-

1937 4357 2206 4429 signatur,
2247 4357 2314 4413 de
2360 4374 2468 4431 quo
2508 4357 2643 4415 dicit
2671 4357 3001 4429 Apostolus:
3066 4380 3084 4402 ι
3111 4356 3314 4412 Omnes
3344 4353 3439 4426 qui
3469 4352 3527 4408 in

1939 4446 2160 4505 Christo
2202 4448 2460 4521 baptizati
2504 4450 2652 4518 estis,
2697 4448 2979 4506 Christum
3028 4446 3289 4504 induistis
3317 4446 3524 4517 (Galat.

221 4554 443 4613 dicebat
477 4572 489 4611 :
538 4580 556 4604 ι
578 4556 750 4612 Unam
796 4556 932 4628 petii
958 4573 990 4611 a
1015 4557 1275 4627 Domino,
1326 4558 1468 4617 hanc
1499 4559 1773 4631 requiram
1808 4579 1820 4627 ;

1937 4553 2025 4604 in,
2078 4538 2195 4610 27).
2229 4563 2247 4588 ν
2300 4539 2402 4594 Per
2448 4554 2609 4595 zonas
2655 4546 2835 4594 autem
2884 4552 3091 4603 aureas,
3134 4533 3335 4607 quibus
3381 4533 3528 4589 circa

1944 4634 2152 4656 ιιΑηθΛ-..
2187 4628 2465 4656 η-ωηςηηιζ
2500 4634 2793 4656 nan-mna..-
2843 4624 3264 4656 πιεωι-ῘῖηηθΛνηιτη
3298 4621 3526 4656 coniun—

221 4652 289 4702 ut
318 4643 624 4701 inhabitem
653 4644 711 4699 in
740 4644 905 4700 domo
932 4645 1155 4702 Domini
1183 4647 1441 4704 omnibus
1474 4624 1668 4705 diebus
1698 4649 1825 4704 vita

1940 4634 2159 4698 pectora
2187 4628 2468 4700 pracincti
2499 4634 2810 4694 narrantur,
2843 4624 3269 4698 pradicatorum
3298 4624 3527 4695 sapien-

224 4749 361 4790 mea
395 4734 569 4806 (Psaz,
621 4749 779 4802 χχγι,
820 4732 900 4806 4),
931 4758 950 4784 ι
1004 4734 1117 4791 Hoc
1173 4735 1357 4809 itaque
1412 4737 1678 4810 templum
1727 4755 1823 4811 per
1931 4715 2008 4784 tia
2046 4715 2369 4813 inti-matur:
2424 4732 2559 4813 qua.
2591 4715 2756 4772 corda
2799 4722 3115 4813 sanctorum
3163 4713 3307 4769 intra
3346 4728 3402 4767 se
3450 4711 3523 4767 ita

224 4803 511 4882 Christum
560 4831 808 4897 apertum
856 4803 956 4893 est,
1006 4825 1135 4899 quia
1178 4803 1359 4882 aditus
1387 4803 1544 4899 regni
1585 4803 1822 4885 coelestis

1932 4806 2239 4875 concludit,
2269 4814 2330 4862 ut
2363 4814 2517 4862 extra
2544 4805 2717 4879 ipsam
2749 4820 2843 4877 per
2870 4803 3118 4861 diversos
3146 4819 3357 4859 errores
3387 4818 3526 4861 eva-

224 4930 323 4987 per
352 4930 477 4969 eum
507 4914 766 4971 omnibus
794 4914 1049 4971 ﬁdelibus
1079 4915 1378 4988 patefactus
1407 4924 1507 4974 est.

303 5008 486 5080 (Vers.
515 5009 596 5081 ﬁ.)
624 5010 697 5064 Et
726 5008 968 5064 exierunt
996 5017 1187 5081 septem
1215 5012 1407 5083 angeli,
1451 5011 1690 5068 habentes
1717 5029 1824 5085 sep-

229 5104 330 5153 tem
353 5099 544 5169 plagas
568 5099 630 5155 de
657 5100 867 5171 templo,
897 5099 1067 5155 vestiti
1099 5100 1273 5171 lapide
1293 5102 1486 5157 "tundo
1513 5108 1558 5157 et
1578 5103 1822 5173 candido,

225 5194 276 5242 et
301 5187 569 5258 pracincti
610 5188 753 5243 circa
793 5194 1009 5260 pectora
1057 5189 1207 5244 zonis
1235 5192 1434 5247 aureis.
1477 5191 1534 5247 Si
1566 5208 1662 5264 per
1692 5201 1824 5248 tem.

222 5277 382 5351 plum
412 5277 649 5335 calestis
678 5279 876 5351 patria,
934 5286 987 5336 et
1017 5296 1113 5353 per
1160 5289 1366 5353 septem
1419 5284 1639 5355 angelos
1677 5299 1844 5356 pra-.

227 5367 504 5424 dicatores
532 5368 909 5442 designantur,
965 5370 1241 5442 quomodo
1281 5371 1347 5427 de
1381 5373 1585 5445 templo
1628 5373 1828 5429 exiisse

228 5455 494 5514 dicuntur
514 5457 542 5514 ?
572 5457 854 5533 Numquid
883 5458 1057 5515 sancti
1092 5458 1158 5515 de
1185 5460 1281 5516 illa
1312 5462 1519 5519 caelesti
1557 5461 1732 5535 patria
1760 5462 1828 5519 ad

248 5683 255 5690 ι
297 5608 427 5690 ’(38)
448 5610 532 5690 _I_ta
556 5624 686 5664 mss.
715 5630 728 5676 ;
757 5610 891 5690 edit.
923 5626 1073 5679 vero,
1106 5612 1437 5690 describitur.
1473 5616 1573 5671 Sed
1600 5615 1831 5687 qualiter

236 5681 396 5738 isti...
428 5681 680 5747 dicemus,
709 5682 940 5737 eumdem
969 5699 1177 5739 sensum
1206 5687 1454 5742 secuturi.

314 5751 431 5825 (39)
483 5752 685 5808 Omnes
750 5751 907 5822 edit.,
967 5754 1108 5824 Quid
1174 5755 1338 5830 igitur
1387 5758 1534 5829 dicit,
1589 5764 1831 5833 apertum

1933 4897 2049 4971 gari
2080 4913 2192 4953 non
2223 4897 2385 4953 sinat.

2003 5016 2079 5070 Et
2102 5029 2263 5068 unum
2292 5030 2317 5068 e
2342 5017 2573 5083 quatuor
2617 5010 2939 5066 animalibus
2981 5010 3123 5066 dedit
3162 5016 3349 5082 septem
3373 5027 3523 5082 ange-

1938 5105 2001 5161 lis
2029 5112 2215 5178 septem
2255 5105 2468 5178 phialas
2514 5121 2728 5174 aureas,
2772 5107 2959 5177 plenas
2997 5105 3289 5161 iracundia
3315 5105 3413 5161 Dei
3450 5105 3525 5160 vi-

1934 5190 2098 5249 ventis
2126 5194 2183 5247 in
2211 5195 2401 5249 sweula
2426 5195 2755 5250 saeculorum.
2783 5194 3028 5263 Quatuor
3048 5194 3307 5250 animalia
3335 5210 3524 5266 quam-

1937 5285 2022 5341 vis
2051 5291 2285 5357 quatuor
2324 5284 2683 5357 evangelistas
2707 5284 3039 5357 signiﬁcent,
3068 5290 3250 5339 tamen
3270 5290 3325 5339 et
3356 5282 3522 5340 simul

1937 5379 1991 5429 et
2033 5373 2317 5446 sigillatim
2366 5373 2645 5432 Christum
2701 5373 3045 5446 signiﬁcant:
3093 5372 3189 5429 sed
3224 5372 3354 5448 quia
3390 5373 3527 5431 bre-

1941 5462 2083 5518 vitas
2138 5479 2249 5519 non
2314 5462 2585 5537 permittit
2642 5472 2703 5520 ut
2754 5464 3001 5520 dicamus
3062 5461 3524 5536 quemadmodum

1938 5623 2011 5697 est
2039 5617 2284 5697 templum
2313 5617 2557 5697 Ecclesia:
2582 5635 2592 5672 :
2634 5617 2921 5697 Templum,
2952 5625 3055 5676 etc.
3085 5617 3190 5676 Sed
3229 5634 3362 5678 mss.
3394 5618 3526 5679 hia-

1940 5696 2057 5746 tum
2089 5695 2413 5760 resarciunt,
2444 5698 2505 5747 ut
2524 5695 2582 5745 in
2611 5695 2896 5747 contextu.
