3964 6386
415 375 520 434 987

1417 372 1515 430 AD
1549 369 1783 428 ΟΡΕΒΔ
1819 368 1876 426 S.
1916 367 2250 426 AMBROSII
2283 366 2664 425 APPENDIX.

3605 313 3732 424 ess

415 497 846 574 unumquodque
870 495 1152 555 Christum
1193 494 1503 568 signiﬁcet:
1539 511 1634 567 per
1661 494 1808 551 istud
1829 509 2000 550 unum
2028 495 2082 556 Α
2111 492 2364 550 habitant
2391 493 2451 549 in
2481 491 2647 550 domo
2691 499 2807 562 tua,
2837 489 3104 559 Domine;
3155 489 3214 547 in
3242 489 3444 548 sacula
3469 489 3732 548 saculo-

417 589 619 646 animal
664 587 945 647 Christum
981 585 1376 660 intelligamus.
1427 585 1634 642 Phiala
1681 601 1812 641 vero
1839 582 2009 642 corda

417 685 546 735 sunt
602 684 940 746 sanctorum,
997 692 1119 750 qua
1173 683 1396 749 propter
1457 673 1780 748 sapientiam
1845 688 2009 730 aurea

417 773 564 823 recte
591 771 880 823 vocantur.
929 765 1082 822 Unus
1123 780 1251 836 ergo
1295 779 1365 820 ex
1411 772 1650 838 quatuor
1677 761 2008 819 animalibus

419 853 571 912 dedit
615 862 823 927 septem
871 853 1079 926 angelis
1127 861 1332 924 septem
1379 851 1590 924 phialas
1640 868 1851 922 aureas,
1879 851 2010 925 quia

421 944 676 1004 Christus
721 943 885 1000 corda
928 951 1244 1000 sanctorum
1287 957 1512 998 suorum
1543 941 1810 1014 sapientia
1839 942 2008 1014 reple'

417 1033 520 1089 vit.
580 1031 789 1089 Verum
847 1031 893 1088 si
951 1029 1218 1103 sapientia
1271 1029 1478 1102 repleta
1531 1037 1681 1098 sunt,
1735 1029 2008 1103 quomodo

420 1119 718 1177 iracundia
745 1117 846 1175 Dei
889 1119 1052 1192 plena
1080 1133 1194 1174 esse
1223 1117 1485 1176 dicuntur
1509 1118 1538 1174 ‘l
1565 1123 1709 1182 559
1742 1118 2010 1175 Dominus

419 1219 478 1275 in
507 1217 808 1290 Evangelio
853 1217 993 1276 dicit
1037 1217 1105 1275 de
1137 1217 1326 1291 impiis
1351 1217 1598 1275 Judais:
1641 1242 1659 1264 ι
1689 1216 1746 1275 Si
1775 1234 1886 1274 non
1917 1233 2008 1274 ve-

419 1309 642 1379 nissem,
673 1317 728 1366 et
757 1309 975 1367 locutus
1002 1309 1082 1366 eis
1110 1310 1362 1379 fuissem,
1393 1317 1676 1383 peccatum
1711 1327 1820 1366 non
1846 1309 2008 1366 babe-

419 1405 543 1456 rent
565 1397 748 1470 (Joan.
771 1415 868 1468 xv,
885 1398 1000 1472 22).
1023 1423 1042 1447 ›
1074 1399 1355 1472 Numquid
1375 1399 1544 1455 Judai
1569 1407 1695 1454 ante
1711 1398 2008 1455 adventum

419 1489 630 1548 Christi
657 1495 938 1562 peccatum
970 1506 1080 1545 non
1101 1489 1377 1546 habebant
1396 1489 1425 1546 ?
1453 1490 1626 1545 Erant
1653 1489 1834 1563 itaque
1852 1495 2011 1546 antea

419 1585 748 1650 peccatores,
797 1575 892 1632 sed
935 1583 1216 1649 peccatum
1263 1575 1684 1644 incredulitatis,
1727 1583 2008 1648 peccatum

419 1664 794 1738 blasphemia,
826 1681 934 1738 quo
980 1680 1106 1720 eum
1147 1664 1452 1722 Beelzebub
1491 1673 1849 1734 vocaverunt,
1889 1681 2010 1738 pec-

418 1765 600 1812 catum
629 1753 945 1824 homicidii,
984 1770 1094 1827 quo
1138 1771 1262 1810 eum
1293 1754 1710 1827 cruciﬁxerunt,
1740 1763 1795 1813 et
1836 1755 2011 1812 multa

2115 598 2239 639 rum
2264 581 2564 638 laudabunt
2591 588 2646 638 te
2676 582 2852 655 (Psal.
2880 595 3125 649 me,
3155 579 3236 652 ὅ).
3270 604 3290 630 ›

2187 669 2414 729 CAPUT
2443 671 2594 728 XVI.
2623 700 2695 713 —
2723 669 2905 744 (Vers.
2939 669 3018 741 1.)
3040 671 3115 746 Ει
3138 667 3326 724 audivi
3367 684 3540 724 vocem
3579 683 3729 724 ma-

2114 776 2274 832 gnam
2323 761 2386 816 de
2419 759 2630 832 templo,
2685 757 2934 815 dicentem
2988 757 3188 830 angelis
3243 763 3469 828 septem:
3515 759 3616 826 Ite,
3673 761 3730 812 et

2117 849 2362 921 effundite
2405 855 2596 922 septem
2647 847 2864 920 phialas
2911 845 3204 903 iracundia
3255 845 3356 902 Dei
3390 847 3450 902 in
3490 852 3726 904 terram.

2117 939 2244 996 Vox
2267 937 2334 994 de
2358 937 2564 1010 templo
2592 953 2706 993 vox
2731 935 2956 992 Domini
2986 941 3070 990 est
3097 933 3472 1007 pracipientis
3497 935 3732 1006 pradi-

2117 1026 2413 1094 catoribus,
2446 1033 2508 1082 ut
2561 1024 2792 1082 verbum
2827 1024 2928 1081 Dei
2974 1040 3086 1081 non
3123 1023 3302 1079 solum
3353 1023 3564 1094 electis,
3619 1023 3732 1082 sed

2117 1117 2282 1172 etiam
2303 1113 2547 1188 reprobis
2567 1113 2924 1181 annuntient;
2946 1119 3217 1186 quatenus
3235 1111 3476 1169 habeant
3494 1110 3590 1169 isti
3615 1128 3730 1168 un-

2117 1203 2186 1262 de
2239 1203 2602 1276 corrigantur,
2633 1210 2688 1258 et
2727 1200 2810 1257 illi
2867 1199 3013 1257 unde
3066 1199 3308 1256 deterius
3356 1200 3725 1257 damnentur.

2115 1301 2220 1359 Per
2246 1309 2446 1358 terram
2495 1316 2626 1357 vero
2669 1307 2979 1373 peccatores
3015 1297 3395 1370 designantur.
3433 1297 3732 1356 Pradica-

2117 1398 2262 1448 tores
2306 1391 2489 1464 itaque
2527 1389 2740 1462 phialas
2794 1404 2918 1445 suas
2961 1403 3124 1459 super
3154 1394 3360 1443 terram
3395 1385 3730 1455 effundunt,

2117 1495 2244 1536 cum
2274 1479 2508 1535 verbum
2537 1477 2636 1535 Dei
2666 1475 3044 1550 peccatoribus
3071 1475 3426 1531 annuntiant.

2189 1569 2372 1641 (Vers.
2411 1567 2492 1640 2.)
2551 1569 2625 1624 Et
2666 1567 2798 1623 abiit
2840 1566 3071 1638 primus,
3125 1572 3176 1621 et
3223 1565 3408 1636 effudit
3465 1565 3732 1636 phialam

2116 1675 2270 1714 suam
2295 1658 2354 1712 in
2387 1663 2606 1726 terram,
2635 1663 2682 1712 et
2707 1655 2908 1727 factum
2952 1661 3028 1710 est
3053 1655 3247 1710 vulnus
3275 1669 3471 1709 savum
3511 1669 3578 1708 ac
3600 1669 3731 1724 pes-

2116 1750 2306 1806 simum
2326 1750 2384 1805 in
2411 1749 2730 1818 hominibus,
2764 1748 2858 1819 qui
2904 1748 3162 1804 habebant
3205 1747 3559 1803 characterem
3589 1747 3730 1802 bes-

416 1844 526 1900 alia
572 1845 776 1902 scelera
817 1859 938 1916 qua
975 1859 1045 1899 ex
1085 1843 1330 1901 adventu
1381 1844 1499 1916 ejus
1543 1852 1854 1914 traxerunt,
1897 1860 2008 1901 non
2038 1857 2085 1918 Β
2119 1841 2224 1908 tiae,
2253 1847 2301 1896 et
2325 1839 2382 1895 in
2430 1839 2504 1895 eis
2543 1839 2637 1910 qui
2679 1838 3044 1894 aderaverunt
3083 1837 3366 1908 imaginem
3409 1835 3551 1906 ejus.
3581 1835 3732 1892 Pri—

419 1931 712 1988 habebant.
761 1931 826 1988 In
874 1931 1061 2004 phiala
1112 1939 1296 1988 autem
1329 1931 1574 1992 Christi:
1627 1933 1686 1990 in
1741 1949 1849 2007 qua
1897 1934 2012 1990 vita

418 2020 613 2077 mundi
641 2020 1034 2078 continebatur
1064 2020 1206 2092 (40),
1236 2022 1412 2079 Judai
1461 2023 1578 2080 suis
1596 2024 1775 2097 culpis
1793 2023 2010 2096 exigen-

423 2109 594 2180 tibus,
643 2119 876 2166 mortem
931 2111 1288 2168 invenerunt.
1350 2111 1554 2168 Phiala
1601 2113 1771 2185 igitur
1803 2121 2011 2186 septem

419 2199 738 2272 angelorum
759 2198 934 2270 plenae
963 2199 1189 2254 fuerunt
1215 2199 1512 2256 iracundiae
1531 2200 1628 2256 Dei
1650 2219 1664 2268 ;
1694 2201 1825 2274 quia
1842 2217 2013 2273 quan-

419 2297 538 2347 tum
589 2287 654 2344 ad
699 2286 958 2359 reprobos
1007 2287 1270 2360 pertinet,
1331 2287 1649 2358 pradicatio
1695 2297 2009 2346 sanctorum

419 2378 558 2436 iram
585 2378 686 2435 Dei
715 2377 774 2434 in
817 2393 876 2434 se
899 2377 1178 2434 continuit
1206 2397 1220 2446 ;
1265 2378 1395 2450 quia
1422 2395 1520 2451 pro
1549 2396 1612 2436 eo
1645 2379 1792 2452 quod
1821 2395 2011 2436 eorum

419 2467 866 2542 pradicationem
911 2474 1384 2542 contempserunt,
1431 2467 1570 2524 iram
1625 2467 1725 2526 Dei
1762 2467 2014 2526 incurre-

419 2565 570 2616 runt.

494 2663 675 2735 (Vers.
705 2661 788 2732 8.)
819 2663 894 2718 Et
914 2661 1186 2732 impletum
1213 2667 1287 2718 est
1311 2664 1562 2734 templum
1596 2663 1746 2734 fumo
1765 2680 1798 2718 a
1828 2663 2014 2734 majes-

422 2759 524 2810 tate
560 2751 680 2817 Dei,
722 2757 772 2807 et
815 2751 878 2806 de
906 2751 1099 2806 virtute
1139 2750 1270 2821 ejus.
1321 2752 1579 2810 Diximus
1626 2752 1879 2825 superius
1920 2768 2016 2826 per

422 2840 690 2912 templum
725 2839 999 2896 calestem
1033 2838 1266 2911 patriam
1313 2839 1622 2912 designari:
1658 2841 1846 2898 fumus
1883 2857 2015 2897 vero

424 2929 472 2986 si
496 2928 643 2986 intra
661 2928 887 2984 domum
917 2927 1105 2996 fuerit,
1136 2929 1326 2984 oculos
1352 2945 1383 2984 a
1411 2928 1547 2984 foris
1566 2928 2012 3001 perspicientium

425 3018 681 3074 obscurat
705 3034 719 3084 ;
749 3024 811 3072 ut
840 3031 955 3072 non
993 3016 1230 3087 perfecte
1260 3017 1472 3088 possint
1499 3017 1686 3074 videre
1715 3034 1778 3073 ea
1805 3035 1925 3092 qua
1954 3017 2014 3073 in

425 3106 592 3163 domo
646 3112 928 3178 geruntur.
968 3104 1254 3176 Templum
1325 3105 1494 3178 igitur
1548 3107 1786 3163 calestis
1827 3105 2016 3178 patria

423 3196 588 3253 modo
616 3195 772 3250 fumo
801 3203 883 3251 est
911 3194 1133 3266 plenum
1160 3213 1173 3262 ;
1207 3192 1336 3268 quia
1367 3195 1524 3252 electi
1556 3195 1614 3251 in
1652 3195 1754 3252 hac
1781 3195 1898 3251 vita
1924 3212 2016 3268 po-
2047 3209 2090 3270 ρ

423 3283 540 3350 siti,
562 3284 693 3341 dum
725 3283 914 3339 oculos
944 3281 1144 3338 mentis
1165 3298 1278 3338 sua
1304 3281 1372 3338 ad
1389 3281 1810 3355 contemplanda
1828 3283 2012 3340 cales-

423 3373 496 3430 tia
537 3373 821 3442 attollunt,
869 3371 1239 3429 obscurantur
1275 3371 1510 3445 quadam
1558 3373 1812 3444 caligine,
1849 3387 2012 3446 quam

421 3471 752 3520 transmeare
772 3479 886 3520 non
917 3472 1179 3536 possunt:
1231 3478 1393 3536 quam
1443 3461 1882 3518 obscurationem
1911 3460 2012 3516 fu-

423 3568 575 3608 mum
631 3559 810 3608 vocat.
859 3553 1012 3608 Hanc
1071 3551 1363 3624 caliginem
1426 3551 1628 3607 Paulus
1682 3550 2008 3622 patiebatur,

420 3656 546 3697 cum
601 3639 856 3696 dicebat:
923 3663 943 3686 ι
973 3639 1240 3696 Videmus
1289 3655 1436 3697 nunc
1476 3656 1574 3712 per
1613 3639 1897 3712 speculum
1953 3637 2013 3694 in

421 3728 730 3800 aenigmate,
760 3735 894 3784 tunc
921 3735 1104 3784 autem
1137 3727 1274 3784 facie
1316 3727 1385 3784 ad
1413 3728 1608 3785 faciem
1648 3728 1696 3799 (Ι
1727 3729 1852 3784 Cor.
1883 3743 2008 3796 xm,

425 3817 538 3889 l2).
570 3842 589 3866 ι
630 3819 701 3874 Et
734 3817 970 3874 iterum:
1028 3841 1047 3864 ε
1079 3817 1236 3874 Nunc
1262 3826 1444 3874 autem
1472 3833 1741 3890 cognosco
1786 3833 1857 3874 ex
1893 3833 2012 3890 par-

421 3915 494 3974 te,
539 3913 674 3964 tunc
725 3923 857 3963 vero
909 3921 1229 3978 cognoscam
1287 3907 1431 3962 sicut
1484 3915 1538 3964 et
1593 3905 1846 3980 cognitus
1888 3923 2011 3962 sum

424 3994 638 4068 (Ibid).
683 4021 700 4044 ι
761 3997 836 4052 Et
874 3995 1178 4052 notandum
1235 3995 1363 4068 quia
1411 3995 1555 4053 hanc
1608 3995 2010 4052 hebetationem

421 4084 580 4139 electi
609 4084 874 4156 quamdiu
903 4084 961 4140 in
1007 4083 1113 4140 hac
1149 4083 1265 4141 vita
1297 4084 1462 4156 positi
1503 4091 1653 4152 sunt,
1684 4083 2007 4156 patiuntur:

423 4191 549 4232 cum
579 4181 760 4229 autem
789 4175 858 4230 ad
887 4175 1038 4230 illam
1071 4176 1342 4231 caelestem
1363 4175 1758 4231 beatitudinem
1785 4165 2012 4230 transie-

423 4265 556 4331 rint,
604 4261 672 4318 ab
713 4263 889 4319 oculis
933 4263 1134 4318 mentis
1186 4279 1374 4318 eorum
1428 4265 1714 4318 avelletur.
1759 4262 1914 4319 Unde
1957 4270 2013 4318 et

423 4351 706 4424 sequitur:
755 4351 1004 4406 Et'nemo
1027 4357 1238 4422 poterat
1274 4350 1496 4404 introire
1536 4351 1594 4406 in
1625 4351 1889 4422 templum,
1923 4351 2010 4406 do-

422 4457 512 4496 nec
534 4445 1024 4504 consummarentur
1050 4446 1241 4512 septem
1255 4441 1432 4511 plaga
1469 4446 1658 4511 septem
1681 4441 2007 4510 angelorum.

422 4531 704 4604 Numquid
749 4531 810 4587 in
851 4531 948 4586 illa
999 4531 1212 4588 calesti
1239 4529 1581 4586 beatitudine
1605 4529 2014 4603 quotidiejusti
2039 4555 2089 4615 ι)

425 4637 538 4678 non
584 4619 917 4676 introeunt?
947 4619 1051 4677 Sed
1097 4619 1167 4676 de
1217 4619 1552 4692 ingressione
1592 4635 1882 4690 corporum
1912 4617 2017 4674 hoc

425 4708 643 4766 dictum
701 4725 816 4766 esse
859 4708 1275 4782 intelligamus;
1327 4704 1389 4764 in
1434 4707 1530 4762 illa
1568 4706 1768 4780 quippe
1810 4707 2018 4763 cmlesti

425 4797 773 4856 beatitudine
796 4797 932 4870 justi
963 4815 1074 4855 non
1120 4797 1507 4872 ingrediuntur
1543 4813 1668 4854 cum
1697 4797 2020 4870 corporibus

427 4887 562 4954 suis,
601 4904 774 4960 usque
813 4887 947 4943 dum
995 4895 1202 4959 septem
1249 4887 1418 4960 plaga
1463 4893 1669 4958 septem
1699 4886 2016 4958 angelorum

427 4977 824 5048 compleantur.
852 4979 947 5033 ~De
978 4985 1181 5050 septem
1231 4976 1406 5051 plagis
1449 4977 1700 5048 superius
1724 4975 1968 5032 diximus
2004 4993 2015 5030 :

427 5065 626 5120 ultima
646 5081 778 5120 vero
803 5066 961 5136 plaga
986 5066 1114 5134 erit,
1155 5081 1280 5122 cum
1320 5065 1700 5122 Antichristus
1731 5064 1845 5121 suis
1873 5081 2018 5120 erro-

429 5153 582 5210 ribus
625 5169 794 5226 genus
841 5152 1146 5210 humanum
1191 5153 1418 5210 inﬁciet.
1451 5155 1653 5211 Finitis
1679 5161 1859 5210 autem
1891 5170 2021 5225 sep—

428 5249 540 5298 tem
587 5243 780 5316 plagis,
833 5258 932 5315 pro
971 5241 1174 5314 quibus
1219 5243 1603 5299 examinandis
1659 5242 1776 5299 dies
1821 5241 2021 5314 judicii

429 5331 544 5401 ﬁet,
575 5333 750 5389 sancti
783 5347 1010 5404 corpora
1057 5346 1155 5387 sua
1197 5331 1482 5405 recipient,
1525 5343 1692 5406 atque
1730 5333 1786 5389 in
1817 5333 2022 5404 templo

431 5420 620 5492 patria
647 5420 884 5478 cmlestis
913 5420 1034 5476 sine
1079 5419 1188 5476 ﬁne
1233 5436 1360 5476 cum
1404 5422 1640 5477 Domino
1671 5421 2018 5478 habitabunt.

431 5511 509 5568 De
557 5510 660 5567 hac
713 5513 1054 5570 habitatione
1105 5510 1242 5569 dicit
1294 5511 1622 5568 Psalmista:
1681 5537 1698 5560 α
1736 5511 1890 5567 Beati
1927 5510 2023 5586 qui

505 5731 622 5802 (40)
655 5729 840 5788 Codex
868 5733 1046 5800 Gem.,
1078 5733 1171 5804 qui
1197 5733 1458 5806 sapientia
1495 5729 1878 5790 continebatur.

2120 1945 2242 1985 mus
2269 1927 2512 2001 Angelus
2539 1926 2924 2000 pradicatores
2951 1925 3047 2000 qui
3075 1933 3202 1982 ante
3242 1924 3417 1996 legem
3462 1924 3726 1994 fuerunt,

2119 2017 2367 2090 designat
2403 2035 2415 2073 :
2474 2017 2618 2074 sicut
2645 2024 2698 2072 et
2742 2016 2836 2073 ille
2879 2015 2976 2090 qui
3024 2015 3082 2071 in
3129 2013 3456 2088 pracedenti
3501 2012 3734 2070 visione

2119 2107 2250 2163 tuba
2272 2107 2485 2180 primus
2526 2105 2790 2164 cecinisse
2825 2105 2978 2162 visus
3009 2113 3092 2160 est
3121 2105 3262 2178 (cap.
3294 2121 3417 2173 vm,
3459 2119 3599 2160 vers.
3633 2103 3725 2175 7).

2119 2199 2224 2256 Sed
2248 2201 2332 2256 illi
2361 2217 2456 2272 per
2483 2202 2702 2258 tertiam
2723 2209 2933 2274 partem
2959 2209 3120 2258 terra
3149 2217 3270 2274 qua
3290 2199 3578 2257 combusta
3605 2207 3730 2269 est,

2119 2289 2277 2344 electi
2309 2289 2667 2361 designantur
2698 2307 2710 2346 :
2757 2289 2850 2346 hic
2886 2298 3068 2346 autem
3103 2307 3200 2362 per
3238 2305 3332 2346 eos
3372 2290 3468 2364 qui
3512 2290 3736 2346 vulnus

2119 2393 2326 2433 savum
2356 2393 2419 2434 ac
2470 2377 2770 2448 pessimum
2815 2377 2961 2449 passi
3006 2385 3156 2446 sunt,
3207 2379 3448 2450 reprobi.
3501 2377 3734 2435 Effudit

2119 2464 2290 2538 igitur
2311 2465 2536 2537 angelus
2559 2463 2800 2536 phialam
2829 2481 2984 2521 suam
3029 2465 3090 2520 in
3129 2473 3334 2522 terram
3366 2484 3378 2522 :
3429 2467 3560 2540 quia
3594 2483 3736 2524 san-

2119 2553 2196 2611 cti
2225 2553 2332 2609 viri
2363 2552 2460 2626 qui
2489 2561 2616 2610 ante
2644 2554 2819 2626 legem
2847 2553 3094 2620 fuerunt,
3118 2553 3519 2612 admonitionis
3549 2555 3739 2615 verba

2122 2642 2310 2716 impiis
2329 2642 2736 2716 impenderunt,
2770 2651 2834 2699 ut
2862 2659 2954 2700 eos
2981 2641 3352 2715 corrigerent:
3383 2643 3480 2700 sed
3510 2645 3740 2703 vulnus

2123 2749 2328 2789 savum
2371 2749 2435 2790 ac
2482 2731 2780 2806 pessimum
2835 2732 2896 2788 in
2949 2748 3042 2789 eos
3081 2732 3288 2789 factum
3318 2739 3435 2801 est;
3471 2732 3604 2806 quia
3655 2749 3738 2790 ex

2123 2821 2514 2897 pradicatione
2537 2828 2852 2878 sanctorum
2882 2821 3181 2878 deteriores
3227 2821 3426 2890 eﬂ'ecti,
3462 2822 3739 2879 mandata

2123 2912 2222 2970 Dei
2249 2919 2698 2985 contempserunt
2729 2929 2742 2979 ;
2769 2911 2976 2968 vulnus
3003 2926 3242 2984 namque
3269 2926 3476 2967 savum
3511 2926 3576 2967 ac
3601 2925 3740 2983 pes-

2124 3000 2325 3057 simum
2362 3011 2445 3058 est
2467 3008 2816 3074 contemptus
2845 2999 3227 3056 mandatorum
3283 2999 3404 3056 Dei.
3433 2999 3646 3057 Verum
3681 2998 3736 3055 si

2125 3089 2330 3146 vulnus
2357 3105 2564 3145 savum
2589 3105 2653 3146 ac
2687 3089 2986 3159 pessimum
3031 3086 3415 3144 tantummodo
3438 3087 3507 3144 ad
3533 3102 3736 3158 repro-

2125 3177 2226 3234 bos
2251 3178 2510 3250 pertinet,
2543 3185 2597 3233 et
2624 3175 2709 3232 illi
2731 3175 3121 3233 tantummodo
3142 3176 3246 3232 hoc
3270 3176 3415 3249 passi
3437 3183 3586 3243 sunt,
3619 3175 3731 3250 qui

2125 3267 2494 3323 characterem
2532 3265 2721 3322 bestia
2770 3265 3106 3335 habuerunt,
3151 3265 3508 3338 quarendum
3555 3263 3730 3320 nobis

2124 3366 2205 3414 est
2233 3358 2367 3432 quid
2392 3359 2466 3415 sit
2503 3357 2786 3416 character
2832 3357 3040 3415 bestia.
3077 3357 3238 3426 Quod
3273 3357 3322 3412 si
3374 3373 3470 3428 per
3495 3355 3730 3414 charac-

2123 3456 2293 3504 terem
2322 3447 2511 3520 bestia
2561 3446 2872 3520 superbiam
2904 3447 3246 3504 voluerimus
3293 3445 3619 3518 intelligere,
3655 3461 3729 3502 eo

2125 3535 2270 3608 quod
2301 3544 2523 3610 propter
2550 3536 2702 3593 illam
2733 3535 2988 3593 diabolus
3025 3535 3092 3592 de
3130 3536 3270 3592 calo
3299 3535 3580 3604 ceciderit,
3607 3535 3732 3591 ad-

2123 3632 2336 3681 vertere
2380 3625 2644 3682 debemus
2685 3625 2889 3682 multos
2942 3625 3144 3681 electos
3192 3623 3464 3696 superbia
3511 3623 3731 3681 vulnus

2124 3713 2398 3782 habuisse,
2430 3715 2525 3771 sed
2551 3713 2952 3772 medicamento
2973 3713 3312 3769 humilitatis
3339 3719 3554 3770 sanctos
3577 3728 3725 3770 esse.

2121 3802 2220 3858 Est
2259 3812 2440 3859 autem
2466 3803 2618 3859 aliud
2658 3803 2857 3859 vitium
2908 3801 3227 3874 pessimum,
3279 3801 3427 3874 quod
3482 3799 3728 3858 medica-

2123 3901 2369 3948 mentum
2403 3891 2740 3964 panitentia
2777 3907 2810 3946 a
2848 3906 2906 3946 se
2937 3907 3150 3962 semper
3191 3889 3477 3956 excludit;
3513 3888 3733 3948 scimus

2123 3979 2270 4036 enim
2301 3979 2581 4038 diabolum
2611 3995 2728 4035 esse
2770 3978 3238 4044 irrevocabilem,‘
3261 3985 3323 4033 ut
3355 3978 3512 4033 nullo
3533 3979 3737 4042 [modo

2123 4069 2193 4125 ab
2225 4067 2609 4140 iniquitatibus
2637 4066 2751 4122 suis
2781 4065 2982 4138 corrigi
3020 4065 3210 4138 possit.
3234 4066 3424 4136 Itaque
3453 4065 3549 4136 qui
3580 4065 3732 4123 irre-

2123 4157 2390 4214 vocabilis
2434 4164 2534 4224 est,
2565 4155 3026 4212 medicamentum
3081 4152 3421 4225 paenitentia
3475 4169 3589 4210 non
3630 4171 3727 4213 re-

2123 4247 2312 4320 quirit,
2341 4245 2484 4302 sicut
2519 4253 2572 4301 et
2599 4243 2852 4301 diabolus
2880 4243 2948 4300 ab
2981 4243 3088 4300 hoc
3117 4243 3522 4300 medicamento
3559 4245 3722 4303 alie-

2122 4357 2227 4396 nus
2254 4337 2491 4395 exsistit.
2515 4339 2660 4410 Ergo
2688 4337 2785 4410 qui
2813 4353 2910 4408 per
2937 4335 3247 4392 doctrinam
3278 4341 3594 4390 sanctorum
3625 4336 3732 4393 Pa-

2121 4436 2269 4484 trum
2299 4444 2330 4483 a
2358 4426 2655 4484 sceleribus
2683 4425 2798 4483 suis
2825 4425 3072 4482 revocari
3091 4439 3202 4480 non
3232 4431 3556 4496 potuerunt,
3591 4423 3728 4482 cha~

2123 4525 2388 4574 racterem
2418 4514 2626 4572 diaboli
2655 4513 2987 4582 habuerunt,
3009 4512 3105 4586 qui
3126 4512 3524 4585 incorrigibilis
3539 4521 3594 4569 et
3621 4512 3730 4570 im-

2125 4607 2396 4682 peenitens
2416 4613 2746 4678 perseverat.
2771 4604 2876 4660 Sed
2907 4604 3036 4678 quia
3061 4602 3166 4658 hoc
3185 4601 3346 4670 vitio,
3369 4610 3557 4659 nostro
3586 4610 3727 4660 tem-

2126 4713 2276 4770 pore,
2310 4697 2472 4752 multi
2502 4695 2775 4762 laborant,
2803 4709 3020 4751 necesse
3049 4700 3134 4748 est
3161 4698 3224 4748 ut
3246 4689 3313 4746 de
3341 4691 3728 4764 magnitudine

2126 4785 2246 4858 ejus
2299 4785 2486 4858 aliqua
2543 4783 2848 4851 dicamus;
2891 4798 3032 4854 nam
3108 4789 3240 4837 sunt
3315 4779 3572 4836 nonnulli
3647 4780 3729 4837 ita

2127 4873 2538 4940 irrevocabiles,
2569 4880 2632 4928 ut
2654 4870 2906 4945 quamvis
2936 4869 3112 4926 sciant
3134 4884 3358 4941 pravam
3386 4885 3502 4925 esse
3551 4884 3726 4924 asser-

2127 4964 2336 5021 tionem
2375 4979 2552 5030 suam,
2609 4961 2766 5016 nullo
2793 4958 2958 5015 modo
3005 4959 3073 5014 ab
3103 4973 3165 5014 ea
3209 4957 3456 5013 revocari
3485 4957 3722 5029 possint,

2128 5052 2386 5108 timentes
2407 5049 2556 5107 vinci
2586 5049 2654 5104 ab
2685 5047 3042 5113 hominibus;
3075 5053 3130 5102 et
3179 5061 3248 5102 ne
3295 5045 3724 5115 convincantur,

2130 5141 2430 5198 mendaciis
2455 5147 2510 5196 et
2529 5137 2784 5211 perjuriis
2799 5145 2962 5209 atque
2985 5134 3396 5192 ﬂammantibus
3419 5135 3726 5192 contentio-

2130 5232 2294 5288 nibus
2321 5231 2611 5286 falsitatem
2639 5246 2792 5286 suam
2823 5226 3114 5284 defendere
3141 5233 3410 5284 conantur
3435 5243 3447 5281 :
3479 5225 3726 5299 dumque

2129 5319 2329 5377 timent
2365 5318 2516 5376 vinci
2563 5318 2632 5375 ab
2679 5317 3022 5382 hominibus,
3053 5332 3085 5372 a
3137 5314 3358 5372 diabolo
3397 5313 3724 5370 vincuntur.

2131 5411 2338 5468 Catera
2364 5425 2491 5482 ergo
2521 5407 2660 5464 vitia
2695 5405 3096 5462 medicamento
3143 5402 3480 5476 paenitentia
3531 5419 3726 5460 sanan-

2131 5510 2252 5568 tur;
2290 5500 2436 5558 istud
2478 5507 2658 5556 autem
2690 5500 2870 5554 solum
2901 5495 3155 5569 estquod
3184 5512 3216 5552 a
3243 5513 3300 5552 se
3346 5492 3453 5552 hoc
3501 5494 3728 5551 salubre
