3964 6364
197 352 306 413 989

1089 346 1549 406 BERENGAUDI
1587 347 1964 406 EXPOSITIO
2004 348 2075 405 IN
2116 347 2619 405 APOCALYPSIN.

3390 348 3498 406 990

198 476 662 535 medicamentum
685 475 969 544 excludit;
1010 490 1079 531 ne
1104 473 1315 531 scilicet
1352 489 1449 547 per
1476 472 1789 531 confessio-
1815 476 1869 535 Α
1895 472 2190 541 sinthium,
2230 488 2326 545 per
2354 489 2518 546 quam
2548 488 2641 530 eos
2668 472 2764 545 qui
2793 488 2888 543 per
2915 473 3226 530 doctrinam
3256 474 3496 547 prophe-

196 582 326 623 nem
357 574 410 622 et
443 566 823 639 paenitentiam
862 563 1001 622 victi
1030 580 1145 620 esse
1202 563 1517 619 videantur.
1550 564 1621 619 Et
1662 563 1792 637 quia

195 656 407 710 malum
439 672 598 712 suum
629 663 689 711 ut
716 655 914 713 vicisse
970 654 1282 722 videantur,
1316 653 1562 721 laudant,
1628 670 1791 710 com-

193 744 379 816 pletur
399 743 458 799 in
496 742 608 800 illis
633 744 773 799 illud
803 742 1225 816 propheticum:
1283 766 1301 789 ι
1353 740 1451 797 Va
1480 740 1576 814 qui
1603 740 1790 797 dicitis

193 833 402 888 malum
441 832 670 902 bonum,
703 832 984 889 etbonum
1014 833 1220 888 malum
1254 849 1265 887 :
1326 838 1594 903 ponentes
1627 838 1793 887 tene-

190 920 320 976 bras
347 921 546 989 lucem,
574 930 627 977 et
657 922 834 978 lucem
864 920 1116 976 tenebras
1159 920 1293 991 (Isa.
1332 936 1393 985 χ,
1423 920 1552 990 20)!
1590 944 1608 968 ι
1648 920 1791 989 Fer-

190 1019 287 1067 tur
312 1010 431 1066 avis
460 1011 708 1083 quadam
738 1027 873 1080 esse,
906 1027 1026 1084 qua
1054 1017 1364 1082 serpentem
1393 1009 1573 1065 vincit
1629 1016 1682 1063 et
1702 1025 1789 1064 co-

191 1098 385 1166 medit,
417 1098 511 1154 sed
541 1106 663 1170 post
700 1098 986 1170 paululum
1034 1113 1247 1153 veneno
1274 1096 1427 1151 illius
1455 1096 1785 1169 perimitur:

188 1188 449 1245 similiter
469 1196 522 1244 et
551 1189 642 1244 isti
673 1188 909 1261 gaudent
928 1204 984 1244 se
1012 1187 1210 1244 vicisse
1235 1187 1542 1259 proximos,
1574 1187 1667 1242 sed
1692 1194 1790 1242 ta-

191 1278 263 1335 lis
291 1278 521 1334 victoria
544 1278 891 1335 interfectrix
911 1287 993 1334 est
1021 1278 1331 1333 animarum
1364 1277 1610 1333 illorum.
1643 1275 1789 1343 Qui-

187 1383 409 1440 cunque
433 1384 561 1440 ergo
591 1367 725 1423 tales
771 1376 920 1436 sunt,
976 1366 1345 1423 characterem
1376 1372 1597 1437 portant
1657 1364 1788 1420 dia—

186 1456 326 1512 boli.
377 1457 479 1513 Per
536 1457 833 1529 imaginem
873 1472 1004 1512 vero
1055 1454 1243 1512 bestia
1301 1454 1439 1511 vitia
1496 1470 1788 1528 possumus

186 1544 536 1616 intelligere:
582 1561 646 1600 eo
693 1545 841 1617 quod
888 1545 1003 1618 ipse
1054 1544 1126 1600 sit
1146 1552 1337 1601 auctor
1377 1543 1493 1615 (41)
1536 1543 1784 1599 omnium

185 1634 480 1689 malorum.
512 1634 813 1705 Imaginem
852 1635 1038 1706 itaque
1067 1633 1256 1689 bestia
1295 1632 1507 1699 adorat,
1539 1632 1787 1704 quicun—

187 1737 295 1794 que
325 1722 480 1778 vitiis
509 1723 712 1789 servit;
745 1739 871 1777 nam
900 1730 954 1777 et
982 1722 1184 1777 Paulus
1240 1720 1381 1778 dicit
1411 1721 1557 1794 quod
1593 1728 1786 1776 venter

1898 570 2079 617 tarum
2150 561 2575 617 amaritudinem
2651 562 2989 634 poenitentia
3061 572 3492 635 assumpserunt,

1900 659 2061 726 atque
2100 669 2195 725 per
2220 669 2339 708 eam
2369 651 2506 708 salvi
2542 668 2657 707 esse
2689 661 3027 720 meruerunt,
3052 651 3299 708 diximus
3328 654 3496 710 fuisse

1899 742 2245 815 designatos:
2303 743 2397 800 hic
2442 750 2625 799 autem
2670 742 2728 798 in
2779 743 3045 798 effusione
3095 743 3292 814 phiala
3344 744 3495 800 tertii

1900 833 2079 903 angeli
2134 831 2365 887 flumina
2412 840 2466 887 et
2523 833 2700 888 fontes
2745 832 2803 887 in
2851 832 3173 903 sanguinem
3228 849 3495 891 conversa

1899 920 2067 976 fuisse
2097 921 2376 991 leguntur.
2409 922 2653 993 Angelus
2684 921 2855 994 igitur
2877 920 3119 992 phialam
3150 937 3303 977 suam
3333 939 3496 995 super

1898 1008 2129 1064 ﬂumina
2156 1016 2210 1065 et
2244 1010 2421 1066 fontes
2449 1026 2711 1083 aquarum
2734 1009 2949 1078 effudit,
2976 1009 3195 1082 quando
3217 1011 3492 1083 propheta

1897 1099 2073 1155 sancti
2105 1098 2277 1171 impio
2315 1100 2520 1172 populo
2556 1099 2785 1155 verbum
2830 1099 2930 1154 Dei
2978 1099 3489 1156 annuntiaverunt:

1897 1188 1992 1244 sed
2022 1189 2104 1244 illi
2154 1206 2224 1244 ex
2273 1189 2663 1261 praedicatione
2694 1197 3008 1246 sanctorum
3041 1189 3216 1244 multo
3248 1188 3495 1246 deterio-

1896 1294 1983 1334 res
2011 1279 2209 1346 effecti,
2254 1295 2368 1334 non
2397 1280 2575 1334 solum
2609 1278 2864 1334 mandata
2889 1276 2987 1333 Dei
3021 1286 3490 1349 contempserunt,

1896 1368 1989 1424 sed
2036 1378 2090 1425 et
2143 1370 2292 1441 ipsos
2342 1368 2496 1424 verbi
2544 1368 2645 1425 Dei
2693 1367 2980 1424 ministros
3033 1367 3372 1424 occiderunt.
3429 1369 3492 1423 In

1897 1458 2217 1530 sanguinem
2253 1476 2385 1514 vero
2427 1459 2571 1515 versi
2601 1466 2769 1525 sunt;
2806 1458 2935 1531 quia
2978 1458 3084 1531 ipsi
3130 1458 3492 1531 sibimetipsis
3536 1478 3549 1497 '

1896 1557 2129 1603 mortem
2159 1556 2474 1620 perpetuam
2508 1549 2838 1604 intulerunt.

1968 1647 2149 1718 (Vers.
2183 1647 2236 1714 5,
2266 1648 2346 1719 6.)
2396 1649 2471 1702 Et
2504 1647 2688 1701 audivi
2734 1649 2977 1717 angelum
3016 1654 3269 1718 quartum
3304 1648 3491 1703 dicen-

1896 1743 2032 1791 tem:
2076 1737 2261 1791 Justus
2307 1754 2377 1805 es,
2427 1736 2520 1808 qui
2563 1753 2633 1805 es,
2679 1743 2726 1790 et
2771 1736 2865 1807 qui
2909 1753 3028 1790 eras
3081 1743 3311 1804 sanctus,
3360 1735 3489 1807 quia

183 1811 332 1866 Deus
358 1818 500 1867 esset
527 1810 796 1867 falsorum
826 1810 1247 1883 Ρτῖθάίοδίοτωη
1279 1827 1290 1865 ⁵
1340 1835 1358 1857 ‘
1387 1809 1657 1877 Quorum:
1687 1809 1785 1864 in‘
1814 1833 1861 1894 B
1894 1828 1998 1882 ha’c
2043 1827 2333 1897 judicasti;
2382 1827 2510 1898 quia
2562 1827 2868 1898 sanguinem
2911 1832 3213 1881 sanctorum
3263 1832 3310 1880 et
3346 1842 3488 1897 pro-

181 1900 326 1973 quit,
349 1901 496 1956 Deus
522 1907 716 1956 venter
744 1908 843 1969 est,
871 1908 926 1956 et
955 1900 1129 1973 gloria
1155 1901 1213 1955 in
1274 1899 1603 1956 confusione
1625 1899 1785 1971 ipso-

180 2009 337 2048 rum:
389 1992 484 2065 qui
538 2001 755 2049 terrena
828 1994 1050 2066 sapiunt
1108 1993 1368 2065 (Philipp.
1447 2010 1530 2062 III,
1581 1994 1699 2065 29).
1751 2018 1769 2041 ι

180 2082 454 2138 Similiter
472 2093 526 2140 et
550 2084 840 2140 avaritiam
874 2085 1199 2141 servitutem
1250 2084 1471 2140 vocavit
1504 2085 1780 2142 idolorum

185 2172 418 2243 (Cotoss.
452 2190 535 2243 III,
568 2174 650 2245 5).

262 2266 407 2324 560
453 2271 636 2343 (Vers.
669 2271 750 2343 3.)
782 2274 857 2329 Et
883 2273 1139 2328 secundus
1165 2274 1350 2344 effudit
1370 2272 1615 2345 phialam
1629 2290 1782 2329 suam

176 2357 236 2413 in
262 2373 430 2423 mare,
469 2365 516 2414 et
566 2358 741 2428 factus
770 2368 846 2415 est
896 2362 1114 2432 sanguis
1145 2368 1401 2431 tanquam
1447 2362 1670 2429 mortui,
1734 2367 1782 2416 et

178 2446 349 2502 omnis
376 2448 560 2504 anima
580 2449 755 2504 vivens
783 2456 997 2505 mortua
1027 2456 1103 2505 est
1129 2450 1187 2504 in
1223 2451 1390 2510 mari.
1418 2452 1525 2508 Iste
1554 2450 1780 2522 angelus

178 2538 431 2597 doctores
458 2540 614 2613 Legis
639 2540 930 2614 signiﬁcat,
960 2542 1104 2599 sicut
1131 2550 1185 2598 et
1216 2543 1309 2598 ille
1347 2544 1441 2616 qui
1494 2544 1552 2599 in
1584 2560 1778 2614 prace-

188 2628 344 2685 denti
392 2628 606 2685 visione
660 2630 932 2688 secundus
976 2630 1108 2688 tuba
1164 2631 1428 2687 cecinisse
1490 2631 1643 2686 visus
1697 2639 1779 2686 est

188 2717 329 2791 (cap.
370 2736 493 2789 vm,
522 2737 655 2777 vers.
688 2721 745 2792 8)
773 2739 784 2776 :
819 2720 908 2777 sed
942 2721 1019 2776 ibi
1038 2722 1202 2777 tertia
1227 2738 1349 2793 pars
1392 2721 1559 2777 maris
1585 2721 1644 2776 in
1659 2738 1777 2777 san-

189 2808 413 2881 guinem
444 2825 599 2864 versa
626 2810 796 2866 fuisse
825 2811 1050 2881 dicitur,
1098 2827 1195 2882 per
1222 2827 1342 2883 qua
1388 2812 1590 2868 electos
1622 2810 1778 2867 desi—

190 2907 382 2971 gnatos
420 2898 589 2955 fuisse
620 2898 900 2957 diximus:
933 2900 1023 2957 hic
1070 2909 1251 2957 autem
1284 2908 1461 2957 totum
1519 2917 1671 2956 mare
1717 2899 1777 2955 in

189 2988 513 3059 sanguinem
541 3004 759 3044 versum
790 3005 905 3045 esse
934 2982 1153 3063 legitur.
1189 2988 1453 3048 Vindicta
1519 2990 1775 3048 crimina-

182 3076 321 3132 lium
353 3077 618 3134 scelerum
657 3078 958 3135 secundum
989 3080 1161 3152 legem
1179 3086 1295 3135 erat
1315 3079 1599 3153 sanguinis
1627 3079 1776 3136 eﬂ‘u—

1886 1918 2169 1987 phetarum
2197 1917 2513 1987 effuderunt,
2557 1924 2604 1971 et
2636 1916 2943 1988 sanguinem
2971 1916 3045 1970 eis
3073 1916 3263 1970 dedisti
3291 1916 3481 1982 bibere,

1891 2006 2031 2076 quod
2085 2006 2238 2077 digni
2291 2013 2432 2062 sunt.
2504 2006 2799 2061 Possumus
2854 2022 2950 2078 per
3000 2006 3259 2077 angelum
3308 2021 3488 2077 quar—

1890 2103 2008 2149 tum
2031 2096 2146 2167 (43)
2170 2096 2426 2167 angelum
2449 2095 2602 2150 illius
2618 2095 2805 2166 populi
2825 2094 3159 2166 intelligere,
3182 2093 3487 2166 quividens

1884 2184 2036 2255 justo
2069 2185 2167 2240 Dei
2191 2184 2406 2256 judicio
2437 2185 2701 2256 populum
2734 2184 2985 2256 iniquum
3010 2199 3123 2239 esse
3144 2182 3485 2253 damnatum,

1892 2271 2078 2327 laudat
2125 2272 2450 2328 sententiam
2494 2270 2859 2342 justissimam
2910 2271 3008 2327 Dei
3060 2270 3482 2343 omnipotentis.

1888 2361 1960 2416 Et
1988 2360 2118 2433 quia
2141 2361 2463 2433 sanguinem
2500 2368 2817 2415 sanctorum
2858 2367 2912 2416 et
2960 2360 3350 2432 prophetarum
3402 2359 3483 2415 fu-

1889 2451 2109 2520 derunt,
2141 2451 2461 2524 sanguinem
2492 2449 2791 2516 biberunt;
2832 2449 2961 2522 quia
2991 2466 3090 2522 pro
3124 2458 3299 2505 morte
3334 2460 3486 2506 tem-

1888 2541 2087 2612 porali,
2137 2556 2299 2612 quam
2326 2538 2491 2611 justis
2521 2538 2849 2606 intulerunt,
2901 2547 3131 2593 mortem
3167 2548 3483 2611 perpetuam

1888 2638 2227 2702 receperunt.

1961 2726 2143 2797 (Vers.
2188 2727 2266 2799 7.)
2306 2728 2379 2782 Et
2426 2725 2613 2781 audivi
2658 2725 2815 2779 etiam
2863 2726 3037 2779 altare
3090 2725 3262 2779 dicens
3320 2725 3478 2797 (4’s):

1885 2816 2109 2871 Domine
2136 2818 2276 2872 Deus
2306 2816 2648 2886 omnipotens,
2700 2833 2826 2870 vera
2863 2820 2910 2869 et
2943 2814 3096 2883 justa
3120 2814 3331 2884 judicia
3369 2822 3479 2871 tua.

1886 2904 2183 2961 Possumus
2212 2920 2309 2976 per
2338 2905 2506 2960 altare
2536 2912 2752 2961 sanctos
2796 2903 2946 2959 viros
2985 2903 3078 2976 qui
3126 2920 3191 2959 eo
3239 2911 3482 2975 tempore

1885 2993 2132 3061 fuerunt,
2185 2993 2527 3065 intelligere;
2559 2993 2655 3065 qui
2686 2992 3049 3048 laudaverunt
3069 2991 3281 3063 justum
3319 2990 3482 3063 judi—

1885 3084 2034 3141 cium
2064 3083 2184 3152 Dei,
2212 3100 2276 3139 eo
2306 3083 2454 3156 quod
2483 3082 2654 3155 impio
2685 3084 2889 3156 populo
2918 3081 3283 3154 justissimam
3314 3082 3479 3138 dam-

182 3165 267 3221 sio
300 3167 454 3238 (Gen.
480 3184 560 3236 1x,
590 3168 670 3239 5).
690 3168 791 3223 Per
811 3184 960 3225 mare
981 3169 1152 3241 igitur
1170 3169 1620 3242 pravaricatores
1643 3170 1779 3243 legis
1809 3187 1852 3248 ο
1886 3174 2171 3229 nationem
2205 3173 2477 3242 intulerit,
2524 3173 2667 3230 sicut
2695 3173 2929 3246 legimus
2956 3173 3241 3229 Danielem
3288 3182 3341 3230 et
3368 3180 3478 3231 tres

180 3254 573 3325 designantur:
606 3258 753 3330 quod
787 3258 843 3313 in
873 3257 1197 3332 sanguinem
1259 3275 1479 3315 versum
1512 3267 1613 3328 est,
1647 3260 1777 3332 quia

181 3344 487 3401 vindictam
516 3354 831 3418 perpetuam
864 3364 962 3420 pro
1007 3354 1331 3420 contemptu
1388 3348 1775 3404 mandatorum

179 3434 281 3491 Dei
310 3445 646 3508 receperunt.
681 3436 877 3493 Omnis
907 3454 1040 3493 vero
1072 3439 1258 3495 anima
1298 3439 1496 3494 vivens
1555 3444 1776 3494 mortua

178 3530 263 3580 est
292 3524 349 3579 in
381 3524 516 3579 mari
544 3543 557 3592 ;
592 3525 720 3598 quia
754 3526 916 3582 multi
939 3541 1009 3582 ex
1040 3526 1108 3581 iis
1145 3526 1240 3600 qui
1270 3527 1328 3582 in
1350 3526 1489 3581 mari
1519 3533 1693 3595 erant,
1719 3526 1775 3581 id

177 3621 280 3682 est,
312 3629 383 3669 ex
420 3629 652 3668 numero
672 3614 1053 3686 reproborum,
1086 3615 1183 3687 qui
1206 3631 1301 3687 per
1314 3631 1462 3671 mare
1490 3613 1774 3688 designan-

179 3711 290 3771 tur,
326 3711 382 3758 et
409 3703 504 3775 qui
566 3712 691 3760 ante
747 3703 1152 3776 perceptionem
1190 3704 1325 3776 legis
1352 3704 1492 3773 vivi,
1561 3704 1617 3760 id
1671 3710 1773 3772 est,

170 3795 310 3869 justi
342 3797 692 3866 videbantur,
724 3805 944 3869 accepta
981 3798 1116 3870 lege,
1146 3797 1292 3871 quod
1320 3795 1515 3868 injusti
1545 3797 1772 3863 fuerint,

176 3901 248 3942 ex
266 3886 712 3958 pravaricatione
734 3887 868 3959 legis
889 3887 1305 3960 comprobatum
1328 3894 1427 3943 est.
1452 3888 1591 3943 Sunt
1607 3886 1773 3943 etiam

176 3974 343 4031 modo
375 3974 536 4032 multi
565 3975 622 4030 in
652 3975 921 4041 Ecclesia,
949 3976 1044 4049 qui
1074 3986 1368 4049 antequam
1404 3976 1473 4033 ad
1534 3977 1775 4033 honores

176 4064 594 4133 ecclesiasticos,
636 4066 755 4121 sive
787 4066 1072 4121 saculares
1102 4065 1495 4134 conscendant,
1527 4066 1699 4121 sancti
1721 4072 1774 4120 et

170 4150 309 4224 justi
340 4152 635 4210 videntur:
669 4171 863 4210 verum
894 4154 1132 4227 acceptis
1162 4153 1487 4223 honoribus,
1518 4154 1651 4211 dum
1680 4154 1772 4210 do-

174 4257 310 4297 num
340 4242 440 4298 Dei
468 4242 525 4296 in
560 4243 767 4299 malum
807 4250 1155 4314 pervertunt,
1184 4242 1332 4316 quod
1353 4241 1553 4298 mortui
1577 4250 1631 4299 et
1662 4257 1773 4298 non

176 4328 296 4384 vivi
318 4329 544 4398 fuerint,
570 4330 829 4385 omnibus
854 4338 1020 4402 patet.

253 4425 432 4498 (Vers.
466 4425 547 4497 4.)
593 4428 667 4482 Et
696 4426 876 4482 tertius
917 4428 1100 4497 e/fudit
1134 4426 1377 4498 phialam
1429 4445 1579 4484 suam
1618 4446 1775 4501 super

1884 3279 2081 3335 pueros
2116 3263 2328 3320 fecisse.

1957 3355 2139 3427 (Vers.
2187 3354 2240 3424 8,
2290 3356 2372 3427 9.)
2426 3358 2500 3413 Et
2541 3363 2767 3429 quartus
2808 3358 3053 3430 phialam
3096 3376 3249 3414 suam
3295 3362 3478 3431 e/fudit

1884 3442 1941 3498 in
1970 3445 2148 3510 solem,
2188 3450 2237 3499 et
2262 3445 2446 3500 datum
2473 3451 2549 3500 est
2574 3447 2663 3501 illi
2686 3452 2815 3502 cestu
2844 3449 3044 3518 afﬁcere
3071 3448 3300 3503 homines
3331 3449 3472 3522 (45),

1885 3537 1933 3587 et
1986 3532 2113 3603 igni.
2173 3535 2247 3589 Et
2298 3539 2652 3589 cestuaverunt
2702 3535 2934 3591 homines
2982 3544 3111 3591 testu
3158 3554 3371 3609 magno,
3429 3547 3477 3595 et

1885 3621 2374 3692 blasphemaverunt
2400 3640 2582 3678 nomen
2611 3623 2709 3679 Dei
2746 3624 2979 3680 habentis
3021 3631 3325 3696 potestatem
3373 3645 3473 3683 su-

1878 3728 1977 3783 per
2003 3712 2098 3766 has
2119 3714 2344 3783 plagas;
2396 3730 2556 3783 neque
2597 3721 2813 3785 egerunt
2832 3716 3216 3786 paenitentiam,
3266 3723 3327 3772 ut
3367 3718 3476 3773 da—

1884 3806 2001 3855 rent
2026 3801 2111 3857 illi
2137 3800 2388 3872 gloriam.
2421 3801 2658 3869 Quartus
2681 3805 2907 3876 angelus
2938 3804 3220 3862 Christum
3250 3814 3305 3863 et
3333 3823 3475 3880 apo-

1884 3892 2051 3947 stolos
2098 3891 2234 3964 ejus,
2290 3899 2619 3967 caterosque
2657 3893 3038 3967 praedicatores
3068 3895 3362 3968 signiﬁcat,
3412 3906 3475 3954 ut

1884 3990 2139 4053 quartum
2178 3983 2432 4054 angelum
2472 3984 2530 4039 in
2574 3983 2844 4056 superiori
2886 3984 3099 4040 visione
3140 3984 3473 4057 signiﬁcasse

1882 4070 2163 4127 diximus:
2219 4072 2314 4128 sed
2360 4072 2439 4128 ibi
2486 4089 2581 4144 per
2639 4073 2808 4128 solem
2858 4073 3090 4146 populus
3135 4074 3471 4147 Judaorum,

1884 4175 1979 4231 per
2013 4160 2232 4217 tertiam
2262 4170 2472 4234 partem
2510 4160 2642 4217 solis
2688 4169 2741 4218 et
2787 4162 2931 4217 luna
2975 4170 3138 4236 atque
3188 4165 3470 4221 stellarum

1882 4250 2071 4307 ﬁdeles
2100 4253 2195 4325 qui
2226 4268 2293 4307 ex
2334 4251 2432 4307 illo
2461 4255 2665 4325 populo
2696 4252 2752 4308 in
2783 4252 3066 4311 Christum
3097 4254 3470 4326 crediderunt,

1881 4339 2255 4413 designantur.
2302 4341 2540 4408 Quartus
2568 4342 2738 4415 igitur
2780 4345 3004 4415 angelus
3046 4343 3285 4415 phialam
3314 4362 3469 4401 suam

1883 4430 1941 4485 in
1980 4430 2150 4485 solem
2197 4430 2422 4498 effudit;
2479 4432 2610 4504 quia
2655 4431 2905 4489 Christus
2953 4440 3007 4487 et
3054 4434 3285 4505 apostoli
3328 4433 3466 4505 ejus,

174 4516 418 4586 ﬂumina,
453 4521 502 4570 et
529 4532 687 4587 super
714 4515 884 4586 fontes
912 4533 1198 4587 aquarum,
1247 4524 1294 4572 et
1331 4518 1505 4587 factus
1534 4525 1608 4573 est
1635 4536 1772 4574 san-
1803 4548 1849 4605 Β
1881 4518 2027 4590 quod
2056 4518 2212 4590 impii
2246 4519 2419 4575 Judai
2466 4537 2497 4574 a
2546 4520 2805 4577 Romanis
2833 4519 3051 4576 delendi
3081 4528 3280 4589 essent,
3317 4538 3466 4593 aper-

174 4605 313 4677 guis.
346 4605 453 4661 Iste
508 4605 733 4678 angelus
780 4605 1074 4677 prophetas
1102 4605 1370 4679 designat,
1399 4623 1495 4679 per
1543 4608 1773 4664 ﬂumina

176 4710 308 4749 vero
332 4694 615 4768 fontesque
647 4709 911 4766 aquarum
940 4694 1233 4753 duodecim
1256 4695 1453 4775 ‘tribus
1499 4714 1624 4754 cum
1656 4697 1771 4754 suis

176 4783 404 4841 familiis
430 4784 825 4856 designantur;
869 4801 996 4841 nam
1032 4794 1087 4842 et
1115 4786 1173 4842 in
1204 4787 1534 4859 pracedenti
1555 4787 1770 4844 visione

176 4891 272 4948 per
309 4875 533 4931 tertium
563 4876 817 4947 angelum
848 4876 980 4932 tuba
999 4886 1283 4934 canentem
1349 4878 1645 4950 prophetas
1673 4879 1770 4936 di-

175 4972 363 5029 ximus
392 4973 558 5029 fuisse
578 4974 907 5047 designatos.
940 4974 1045 5031 Sed
1075 4974 1152 5030 ibi
1186 4974 1350 5031 tertia
1402 4991 1528 5046 pars
1587 4974 1766 5032 ﬂumi-

176 5078 309 5117 num
344 5061 458 5135 (42)
492 5071 655 5137 atque
702 5063 940 5118 fontium
974 5079 1129 5119 versa
1185 5079 1300 5119 esse
1333 5062 1534 5135 legitur
1581 5063 1639 5119 in
1678 5064 1766 5120 ab-

249 5263 363 5335 (41)
396 5264 573 5330 Edit.,
604 5282 660 5320 eo
688 5264 827 5335 quod
855 5263 994 5336 ipsa,
1020 5265 1079 5319 id
1106 5272 1203 5329 est,
1235 5264 1476 5321 diabolus
1521 5265 1590 5320 sit
1642 5283 1764 5321 auc-

176 5341 294 5408 tor,-
318 5352 477 5408 mss,
509 5354 565 5391 eo
594 5337 734 5406 quod
763 5337 871 5408 ipse
900 5336 971 5391 sit
992 5344 1199 5392 auctor.

247 5405 363 5481 (42)
386 5405 908 5481 ΟωηθείθᾴἱῐηἛεά
937 5408 1011 5463 ibi
1033 5425 1169 5481 pars
1220 5406 1502 5479 ﬂuminum
1532 5427 1550 5463 :
1582 5426 1760 5466 mss...

176 5478 332 5548 tertia
357 5494 488 5548 pars
516 5480 812 5548 ﬂuminum.

247 5547 368 5618 (43)
416 5551 571 5625 Rom.
629 5550 786 5625 edit.,
840 5553 1084 5622 angelum
1160 5570 1431 5625 aquarum
1477 5553 1762 5608 dicentem:

172 5620 356 5675 Justus
379 5635 457 5745 ps,
490 5620 774 5679 Domine...
818 5620 1105 5681 Possumus
1146 5620 1247 5697 per
1303 5627 1550 5697 angelum
1600 5641 1763 5696 aqua-

175 5707 317 5745 rum.
348 5706 376 5745 e
403 5706 453 5745 c.

175 5707 317 5759 rum,
348 5706 453 5749 etc.

1883 4610 1953 4666 tis
1985 4611 2216 4668 vocibus
2244 4612 2637 4685 pradixerunt.
2679 4611 2813 4666 Nam
2843 4611 2985 4666 sicut
3013 4611 3246 4682 quilibet
3277 4627 3468 4670 servus

1878 4701 2076 4773 accipit
2104 4718 2135 4757 a
2163 4701 2401 4757 Domino
2431 4717 2529 4756 suo
2558 4700 2821 4773 gladium,
2855 4716 2965 4755 non
2994 4698 3140 4755 unde
3171 4700 3284 4772 ipse
3306 4700 3465 4773 jugu-

1881 4791 2043 4858 letur,
2097 4790 2191 4847 sed
2217 4791 2362 4846 unde
2393 4807 2543 4845 reum
2571 4789 2786 4862 jugulet
2810 4807 2824 4856 ;
2875 4789 2951 4845 ita
2976 4796 3027 4842 et
3055 4789 3284 4845 Romani
3316 4790 3467 4856 eﬁ'u-r

1876 4884 2087 4939 sionem
2123 4883 2341 4955 phiala,
2389 4881 2448 4937 in
2490 4897 2597 4954 qua
2643 4880 2724 4935 ira
2765 4879 2865 4936 Dei
2899 4879 3305 4948 continebatur,
3354 4896 3467 4937 non

1875 4971 1945 5027 ad
1983 4972 2088 5029 hoc
2129 4977 2486 5042 susceperunt
2523 4976 2584 5024 ut
2622 4968 2726 5040 ipsi
2767 4968 2823 5022 in
2853 4984 2915 5022 ea
2946 4968 3210 5039 perirent,
3258 4968 3351 5024 sed
3399 4969 3464 5026 ad

1876 5060 2270 5117 vindicandum
2299 5058 2505 5115 Christi
2537 5057 2857 5131 sanguinem
2894 5057 2951 5112 in
2979 5058 3195 5114 Judaos
3225 5058 3466 5115 effunde-

1948 5262 2064 5335 (44)
2101 5263 2303 5319 Omnes
2331 5258 2492 5335 edit,
2541 5261 2614 5335 Et
2647 5260 2834 5316 audivi
2862 5277 3033 5315 vocem
3073 5260 3135 5316 de
3160 5259 3330 5335 altari
3371 5259 3465 5315 di-

1874 5330 2099 5390 centem:
2151 5335 2354 5400 Etiam,
2393 5332 2647 5388 Domine:
2700 5349 2890 5389 omnes
2940 5348 3068 5389 mss.
3125 5338 3187 5387 ut
3232 5330 3287 5385 in
3338 5347 3463 5389 con-

1874 5415 2050 5465 textu.

1949 5478 2066 5549 (45)
2108 5478 2188 5533 Ita
2215 5493 2386 5550 ms_s.;
2436 5475 2569 5550 edit.
2619 5483 2814 5550 autem
2840 5475 2971 5550 (jill.
3014 5491 3113 5550 pro
3154 5479 3357 5550 afﬁcere
3405 5478 3463 5535 in

1874 5546 2118 5621 margine
2147 5546 2350 5621 posuit,
2381 5549 2627 5622 afﬂigere,
2674 5546 2821 5622 quod
2848 5546 3098 5622 RomJin
3127 5546 3340 5622 tejitum
3370 5550 3463 5606 ad-

1874 5618 2046 5697 misit,
2094 5618 2166 5697 ac
2184 5618 2442 5692 praeterea
2477 5618 2706 5697 _totum,‘
2729 5618 2825 5691 qui
2854 5618 3120 5692 sequitur,
3169 5620 3464 5697 Scriptura

1873 5693 2208 5750 versiculum
2237 5692 2536 5751 exsecavit.
