3964 6398
505 411 607 470 991

1544 409 1638 466 AD
1677 407 1912 466 OPERA
1951 406 2008 463 S.
2050 405 2384 465 AMBROSII
2421 405 2800 464 APPENDIX.

3710 409 3809 468 992

501 543 655 604 rent;
682 533 830 592 unde
875 544 928 592 et
954 534 1240 609 sequitur:
1293 532 1434 602 Quia
1482 533 1670 590 datum
1713 539 1788 589 est
1831 531 1918 589 illi
1963 538 2094 590 cestu
2124 533 2175 594 A
2208 530 2347 587 viris
2402 530 2821 605 superabantur,
2879 538 3035 590 tanto
3087 531 3384 606 ampliores
3438 531 3810 608 blasphemias

501 625 702 697 a/ﬁcere
729 624 960 680 homines
993 631 1042 680 et
1066 623 1197 696 igni.
1256 623 1552 680 Possumus
1599 639 1695 696 per
1731 630 1924 680 aestum
1951 623 2094 680 obsi-

501 712 744 782 dionem,
797 731 892 788 per
922 714 1103 788 ignem
1139 721 1322 770 autem
1349 713 1550 770 famem
1577 721 1631 769 et
1659 713 1924 786 gladium,
1975 713 2096 787 qui-

501 800 606 858 bus
631 801 807 859 Judaei
836 819 974 875 pene
1004 819 1195 859 omnes
1219 803 1532 874 consumpti
1575 811 1724 872 sunt,
1765 802 2092 874 intelligere.

501 893 701 950 Datum
729 901 814 949 est
841 909 967 966 ergo
997 892 1099 948 soli
1129 892 1341 948 aﬁicere
1371 892 1622 948 homines
1651 901 1788 949 aestu
1834 901 1888 948 et
1934 893 2049 966 igni
2076 911 2091 963 ;

505 981 632 1048 quia
661 982 922 1038 Romanis
949 981 1138 1038 datum
1169 989 1251 1038 est
1276 997 1308 1038 a
1335 981 1468 1050 Deo,
1519 989 1582 1038 ut
1627 981 1829 1055 impios
1875 981 2096 1039 Iudaeos

503 1070 744 1129 diversis
772 1069 1178 1128 calamitatibus
1198 1071 1447 1140 aﬂlictos,
1471 1072 1734 1144 quosdam
1756 1071 2090 1142 occiderent,

499 1160 766 1234 quosdam
822 1176 854 1216 a
902 1175 999 1216 sua
1051 1167 1198 1216 terra
1239 1160 1556 1219 evellerent.
1612 1163 1687 1218 Et
1737 1167 2094 1217 cestuaveruut

501 1249 731 1304 homines
760 1255 888 1305 cestu
911 1266 1120 1320 magno.
1177 1249 1349 1316 Quam
1381 1265 1610 1322 magnus
1645 1249 1814 1306 fuerit
1860 1251 1955 1307 ille
1997 1267 2090 1306 aes-

499 1345 606 1407 tus,
639 1354 748 1411 quo
775 1338 1010 1394 Romani
1041 1337 1258 1394 Judmos
1287 1337 1624 1407 aﬁlixerunt,
1648 1337 1745 1410 qui
1772 1339 1896 1396 vult
1927 1337 2088 1408 scire,

498 1427 796 1500 Josephum
828 1429 990 1502 legat,
1039 1437 1094 1486 et
1123 1429 1369 1486 inveniet
1395 1429 1607 1484 nullam
1635 1435 1850 1498 gentem
1889 1428 1945 1484 in
1975 1445 2090 1485 om-

499 1515 664 1572 nibus
707 1518 890 1590 regnis
941 1525 1211 1574 terrarum
1256 1517 1498 1574 atrocius
1547 1515 1770 1590 periisse
1818 1517 1918 1590 (De
1957 1519 2090 1575 bello

495 1605 767 1680 Iudaico).
821 1609 899 1664 Et
943 1609 1440 1680 blasphemaverunt
1481 1625 1668 1664 nomen
1715 1607 1816 1664 Dei
1855 1607 2089 1665 habentis

490 1705 796 1768 potestatem
823 1716 983 1772 super
1024 1701 1121 1756 has
1142 1702 1356 1773 plagas.
1412 1699 1542 1757 Tam
1591 1699 1762 1772 impia
1805 1698 1915 1756 fuit
1957 1717 2088 1774 gens

493 1787 828 1860 Iudaeorum,
885 1797 948 1847 ut
977 1807 1102 1848 cum
1134 1791 1337 1849 scirent
1381 1807 1438 1849 se
1481 1807 1580 1863 pro
1627 1789 1927 1848 sceleribus
1971 1791 2086 1848 suis

2206 622 2277 680 ad
2309 639 2401 680 eos
2434 622 2800 681 revincendos
2825 623 3220 680 inveniebant:
3273 622 3636 697 impellebant
3667 627 3808 684 nihi-

2207 711 2452 770 lominus
2481 729 2574 770 eos
2592 713 2661 770 ad
2705 715 2881 770 Deum
2937 713 3436 786 blasphemandum
3465 714 3678 788 proprii
3730 732 3809 774 er-

2205 817 2376 872 rores,
2407 820 2542 876 quos
2569 802 2989 876 proﬁtebantur.
3024 802 3130 871 Qui
3166 803 3332 859 etiam
3395 801 3514 860 sine
3543 795 3807 877 poeniten-

2205 890 2283 947 tia
2309 891 2478 947 fuisse
2500 890 2783 962 dicuntur,
2803 892 2906 948 vix
2933 893 3082 948 enim
3111 891 3354 964 aliquem
3403 907 3474 948 ex
3505 892 3807 951 inventori-

2201 978 2305 1036 bus
2339 980 2609 1038 haeresum
2638 981 2909 1052 invenies,
2940 981 3036 1056 qui
3067 980 3454 1056 paenitentiam
3525 983 3699 1056 egerit
3739 1001 3805 1043 ex

2200 1073 2314 1129 suis
2344 1073 2644 1130 erroribus.

2275 1164 2456 1234 (Vers.
2493 1163 2604 1236 12.)
2637 1165 2712 1220 Et
2739 1167 2919 1218 sextus
2946 1159 3132 1234 eﬂ‘udit
3164 1160 3409 1234 phialam
3441 1178 3595 1219 suam
3649 1181 3806 1238 super

2198 1254 2392 1324 ﬂumen
2420 1271 2670 1326 magnum
2719 1255 3054 1326 Euphraten,
3087 1260 3136 1310 et
3157 1253 3372 1310 siccavit
3399 1271 3600 1326 aquam
3657 1255 3798 1326 ejus;

2199 1350 2258 1399 ut
2280 1352 2690 1417 prwpararetur
2717 1345 2806 1402 via
2826 1346 3034 1417 regibus
3063 1345 3128 1401 ab
3149 1352 3274 1401 ortu
3297 1346 3446 1404 solis.
3477 1347 3676 1405 Sextus
3699 1348 3804 1406 iste

2199 1433 2422 1506 angelus
2449 1433 2696 1490 eamdem
2726 1434 3186 1506 signiﬁcationem
3232 1433 3396 1491 habet
3426 1451 3590 1508 quam
3621 1443 3676 1492 et
3705 1437 3802 1494 ille

2199 1521 2295 1594 qui
2323 1529 2474 1578 sexta
2502 1522 2634 1578 tuba
2659 1522 2922 1580 cecinisse
2960 1522 3114 1580 visus
3151 1530 3269 1591 est;
3312 1523 3590 1596 signiﬁcat
3646 1525 3799 1582 enim

2199 1617 2470 1683 martyres
2506 1619 2762 1669 sanctos:
2795 1621 2849 1670 et
2878 1611 2974 1686 qui
2999 1611 3360 1684 designantur
3379 1612 3500 1670 illic
3530 1629 3628 1686 per
3647 1615 3799 1688 equi-

2198 1707 2302 1769 tes,
2330 1716 2362 1756 a
2385 1701 2588 1774 quibus
2614 1703 2778 1760 tertia
2804 1719 2930 1775 pars
2958 1701 3248 1758 hominum
3272 1701 3452 1758 occisa
3475 1703 3646 1761 fuisse
3679 1705 3798 1763 des-

2195 1788 2452 1860 cribitur,
2487 1790 2592 1864 ipsi
2619 1797 2674 1848 et
2709 1790 2770 1847 in
2789 1791 2894 1849 hoc
2914 1791 3034 1848 loco
3053 1807 3148 1864 per
3167 1789 3375 1848 ﬂumen
3395 1807 3654 1866 magnum
3684 1796 3796 1852 Eu-

494 1880 742 1938 inaudita
785 1881 928 1938 mala
963 1883 1192 1955 perpeti,
1256 1899 1370 1939 non
1417 1883 1596 1938 solum
1657 1898 1690 1938 a
1730 1881 2087 1956 hlasphemiis
2116 1896 2164 1958 Β
2197 1878 2431 1952 phraten
2450 1888 2823 1952 persecutores
2841 1881 3104 1938 videlicet
3128 1881 3391 1939 Ecclesiae
3417 1884 3538 1940 Dei.
3577 1883 3798 1944 Eﬁ‘udit

493 1967 699 2026 Christi
731 1987 845 2026 non
875 1971 1229 2038 cessaverint,
1257 1972 1353 2028 sed
1381 1971 1555 2028 etiam
1581 1971 1758 2027 multo
1789 1971 2085 2028 deteriores

490 2057 859 2130 blasphemias
887 2059 948 2115 in
975 2059 1090 2117 suis
1117 2060 1508 2116 afﬂictionibus
1538 2069 1729 2117 contra
1755 2061 1930 2117 Deum
1959 2078 2084 2118 evo-

491 2145 752 2203 muerint.
809 2147 964 2204 Unde
1009 2158 1063 2206 et
1093 2147 1380 2220 sequitur:
1431 2150 1612 2218 Neque
1659 2155 1874 2219 egerunt
1915 2149 2082 2220 pceni-

491 2235 726 2304 tentiam,
757 2241 816 2290 ut
843 2237 1032 2292 darent
1059 2237 1146 2293 illi
1172 2236 1435 2308 gloriam;
1487 2236 1680 2292 darent
1703 2252 1940 2310 namque
1967 2239 2081 2293 Deo

386 2317 390 2321 ’
489 2323 742 2397 gloriam,
769 2322 816 2380 si
846 2341 916 2381 ex
945 2325 1062 2381 suis
1091 2323 1482 2397 iniquitatibus
1511 2325 1890 2397 paenitentiam
1921 2341 2078 2398 agen-

487 2422 570 2471 tes
597 2413 657 2470 in
684 2413 968 2472 Christum
994 2414 1386 2484 credidissent,
1417 2415 1641 2490 ejusque
1671 2415 1929 2474 mandata
1957 2433 2079 2475 cus-

486 2502 774 2562 todissent.

559 2598 741 2670 (Vers.
776 2596 863 2666 10,
898 2597 1010 2669 11.)
1055 2597 1129 2652 Et
1157 2595 1372 2667 quintus
1415 2597 1599 2668 effudit
1639 2597 1882 2670 phialam
1925 2614 2078 2655 suam

483 2703 644 2758 super
669 2685 838 2742 sedem
867 2685 1058 2754 bestiae,
1105 2691 1154 2740 et
1179 2683 1382 2755 factum
1411 2692 1485 2742 est
1511 2703 1730 2758 regnum
1777 2687 1891 2758 ejus
1931 2694 2079 2743 tene-

485 2775 732 2831 brosum:
785 2781 832 2830 et
857 2774 1418 2830 commanducaverunt
1449 2775 1654 2847 linguas
1684 2791 1811 2832 suas
1828 2793 1946 2849 pra:
1971 2777 2078 2832 do-

486 2863 612 2932 lore,
667 2867 715 2918 et
743 2862 1236 2935 blasphemaverunt
1263 2865 1433 2920 Deum
1476 2864 1592 2920 cwli
1634 2881 1752 2937 pra:
1803 2864 2078 2921 doloribus

483 2956 531 3006 et
571 2951 876 3006 vulneribus
925 2953 1076 3018 suis;
1117 2959 1166 3008 et
1208 2969 1316 3006 non
1353 2959 1565 3024 egerunt
1607 2953 1969 3024 paenitentiam
2011 2971 2076 3009 ea:

484 3039 728 3110 operibus
769 3041 903 3096 suis.
952 3039 1207 3108 Quintus.
1241 3040 1465 3112 angelus
1509 3039 1850 3098 orthodoxos
1897 3052 2076 3116 patres

483 3127 581 3200 qui
605 3137 796 3184 contra
814 3127 1100 3185 haereticos
1121 3129 1547 3202 dimicaverunt,
1571 3129 1864 3202 signiﬁcat,
1889 3149 2072 3206 quem-

483 3217 780 3273 admodum
823 3225 877 3274 et
904 3217 1064 3274 illum
1095 3217 1340 3274 diximus
1369 3219 1724 3291 signiﬁcasse,
1773 3219 1870 3294 qui
1898 3219 1957 3276 in
1985 3237 2074 3278 su-
2103 3257 2147 3318 Ο

485 3307 684 3380 periori
715 3307 928 3365 visione
957 3309 1184 3382 quintus
1202 3309 1336 3367 tuba
1353 3309 1555 3367 cecinit
1573 3311 1712 3384 (cap.
1739 3328 1818 3381 Ix,
1839 3313 2066 3386 Μελ).

481 3397 555 3454 Et
583 3395 728 3453 sicut
755 3395 873 3454 illic
920 3413 1016 3472 per
1044 3398 1283 3456 locustas
1321 3398 1568 3456 haeretici
1601 3400 1870 3472 designati
1921 3408 2070 3472 sunt,

481 3483 558 3541 ita
586 3493 640 3542 et
668 3485 760 3543 hic
785 3502 884 3559 per
917 3487 1102 3544 sedem
1144 3486 1333 3545 bestiae
1383 3487 1629 3545 haeretici
1679 3489 2065 3562 designantur:

479 3573 652 3632 bestia
681 3583 866 3634 autem
893 3577 1174 3634 diabolum
1203 3579 1496 3652 signiﬁcat.
1520 3579 1648 3636 lure
1669 3580 1838 3653 igitur
1857 3579 2069 3637 haereti-

476 3665 527 3724 ci
547 3665 700 3723 sedes
715 3666 901 3724 bestiae
923 3667 1186 3726 dicuntur
1206 3688 1221 3738 ;
1246 3670 1372 3744 quia
1391 3671 1449 3727 in
1471 3687 1660 3727 eorum
1680 3670 1940 3728 cordibus
1957 3670 2071 3728 dia-

475 3754 636 3812 bolus
688 3755 980 3815 inhabitat.
1030 3759 1268 3828 Quintus
1321 3759 1491 3832 igitur
1545 3760 1770 3833 angelus
1825 3759 2066 3833 phialam

475 3861 628 3902 suam
663 3862 826 3918 super
853 3848 1035 3905 sedem
1064 3847 1255 3906 bestiae
1291 3848 1523 3918 effudit;
1575 3849 1706 3922 quia
1731 3849 1908 3912 sancti
1957 3849 2066 3905 viri

475 3953 686 3994 errores
734 3937 1119 3995 haereticorum
1177 3937 1508 4012 delegentes,
1556 3957 1676 4014 quae
1735 3957 1896 4014 poena
1953 3940 2066 3998 illis

465 4023 720 4094 instaret,
772 4027 1122 4084 manifestare
1151 4027 1502 4084 studuerunt.
1560 4029 1786 4085 Factum
1817 4037 1898 4086 est
1934 4045 2065 4086 vero

475 4119 614 4178 561
652 4118 880 4188 regnum
928 4117 1047 4189 ejus
1087 4117 1477 4186 tenebrosum;
1530 4117 1661 4190 quia
1705 4117 1820 4174 illis
1863 4117 2065 4190 quibus

475 4212 725 4270 doctrina
755 4213 1143 4270 haereticorum
1185 4214 1396 4285 fulgida
1435 4213 1748 4283 videbatur,
1800 4230 1898 4286 per
1937 4213 2062 4270 doc-

479 4301 678 4358 trinam
721 4310 1037 4358 sanctorum
1091 4302 1336 4371 Patrum,
1387 4301 1534 4374 quod
1577 4301 1776 4358 misera
1817 4310 1868 4358 et
1916 4310 2061 4359 tene-

474 4390 636 4449 brosa
663 4397 824 4458 esset,
851 4389 1287 4446 demonstratum
1323 4398 1424 4446 est.
1479 4391 2063 4448 Commanducaverunt

479 4481 688 4554 linguas
712 4498 838 4537 suas
877 4498 996 4553 prae
1023 4481 1240 4538 dolo-re:
1293 4481 1424 4554 quia
1465 4479 1669 4554 singuli
1717 4480 2061 4553 singulorum

475 4589 686 4630 errores
715 4571 1218 4645 reprehendebant;
1271 4587 1398 4628 nam
1437 4587 1614 4646 neque
1662 4569 1830 4628 Arius
1875 4573 2059 4628 Euno-

475 4662 650 4720 mium
679 4671 920 4731 secutus,
967 4663 1054 4718 vel
1081 4661 1402 4731 Sabellium,
1447 4662 1537 4718 vel
1580 4677 1908 4736 quemquam
1939 4661 2060 4717 illo-

475 4768 632 4820 rum;
681 4768 858 4826 neque
888 4751 973 4808 illi
1002 4752 1198 4808 illum:
1239 4751 1334 4808 sed
1378 4751 1758 4825 unusquisque
1805 4749 2058 4808 haeresim

474 4858 630 4899 suam
682 4841 928 4899 stabilire
985 4843 1198 4911 volens,
1245 4848 1564 4898 caeterorum
1625 4857 1835 4898 errores
1883 4856 2059 4913 repre-

475 4931 749 4990 hendebat
795 4931 935 5005 (46).
981 4931 1088 4999 Qui
1116 4931 1283 4988 etiam
1312 4933 1485 4987 Deum
1525 4947 1635 5003 prae
1679 4929 1964 4986 doloribus
2007 4937 2061 4985 et

475 5020 800 5079 vulneribus
843 5021 958 5076 suis
998 5019 1402 5094 blasphemasse
1449 5019 1752 5089 dicuntur;
1803 5020 2060 5080 dolebant

474 5113 676 5186 quippe
704 5110 972 5176 haeretici,
1029 5126 1094 5166 eo
1122 5109 1270 5184 quod
1297 5126 1328 5166 a
1357 5109 1646 5168 catholicis
1671 5111 1809 5168 viris
1850 5128 2062 5185 semper

478 5201 965 5260 convincerentur:
1013 5200 1243 5256 vulnera
1270 5215 1401 5256 vero
1427 5216 1620 5257 eorum
1652 5209 1808 5257 erant
1847 5217 2062 5259 errores

475 5290 843 5364 singulorum.
866 5287 1328 5360 Blasphemabant
1340 5305 1472 5345 vero
1497 5288 1742 5347 haeretici
1761 5291 1936 5348 Deum
1953 5307 2063 5364 prie

476 5377 762 5436 doloribus
791 5377 944 5447 suis;
984 5377 1113 5451 quia
1156 5384 1362 5450 quanto
1411 5377 1656 5450 amplius
1697 5395 1728 5434 a
1777 5379 2064 5438 catholicis

549 5559 666 5632 (46)
707 5561 846 5616 Nam
880 5577 1043 5632 neque
1087 5559 1275 5616 Arius.
1321 5603 1334 5616 .
1378 5601 1393 5616 .
1447 5575 1654 5615 errores
1698 5561 2064 5632 reprehendat,

478 5645 548 5685 ex
575 5646 710 5685 mss.
742 5631 998 5688 omnibus
1023 5632 1338 5688 restitutum
1369 5639 1471 5686 est.

577 5699 690 5775 ls_7)_
714 5701 914 5775 Aberat
943 5720 1010 5758 ex
1037 5703 1195 5775 edit.,
1240 5711 1287 5758 et
1340 5703 1546 5758 sanitas
1593 5702 1647 5758 in
1688 5703 1875 5774 pennis
1911 5702 2061 5775 ejus;

479 5769 576 5828 sed
604 5769 835 5828 habetur
863 5772 922 5830 in
949 5773 1162 5831 cunctis
1181 5769 1323 5830 mss.

2088 4619 2139 4680 D

2194 1985 2323 2040 ergo
2351 1971 2578 2042 angelus
2607 1970 2850 2044 phialam
2898 1987 3054 2027 suam
3083 1987 3247 2044 super
3295 1971 3502 2028 ﬂumen
3539 1973 3796 2046 Euphra-

2191 2065 2320 2125 ten;
2357 2058 2488 2132 quia
2548 2076 2668 2134 quae
2721 2060 3004 2117 damnatio
3032 2059 3474 2133 persecutoribus
3527 2060 3796 2120 Ecclesia:

2190 2146 2422 2205 instaret
2456 2149 2592 2222 ipsis
2621 2151 3065 2222 persecutoribus
3079 2150 3198 2208 sine
3217 2151 3403 2225 aliqua
3421 2151 3795 2224 trepidatione

2190 2237 2594 2308 praedixerunt.
2625 2239 2728 2294 Per
2755 2255 2953 2312 aquam
2982 2256 3114 2296 vero
3151 2241 3269 2312 ipsa
3316 2241 3624 2314 persecutio
3649 2241 3793 2300 desi-

2189 2331 2425 2396 gnatur:
2459 2326 2692 2383 siccavit
2719 2335 2902 2383 autem
2934 2344 3130 2400 aquam
3161 2326 3284 2400 ejus
3309 2345 3322 2386 :
3355 2330 3486 2403 quia
3512 2330 3713 2388 tandiu
3733 2333 3793 2390 in

2187 2413 2578 2486 praedicatione
2598 2415 2752 2471 verbi
2785 2415 2886 2472 Dei
2916 2415 3092 2474 sancti
3111 2425 3382 2489 martyres
3401 2421 3791 2492 perstiterunt,

2187 2501 2498 2576 usquedum
2529 2503 2710 2561 omnis
2762 2502 3068 2577 persecutio
3097 2503 3265 2560 ﬁnem
3313 2506 3606 2579 acciperet,
3669 2510 3792 2584 qui-

2185 2589 2416 2648 busdam
2447 2609 2518 2649 ex
2571 2592 3016 2666 persecutoribus
3045 2593 3105 2649 in
3151 2592 3434 2650 internum
3491 2596 3790 2669 demersis,

2185 2682 2516 2755 quibusdam
2540 2683 2670 2741 ﬁdei
2698 2683 3012 2742 christiana:
3051 2682 3370 2756 semetipsos
3418 2685 3790 2758 subjicienti-

2183 2779 2306 2836 bus.
2338 2779 2442 2836 Per
2469 2797 2620 2854 reges
2643 2780 3058 2838 multitudinem
3088 2781 3356 2854 gentium,
3387 2798 3508 2855 qua:
3527 2782 3597 2839 ad
3612 2783 3786 2841 ﬁdem

2184 2865 2393 2926 Christi
2422 2869 2722 2939 conﬂuxit,
2750 2885 3042 2943 possumus
3069 2868 3395 2942 intelligere.
3447 2869 3554 2928 Via
3593 2871 3788 2947 itaque

2183 2955 2402 3028 regibus
2432 2957 2634 3016 siccata
2671 2974 2811 3033 aqua
2837 2965 3136 3032 praeparata
3164 2965 3245 3014 est
3268 2976 3282 3027 ;
3315 2957 3445 3032 quia
3463 2957 3638 3016 ﬁnitis
3659 2977 3786 3034 per.

2181 3045 2578 3118 secutionihus,
2612 3047 2787 3104 libera
2821 3046 3054 3104 facultas
3079 3045 3205 3104 data
3233 3054 3315 3103 est
3343 3047 3604 3104 omnibus
3632 3066 3787 3122 gen-

2181 3135 2330 3193 tibus
2349 3136 2418 3193 ad
2447 3137 2614 3195 ﬁdem
2671 3137 2881 3196 Christi
2910 3137 3192 3194 veniendi.
3223 3136 3330 3194 Sed
3370 3139 3646 3212 quomodo
3707 3138 3785 3196 ab

2181 3232 2308 3282 ortu
2337 3226 2470 3284 solis
2500 3226 2714 3282 venisse
2743 3225 3024 3296 dicuntur,
3085 3225 3144 3282 id
3181 3234 3280 3296 est,
3312 3243 3344 3283 a
3381 3227 3618 3298 Christo,
3679 3229 3781 3303 qui

2181 3330 2278 3386 per
2305 3315 2477 3372 solem
2503 3315 2852 3387 designatur;
2885 3331 3011 3373 cum
3065 3331 3177 3371 non
3223 3331 3256 3372 a
3283 3314 3522 3386 Christo,
3563 3317 3661 3374 sed
3709 3317 3787 3374 ad

2181 3402 2486 3473 Christum,
2541 3403 2825 3461 diabolum
2869 3403 3245 3478 relinquentes
3299 3405 3604 3463 venerint?
3654 3406 3785 3463 Nisi

2179 3491 2320 3549 forte
2347 3509 2442 3565 per
2480 3493 2650 3550 solem
2681 3492 2965 3550 diabolum
3009 3493 3404 3566 intelligamus,
3439 3501 3503 3550 ut
3546 3493 3614 3550 ab
3653 3495 3784 3568 ipso

2177 3582 2248 3639 ad
2277 3583 2556 3641 Christum
2582 3583 2874 3641 venerint:
2907 3583 3002 3640 sed
3031 3583 3229 3639 melius
3267 3590 3348 3639 est
3375 3589 3436 3639 ut
3472 3599 3568 3656 per
3595 3584 3782 3640 solem
3881 3615 3890 3624 ~

2178 3670 2460 3730 Christum
2491 3672 2884 3745 intelligamus,
2917 3679 3140 3744 propter
3161 3670 3303 3727 illud
3347 3671 3736 3744 propheticum
3763 3694 3778 3732 :

2191 3783 2210 3809 α
2239 3761 2412 3819 Vobis
2439 3769 2623 3818 autem
2651 3760 2979 3818 timentibus
3006 3777 3211 3818 nomen
3235 3777 3421 3816 meum
3450 3761 3670 3818 orietur
3689 3765 3783 3820 sol

2169 3849 2421 3922 justitiae,
2454 3859 2508 3909 et
2537 3851 2743 3907 sanitas
2771 3850 2830 3906 in
2863 3849 3058 3923 pennis
3079 3848 3196 3922 ejus
3219 3849 3336 3921 (47)
3373 3849 3657 3924 (Malach.)
3693 3870 3781 3924 1v,

2175 3941 2256 4014 2).
2288 3965 2307 3991 ι
2347 3941 2434 3998 Ab
2462 3949 2589 3998 ortu
2615 3957 2743 4014 ergo
2773 3939 2928 4006 solis,
2955 3939 3010 3996 id
3043 3946 3142 4007 est,
3174 3956 3206 3995 a
3251 3939 3473 3998 Christo
3511 3941 3783 4012 veniunt,

2174 4030 2304 4103 quia
2329 4031 2448 4104 ipso
2473 4031 2786 4102 inspirante
2821 4037 2874 4086 et
2901 4029 3220 4101 impellente
3247 4028 3316 4084 ad
3336 4043 3463 4085 eum
3491 4030 3740 4090 veniunt
3765 4052 3782 4102 ;

2173 4119 2346 4191 ipsius
2375 4128 2458 4176 est
2481 4118 2688 4174 donum
2718 4124 2772 4172 et
2823 4117 2967 4172 velle
3025 4121 3078 4172 et
3115 4113 3392 4187 perﬁcere,
3451 4132 3572 4189 quas
3621 4117 3789 4179 bona

2171 4216 2320 4278 sunt,
2352 4207 2495 4264 sicut
2520 4207 2636 4280 ipse
2665 4205 2848 4263 dixit:
2895 4231 2914 4254 ι
2935 4205 3066 4262 Sine
3093 4221 3182 4262 me
3233 4205 3377 4262 nihil
3404 4207 3636 4279 potestis
3691 4213 3784 4270 fa-

2170 4314 2290 4356 cere
2323 4297 2502 4369 (Joan.
2534 4312 2633 4364 xv,
2663 4294 2744 4367 5).
2777 4319 2797 4344 ι
2841 4293 2892 4350 Α
2934 4293 3156 4354 Christo
3183 4293 3368 4368 itaque
3383 4295 3621 4354 veniunt
3649 4302 3782 4373 qui-

2169 4403 2385 4460 cunque
2413 4387 2482 4444 ad
2509 4383 2792 4444 Christum
2821 4383 3086 4451 veniunt;
3120 4382 3250 4457 quia
3279 4383 3397 4457 ipse
3427 4383 3522 4442 dat
3571 4393 3633 4444 ut
3661 4404 3781 4447 ve-

2169 4475 2346 4544 niant,
2377 4483 2432 4531 et
2459 4475 2577 4547 ipse
2605 4472 2834 4546 suscipit
2861 4473 3165 4530 venientes.

2243 4566 2427 4640 (Vers.
2459 4565 2546 4634 13,
2583 4563 2694 4638 14.)
2728 4566 2804 4620 Et
2829 4563 2942 4619 vidi
2993 4564 3055 4618 de
3083 4580 3174 4620 ore
3203 4563 3452 4622 draconis
3497 4572 3545 4622 et
3587 4567 3650 4622 de
3679 4585 3778 4627 ore

2170 4655 2360 4724 bestiae,
2391 4662 2440 4710 et
2465 4655 2526 4711 de
2553 4671 2645 4710 ore
2667 4652 3134 4726 pseudoprophetw
3173 4656 3320 4710 exire
3385 4660 3486 4710 tres
3540 4655 3776 4728 spiritus

2167 4747 2462 4804 immundos
2491 4747 2548 4802 in
2587 4746 2800 4802 modum
2853 4761 3148 4812 rana-rum;
3205 4751 3331 4802 sunt
3375 4746 3510 4802 enim
3543 4749 3773 4820 spiritus

2168 4837 2548 4892 daemoniorum
2568 4834 2818 4906 facientes
2839 4835 3009 4906 signa.
3031 4833 3335 4892 Vocatione
3365 4834 3611 4906 gentium
3639 4835 3766 4911 (48)

2168 4926 2462 4999 descripta,
2490 4925 2726 4999 qualiter
2755 4923 2823 4980 ad
2853 4922 3022 4979 ﬁdem
3049 4921 3255 4980 Christi
3285 4923 3562 4991 venerint,
3595 4940 3774 4982 men-

2168 5019 2378 5075 tionem
2406 5015 2538 5072 facit
2586 5013 2942 5082 Autichristi,
2975 5013 3071 5086 qui
3132 5028 3302 5086 prope
3342 5012 3512 5070 ﬁnem
3566 5014 3770 5071 mundi

2169 5114 2441 5164 venturus
2469 5113 2568 5162 est.
2602 5103 2840 5176 Spiritus
2872 5119 3006 5158 vero
3034 5110 3146 5160 tres
3165 5101 3440 5159 immundi
3461 5101 3772 5176 discipulos

2171 5195 2460 5268 designant
2488 5191 2840 5258 Antichristi,
2871 5191 2969 5266 qui
2999 5208 3125 5248 eum
3155 5207 3253 5264 per
3285 5190 3611 5249 universum
3679 5211 3772 5251 or-

2170 5286 2297 5343 bem
2326 5282 2680 5358 praedicaturi
2709 5288 2868 5338 sunt:
2905 5282 3002 5356 qui
3051 5280 3305 5356 quamvis
3335 5279 3588 5336 homines
3646 5279 3771 5338 sint

2173 5375 2367 5446 futuri,
2396 5373 2622 5448 spiritus
2652 5372 2948 5442 immundi,
2979 5381 3034 5429 et
3097 5370 3326 5444 spiritus
3361 5369 3768 5428 daemoniorum

2247 5555 2522 5629 (48)_Mss.
2555 5555 2717 5612 etiam
2777 5554 3033 5629 omnibus
3074 5551 3322 5629 debetur,
3382 5549 3655 5629 quidquid
3696 5549 3767 5629 ab

2174 5623 2486 5706 his-verbis,
2510 5629 2773 5684 vocatione
2789 5625 3030 5706 gentium
3057 5640 3230 5698 usque
3259 5623 3328 5681 ad
3384 5623 3636 5679 uenturus
3664 5628 3762 5689 est,

2175 5698 2392 5771 legitur.
