3964 6376
188 400 298 457 993

1070 401 1523 459 BERENGAUDI
1562 400 1932 457 EXPOSITIO
1972 399 2043 455 IN
2080 400 2581 459 APOCALYPSIN.

3386 410 3490 469 994

188 532 498 590 vocantur;
528 524 656 596 quia
684 524 960 580 daemones
982 525 1039 580 in
1071 526 1201 597 ipsis
1231 525 1577 590 habitabant,
1607 533 1659 579 et
1693 543 1785 596 per
1818 530 1866 587 Α
1895 530 2022 577 tur:
2054 523 2316 579 similiter
2347 536 2398 581 et
2438 530 2811 583 consurrectio
2844 530 2897 583 in
2950 530 3130 599 priora
3162 541 3306 588 recte
3335 533 3488 590 dici-

187 629 288 669 ora
334 630 523 669 eorum
565 615 862 687 loquentur
905 632 917 671 :
969 614 1065 689 qui
1108 614 1175 671 de
1217 631 1309 672 ore
1351 614 1704 683 Antichristi,
1737 622 1792 670 et

185 704 258 761 de
287 722 380 762 ore
418 706 906 780 pseudoprophetae
936 705 1054 779 ejus
1081 705 1279 763 exiisse
1308 706 1415 763 visi
1445 714 1574 763 sunt
1601 726 1614 775 ;
1661 707 1790 779 quia

186 812 287 869 per
316 814 505 854 eorum
538 797 847 854 doctrinam
881 797 984 853 ﬁlii
1035 798 1243 854 diaboli
1284 797 1591 854 eﬂicientur
1634 815 1645 853 :
1693 796 1787 868 qui

186 887 356 942 etiam
385 887 453 943 de
481 904 574 943 ore
601 887 854 944 draconis
882 887 1081 943 exiisse
1109 886 1215 943 visi
1245 895 1410 956 sunt;
1449 886 1577 958 quia
1606 902 1700 957 per
1730 902 1790 941 os

184 975 521 1032 Antichristi
566 976 819 1032 diabolus
863 978 1134 1051 loquetur.
1178 976 1346 1034 Banis
1396 974 1784 1043 nihilominus,

185 1076 311 1138 quae
333 1074 462 1122 sunt
482 1066 702 1139 reptilia
727 1066 1035 1137 immunda,
1063 1077 1116 1125 et
1137 1068 1195 1123 in
1218 1067 1333 1123 luto
1353 1066 1619 1133 viventia,
1643 1073 1787 1122 recte

186 1157 569 1214 assimilantur
602 1176 615 1217 :
649 1160 777 1233 quia
803 1159 948 1217 sicut
967 1176 1113 1215 ranae
1138 1159 1196 1214 in
1221 1158 1457 1215 sordidis
1487 1159 1642 1233 aquis
1672 1158 1788 1215 im—

185 1252 499 1312 morantur,
527 1247 605 1304 ita
632 1254 687 1303 et
715 1247 974 1319 discipuli
1004 1247 1339 1304 Antichristi
1378 1265 1470 1304 eos
1496 1247 1655 1304 facile
1679 1246 1786 1303 de-

184 1335 416 1409 cipient,
448 1337 542 1411 qui
573 1338 808 1395 diversis
842 1337 995 1395 vitiis
1024 1346 1078 1394 et
1106 1336 1403 1395 sceleribus
1431 1353 1545 1393 non
1574 1337 1786 1392 timue-

184 1431 313 1482 rant
344 1426 639 1484 sordidari.
680 1430 815 1486 Nam
858 1436 912 1485 et
950 1445 1209 1485 ranarum
1241 1444 1354 1484 vox
1381 1442 1546 1483 rauca
1574 1434 1627 1482 et
1657 1433 1786 1483 tur-

182 1513 273 1585 pis
306 1513 690 1587 impiissimam
720 1534 910 1575 eorum
954 1517 1398 1592 praedicationem
1428 1516 1785 1589 blasphemiis

183 1606 406 1677 plenam
436 1606 701 1679 designat.
746 1611 821 1665 Et
840 1610 1123 1682 procederet
1150 1610 1223 1665 ad
1259 1625 1400 1680 reges
1447 1608 1604 1663 totius
1634 1613 1786 1662 terra:

183 1712 497 1767 congregare
528 1699 648 1753 illos
676 1699 732 1753 in
755 1701 1006 1770 proelium
1033 1701 1105 1755 ad
1150 1700 1287 1755 diem
1328 1716 1578 1771 magnum
1605 1698 1785 1753 omni-

192 1785 425 1857 potentis
452 1787 571 1842 Dei.
603 1787 705 1842 Per
749 1805 900 1861 reges
943 1796 1101 1845 terra;
1128 1806 1240 1845 non
1268 1789 1448 1845 solum
1478 1805 1646 1861 reges,
1690 1787 1783 1844 sed

184 1882 241 1931 et
288 1874 479 1947 populi
523 1875 880 1949 designantur
930 1879 1383 1953 :congregabunt
1428 1887 1610 1935 autem
1656 1878 1782 1935 illos
1810 1897 1855 1957 Β

183 1964 445 2037 discipuli
483 1966 813 2025 Antichristi
842 1969 901 2025 in
942 1971 1191 2043 praelium
1229 1969 1299 2025 ad
1343 1968 1490 2025 diem
1520 1986 1779 2042 magnum

185 2056 582 2128 omnipotentis
610 2057 729 2127 Dei,
778 2075 891 2115 non
922 2059 1069 2132 quod
1098 2066 1289 2117 contra
1334 2060 1510 2117 Deum
1540 2076 1781 2132 pugnare

183 2145 422 2202 audeant
453 2146 568 2219 (49)
600 2147 660 2203 in
681 2147 770 2204 die
793 2147 1016 2219 judicii,
1038 2165 1069 2205 a
1095 2166 1204 2223 quo
1225 2157 1335 2207 tam
1356 2148 1680 2206 terribiliter
1695 2148 1779 2222 ju-

182 2234 518 2292 dicabuntur
551 2254 562 2292 :
596 2236 691 2293 sed
732 2238 1139 2310 congregabunt
1174 2255 1266 2295 eos
1310 2239 1369 2294 in
1414 2240 1665 2312 praelium
1711 2239 1779 2295 ad

184 2325 612 2398 persequendam
640 2326 939 2383 Ecclesiam
969 2345 983 2395 ;
1016 2334 1079 2383 ut
1108 2328 1165 2383 in
1194 2327 1283 2384 die
1310 2344 1507 2401 magno
1534 2328 1633 2385 Dei
1665 2345 1778 2385 om-

183 2415 486 2487 nipotentis
523 2424 782 2489 perpetua
810 2433 970 2489 poena
1002 2417 1351 2474 damnentur.
1374 2418 1446 2474 Et
1465 2417 1592 2491 quia
1621 2417 1780 2474 ﬁnita

184 2504 563 2578 persecutione
592 2505 945 2575 Antichristi,
990 2506 1259 2563 Dominus
1295 2505 1363 2562 ad
1401 2505 1677 2579 judicium
1720 2506 1778 2562 in

186 2595 443 2668 proximo
470 2597 675 2665 veniet,
704 2597 892 2654 subdit
925 2614 936 2653 :

262 2684 443 2755 (Vers.
476 2685 590 2756 15.)
621 2688 696 2741 Et
732 2702 841 2741 ecce
879 2686 1026 2741 venio
1074 2686 1207 2742 sicut
1250 2684 1365 2758 fur.
1428 2710 1449 2735 «
1486 2686 1612 2743 Dies
1656 2688 1780 2744 Do-

188 2772 353 2842 mini,
384 2798 402 2823 ι
446 2773 588 2830 sicut
616 2773 753 2830 dicit
779 2775 1096 2846 Apostolus,
1162 2800 1180 2824 ι
1226 2774 1369 2833 sicut
1411 2775 1520 2845 fur,
1555 2795 1582 2829 »
1615 2776 1692 2833 ita
1720 2776 1777 2833 in

184 2870 347 2921 nocte
373 2862 595 2931 veniet;
631 2879 756 2920 cum
787 2865 931 2919 enim
955 2864 1200 2929 dixerint
1226 2882 1238 2919 :
1265 2866 1380 2921 Pax
1409 2874 1463 2921 et
1492 2865 1775 2935 securitas,

185 2961 319 3011 tunc
362 2951 681 3025 repentinus
708 2952 786 3009 eis
816 2953 1164 3025 superveniet
1210 2953 1466 3010 interitus
1511 2954 1569 3026 (Ι
1601 2954 1774 3010 Thess.

182 3058 242 3109 v,
275 3040 326 3110 2,
376 3041 456 3112 3).
504 3042 700 3097 Beatus
749 3041 841 3111 qui
882 3042 1087 3113 vigilat,
1131 3048 1179 3097 et
1215 3042 1439 3097 custodit
1477 3043 1779 3097 vestimenta

182 3146 283 3187 sua
306 3148 320 3199 ;
350 3148 414 3185 ne
439 3131 614 3185 nudus
641 3132 887 3199 ambulet,
924 3138 970 3186 et
998 3131 1207 3186 videant
1236 3131 1616 3203 turpitudinem
1641 3130 1773 3200 ejus.

1898 617 2025 679 tur;
2075 628 2139 667 eo
2188 615 2337 686 quod
2383 632 2573 671 omnes
2615 616 2866 673 homines
2914 616 2973 672 in
3003 619 3242 691 priorem
3274 629 3478 679 statum

1900 700 2233 772 resurgendo
2268 710 2608 774 reparentur.

1965 789 2146 859 (Vers.
2186 791 2299 863 17.)
2329 794 2402 848 Et
2450 794 2697 865 septimus
2736 794 2919 865 effudit
2940 795 3183 866 phialam
3224 814 3375 853 suam
3430 800 3487 856 in

1897 892 2090 933 aerem.
2145 878 2246 933 Per
2292 881 2584 952 septimum
2626 882 2793 939 istum
2827 884 3082 955 angelum
3112 890 3256 948 562
3288 889 3486 960 praedi-

1898 978 2109 1028 catores
2158 976 2352 1045 sancti,
2405 977 2501 1049 qui
2544 977 2884 1049 temporibus
2929 980 3263 1040 Antichristi
3312 984 3487 1041 futuri

1896 1068 2045 1127 sunt,
2088 1059 2485 1134 designantur;
2521 1065 2667 1121 sicut
2704 1072 2758 1121 et
2785 1066 2944 1121 illum
2976 1068 3313 1140 signiﬁcasse
3342 1072 3484 1127 dixi-

1897 1163 2037 1216 mus,
2068 1149 2163 1222 qui
2192 1152 2443 1223 superius
2466 1153 2577 1224 (Ad
2609 1171 2723 1226 cap.
2747 1172 2843 1224 xv,
2876 1172 2930 1212 v.
2962 1157 3052 1229 15)
3070 1160 3335 1231 septimus
3354 1160 3487 1217 tuba

1896 1236 2161 1294 cecinisse
2215 1240 2413 1313 legitur
2455 1259 2467 1298 :
2509 1259 2606 1315 per
2651 1260 2830 1300 aerem
2868 1261 2999 1301 vero
3056 1248 3185 1303 vani
3231 1248 3486 1307 homines

1894 1323 2271 1398 designantur.
2296 1332 2540 1404 Angelus
2568 1332 2736 1405 igitur
2764 1332 3004 1405 phialam
3033 1353 3189 1393 suam
3218 1338 3277 1394 in
3305 1354 3484 1396 aerem

1894 1415 2117 1502 effudit;
2170 1420 2298 1491 quia
2344 1422 2727 1493 praedicatores
2768 1426 2943 1481 sancti
2990 1428 3148 1484 vanis
3197 1436 3252 1485 et
3298 1428 3486 1502 impiis

1894 1501 2214 1562 hominibus
2267 1509 2414 1580 quod
2469 1519 2730 1583 perpetua
2779 1529 2938 1585 poena
2993 1515 3106 1573 sint
3160 1501 3483 1589 damnandi,

1893 1592 2318 1653 denuntiabunt.
2376 1600 2451 1654 Et
2487 1600 2652 1655 exivit
2704 1618 2807 1655 vox
2848 1619 3041 1674 magna
3097 1607 3158 1661 de
3213 1609 3399 1679 templo
3450 1626 3485 1663 a

1896 1684 2101 1751 throno,
2151 1685 2343 1741 dicens.
2378 1687 2503 1745 Vox
2549 1705 2745 1761 magna
2792 1707 2903 1745 vox
2949 1702 3030 1748 est
3064 1694 3485 1765 praedicatorum

1893 1781 2253 1829 sanctorum:
2300 1791 2394 1846 per
2440 1779 2705 1849 templum
2751 1780 2997 1836 Ecclesia
3043 1782 3390 1854 intelligitur.
3436 1785 3486 1841 A

1892 1863 2099 1933 templo
2127 1879 2255 1934 ergo
2285 1880 2395 1919 vox
2426 1865 2582 1933 exiit,
2617 1867 2747 1939 quia
2787 1868 2854 1923 ab
2885 1868 3130 1925 Ecclesia
3151 1887 3263 1926 vox
3283 1879 3483 1930 sanctas

1893 1959 2298 2031 praedicationis
2327 1962 2605 2033 procedit:
2642 1981 2762 2038 quae
2792 1965 2958 2021 etiam
2988 1973 3042 2022 et
3071 1983 3102 2023 a
3132 1965 3333 2025 throno
3369 1969 3483 2026 exi-

1895 2049 1999 2103 isse
2032 2048 2237 2105 dicitur
2262 2068 2274 2105 :
2305 2051 2434 2124 quia
2462 2052 2708 2109 Ecclesia
2733 2055 2835 2110 Dei
2864 2055 3098 2114 thronus
3142 2065 3223 2114 est
3257 2058 3381 2125 Dei,
3429 2067 3483 2117 et

1894 2137 1953 2194 in
1983 2138 2079 2194 illa
2108 2139 2300 2196 sedens
2347 2140 2659 2213 requiescit.
2709 2143 2854 2211 Quid
2883 2152 3066 2201 autem
3099 2145 3217 2203 haec
3243 2164 3355 2204 vox
3383 2147 3481 2204 di-

1893 2233 1999 2295 cat,
2029 2227 2313 2284 subdendo
2362 2229 2678 2287 manifestat
2710 2249 2721 2287 :
2764 2233 2985 2289 Factum
3023 2241 3099 2290 est
3120 2253 3143 2301 ;
3190 2234 3245 2291 id
3274 2244 3374 2306 est,
3404 2234 3482 2292 ﬁ-

1892 2318 1981 2374 nis
2009 2320 2205 2376 mundi
2234 2320 2421 2390 instat,
2458 2321 2516 2377 in
2546 2339 2654 2396 quo
2702 2325 2887 2382 omnia
2916 2342 3036 2400 quas
3065 2327 3325 2400 praadicta
3351 2336 3482 2385 sunt

1891 2421 1922 2462 a
1949 2407 2187 2464 Domino
2216 2418 2269 2466 et
2297 2425 2328 2465 a
2357 2411 2577 2479 sanctis,
2607 2413 3048 2485 complebuntur.
3274 2416 3279 2421 ’

1964 2495 2144 2567 (Vers.
2181 2497 2293 2571 18.)
2351 2500 2428 2555 Et
2480 2498 2625 2570 facta
2681 2507 2806 2557 sunt
2855 2502 3078 2574 fulgura
3131 2512 3179 2562 et
3234 2524 3378 2562 voces
3432 2513 3481 2565 et

1894 2585 2154 2654 tonitrua,
2208 2592 2256 2641 et
2298 2592 2453 2644 teme
2492 2595 2662 2644 motus
2702 2588 2875 2659 factus
2923 2600 2997 2647 est
3026 2610 3267 2666 magnus,
3300 2598 3479 2667 qualis

1887 2690 2160 2745 nunquam
2187 2673 2317 2746 fuit,
2348 2693 2414 2732 ea:
2442 2696 2544 2749 quo
2579 2679 2808 2735 homines
2827 2680 3048 2751 fuerunt
3074 2700 3232 2754 super
3254 2691 3476 2755 terram,

1891 2763 2013 2819 talis
2070 2770 2226 2821 terra:
2277 2773 2469 2834 motus,
2511 2768 2585 2823 sic
2640 2787 2860 2841 magnus
2918 2772 3060 2844 (50).
3119 2774 3222 2831 Per
3260 2774 3479 2848 fulgura

1890 2853 2156 2911 miracula
2190 2872 2310 2929 quae
2351 2874 2448 2931 per
2479 2866 2696 2937 sanctos
2740 2877 2867 2917 suos
2911 2862 3157 2919 facturus
3191 2872 3273 2920 est
3313 2867 3477 2937 Deus,

1889 2944 2302 3017 designantur;
2371 2949 2601 3021 legimus
2656 2968 2889 3026 namque
2955 2953 3014 3009 in
3079 2955 3474 3028 superioribus,

1889 3033 2072 3090 Eliam
2101 3044 2154 3092 et
2180 3037 2374 3094 Enoch
2424 3038 2663 3110 plurima
2693 3041 2847 3114 signa
2894 3058 3009 3099 esse
3056 3043 3341 3102 facturos:
3383 3060 3479 3117 per

1890 3141 2052 3182 voces
2099 3128 2414 3200 praedicatio
2458 3139 2773 3189 sanctorum
2808 3152 2819 3190 :
2866 3150 2963 3207 per
3008 3137 3252 3193 tonitrua
3294 3146 3476 3194 autem

183 3219 347 3293 Impii
376 3220 472 3293 qui
502 3219 561 3275 in
589 3220 966 3292 voluptatibus
995 3237 1105 3277 suae
1133 3221 1313 3277 carnis
1342 3221 1516 3278 veluti
1542 3221 1601 3277 in
1631 3237 1778 3294 qua-
1814 3256 1857 3317 Ο
1886 3222 2063 3272 terror
2109 3217 2252 3289 ignis
2288 3220 2478 3275 aeterni
2524 3223 2885 3294 exprimitur;
2923 3233 3077 3282 terra;
3135 3235 3317 3284 motus
3346 3245 3476 3284 vero

184 3308 310 3365 dam
340 3309 577 3366 mollitie
605 3309 795 3367 lectuli
823 3310 1194 3383 requiescunt,
1215 3318 1268 3367 et
1290 3310 1384 3384 qui
1414 3311 1613 3367 nolunt
1642 3328 1773 3383 prae-

183 3398 374 3455 videre
420 3398 566 3455 mala
611 3416 732 3472 qua:
789 3406 1112 3473 sequuntur,
1162 3416 1275 3455 non
1324 3400 1779 3456 inconvenienter

184 3490 425 3547 dormire
451 3491 732 3548 dicuntur.
762 3491 910 3559 Quos
937 3491 1235 3564 Apostolus
1264 3489 1521 3546 admonet
1550 3490 1737 3547 dicens
1762 3508 1774 3546 :

200 3603 221 3630 ι
248 3580 437 3652 Surge,
468 3583 563 3653 qui
605 3579 834 3649 dormis,
862 3589 914 3636 et
943 3596 1172 3653 exsurge
1200 3596 1232 3636 a
1277 3580 1528 3650 mortuis,
1564 3587 1618 3636 et
1654 3581 1779 3635 illu-

186 3668 423 3726 minabit
452 3677 506 3726 te
535 3668 788 3727 Christus
820 3670 1037 3741 (Ephes.
1068 3686 1124 3738 v,
1162 3669 1273 3742 14).
1310 3694 1328 3718 ιι
1368 3669 1509 3725 Justi
1530 3685 1661 3724 vero
1684 3669 1777 3742 qui

186 3758 332 3814 mala
358 3773 478 3831 quae
503 3765 828 3832 sequuntur,
859 3758 1161 3830 praevidere
1188 3758 1431 3827 student,
1466 3758 1560 3831 qui
1589 3758 1781 3830 volup—

186 3854 328 3905 tates
365 3848 609 3905 carnales
638 3847 697 3903 in
747 3863 803 3902 se
835 3847 1214 3919 exstinguunt,
1266 3847 1361 3921 qui
1395 3846 1563 3902 armis
1608 3846 1780 3903 virtu-

188 3943 309 3992 tum
339 3952 393 3992 se
424 3936 683 3993 muniunt
712 3954 726 4004 ;
769 3942 831 3992 ut
862 3943 1054 3992 contra
1091 3936 1339 3993 visibiles
1380 3943 1433 3992 et
1470 3934 1781 3991 invisibiles

189 4024 378 4082 hostes
419 4025 794 4083 indesinenter
833 4026 1095 4084 dimicare
1144 4028 1386 4098 valeant,
1434 4041 1547 4082 non
1576 4026 1781 4082 incon-

186 4131 319 4188 grue
354 4115 582 4188 vigilare
620 4115 900 4184 dicuntur,
934 4115 1165 4190 ideoque
1202 4115 1346 4172 beati
1391 4122 1538 4171 sunt.
1586 4114 1781 4173 Vesti-

188 4212 375 4260 menta
398 4212 580 4261 autem
600 4213 912 4261 nostrarum
934 4206 1242 4262 animarum
1263 4212 1392 4262 sunt
1413 4222 1573 4278 opera
1597 4205 1740 4262 bona
1763 4223 1775 4262 :

187 4294 442 4351 custodia
494 4294 733 4350 vestium
783 4294 1034 4351 custodia
1084 4303 1165 4352 est
1223 4296 1603 4353 mandatorum
1658 4294 1776 4353 Dei.

186 4383 532 4442 Vestimenta
560 4399 688 4455 ergo
718 4392 905 4440 nostra
931 4384 1293 4456 custodimus,
1321 4383 1367 4441 si
1396 4400 1459 4440 ea
1487 4401 1605 4458 qua
1635 4401 1783 4457 prte-

186 4471 334 4545 cepit
379 4473 543 4541 Deus,
598 4472 871 4543 operando
906 4472 1198 4545 implemus
1231 4492 1243 4530 :
1276 4474 1458 4530 nudus
1503 4490 1633 4529 vero
1679 4480 1780 4541 est,

190 4561 287 4636 qui
316 4577 346 4615 a
374 4560 536 4617 bonis
556 4560 812 4633 operibus
840 4560 1054 4616 alienus
1072 4563 1306 4619 exsistit.
1328 4563 1477 4619 Nudi
1494 4563 1568 4618 im
1581 4563 1656 4635 pii
1671 4579 1781 4618 am-

188 4651 482 4720 bulabunt,
515 4668 642 4708 cum
674 4652 742 4708 ad
772 4651 916 4708 diem
932 4651 1132 4724 judicii
1166 4670 1197 4709 a
1223 4654 1385 4712 bonis
1413 4656 1669 4728 operibus
1691 4671 1779 4711 va-

187 4741 280 4802 cui
300 4742 639 4799 deducentur
663 4759 674 4799 :
695 4751 748 4799 et
770 4743 892 4799 ideo
917 4743 1204 4815 turpitudo
1233 4743 1455 4802 illorum
1478 4746 1779 4813 videbitur,

191 4832 321 4907 quia
349 4840 403 4888 et
431 4831 639 4905 angelis
683 4840 737 4889 et
775 4831 1096 4891 hominibus
1134 4849 1325 4891 eorum
1358 4835 1562 4893 scelera
1602 4835 1783 4892 mani-

190 4921 555 4980 festabuntur.

268 5020 447 5093 (Vers.
498 5021 611 5093 16.)
651 5022 727 5079 Et
752 5022 1083 5095 congregabit
1106 5038 1189 5077 eos
1216 5020 1274 5076 in
1302 5022 1469 5077 locum
1501 5021 1592 5092 qui
1620 5040 1785 5080 voca-

195 5116 284 5166 tur
310 5110 561 5167 Hebraice
605 5112 999 5184 Armageddon.
1048 5110 1435 5184 Armageddon
1467 5129 1625 5168 mons
1658 5114 1786 5184 glo-

193 5201 378 5269 bosus,
422 5200 539 5258 sive
582 5203 955 5259 consurrectio
998 5201 1056 5258 in
1104 5203 1287 5275 priora
1328 5202 1718 5273 interpretatur
1769 5221 1781 5260 :

193 5307 315 5365 quas
340 5298 571 5363 utraque
598 5291 980 5364 interpretatio
1024 5290 1133 5348 diei
1177 5290 1375 5363 judicii
1419 5290 1667 5363 coaptari
1696 5308 1788 5364 po-

191 5387 320 5438 test.
351 5381 507 5439 Mons
540 5384 740 5457 quippe
770 5384 1025 5457 globosus
1056 5390 1202 5441 recte
1238 5389 1467 5439 vocatur
1494 5400 1508 5449 ;
1549 5398 1612 5439 eo
1640 5382 1788 5456 quod

197 5470 376 5544 globis
421 5470 765 5530 ﬂammarum
812 5473 1107 5531 universus
1152 5472 1392 5529 mundus
1434 5478 1569 5530 tunc
1614 5472 1788 5530 delea-

275 5686 391 5765 (49)
437 5689 613 5761 Edit.,
662 5698 845 5765 contra
886 5692 1055 5752 Deum
1092 5690 1376 5752 audeant:
1431 5706 1559 5750 mss.
1609 5695 1794 5749 contra

203 5762 378 5821 Deum
388 5780 630 5849 pugnare
655 5763 901 5821 audeant.

1891 3306 2194 3364 motionem
2216 3310 2463 3367 cordium
2485 3329 2626 3386 saepe
2642 3314 2911 3388 designat.
2936 3316 3305 3375 Movebuntur
3325 3317 3473 3375 enim

1889 3396 2113 3468 quidam
2160 3397 2228 3454 de
2282 3401 2427 3456 malo
2488 3403 2556 3458 ad
2596 3403 2826 3473 bonum,
2880 3404 3024 3461 sicut
3067 3405 3243 3462 Judaai
3291 3408 3387 3480 qui
3417 3408 3476 3464 in

1890 3484 2174 3543 Christum
2204 3488 2467 3546 credituri
2496 3501 2624 3549 sunt
2656 3511 2668 3549 :
2703 3493 3074 3550 movebuntur
3102 3496 3197 3550 alii
3234 3496 3302 3553 de
3326 3496 3475 3553 bono

1888 3575 1956 3630 ad
2005 3577 2233 3648 malum,
2287 3579 2383 3651 qui
2438 3580 2602 3637 fidem
2659 3581 2866 3640 Christi
2922 3583 3171 3640 relicturi
3226 3594 3376 3653 sunt,
3423 3593 3477 3643 et

1889 3679 2101 3721 errores
2128 3666 2463 3724 Antichristi
2491 3670 2753 3727 secuturi.

1962 3755 2144 3828 (Vers.
2196 3758 2309 3830 19.)
2365 3760 2440 3814 Et
2486 3758 2631 3829 facta
2677 3765 2751 3814 est
2796 3759 2983 3816 civitas
3027 3778 3222 3834 magna
3265 3763 3323 3819 in
3378 3769 3480 3820 tres

1882 3851 2085 3915 partes,
2121 3853 2169 3902 et
2195 3847 2426 3904 civitates
2449 3849 2679 3920 gentium
2703 3850 3012 3906 ceciderunt.
3046 3850 3259 3909 Civitas
3287 3870 3481 3927 magna

1893 3936 2092 3993 civitas
2130 3944 2213 3993 est
2259 3938 2489 4009 diaboli,
2520 3938 2578 3995 id
2608 3946 2710 4010 est,
2742 3941 2923 3997 omnis
2950 3942 3248 3999 multitudo
3278 3960 3480 4015 repro-

1893 4023 2094 4081 borum
2128 4041 2140 4079 :
2174 4041 2272 4098 per
2299 4034 2412 4085 tres
2440 4038 2619 4101 partes
2649 4028 2707 4085 in
2744 4029 2946 4104 quibus
2974 4031 3152 4088 divisa
3180 4038 3279 4100 est,
3305 4031 3480 4089 Judaei

1890 4113 1987 4187 qui
2040 4112 2101 4170 in
2168 4112 2448 4172 Christum
2504 4117 2726 4175 credere
2776 4120 3110 4189 noluerunt,
3177 4126 3232 4176 et
3286 4120 3480 4193 pagani

1890 4209 2053 4274 atque
2120 4200 2244 4257 falsi
2295 4203 2585 4261 christiani
2639 4207 3015 4281 designantur.
3074 4209 3232 4277 Quod
3297 4217 3478 4265 autem

1890 4289 2072 4346 dicit:
2138 4293 2215 4348 Et
2278 4293 2511 4349 civitates
2570 4297 2802 4366 gentium
2866 4298 3201 4364 ceciderunt;
3265 4298 3485 4355 videtur

1891 4379 2033 4436 mihi
2079 4379 2147 4435 ad
2190 4380 2338 4437 diem
2377 4380 2577 4452 judicii
2620 4384 2913 4455 pertinere.
2942 4385 3207 4445 Civitates
3236 4388 3484 4461 gentium

1890 4477 2023 4525 tunc
2042 4469 2258 4539 cadent,
2292 4487 2416 4526 cum
2448 4488 2512 4527 eo
2534 4471 2659 4543 igne
2691 4474 2787 4545 qui
2809 4474 3004 4530 faciem
3034 4476 3259 4531 Domini
3289 4479 3356 4534 ad
3379 4477 3487 4550 ju—

1890 4559 2098 4617 dicium
2129 4560 2403 4617 venientis
2450 4561 2741 4634 praecedet,
2772 4580 2963 4619 omnes
2988 4573 3175 4634 gentes
3204 4565 3483 4623 delebun-

1894 4659 2005 4720 tur,
2064 4651 2204 4708 sicut
2259 4650 2397 4707 dicit
2453 4652 2787 4708 Psalmista:
2848 4675 2867 4701 ‹
2923 4654 3071 4725 Ignis
3117 4664 3243 4712 ante
3300 4657 3481 4730 ipsum

1894 4741 2182 4816 praecedet,
2229 4748 2283 4796 et
2312 4739 2677 4798 inﬂammabit
2705 4741 2764 4797 in
2809 4741 3047 4800 circuitu
3075 4744 3334 4804 inimicos
3362 4746 3480 4819 ejus

1897 4832 2070 4906 (Psal.
2102 4848 2256 4897 xcvr,
2287 4830 2365 4902 3).
2398 4854 2417 4879 ι
3441 4839 3446 4843 '

1962 4924 2037 4978 Et
2065 4921 2307 4992 Babylon
2334 4938 2523 4992 magna
2550 4921 2719 4976 veniet
2755 4920 2814 4975 in
2843 4921 3151 4978 memoriam
3175 4929 3296 4979 ante
3312 4925 3485 4982 Deum

1893 5013 2021 5067 dare
2047 5011 2094 5066 ei
2122 5012 2327 5066 calicem
2358 5011 2469 5065 vini
2491 5010 2872 5081 indignationis
2897 5011 2995 5068 ἐγω
3026 5012 3161 5082 ejus.
3196 5012 3484 5081 Quomodo

1893 5099 2143 5172 Babylon
2193 5099 2252 5155 in
2290 5098 2605 5155 memoriam
2637 5107 2763 5156 ante
2789 5102 2964 5157 Deum
3011 5102 3227 5159 venisse
3255 5103 3481 5174 dicitur,

1893 5176 1961 5245 ad
2007 5189 2163 5261 cujus
2207 5190 2527 5245 memoriam
2575 5188 2718 5245 nihil
2748 5190 3031 5261 accedere,
3063 5192 3205 5248 nihil
3235 5192 3486 5251 recedere

1894 5286 2074 5351 potest
2129 5297 2141 5336 :
2199 5280 2258 5336 in
2304 5279 2461 5352 cujus
2501 5287 2794 5353 conspectu
2854 5281 2996 5339 sicut
3042 5282 3350 5355 praesentia,
3409 5285 3488 5343 ita

1896 5368 2193 5441 praeterita,
2225 5376 2279 5425 et
2309 5370 2497 5427 futura
2524 5372 2877 5430 consistunt?
2899 5373 3004 5431 Sed
3034 5375 3355 5432 memoriam
3388 5393 3487 5449 pro

1896 5464 2142 5531 tempore
2171 5460 2375 5531 posuit.
2399 5460 2653 5535 Babylon
2691 5461 2862 5534 igitur
2910 5463 2968 5520 in
3011 5465 3330 5523 memoriam
3361 5474 3489 5524 ante

1975 5687 2112 5767 (50)
2131 5687 2277 5767 Talis
2310 5692 2467 5746 ter-rte
2489 5694 2663 5747 motus
2678 5732 2694 5761 ,
2726 5691 2801 5749 sic
2825 5709 3071 5767 magnus,
3102 5694 3161 5754 in
3190 5694 3323 5755 solis
3351 5694 3484 5754 edit.

1902 5759 2276 5819 omittebatur.
