  <div class='ocr_page' id='page_1' title='image "/cluster/home/n/w/nwhite01/storage/ocr_20150623/17/umn.31951002477311b/505.png"; bbox 0 0 3964 6386; ppageno 0'>
   <div class='ocr_carea' id='block_1_1' title="bbox 535 442 640 498">
    <p class='ocr_par' dir='ltr' id='par_1_1' title="bbox 535 442 640 498">
     <span class='ocr_line' id='line_1_1' title="bbox 535 442 640 498; baseline -0.019 0"><span class='ocrx_word' id='word_1_1' title='bbox 535 442 640 498; x_wconf 82' lang='lat'>995</span> 
     </span>
    </p>
   </div>
   <div class='ocr_carea' id='block_1_2' title="bbox 1543 435 2788 496">
    <p class='ocr_par' dir='ltr' id='par_1_2' title="bbox 1543 435 2788 496">
     <span class='ocr_line' id='line_1_2' title="bbox 1543 435 2788 496; baseline -0.002 -1"><span class='ocrx_word' id='word_1_2' title='bbox 1543 442 1638 495; x_wconf 82' lang='lat' dir='ltr'>AD</span> <span class='ocrx_word' id='word_1_3' title='bbox 1677 437 1910 496; x_wconf 79' lang='lat' dir='ltr'>OPERA</span> <span class='ocrx_word' id='word_1_4' title='bbox 1947 438 2002 492; x_wconf 90' lang='lat' dir='ltr'>S.</span> <span class='ocrx_word' id='word_1_5' title='bbox 2042 435 2374 494; x_wconf 84' lang='lat' dir='ltr'>AMBROSII</span> <span class='ocrx_word' id='word_1_6' title='bbox 2410 435 2788 493; x_wconf 80' lang='lat' dir='ltr'>APPENDIX.</span> 
     </span>
    </p>
   </div>
   <div class='ocr_carea' id='block_1_3' title="bbox 3723 438 3832 496">
    <p class='ocr_par' dir='ltr' id='par_1_3' title="bbox 3723 438 3832 496">
     <span class='ocr_line' id='line_1_3' title="bbox 3723 438 3832 496; baseline 0 0"><span class='ocrx_word' id='word_1_7' title='bbox 3723 438 3832 496; x_wconf 86' lang='lat'><strong>996</strong></span> 
     </span>
    </p>
   </div>
   <div class='ocr_carea' id='block_1_4' title="bbox 531 558 3829 635">
    <p class='ocr_par' dir='ltr' id='par_1_4' title="bbox 531 558 3829 635">
     <span class='ocr_line' id='line_1_4' title="bbox 531 558 3829 635; baseline 0 -15"><span class='ocrx_word' id='word_1_8' title='bbox 531 567 708 621; x_wconf 85' lang='lat' dir='ltr'>Deum</span> <span class='ocrx_word' id='word_1_9' title='bbox 743 563 946 630; x_wconf 73' lang='lat' dir='ltr'>veniet,</span> <span class='ocrx_word' id='word_1_10' title='bbox 983 563 1204 634; x_wconf 83' lang='lat' dir='ltr'>quando</span> <span class='ocrx_word' id='word_1_11' title='bbox 1253 562 1392 618; x_wconf 88' lang='lat' dir='ltr'>illud</span> <span class='ocrx_word' id='word_1_12' title='bbox 1436 570 1652 635; x_wconf 79' lang='lat' dir='ltr'>tempus</span> <span class='ocrx_word' id='word_1_13' title='bbox 1688 563 1888 630; x_wconf 80' lang='lat' dir='ltr'>veniet,</span> <span class='ocrx_word' id='word_1_14' title='bbox 1927 562 1982 616; x_wconf 88' lang='lat' dir='ltr'>in</span> <span class='ocrx_word' id='word_1_15' title='bbox 2015 578 2122 634; x_wconf 84' lang='lat' dir='ltr'>quo</span> <span class='ocrx_word' id='word_1_16' title='bbox 2149 564 2200 622; x_wconf 81' lang='grc' dir='ltr'><strong>Α</strong></span> <span class='ocrx_word' id='word_1_17' title='bbox 2223 559 2427 633; x_wconf 90' lang='lat' dir='ltr'>judicii</span> <span class='ocrx_word' id='word_1_18' title='bbox 2456 562 2772 618; x_wconf 82' lang='lat' dir='ltr'>summatim</span> <span class='ocrx_word' id='word_1_19' title='bbox 2803 559 3196 632; x_wconf 78' lang='lat' dir='ltr'>perstringens,</span> <span class='ocrx_word' id='word_1_20' title='bbox 3227 558 3297 616; x_wconf 89' lang='lat' dir='ltr'>ad</span> <span class='ocrx_word' id='word_1_21' title='bbox 3325 575 3389 616; x_wconf 89' lang='lat' dir='ltr'>ea</span> <span class='ocrx_word' id='word_1_22' title='bbox 3424 575 3547 634; x_wconf 76' lang='lat' dir='ltr'>quae</span> <span class='ocrx_word' id='word_1_23' title='bbox 3593 571 3829 634; x_wconf 70' lang='lat' dir='ltr'>praeter-</span> 
     </span>
    </p>
   </div>
   <div class='ocr_carea' id='block_1_5' title="bbox 531 649 2122 724">
    <p class='ocr_par' dir='ltr' id='par_1_5' title="bbox 531 649 2122 724">
     <span class='ocr_line' id='line_1_5' title="bbox 531 649 2122 724; baseline -0.004 -14"><span class='ocrx_word' id='word_1_24' title='bbox 531 653 728 711; x_wconf 87' lang='lat' dir='ltr'>statuit</span> <span class='ocrx_word' id='word_1_25' title='bbox 769 651 1022 724; x_wconf 86' lang='lat' dir='ltr'>judicare</span> <span class='ocrx_word' id='word_1_26' title='bbox 1056 651 1348 716; x_wconf 89' lang='lat' dir='ltr'>mundum,</span> <span class='ocrx_word' id='word_1_27' title='bbox 1379 659 1434 707; x_wconf 91' lang='lat' dir='ltr'>et</span> <span class='ocrx_word' id='word_1_28' title='bbox 1448 650 1674 708; x_wconf 86' lang='lat' dir='ltr'>reddere</span> <span class='ocrx_word' id='word_1_29' title='bbox 1701 649 1999 722; x_wconf 86' lang='lat' dir='ltr'>unicuique</span> <span class='ocrx_word' id='word_1_30' title='bbox 2027 666 2122 704; x_wconf 88' lang='lat' dir='ltr'>se-</span> 
     </span>
    </p>
   </div>
   <div class='ocr_carea' id='block_1_6' title="bbox 529 737 2121 814">
    <p class='ocr_par' dir='ltr' id='par_1_6' title="bbox 529 737 2121 814">
     <span class='ocr_line' id='line_1_6' title="bbox 529 737 2121 814; baseline -0.004 -14"><span class='ocrx_word' id='word_1_31' title='bbox 529 741 774 800; x_wconf 89' lang='lat' dir='ltr'>cundum</span> <span class='ocrx_word' id='word_1_32' title='bbox 825 758 964 814; x_wconf 91' lang='lat' dir='ltr'>opus</span> <span class='ocrx_word' id='word_1_33' title='bbox 991 740 1128 813; x_wconf 85' lang='lat' dir='ltr'>ejus.</span> <span class='ocrx_word' id='word_1_34' title='bbox 1162 741 1368 798; x_wconf 89' lang='lat' dir='ltr'>Vinum</span> <span class='ocrx_word' id='word_1_35' title='bbox 1393 751 1548 796; x_wconf 82' lang='lat' dir='ltr'>&#39;vero</span> <span class='ocrx_word' id='word_1_36' title='bbox 1595 737 1990 811; x_wconf 85' lang='lat' dir='ltr'>indignationis</span> <span class='ocrx_word' id='word_1_37' title='bbox 2026 737 2121 794; x_wconf 71' lang='lat' dir='ltr'>irae</span> 
     </span>
    </p>
   </div>
   <div class='ocr_carea' id='block_1_7' title="bbox 529 826 2118 904">
    <p class='ocr_par' dir='ltr' id='par_1_7' title="bbox 529 826 2118 904">
     <span class='ocr_line' id='line_1_7' title="bbox 529 826 2118 904; baseline -0.004 -16"><span class='ocrx_word' id='word_1_38' title='bbox 529 831 652 900; x_wconf 91' lang='lat' dir='ltr'>Dei,</span> <span class='ocrx_word' id='word_1_39' title='bbox 710 849 869 904; x_wconf 81' lang='lat' dir='ltr'>pcena</span> <span class='ocrx_word' id='word_1_40' title='bbox 927 838 1188 904; x_wconf 89' lang='lat' dir='ltr'>perpetua</span> <span class='ocrx_word' id='word_1_41' title='bbox 1242 838 1366 898; x_wconf 89' lang='lat' dir='ltr'>est;</span> <span class='ocrx_word' id='word_1_42' title='bbox 1428 830 1554 903; x_wconf 86' lang='lat' dir='ltr'>quia</span> <span class='ocrx_word' id='word_1_43' title='bbox 1612 835 1828 900; x_wconf 90' lang='lat' dir='ltr'>peracto</span> <span class='ocrx_word' id='word_1_44' title='bbox 1882 826 2118 899; x_wconf 87' lang='lat' dir='ltr'>judicio,</span> 
     </span>
    </p>
   </div>
   <div class='ocr_carea' id='block_1_8' title="bbox 529 916 2119 993">
    <p class='ocr_par' dir='ltr' id='par_1_8' title="bbox 529 916 2119 993">
     <span class='ocr_line' id='line_1_8' title="bbox 529 916 2119 993; baseline -0.002 -18"><span class='ocrx_word' id='word_1_45' title='bbox 529 936 722 976; x_wconf 90' lang='lat' dir='ltr'>omnes</span> <span class='ocrx_word' id='word_1_46' title='bbox 749 919 906 993; x_wconf 86' lang='lat' dir='ltr'>impii</span> <span class='ocrx_word' id='word_1_47' title='bbox 951 937 1073 976; x_wconf 92' lang='lat' dir='ltr'>cum</span> <span class='ocrx_word' id='word_1_48' title='bbox 1115 927 1338 976; x_wconf 92' lang='lat' dir='ltr'>auctore</span> <span class='ocrx_word' id='word_1_49' title='bbox 1365 918 1676 991; x_wconf 75' lang='lat' dir='ltr'>iniquitatis</span> <span class='ocrx_word' id='word_1_50' title='bbox 1704 917 1924 974; x_wconf 84' lang='lat' dir='ltr'>diabolo</span> <span class='ocrx_word' id='word_1_51' title='bbox 1955 916 2119 973; x_wconf 89' lang='lat' dir='ltr'>dam-</span> 
     </span>
    </p>
   </div>
   <div class='ocr_carea' id='block_1_9' title="bbox 529 1007 828 1066">
    <p class='ocr_par' dir='ltr' id='par_1_9' title="bbox 529 1007 828 1066">
     <span class='ocr_line' id='line_1_9' title="bbox 529 1007 828 1066; baseline 0.003 -2"><span class='ocrx_word' id='word_1_52' title='bbox 529 1007 828 1066; x_wconf 90' lang='lat' dir='ltr'>nabuntur.</span> 
     </span>
    </p>
   </div>
   <div class='ocr_carea' id='block_1_10' title="bbox 599 1096 2119 1170">
    <p class='ocr_par' dir='ltr' id='par_1_10' title="bbox 599 1096 2119 1170">
     <span class='ocr_line' id='line_1_10' title="bbox 599 1096 2119 1170; baseline -0.003 -14"><span class='ocrx_word' id='word_1_53' title='bbox 599 1099 774 1170; x_wconf 89' lang='lat' dir='ltr'>(Vers.</span> <span class='ocrx_word' id='word_1_54' title='bbox 829 1099 946 1170; x_wconf 86' lang='lat'>20.)</span> <span class='ocrx_word' id='word_1_55' title='bbox 979 1099 1054 1154; x_wconf 85' lang='lat' dir='ltr'>Et</span> <span class='ocrx_word' id='word_1_56' title='bbox 1081 1099 1250 1154; x_wconf 88' lang='lat' dir='ltr'>omnis</span> <span class='ocrx_word' id='word_1_57' title='bbox 1283 1098 1461 1153; x_wconf 80' lang='lat' dir='ltr'>insula</span> <span class='ocrx_word' id='word_1_58' title='bbox 1485 1096 1642 1169; x_wconf 86' lang='lat' dir='ltr'>fugit,</span> <span class='ocrx_word' id='word_1_59' title='bbox 1696 1103 1746 1153; x_wconf 90' lang='lat' dir='ltr'>et</span> <span class='ocrx_word' id='word_1_60' title='bbox 1791 1103 1986 1153; x_wconf 82' lang='lat' dir='ltr'>montes</span> <span class='ocrx_word' id='word_1_61' title='bbox 2012 1115 2119 1153; x_wconf 90' lang='lat' dir='ltr'>non</span> 
     </span>
    </p>
   </div>
   <div class='ocr_carea' id='block_1_11' title="bbox 525 1187 2117 1261">
    <p class='ocr_par' dir='ltr' id='par_1_11' title="bbox 525 1187 2117 1261">
     <span class='ocr_line' id='line_1_11' title="bbox 525 1187 2117 1261; baseline 0 -17"><span class='ocrx_word' id='word_1_62' title='bbox 525 1195 650 1244; x_wconf 88' lang='lat' dir='ltr'>sunt</span> <span class='ocrx_word' id='word_1_63' title='bbox 678 1189 1159 1246; x_wconf 78' lang='lat' dir='ltr'>inventiEamdem</span> <span class='ocrx_word' id='word_1_64' title='bbox 1182 1187 1637 1261; x_wconf 83' lang='lat' dir='ltr'>signiﬁcationem</span> <span class='ocrx_word' id='word_1_65' title='bbox 1671 1187 1874 1244; x_wconf 84' lang='lat' dir='ltr'>habent</span> <span class='ocrx_word' id='word_1_66' title='bbox 1904 1197 2117 1244; x_wconf 87' lang='lat' dir='ltr'>montes</span> 
     </span>
    </p>
   </div>
   <div class='ocr_carea' id='block_1_12' title="bbox 525 1278 2114 1352">
    <p class='ocr_par' dir='ltr' id='par_1_12' title="bbox 525 1278 2114 1352">
     <span class='ocr_line' id='line_1_12' title="bbox 525 1278 2114 1352; baseline 0.001 -18"><span class='ocrx_word' id='word_1_67' title='bbox 525 1283 579 1334; x_wconf 90' lang='lat' dir='ltr'>et</span> <span class='ocrx_word' id='word_1_68' title='bbox 608 1278 820 1334; x_wconf 52' lang='lat' dir='ltr'>insula}</span> <span class='ocrx_word' id='word_1_69' title='bbox 838 1295 1002 1352; x_wconf 91' lang='lat' dir='ltr'>quam</span> <span class='ocrx_word' id='word_1_70' title='bbox 1031 1279 1287 1336; x_wconf 89' lang='lat' dir='ltr'>civitates</span> <span class='ocrx_word' id='word_1_71' title='bbox 1315 1278 1580 1350; x_wconf 89' lang='lat' dir='ltr'>gentium,</span> <span class='ocrx_word' id='word_1_72' title='bbox 1622 1293 1741 1350; x_wconf 77' lang='lat' dir='ltr'>quae</span> <span class='ocrx_word' id='word_1_73' title='bbox 1769 1279 1932 1350; x_wconf 90' lang='lat' dir='ltr'>paulo</span> <span class='ocrx_word' id='word_1_74' title='bbox 1959 1295 2114 1350; x_wconf 91' lang='lat' dir='ltr'>supe-</span> 
     </span>
    </p>
   </div>
   <div class='ocr_carea' id='block_1_13' title="bbox 523 1367 2110 1442">
    <p class='ocr_par' dir='ltr' id='par_1_13' title="bbox 523 1367 2110 1442">
     <span class='ocr_line' id='line_1_13' title="bbox 523 1367 2110 1442; baseline 0.001 -19"><span class='ocrx_word' id='word_1_75' title='bbox 523 1367 640 1425; x_wconf 88' lang='lat' dir='ltr'>rius</span> <span class='ocrx_word' id='word_1_76' title='bbox 659 1369 927 1426; x_wconf 90' lang='lat' dir='ltr'>dicuntur</span> <span class='ocrx_word' id='word_1_77' title='bbox 957 1369 1253 1438; x_wconf 86' lang='lat' dir='ltr'>cecidisse;</span> <span class='ocrx_word' id='word_1_78' title='bbox 1285 1386 1381 1442; x_wconf 91' lang='lat' dir='ltr'>per</span> <span class='ocrx_word' id='word_1_79' title='bbox 1419 1368 1626 1425; x_wconf 86' lang='lat' dir='ltr'>insulas</span> <span class='ocrx_word' id='word_1_80' title='bbox 1646 1385 1879 1440; x_wconf 89' lang='lat' dir='ltr'>namque</span> <span class='ocrx_word' id='word_1_81' title='bbox 1907 1376 2110 1441; x_wconf 84' lang='lat' dir='ltr'>gentes,</span> 
     </span>
    </p>
   </div>
   <div class='ocr_carea' id='block_1_14' title="bbox 523 1455 2108 1530">
    <p class='ocr_par' dir='ltr' id='par_1_14' title="bbox 523 1455 2108 1530">
     <span class='ocr_line' id='line_1_14' title="bbox 523 1455 2108 1530; baseline 0.001 -17"><span class='ocrx_word' id='word_1_82' title='bbox 523 1473 620 1529; x_wconf 85' lang='lat' dir='ltr'>per</span> <span class='ocrx_word' id='word_1_83' title='bbox 675 1466 890 1515; x_wconf 89' lang='lat' dir='ltr'>montes</span> <span class='ocrx_word' id='word_1_84' title='bbox 941 1475 1075 1514; x_wconf 89' lang='lat' dir='ltr'>vero</span> <span class='ocrx_word' id='word_1_85' title='bbox 1135 1475 1320 1514; x_wconf 88' lang='lat' dir='ltr'>earum</span> <span class='ocrx_word' id='word_1_86' title='bbox 1366 1458 1642 1530; x_wconf 87' lang='lat' dir='ltr'>principes</span> <span class='ocrx_word' id='word_1_87' title='bbox 1691 1455 2046 1530; x_wconf 78' lang='lat' dir='ltr'>designantur</span> <span class='ocrx_word' id='word_1_88' title='bbox 2094 1475 2108 1514; x_wconf 83' lang='lat'><strong>:</strong></span> 
     </span>
    </p>
   </div>
   <div class='ocr_carea' id='block_1_15' title="bbox 521 1545 2110 1620">
    <p class='ocr_par' dir='ltr' id='par_1_15' title="bbox 521 1545 2110 1620">
     <span class='ocr_line' id='line_1_15' title="bbox 521 1545 2110 1620; baseline 0 -18"><span class='ocrx_word' id='word_1_89' title='bbox 521 1546 709 1620; x_wconf 84' lang='lat' dir='ltr'>fugere</span> <span class='ocrx_word' id='word_1_90' title='bbox 753 1558 934 1606; x_wconf 88' lang='lat' dir='ltr'>autem</span> <span class='ocrx_word' id='word_1_91' title='bbox 981 1548 1266 1618; x_wconf 87' lang='lat' dir='ltr'>dicuntur,</span> <span class='ocrx_word' id='word_1_92' title='bbox 1297 1564 1422 1604; x_wconf 91' lang='lat' dir='ltr'>cum</span> <span class='ocrx_word' id='word_1_93' title='bbox 1449 1546 1517 1602; x_wconf 89' lang='lat' dir='ltr'>ab</span> <span class='ocrx_word' id='word_1_94' title='bbox 1543 1546 1668 1620; x_wconf 84' lang='lat' dir='ltr'>igne</span> <span class='ocrx_word' id='word_1_95' title='bbox 1697 1547 1757 1602; x_wconf 92' lang='lat' dir='ltr'>in</span> <span class='ocrx_word' id='word_1_96' title='bbox 1795 1545 1884 1603; x_wconf 92' lang='lat' dir='ltr'>die</span> <span class='ocrx_word' id='word_1_97' title='bbox 1911 1545 2110 1618; x_wconf 91' lang='lat' dir='ltr'>judicii</span> 
     </span>
    </p>
   </div>
   <div class='ocr_carea' id='block_1_16' title="bbox 519 1637 869 1695">
    <p class='ocr_par' dir='ltr' id='par_1_16' title="bbox 519 1637 869 1695">
     <span class='ocr_line' id='line_1_16' title="bbox 519 1637 869 1695; baseline 0 -1"><span class='ocrx_word' id='word_1_98' title='bbox 519 1637 869 1695; x_wconf 89' lang='lat' dir='ltr'>delebuntur.</span> 
     </span>
    </p>
   </div>
   <div class='ocr_carea' id='block_1_17' title="bbox 593 1725 2109 1799">
    <p class='ocr_par' dir='ltr' id='par_1_17' title="bbox 593 1725 2109 1799">
     <span class='ocr_line' id='line_1_17' title="bbox 593 1725 2109 1799; baseline -0.001 -17"><span class='ocrx_word' id='word_1_99' title='bbox 593 1727 776 1799; x_wconf 88' lang='lat' dir='ltr'>(Vers.</span> <span class='ocrx_word' id='word_1_100' title='bbox 832 1727 948 1799; x_wconf 82' lang='lat' dir='ltr'>2i.)</span> <span class='ocrx_word' id='word_1_101' title='bbox 979 1728 1054 1782; x_wconf 89' lang='lat' dir='ltr'>Et</span> <span class='ocrx_word' id='word_1_102' title='bbox 1093 1727 1299 1798; x_wconf 84' lang='lat' dir='ltr'>grando</span> <span class='ocrx_word' id='word_1_103' title='bbox 1345 1743 1535 1798; x_wconf 86' lang='lat' dir='ltr'>magna</span> <span class='ocrx_word' id='word_1_104' title='bbox 1559 1725 1692 1781; x_wconf 80' lang='lat' dir='ltr'>sicut</span> <span class='ocrx_word' id='word_1_105' title='bbox 1721 1727 1969 1782; x_wconf 70' lang='lat' dir='ltr'>talentum</span> <span class='ocrx_word' id='word_1_106' title='bbox 1999 1726 2109 1781; x_wconf 87' lang='lat' dir='ltr'>des-</span> 
     </span>
    </p>
   </div>
   <div class='ocr_carea' id='block_1_18' title="bbox 515 1815 2107 1888">
    <p class='ocr_par' dir='ltr' id='par_1_18' title="bbox 515 1815 2107 1888">
     <span class='ocr_line' id='line_1_18' title="bbox 515 1815 2107 1888; baseline 0.001 -20"><span class='ocrx_word' id='word_1_107' title='bbox 515 1815 687 1870; x_wconf 84' lang='lat' dir='ltr'>cendit</span> <span class='ocrx_word' id='word_1_108' title='bbox 737 1815 800 1869; x_wconf 87' lang='lat' dir='ltr'>de</span> <span class='ocrx_word' id='word_1_109' title='bbox 844 1816 968 1871; x_wconf 74' lang='lat' dir='ltr'>cmlo</span> <span class='ocrx_word' id='word_1_110' title='bbox 1017 1815 1078 1870; x_wconf 87' lang='lat' dir='ltr'>in</span> <span class='ocrx_word' id='word_1_111' title='bbox 1117 1815 1369 1870; x_wconf 76' lang='lat' dir='ltr'>homines.</span> <span class='ocrx_word' id='word_1_112' title='bbox 1418 1815 1481 1871; x_wconf 92' lang='lat' dir='ltr'>In</span> <span class='ocrx_word' id='word_1_113' title='bbox 1510 1815 1812 1886; x_wconf 80' lang='lat' dir='ltr'>Evangelia</span> <span class='ocrx_word' id='word_1_114' title='bbox 1844 1815 2107 1888; x_wconf 88' lang='lat' dir='ltr'>scriptum</span> 
     </span>
    </p>
   </div>
   <div class='ocr_carea' id='block_1_19' title="bbox 515 1904 2104 1980">
    <p class='ocr_par' dir='ltr' id='par_1_19' title="bbox 515 1904 2104 1980">
     <span class='ocr_line' id='line_1_19' title="bbox 515 1904 2104 1980; baseline 0.001 -18"><span class='ocrx_word' id='word_1_115' title='bbox 515 1913 598 1962; x_wconf 90' lang='lat' dir='ltr'>est</span> <span class='ocrx_word' id='word_1_116' title='bbox 625 1904 774 1979; x_wconf 91' lang='lat' dir='ltr'>quod</span> <span class='ocrx_word' id='word_1_117' title='bbox 803 1905 1028 1979; x_wconf 89' lang='lat' dir='ltr'>quidam</span> <span class='ocrx_word' id='word_1_118' title='bbox 1063 1907 1456 1978; x_wconf 84' lang='lat' dir='ltr'>paterfamilias</span> <span class='ocrx_word' id='word_1_119' title='bbox 1484 1922 1707 1980; x_wconf 85' lang='lat' dir='ltr'>peregre</span> <span class='ocrx_word' id='word_1_120' title='bbox 1731 1906 2104 1980; x_wconf 88' lang='lat' dir='ltr'>proﬁciscens,</span> 
     </span>
    </p>
   </div>
   <div class='ocr_carea' id='block_1_20' title="bbox 514 1993 2108 2070">
    <p class='ocr_par' dir='ltr' id='par_1_20' title="bbox 514 1993 2108 2070">
     <span class='ocr_line' id='line_1_20' title="bbox 514 1993 2108 2070; baseline 0 -19"><span class='ocrx_word' id='word_1_121' title='bbox 514 1993 669 2051; x_wconf 87' lang='lat' dir='ltr'>dedit</span> <span class='ocrx_word' id='word_1_122' title='bbox 713 1995 813 2051; x_wconf 91' lang='lat' dir='ltr'>uni</span> <span class='ocrx_word' id='word_1_123' title='bbox 862 2012 1147 2052; x_wconf 89' lang='lat' dir='ltr'>servorum</span> <span class='ocrx_word' id='word_1_124' title='bbox 1190 2011 1410 2051; x_wconf 89' lang='lat' dir='ltr'>suorum</span> <span class='ocrx_word' id='word_1_125' title='bbox 1467 1996 1711 2070; x_wconf 91' lang='lat' dir='ltr'>quinque</span> <span class='ocrx_word' id='word_1_126' title='bbox 1758 1997 1981 2066; x_wconf 90' lang='lat' dir='ltr'>talenta,</span> <span class='ocrx_word' id='word_1_127' title='bbox 2012 1995 2108 2052; x_wconf 90' lang='lat' dir='ltr'>alii</span> 
     </span>
    </p>
   </div>
   <div class='ocr_carea' id='block_1_21' title="bbox 517 2081 2106 2156">
    <p class='ocr_par' dir='ltr' id='par_1_21' title="bbox 517 2081 2106 2156">
     <span class='ocr_line' id='line_1_21' title="bbox 517 2081 2106 2156; baseline 0.002 -18"><span class='ocrx_word' id='word_1_128' title='bbox 517 2081 652 2152; x_wconf 89' lang='lat' dir='ltr'>duo,</span> <span class='ocrx_word' id='word_1_129' title='bbox 695 2083 792 2139; x_wconf 87' lang='lat' dir='ltr'>alii</span> <span class='ocrx_word' id='word_1_130' title='bbox 825 2101 954 2140; x_wconf 90' lang='lat' dir='ltr'>vero</span> <span class='ocrx_word' id='word_1_131' title='bbox 983 2101 1177 2140; x_wconf 91' lang='lat' dir='ltr'>unum.</span> <span class='ocrx_word' id='word_1_132' title='bbox 1210 2083 1314 2140; x_wconf 91' lang='lat' dir='ltr'>Sed</span> <span class='ocrx_word' id='word_1_133' title='bbox 1362 2084 1574 2156; x_wconf 90' lang='lat' dir='ltr'>primus</span> <span class='ocrx_word' id='word_1_134' title='bbox 1622 2093 1677 2141; x_wconf 91' lang='lat' dir='ltr'>et</span> <span class='ocrx_word' id='word_1_135' title='bbox 1710 2084 1983 2142; x_wconf 90' lang='lat' dir='ltr'>secundus</span> <span class='ocrx_word' id='word_1_136' title='bbox 2010 2101 2106 2141; x_wconf 89' lang='lat' dir='ltr'>ne-</span> 
     </span>
    </p>
   </div>
   <div class='ocr_carea' id='block_1_22' title="bbox 515 2171 2108 2248">
    <p class='ocr_par' dir='ltr' id='par_1_22' title="bbox 515 2171 2108 2248">
     <span class='ocr_line' id='line_1_22' title="bbox 515 2171 2108 2248; baseline 0.002 -21"><span class='ocrx_word' id='word_1_137' title='bbox 515 2171 776 2243; x_wconf 87' lang='lat' dir='ltr'>gotiando</span> <span class='ocrx_word' id='word_1_138' title='bbox 807 2173 1006 2228; x_wconf 87' lang='lat' dir='ltr'>talenta</span> <span class='ocrx_word' id='word_1_139' title='bbox 1039 2189 1156 2246; x_wconf 68' lang='lat' dir='ltr'>quae</span> <span class='ocrx_word' id='word_1_140' title='bbox 1198 2189 1230 2229; x_wconf 89' lang='lat' dir='ltr'>a</span> <span class='ocrx_word' id='word_1_141' title='bbox 1273 2174 1502 2230; x_wconf 90' lang='lat' dir='ltr'>domino</span> <span class='ocrx_word' id='word_1_142' title='bbox 1543 2182 1881 2248; x_wconf 88' lang='lat' dir='ltr'>acceperant,</span> <span class='ocrx_word' id='word_1_143' title='bbox 1912 2174 2108 2246; x_wconf 91' lang='lat' dir='ltr'>dupli-</span> 
     </span>
    </p>
   </div>
   <div class='ocr_carea' id='block_1_23' title="bbox 513 2262 2107 2336">
    <p class='ocr_par' dir='ltr' id='par_1_23' title="bbox 513 2262 2107 2336">
     <span class='ocr_line' id='line_1_23' title="bbox 513 2262 2107 2336; baseline 0.002 -19"><span class='ocrx_word' id='word_1_144' title='bbox 513 2272 708 2320; x_wconf 88' lang='lat' dir='ltr'>carunt</span> <span class='ocrx_word' id='word_1_145' title='bbox 746 2281 758 2320; x_wconf 91' lang='lat'><strong>:</strong></span> <span class='ocrx_word' id='word_1_146' title='bbox 797 2262 989 2320; x_wconf 87' lang='lat' dir='ltr'>tertius</span> <span class='ocrx_word' id='word_1_147' title='bbox 1015 2263 1155 2319; x_wconf 81' lang='lat' dir='ltr'>fodit</span> <span class='ocrx_word' id='word_1_148' title='bbox 1184 2263 1241 2318; x_wconf 92' lang='lat' dir='ltr'>in</span> <span class='ocrx_word' id='word_1_149' title='bbox 1273 2271 1494 2332; x_wconf 90' lang='lat' dir='ltr'>terram,</span> <span class='ocrx_word' id='word_1_150' title='bbox 1527 2271 1580 2319; x_wconf 88' lang='lat' dir='ltr'>et</span> <span class='ocrx_word' id='word_1_151' title='bbox 1605 2263 1894 2321; x_wconf 85' lang='lat' dir='ltr'>abscondit</span> <span class='ocrx_word' id='word_1_152' title='bbox 1930 2281 2107 2336; x_wconf 92' lang='lat' dir='ltr'>pecu-</span> 
     </span>
    </p>
   </div>
   <div class='ocr_carea' id='block_1_24' title="bbox 513 2350 2102 2426">
    <p class='ocr_par' dir='ltr' id='par_1_24' title="bbox 513 2350 2102 2426">
     <span class='ocr_line' id='line_1_24' title="bbox 513 2350 2102 2426; baseline 0.003 -21"><span class='ocrx_word' id='word_1_153' title='bbox 513 2350 663 2406; x_wconf 86' lang='lat' dir='ltr'>niam</span> <span class='ocrx_word' id='word_1_154' title='bbox 719 2351 930 2408; x_wconf 91' lang='lat' dir='ltr'>domini</span> <span class='ocrx_word' id='word_1_155' title='bbox 990 2352 1073 2408; x_wconf 91' lang='lat' dir='ltr'>sui</span> <span class='ocrx_word' id='word_1_156' title='bbox 1137 2353 1349 2423; x_wconf 80' lang='lat' dir='ltr'>(Matth.</span> <span class='ocrx_word' id='word_1_157' title='bbox 1401 2369 1540 2421; x_wconf 84' lang='lat' dir='ltr'>xxv,</span> <span class='ocrx_word' id='word_1_158' title='bbox 1581 2352 1697 2424; x_wconf 87' lang='lat'>25).</span> <span class='ocrx_word' id='word_1_159' title='bbox 1753 2353 2102 2426; x_wconf 83' lang='lat' dir='ltr'>Quaecunque</span> 
     </span>
    </p>
   </div>
   <div class='ocr_carea' id='block_1_25' title="bbox 511 2438 2103 2514">
    <p class='ocr_par' dir='ltr' id='par_1_25' title="bbox 511 2438 2103 2514">
     <span class='ocr_line' id='line_1_25' title="bbox 511 2438 2103 2514; baseline 0.004 -22"><span class='ocrx_word' id='word_1_160' title='bbox 511 2455 638 2510; x_wconf 86' lang='lat' dir='ltr'>ergo</span> <span class='ocrx_word' id='word_1_161' title='bbox 668 2438 809 2495; x_wconf 92' lang='lat' dir='ltr'>bona</span> <span class='ocrx_word' id='word_1_162' title='bbox 858 2439 1180 2513; x_wconf 87' lang='lat' dir='ltr'>temporalia</span> <span class='ocrx_word' id='word_1_163' title='bbox 1225 2450 1320 2496; x_wconf 90' lang='lat' dir='ltr'>aut</span> <span class='ocrx_word' id='word_1_164' title='bbox 1365 2457 1717 2514; x_wconf 89' lang='lat' dir='ltr'>quascunque</span> <span class='ocrx_word' id='word_1_165' title='bbox 1754 2450 1896 2500; x_wconf 87' lang='lat' dir='ltr'>artes</span> <span class='ocrx_word' id='word_1_166' title='bbox 1923 2459 1954 2498; x_wconf 91' lang='lat' dir='ltr'>a</span> <span class='ocrx_word' id='word_1_167' title='bbox 1982 2444 2103 2498; x_wconf 93' lang='lat' dir='ltr'>Do-</span> 
     </span>
    </p>
   </div>
   <div class='ocr_carea' id='block_1_26' title="bbox 511 2527 2102 2605">
    <p class='ocr_par' dir='ltr' id='par_1_26' title="bbox 511 2527 2102 2605">
     <span class='ocr_line' id='line_1_26' title="bbox 511 2527 2102 2605; baseline 0.003 -23"><span class='ocrx_word' id='word_1_168' title='bbox 511 2527 662 2583; x_wconf 88' lang='lat' dir='ltr'>mino</span> <span class='ocrx_word' id='word_1_169' title='bbox 695 2529 1023 2600; x_wconf 89' lang='lat' dir='ltr'>accepimus,</span> <span class='ocrx_word' id='word_1_170' title='bbox 1067 2548 1166 2604; x_wconf 92' lang='lat' dir='ltr'>pro</span> <span class='ocrx_word' id='word_1_171' title='bbox 1195 2532 1524 2588; x_wconf 86' lang='lat' dir='ltr'>talentorum</span> <span class='ocrx_word' id='word_1_172' title='bbox 1580 2533 1896 2605; x_wconf 88' lang='lat' dir='ltr'>acceptione</span> <span class='ocrx_word' id='word_1_173' title='bbox 1942 2531 2102 2588; x_wconf 91' lang='lat' dir='ltr'>nobis</span> 
     </span>
    </p>
   </div>
   <div class='ocr_carea' id='block_1_27' title="bbox 512 2616 2101 2694">
    <p class='ocr_par' dir='ltr' id='par_1_27' title="bbox 512 2616 2101 2694">
     <span class='ocr_line' id='line_1_27' title="bbox 512 2616 2101 2694; baseline 0.003 -23"><span class='ocrx_word' id='word_1_174' title='bbox 512 2616 912 2690; x_wconf 83' lang='lat' dir='ltr'>reputabuntur</span> <span class='ocrx_word' id='word_1_175' title='bbox 968 2638 980 2676; x_wconf 89' lang='lat'><em>:</em></span> <span class='ocrx_word' id='word_1_176' title='bbox 1035 2619 1170 2691; x_wconf 91' lang='lat' dir='ltr'>justi</span> <span class='ocrx_word' id='word_1_177' title='bbox 1219 2621 1389 2694; x_wconf 81' lang='lat' dir='ltr'>igitur</span> <span class='ocrx_word' id='word_1_178' title='bbox 1440 2621 1533 2694; x_wconf 87' lang='lat' dir='ltr'>qui</span> <span class='ocrx_word' id='word_1_179' title='bbox 1591 2637 1686 2693; x_wconf 90' lang='lat' dir='ltr'>per</span> <span class='ocrx_word' id='word_1_180' title='bbox 1748 2621 1987 2694; x_wconf 92' lang='lat' dir='ltr'>primum</span> <span class='ocrx_word' id='word_1_181' title='bbox 2047 2629 2101 2676; x_wconf 89' lang='lat' dir='ltr'>et</span> 
     </span>
    </p>
   </div>
   <div class='ocr_carea' id='block_1_28' title="bbox 508 2706 2098 2782">
    <p class='ocr_par' dir='ltr' id='par_1_28' title="bbox 508 2706 2098 2782">
     <span class='ocr_line' id='line_1_28' title="bbox 508 2706 2098 2782; baseline 0.001 -20"><span class='ocrx_word' id='word_1_182' title='bbox 508 2706 812 2764; x_wconf 87' lang='lat' dir='ltr'>secundum</span> <span class='ocrx_word' id='word_1_183' title='bbox 871 2725 1093 2765; x_wconf 89' lang='lat' dir='ltr'>servum</span> <span class='ocrx_word' id='word_1_184' title='bbox 1132 2709 1508 2782; x_wconf 87' lang='lat' dir='ltr'>designantur,</span> <span class='ocrx_word' id='word_1_185' title='bbox 1559 2711 1764 2767; x_wconf 89' lang='lat' dir='ltr'>talenta</span> <span class='ocrx_word' id='word_1_186' title='bbox 1793 2727 1890 2766; x_wconf 91' lang='lat' dir='ltr'>sua</span> <span class='ocrx_word' id='word_1_187' title='bbox 1921 2708 2098 2780; x_wconf 85' lang='lat' dir='ltr'>dupli-</span> 
     </span>
    </p>
   </div>
   <div class='ocr_carea' id='block_1_29' title="bbox 507 2797 2100 2873">
    <p class='ocr_par' dir='ltr' id='par_1_29' title="bbox 507 2797 2100 2873">
     <span class='ocr_line' id='line_1_29' title="bbox 507 2797 2100 2873; baseline 0.001 -21"><span class='ocrx_word' id='word_1_188' title='bbox 507 2805 671 2865; x_wconf 86' lang='lat' dir='ltr'>cant;</span> <span class='ocrx_word' id='word_1_189' title='bbox 705 2815 830 2854; x_wconf 89' lang='lat' dir='ltr'>cum</span> <span class='ocrx_word' id='word_1_190' title='bbox 855 2797 1000 2855; x_wconf 87' lang='lat' dir='ltr'>bona</span> <span class='ocrx_word' id='word_1_191' title='bbox 1049 2801 1374 2872; x_wconf 89' lang='lat' dir='ltr'>temporalia</span> <span class='ocrx_word' id='word_1_192' title='bbox 1405 2817 1526 2873; x_wconf 66' lang='lat' dir='ltr'>quas</span> <span class='ocrx_word' id='word_1_193' title='bbox 1563 2815 1594 2856; x_wconf 91' lang='lat' dir='ltr'>a</span> <span class='ocrx_word' id='word_1_194' title='bbox 1621 2797 1857 2855; x_wconf 90' lang='lat' dir='ltr'>Domino</span> <span class='ocrx_word' id='word_1_195' title='bbox 1887 2797 2100 2870; x_wconf 89' lang='lat' dir='ltr'>accipi-</span> 
     </span>
    </p>
   </div>
   <div class='ocr_carea' id='block_1_30' title="bbox 505 2887 2099 2964">
    <p class='ocr_par' dir='ltr' id='par_1_30' title="bbox 505 2887 2099 2964">
     <span class='ocr_line' id='line_1_30' title="bbox 505 2887 2099 2964; baseline -0.001 -20"><span class='ocrx_word' id='word_1_196' title='bbox 505 2895 632 2957; x_wconf 89' lang='lat' dir='ltr'>unt,</span> <span class='ocrx_word' id='word_1_197' title='bbox 661 2887 720 2944; x_wconf 90' lang='lat' dir='ltr'>in</span> <span class='ocrx_word' id='word_1_198' title='bbox 749 2887 911 2946; x_wconf 87' lang='lat' dir='ltr'>bonis</span> <span class='ocrx_word' id='word_1_199' title='bbox 945 2889 1201 2964; x_wconf 88' lang='lat' dir='ltr'>operibus</span> <span class='ocrx_word' id='word_1_200' title='bbox 1252 2890 1590 2964; x_wconf 84' lang='lat' dir='ltr'>expendunt,</span> <span class='ocrx_word' id='word_1_201' title='bbox 1641 2898 1802 2961; x_wconf 88' lang='lat' dir='ltr'>atque</span> <span class='ocrx_word' id='word_1_202' title='bbox 1840 2888 1908 2944; x_wconf 89' lang='lat' dir='ltr'>ad</span> <span class='ocrx_word' id='word_1_203' title='bbox 1953 2887 2099 2944; x_wconf 88' lang='lat' dir='ltr'>bona</span> 
     </span>
    </p>
   </div>
   <div class='ocr_carea' id='block_1_31' title="bbox 512 2975 2096 3054">
    <p class='ocr_par' dir='ltr' id='par_1_31' title="bbox 512 2975 2096 3054">
     <span class='ocr_line' id='line_1_31' title="bbox 512 2975 2096 3054; baseline 0.001 -23"><span class='ocrx_word' id='word_1_204' title='bbox 512 2976 720 3049; x_wconf 87' lang='lat' dir='ltr'>agenda</span> <span class='ocrx_word' id='word_1_205' title='bbox 769 2995 1142 3054; x_wconf 88' lang='lat' dir='ltr'>quoscumque</span> <span class='ocrx_word' id='word_1_206' title='bbox 1197 2989 1446 3053; x_wconf 88' lang='lat' dir='ltr'>possunt,</span> <span class='ocrx_word' id='word_1_207' title='bbox 1508 2985 1810 3052; x_wconf 86' lang='lat' dir='ltr'>provocant</span> <span class='ocrx_word' id='word_1_208' title='bbox 1859 2995 1872 3032; x_wconf 92' lang='lat'><strong><em>:</em></strong></span> <span class='ocrx_word' id='word_1_209' title='bbox 1939 2975 2096 3050; x_wconf 90' lang='lat' dir='ltr'>impii</span> 
     </span>
    </p>
   </div>
   <div class='ocr_carea' id='block_1_32' title="bbox 504 3066 2099 3141">
    <p class='ocr_par' dir='ltr' id='par_1_32' title="bbox 504 3066 2099 3141">
     <span class='ocr_line' id='line_1_32' title="bbox 504 3066 2099 3141; baseline 0.002 -22"><span class='ocrx_word' id='word_1_210' title='bbox 504 3079 636 3122; x_wconf 89' lang='lat' dir='ltr'>vero</span> <span class='ocrx_word' id='word_1_211' title='bbox 685 3067 779 3140; x_wconf 87' lang='lat' dir='ltr'>qui</span> <span class='ocrx_word' id='word_1_212' title='bbox 830 3086 926 3141; x_wconf 90' lang='lat' dir='ltr'>per</span> <span class='ocrx_word' id='word_1_213' title='bbox 953 3087 1172 3126; x_wconf 87' lang='lat' dir='ltr'>servum</span> <span class='ocrx_word' id='word_1_214' title='bbox 1217 3067 1441 3126; x_wconf 87' lang='lat' dir='ltr'>tertium</span> <span class='ocrx_word' id='word_1_215' title='bbox 1471 3067 1844 3138; x_wconf 82' lang='lat' dir='ltr'>designantur,</span> <span class='ocrx_word' id='word_1_216' title='bbox 1893 3066 2099 3122; x_wconf 90' lang='lat' dir='ltr'>talenta</span> 
     </span>
    </p>
   </div>
   <div class='ocr_carea' id='block_1_33' title="bbox 511 3154 2096 3230">
    <p class='ocr_par' dir='ltr' id='par_1_33' title="bbox 511 3154 2096 3230">
     <span class='ocr_line' id='line_1_33' title="bbox 511 3154 2096 3230; baseline 0 -18"><span class='ocrx_word' id='word_1_217' title='bbox 511 3171 609 3212; x_wconf 87' lang='lat' dir='ltr'>sua</span> <span class='ocrx_word' id='word_1_218' title='bbox 663 3154 722 3212; x_wconf 91' lang='lat' dir='ltr'>in</span> <span class='ocrx_word' id='word_1_219' title='bbox 770 3167 914 3215; x_wconf 90' lang='lat' dir='ltr'>terra</span> <span class='ocrx_word' id='word_1_220' title='bbox 941 3157 1320 3226; x_wconf 90' lang='lat' dir='ltr'>abscondunt;</span> <span class='ocrx_word' id='word_1_221' title='bbox 1353 3155 1483 3230; x_wconf 87' lang='lat' dir='ltr'>quia</span> <span class='ocrx_word' id='word_1_222' title='bbox 1523 3173 1592 3212; x_wconf 86' lang='lat' dir='ltr'>ex</span> <span class='ocrx_word' id='word_1_223' title='bbox 1635 3155 1797 3212; x_wconf 89' lang='lat' dir='ltr'>bonis</span> <span class='ocrx_word' id='word_1_224' title='bbox 1828 3161 2096 3229; x_wconf 85' lang='lat' dir='ltr'>tempora-</span> 
     </span>
    </p>
   </div>
   <div class='ocr_carea' id='block_1_34' title="bbox 505 3240 2093 3320">
    <p class='ocr_par' dir='ltr' id='par_1_34' title="bbox 505 3240 2093 3320">
     <span class='ocr_line' id='line_1_34' title="bbox 505 3240 2093 3320; baseline 0.001 -20"><span class='ocrx_word' id='word_1_225' title='bbox 505 3240 652 3302; x_wconf 90' lang='lat' dir='ltr'>libus</span> <span class='ocrx_word' id='word_1_226' title='bbox 679 3263 800 3320; x_wconf 67' lang='lat' dir='ltr'>quae</span> <span class='ocrx_word' id='word_1_227' title='bbox 829 3263 862 3302; x_wconf 90' lang='lat' dir='ltr'>a</span> <span class='ocrx_word' id='word_1_228' title='bbox 886 3247 1124 3304; x_wconf 92' lang='lat' dir='ltr'>Domino</span> <span class='ocrx_word' id='word_1_229' title='bbox 1172 3253 1519 3320; x_wconf 90' lang='lat' dir='ltr'>acceperunt,</span> <span class='ocrx_word' id='word_1_230' title='bbox 1551 3245 1688 3302; x_wconf 87' lang='lat' dir='ltr'>vitia</span> <span class='ocrx_word' id='word_1_231' title='bbox 1717 3245 1902 3318; x_wconf 88' lang='lat' dir='ltr'>potius</span> <span class='ocrx_word' id='word_1_232' title='bbox 1931 3262 2093 3318; x_wconf 91' lang='lat' dir='ltr'>quam</span> 
     </span>
    </p>
   </div>
   <div class='ocr_carea' id='block_1_35' title="bbox 2233 646 3828 722">
    <p class='ocr_par' dir='ltr' id='par_1_35' title="bbox 2233 646 3828 722">
     <span class='ocr_line' id='line_1_35' title="bbox 2233 646 3828 722; baseline 0.002 -18"><span class='ocrx_word' id='word_1_233' title='bbox 2233 648 2385 707; x_wconf 89' lang='lat' dir='ltr'>misit</span> <span class='ocrx_word' id='word_1_234' title='bbox 2412 649 2726 718; x_wconf 84' lang='lat' dir='ltr'>revertitur,</span> <span class='ocrx_word' id='word_1_235' title='bbox 2755 657 2918 722; x_wconf 87' lang='lat' dir='ltr'>atque</span> <span class='ocrx_word' id='word_1_236' title='bbox 2943 646 3044 704; x_wconf 89' lang='lat' dir='ltr'>sub</span> <span class='ocrx_word' id='word_1_237' title='bbox 3083 647 3259 720; x_wconf 90' lang='lat' dir='ltr'>specie</span> <span class='ocrx_word' id='word_1_238' title='bbox 3289 647 3540 705; x_wconf 90' lang='lat' dir='ltr'>mulieris</span> <span class='ocrx_word' id='word_1_239' title='bbox 3565 651 3828 707; x_wconf 91' lang='lat' dir='ltr'>meretri-</span> 
     </span>
    </p>
   </div>
   <div class='ocr_carea' id='block_1_36' title="bbox 2231 736 3827 812">
    <p class='ocr_par' dir='ltr' id='par_1_36' title="bbox 2231 736 3827 812">
     <span class='ocr_line' id='line_1_36' title="bbox 2231 736 3827 812; baseline 0.002 -18"><span class='ocrx_word' id='word_1_240' title='bbox 2231 739 2310 795; x_wconf 91' lang='lat' dir='ltr'>cis</span> <span class='ocrx_word' id='word_1_241' title='bbox 2351 738 2632 795; x_wconf 86' lang='lat' dir='ltr'>civitatem</span> <span class='ocrx_word' id='word_1_242' title='bbox 2671 737 2880 794; x_wconf 89' lang='lat' dir='ltr'>diaboli</span> <span class='ocrx_word' id='word_1_243' title='bbox 2928 736 3260 805; x_wconf 87' lang='lat' dir='ltr'>describens,</span> <span class='ocrx_word' id='word_1_244' title='bbox 3307 752 3443 809; x_wconf 90' lang='lat' dir='ltr'>quas</span> <span class='ocrx_word' id='word_1_245' title='bbox 3493 755 3682 810; x_wconf 70' lang='lat' dir='ltr'>pinnas</span> <span class='ocrx_word' id='word_1_246' title='bbox 3729 757 3827 812; x_wconf 92' lang='lat' dir='ltr'>pro</span> 
     </span>
    </p>
   </div>
   <div class='ocr_carea' id='block_1_37' title="bbox 2231 827 3827 901">
    <p class='ocr_par' dir='ltr' id='par_1_37' title="bbox 2231 827 3827 901">
     <span class='ocr_line' id='line_1_37' title="bbox 2231 827 3827 901; baseline 0 -16"><span class='ocrx_word' id='word_1_247' title='bbox 2231 829 2528 886; x_wconf 89' lang='lat' dir='ltr'>sceleribus</span> <span class='ocrx_word' id='word_1_248' title='bbox 2573 829 2687 885; x_wconf 90' lang='lat' dir='ltr'>suis</span> <span class='ocrx_word' id='word_1_249' title='bbox 2727 843 2952 901; x_wconf 88' lang='lat' dir='ltr'>passura</span> <span class='ocrx_word' id='word_1_250' title='bbox 2990 828 3080 896; x_wconf 88' lang='lat' dir='ltr'>sit,</span> <span class='ocrx_word' id='word_1_251' title='bbox 3129 827 3188 883; x_wconf 91' lang='lat' dir='ltr'>in</span> <span class='ocrx_word' id='word_1_252' title='bbox 3235 827 3591 899; x_wconf 82' lang='lat' dir='ltr'>sequentibus</span> <span class='ocrx_word' id='word_1_253' title='bbox 3639 831 3827 886; x_wconf 90' lang='lat' dir='ltr'>mani-</span> 
     </span>
    </p>
   </div>
   <div class='ocr_carea' id='block_1_38' title="bbox 2230 917 3826 994">
    <p class='ocr_par' dir='ltr' id='par_1_38' title="bbox 2230 917 3826 994">
     <span class='ocr_line' id='line_1_38' title="bbox 2230 917 3826 994; baseline 0 -18"><span class='ocrx_word' id='word_1_254' title='bbox 2230 921 2408 977; x_wconf 89' lang='lat' dir='ltr'>festat.</span> <span class='ocrx_word' id='word_1_255' title='bbox 2455 922 2699 994; x_wconf 87' lang='lat' dir='ltr'>Angelus</span> <span class='ocrx_word' id='word_1_256' title='bbox 2735 935 2866 976; x_wconf 88' lang='lat' dir='ltr'>vero</span> <span class='ocrx_word' id='word_1_257' title='bbox 2904 919 3143 992; x_wconf 88' lang='lat' dir='ltr'>phialam</span> <span class='ocrx_word' id='word_1_258' title='bbox 3183 917 3410 986; x_wconf 88' lang='lat' dir='ltr'>habens,</span> <span class='ocrx_word' id='word_1_259' title='bbox 3441 919 3826 991; x_wconf 73' lang='lat' dir='ltr'>przedicatores</span> 
     </span>
    </p>
   </div>
   <div class='ocr_carea' id='block_1_39' title="bbox 2229 1011 3825 1082">
    <p class='ocr_par' dir='ltr' id='par_1_39' title="bbox 2229 1011 3825 1082">
     <span class='ocr_line' id='line_1_39' title="bbox 2229 1011 3825 1082; baseline -0.001 -16"><span class='ocrx_word' id='word_1_260' title='bbox 2229 1020 2443 1067; x_wconf 89' lang='lat' dir='ltr'>sanctos</span> <span class='ocrx_word' id='word_1_261' title='bbox 2472 1011 2718 1082; x_wconf 88' lang='lat' dir='ltr'>designat</span> <span class='ocrx_word' id='word_1_262' title='bbox 2749 1028 2762 1066; x_wconf 91' lang='lat'><em>:</em></span> <span class='ocrx_word' id='word_1_263' title='bbox 2793 1011 3031 1066; x_wconf 84' lang='lat' dir='ltr'>Joannes</span> <span class='ocrx_word' id='word_1_264' title='bbox 3071 1016 3252 1065; x_wconf 87' lang='lat' dir='ltr'>autem</span> <span class='ocrx_word' id='word_1_265' title='bbox 3283 1016 3478 1081; x_wconf 83' lang='lat' dir='ltr'>typum</span> <span class='ocrx_word' id='word_1_266' title='bbox 3529 1015 3682 1066; x_wconf 90' lang='lat' dir='ltr'>tenet</span> <span class='ocrx_word' id='word_1_267' title='bbox 3710 1027 3825 1065; x_wconf 86' lang='lat' dir='ltr'>om-</span> 
     </span>
    </p>
   </div>
   <div class='ocr_carea' id='block_1_40' title="bbox 2227 1097 3300 1168">
    <p class='ocr_par' dir='ltr' id='par_1_40' title="bbox 2227 1097 3300 1168">
     <span class='ocr_line' id='line_1_40' title="bbox 2227 1097 3300 1168; baseline -0.001 -13"><span class='ocrx_word' id='word_1_268' title='bbox 2227 1100 2379 1156; x_wconf 90' lang='lat' dir='ltr'>nium</span> <span class='ocrx_word' id='word_1_269' title='bbox 2409 1099 2657 1156; x_wconf 88' lang='lat' dir='ltr'>ﬁdelium</span> <span class='ocrx_word' id='word_1_270' title='bbox 2689 1117 2704 1168; x_wconf 90' lang='lat'>;</span> <span class='ocrx_word' id='word_1_271' title='bbox 2734 1099 2880 1155; x_wconf 92' lang='lat' dir='ltr'>unde</span> <span class='ocrx_word' id='word_1_272' title='bbox 2908 1106 2964 1156; x_wconf 91' lang='lat' dir='ltr'>et</span> <span class='ocrx_word' id='word_1_273' title='bbox 2993 1097 3250 1155; x_wconf 88' lang='lat' dir='ltr'>subditur</span> <span class='ocrx_word' id='word_1_274' title='bbox 3288 1115 3300 1154; x_wconf 91' lang='lat'>:</span> 
     </span>
    </p>
   </div>
   <div class='ocr_carea' id='block_1_41' title="bbox 2299 1186 3825 1262">
    <p class='ocr_par' dir='ltr' id='par_1_41' title="bbox 2299 1186 3825 1262">
     <span class='ocr_line' id='line_1_41' title="bbox 2299 1186 3825 1262; baseline -0.003 -15"><span class='ocrx_word' id='word_1_275' title='bbox 2299 1190 2480 1262; x_wconf 86' lang='lat' dir='ltr'>(Vers.</span> <span class='ocrx_word' id='word_1_276' title='bbox 2517 1190 2566 1256; x_wconf 88' lang='grc'>1,</span> <span class='ocrx_word' id='word_1_277' title='bbox 2617 1188 2697 1260; x_wconf 90' lang='lat'>2.)</span> <span class='ocrx_word' id='word_1_278' title='bbox 2763 1187 2906 1256; x_wconf 86' lang='lat' dir='ltr'>Veni,</span> <span class='ocrx_word' id='word_1_279' title='bbox 2965 1188 3234 1244; x_wconf 81' lang='lat' dir='ltr'>ostendam</span> <span class='ocrx_word' id='word_1_280' title='bbox 3289 1186 3386 1242; x_wconf 89' lang='lat' dir='ltr'>tibi</span> <span class='ocrx_word' id='word_1_281' title='bbox 3435 1187 3825 1243; x_wconf 79' lang='lat' dir='ltr'>damnationem</span> 
     </span>
    </p>
   </div>
   <div class='ocr_carea' id='block_1_42' title="bbox 2223 1277 3822 1350">
    <p class='ocr_par' dir='ltr' id='par_1_42' title="bbox 2223 1277 3822 1350">
     <span class='ocr_line' id='line_1_42' title="bbox 2223 1277 3822 1350; baseline -0.001 -16"><span class='ocrx_word' id='word_1_282' title='bbox 2223 1280 2512 1334; x_wconf 86' lang='lat' dir='ltr'>meretricis</span> <span class='ocrx_word' id='word_1_283' title='bbox 2567 1295 2788 1350; x_wconf 68' lang='lat' dir='ltr'>magum,</span> <span class='ocrx_word' id='word_1_284' title='bbox 2835 1293 2953 1348; x_wconf 76' lang='lat' dir='ltr'>qute</span> <span class='ocrx_word' id='word_1_285' title='bbox 3003 1277 3140 1332; x_wconf 82' lang='lat' dir='ltr'>sedet</span> <span class='ocrx_word' id='word_1_286' title='bbox 3182 1293 3342 1348; x_wconf 82' lang='lat' dir='ltr'>super</span> <span class='ocrx_word' id='word_1_287' title='bbox 3386 1293 3556 1347; x_wconf 82' lang='lat' dir='ltr'>aquas</span> <span class='ocrx_word' id='word_1_288' title='bbox 3599 1278 3822 1342; x_wconf 76' lang='lat' dir='ltr'>multas,</span> 
     </span>
    </p>
   </div>
   <div class='ocr_carea' id='block_1_43' title="bbox 2225 1368 3824 1441">
    <p class='ocr_par' dir='ltr' id='par_1_43' title="bbox 2225 1368 3824 1441">
     <span class='ocr_line' id='line_1_43' title="bbox 2225 1368 3824 1441; baseline 0 -17"><span class='ocrx_word' id='word_1_289' title='bbox 2225 1387 2340 1424; x_wconf 89' lang='lat' dir='ltr'>cum</span> <span class='ocrx_word' id='word_1_290' title='bbox 2374 1387 2480 1440; x_wconf 87' lang='lat' dir='ltr'>qua</span> <span class='ocrx_word' id='word_1_291' title='bbox 2529 1369 2785 1441; x_wconf 82' lang='lat' dir='ltr'>fornicati</span> <span class='ocrx_word' id='word_1_292' title='bbox 2816 1374 2938 1423; x_wconf 84' lang='lat' dir='ltr'>sunt</span> <span class='ocrx_word' id='word_1_293' title='bbox 2991 1385 3134 1440; x_wconf 88' lang='lat' dir='ltr'>reges</span> <span class='ocrx_word' id='word_1_294' title='bbox 3186 1373 3345 1424; x_wconf 77' lang='lat' dir='ltr'>teme</span> <span class='ocrx_word' id='word_1_295' title='bbox 3401 1385 3414 1423; x_wconf 88' lang='lat'>:</span> <span class='ocrx_word' id='word_1_296' title='bbox 3473 1374 3523 1423; x_wconf 89' lang='lat' dir='ltr'>et</span> <span class='ocrx_word' id='word_1_297' title='bbox 3575 1368 3824 1424; x_wconf 85' lang='lat' dir='ltr'>inebriati</span> 
     </span>
    </p>
   </div>
   <div class='ocr_carea' id='block_1_44' title="bbox 2223 1455 3825 1528">
    <p class='ocr_par' dir='ltr' id='par_1_44' title="bbox 2223 1455 3825 1528">
     <span class='ocr_line' id='line_1_44' title="bbox 2223 1455 3825 1528; baseline -0.001 -14"><span class='ocrx_word' id='word_1_298' title='bbox 2223 1465 2346 1514; x_wconf 87' lang='lat' dir='ltr'>sunt</span> <span class='ocrx_word' id='word_1_299' title='bbox 2389 1474 2562 1514; x_wconf 86' lang='lat' dir='ltr'>omnes</span> <span class='ocrx_word' id='word_1_300' title='bbox 2590 1458 2684 1528; x_wconf 86' lang='lat' dir='ltr'>qui</span> <span class='ocrx_word' id='word_1_301' title='bbox 2714 1457 2952 1513; x_wconf 87' lang='lat' dir='ltr'>habitant</span> <span class='ocrx_word' id='word_1_302' title='bbox 2985 1463 3185 1512; x_wconf 83' lang='lat' dir='ltr'>terram</span> <span class='ocrx_word' id='word_1_303' title='bbox 3227 1457 3290 1512; x_wconf 83' lang='lat' dir='ltr'>de</span> <span class='ocrx_word' id='word_1_304' title='bbox 3326 1455 3450 1512; x_wconf 79' lang='lat' dir='ltr'>vino</span> <span class='ocrx_word' id='word_1_305' title='bbox 3474 1458 3825 1528; x_wconf 84' lang='lat' dir='ltr'>prostitutio—</span> 
     </span>
    </p>
   </div>
   <div class='ocr_carea' id='block_1_45' title="bbox 2221 1544 3821 1619">
    <p class='ocr_par' dir='ltr' id='par_1_45' title="bbox 2221 1544 3821 1619">
     <span class='ocr_line' id='line_1_45' title="bbox 2221 1544 3821 1619; baseline -0.001 -15"><span class='ocrx_word' id='word_1_306' title='bbox 2221 1549 2306 1604; x_wconf 90' lang='lat' dir='ltr'>nis</span> <span class='ocrx_word' id='word_1_307' title='bbox 2355 1547 2488 1617; x_wconf 80' lang='lat' dir='ltr'>ejus.</span> <span class='ocrx_word' id='word_1_308' title='bbox 2535 1547 2798 1603; x_wconf 85' lang='lat' dir='ltr'>Meretrix</span> <span class='ocrx_word' id='word_1_309' title='bbox 2833 1547 2938 1604; x_wconf 89' lang='lat' dir='ltr'>ista</span> <span class='ocrx_word' id='word_1_310' title='bbox 2982 1547 3041 1602; x_wconf 89' lang='lat' dir='ltr'>in</span> <span class='ocrx_word' id='word_1_311' title='bbox 3087 1544 3364 1619; x_wconf 90' lang='lat' dir='ltr'>aliquibus</span> <span class='ocrx_word' id='word_1_312' title='bbox 3405 1545 3543 1602; x_wconf 90' lang='lat' dir='ltr'>locis</span> <span class='ocrx_word' id='word_1_313' title='bbox 3587 1547 3821 1603; x_wconf 85' lang='lat' dir='ltr'>Romam</span> 
     </span>
    </p>
   </div>
   <div class='ocr_carea' id='block_1_46' title="bbox 2221 1633 3822 1708">
    <p class='ocr_par' dir='ltr' id='par_1_46' title="bbox 2221 1633 3822 1708">
     <span class='ocr_line' id='line_1_46' title="bbox 2221 1633 3822 1708; baseline -0.002 -15"><span class='ocrx_word' id='word_1_314' title='bbox 2221 1635 2549 1708; x_wconf 89' lang='lat' dir='ltr'>specialiter,</span> <span class='ocrx_word' id='word_1_315' title='bbox 2592 1652 2713 1708; x_wconf 76' lang='lat' dir='ltr'>quae</span> <span class='ocrx_word' id='word_1_316' title='bbox 2761 1643 2894 1692; x_wconf 89' lang='lat' dir='ltr'>tunc</span> <span class='ocrx_word' id='word_1_317' title='bbox 2939 1634 3241 1692; x_wconf 90' lang='lat' dir='ltr'>Ecclesiam</span> <span class='ocrx_word' id='word_1_318' title='bbox 3301 1633 3398 1690; x_wconf 90' lang='lat' dir='ltr'>Dei</span> <span class='ocrx_word' id='word_1_319' title='bbox 3445 1634 3822 1708; x_wconf 89' lang='lat' dir='ltr'>persequeba-</span> 
     </span>
    </p>
   </div>
   <div class='ocr_carea' id='block_1_47' title="bbox 2219 1723 3816 1798">
    <p class='ocr_par' dir='ltr' id='par_1_47' title="bbox 2219 1723 3816 1798">
     <span class='ocr_line' id='line_1_47' title="bbox 2219 1723 3816 1798; baseline -0.001 -18"><span class='ocrx_word' id='word_1_320' title='bbox 2219 1732 2311 1780; x_wconf 90' lang='lat' dir='ltr'>tur</span> <span class='ocrx_word' id='word_1_321' title='bbox 2364 1741 2376 1780; x_wconf 90' lang='lat'><strong>:</strong></span> <span class='ocrx_word' id='word_1_322' title='bbox 2433 1725 2491 1780; x_wconf 92' lang='lat' dir='ltr'>in</span> <span class='ocrx_word' id='word_1_323' title='bbox 2549 1723 2877 1798; x_wconf 89' lang='lat' dir='ltr'>quibusdam</span> <span class='ocrx_word' id='word_1_324' title='bbox 2943 1741 3076 1782; x_wconf 89' lang='lat' dir='ltr'>vero</span> <span class='ocrx_word' id='word_1_325' title='bbox 3130 1723 3455 1797; x_wconf 89' lang='lat' dir='ltr'>generaliter</span> <span class='ocrx_word' id='word_1_326' title='bbox 3526 1723 3816 1780; x_wconf 89' lang='lat' dir='ltr'>civitatem</span> 
     </span>
    </p>
   </div>
   <div class='ocr_carea' id='block_1_48' title="bbox 2218 1813 3819 1888">
    <p class='ocr_par' dir='ltr' id='par_1_48' title="bbox 2218 1813 3819 1888">
     <span class='ocr_line' id='line_1_48' title="bbox 2218 1813 3819 1888; baseline -0.001 -18"><span class='ocrx_word' id='word_1_327' title='bbox 2218 1814 2448 1884; x_wconf 91' lang='lat' dir='ltr'>diaboli,</span> <span class='ocrx_word' id='word_1_328' title='bbox 2481 1815 2536 1872; x_wconf 91' lang='lat' dir='ltr'>id</span> <span class='ocrx_word' id='word_1_329' title='bbox 2584 1823 2686 1884; x_wconf 89' lang='lat' dir='ltr'>est,</span> <span class='ocrx_word' id='word_1_330' title='bbox 2727 1831 2890 1871; x_wconf 91' lang='lat' dir='ltr'>omne</span> <span class='ocrx_word' id='word_1_331' title='bbox 2933 1813 3289 1888; x_wconf 88' lang='lat' dir='ltr'>reproborum</span> <span class='ocrx_word' id='word_1_332' title='bbox 3333 1830 3532 1886; x_wconf 91' lang='lat' dir='ltr'>corpus</span> <span class='ocrx_word' id='word_1_333' title='bbox 3575 1813 3819 1870; x_wconf 91' lang='lat' dir='ltr'>demon-</span> 
     </span>
    </p>
   </div>
   <div class='ocr_carea' id='block_1_49' title="bbox 2218 1902 3819 1978">
    <p class='ocr_par' dir='ltr' id='par_1_49' title="bbox 2218 1902 3819 1978">
     <span class='ocr_line' id='line_1_49' title="bbox 2218 1902 3819 1978; baseline -0.001 -18"><span class='ocrx_word' id='word_1_334' title='bbox 2218 1911 2374 1960; x_wconf 90' lang='lat' dir='ltr'>strat.</span> <span class='ocrx_word' id='word_1_335' title='bbox 2414 1904 2658 1978; x_wconf 86' lang='lat' dir='ltr'>Angelus</span> <span class='ocrx_word' id='word_1_336' title='bbox 2685 1903 2856 1977; x_wconf 88' lang='lat' dir='ltr'>igitur</span> <span class='ocrx_word' id='word_1_337' title='bbox 2899 1903 3098 1960; x_wconf 81' lang='lat' dir='ltr'>Joanni</span> <span class='ocrx_word' id='word_1_338' title='bbox 3127 1902 3369 1960; x_wconf 87' lang='lat' dir='ltr'>ostendit</span> <span class='ocrx_word' id='word_1_339' title='bbox 3403 1902 3819 1960; x_wconf 87' lang='lat' dir='ltr'>damnationem</span> 
     </span>
    </p>
   </div>
   <div class='ocr_carea' id='block_1_50' title="bbox 2217 1993 3820 2068">
    <p class='ocr_par' dir='ltr' id='par_1_50' title="bbox 2217 1993 3820 2068">
     <span class='ocr_line' id='line_1_50' title="bbox 2217 1993 3820 2068; baseline -0.001 -18"><span class='ocrx_word' id='word_1_340' title='bbox 2217 1995 2520 2051; x_wconf 87' lang='lat' dir='ltr'>meretricis</span> <span class='ocrx_word' id='word_1_341' title='bbox 2563 2011 2770 2068; x_wconf 67' lang='lat' dir='ltr'>magnae</span> <span class='ocrx_word' id='word_1_342' title='bbox 2813 2013 2828 2063; x_wconf 90' lang='lat'>;</span> <span class='ocrx_word' id='word_1_343' title='bbox 2897 1993 3029 2067; x_wconf 90' lang='lat' dir='ltr'>quia</span> <span class='ocrx_word' id='word_1_344' title='bbox 3087 1994 3470 2067; x_wconf 62' lang='lat' dir='ltr'>praedicatores</span> <span class='ocrx_word' id='word_1_345' title='bbox 3525 1993 3704 2050; x_wconf 87' lang='lat' dir='ltr'>sancti</span> <span class='ocrx_word' id='word_1_346' title='bbox 3765 2001 3820 2048; x_wconf 89' lang='lat' dir='ltr'>et</span> 
     </span>
    </p>
   </div>
   <div class='ocr_carea' id='block_1_51' title="bbox 2216 2083 3818 2157">
    <p class='ocr_par' dir='ltr' id='par_1_51' title="bbox 2216 2083 3818 2157">
     <span class='ocr_line' id='line_1_51' title="bbox 2216 2083 3818 2157; baseline -0.001 -19"><span class='ocrx_word' id='word_1_347' title='bbox 2216 2084 2399 2142; x_wconf 87' lang='lat' dir='ltr'>verbis</span> <span class='ocrx_word' id='word_1_348' title='bbox 2445 2094 2498 2142; x_wconf 92' lang='lat' dir='ltr'>et</span> <span class='ocrx_word' id='word_1_349' title='bbox 2543 2085 2762 2157; x_wconf 85' lang='lat' dir='ltr'>scriptis</span> <span class='ocrx_word' id='word_1_350' title='bbox 2799 2083 3060 2140; x_wconf 88' lang='lat' dir='ltr'>ﬁdelibus</span> <span class='ocrx_word' id='word_1_351' title='bbox 3105 2083 3424 2150; x_wconf 88' lang='lat' dir='ltr'>ostendunt,</span> <span class='ocrx_word' id='word_1_352' title='bbox 3456 2099 3592 2156; x_wconf 88' lang='lat' dir='ltr'>quas</span> <span class='ocrx_word' id='word_1_353' title='bbox 3625 2098 3818 2154; x_wconf 67' lang='lat' dir='ltr'>pennas</span> 
     </span>
    </p>
   </div>
   <div class='ocr_carea' id='block_1_52' title="bbox 2215 2171 3816 2247">
    <p class='ocr_par' dir='ltr' id='par_1_52' title="bbox 2215 2171 3816 2247">
     <span class='ocr_line' id='line_1_52' title="bbox 2215 2171 3816 2247; baseline -0.002 -19"><span class='ocrx_word' id='word_1_354' title='bbox 2215 2171 2373 2246; x_wconf 89' lang='lat' dir='ltr'>impii</span> <span class='ocrx_word' id='word_1_355' title='bbox 2433 2190 2532 2247; x_wconf 91' lang='lat' dir='ltr'>pro</span> <span class='ocrx_word' id='word_1_356' title='bbox 2598 2173 2900 2230; x_wconf 88' lang='lat' dir='ltr'>sceleribus</span> <span class='ocrx_word' id='word_1_357' title='bbox 2955 2175 3071 2230; x_wconf 91' lang='lat' dir='ltr'>suis</span> <span class='ocrx_word' id='word_1_358' title='bbox 3127 2174 3427 2246; x_wconf 90' lang='lat' dir='ltr'>patiantur,</span> <span class='ocrx_word' id='word_1_359' title='bbox 3501 2181 3564 2228; x_wconf 89' lang='lat' dir='ltr'>ut</span> <span class='ocrx_word' id='word_1_360' title='bbox 3618 2187 3816 2226; x_wconf 88' lang='lat' dir='ltr'>eorum</span> 
     </span>
    </p>
   </div>
   <div class='ocr_carea' id='block_1_53' title="bbox 2214 2261 3818 2335">
    <p class='ocr_par' dir='ltr' id='par_1_53' title="bbox 2214 2261 3818 2335">
     <span class='ocr_line' id='line_1_53' title="bbox 2214 2261 3818 2335; baseline -0.003 -17"><span class='ocrx_word' id='word_1_361' title='bbox 2214 2263 2390 2334; x_wconf 66' lang='lat' dir='ltr'>poenis</span> <span class='ocrx_word' id='word_1_362' title='bbox 2444 2263 2619 2320; x_wconf 90' lang='lat' dir='ltr'>territi</span> <span class='ocrx_word' id='word_1_363' title='bbox 2674 2281 2706 2319; x_wconf 90' lang='lat' dir='ltr'>a</span> <span class='ocrx_word' id='word_1_364' title='bbox 2759 2264 2997 2335; x_wconf 83' lang='lat' dir='ltr'>peccatis</span> <span class='ocrx_word' id='word_1_365' title='bbox 3065 2264 3394 2320; x_wconf 88' lang='lat' dir='ltr'>abstineant.</span> <span class='ocrx_word' id='word_1_366' title='bbox 3457 2261 3589 2328; x_wconf 61' lang='lat' dir='ltr'>Quae</span> <span class='ocrx_word' id='word_1_367' title='bbox 3649 2276 3818 2332; x_wconf 86' lang='lat' dir='ltr'>super</span> 
     </span>
    </p>
   </div>
   <div class='ocr_carea' id='block_1_54' title="bbox 2213 2349 3817 2426">
    <p class='ocr_par' dir='ltr' id='par_1_54' title="bbox 2213 2349 3817 2426">
     <span class='ocr_line' id='line_1_54' title="bbox 2213 2349 3817 2426; baseline -0.003 -18"><span class='ocrx_word' id='word_1_368' title='bbox 2213 2367 2382 2426; x_wconf 88' lang='lat' dir='ltr'>aquas</span> <span class='ocrx_word' id='word_1_369' title='bbox 2411 2353 2612 2407; x_wconf 88' lang='lat' dir='ltr'>multas</span> <span class='ocrx_word' id='word_1_370' title='bbox 2659 2351 2843 2408; x_wconf 90' lang='lat' dir='ltr'>sedere</span> <span class='ocrx_word' id='word_1_371' title='bbox 2889 2352 3096 2409; x_wconf 92' lang='lat' dir='ltr'>dicitur</span> <span class='ocrx_word' id='word_1_372' title='bbox 3125 2371 3139 2421; x_wconf 92' lang='lat'>;</span> <span class='ocrx_word' id='word_1_373' title='bbox 3181 2353 3310 2425; x_wconf 92' lang='lat' dir='ltr'>quia</span> <span class='ocrx_word' id='word_1_374' title='bbox 3347 2369 3418 2410; x_wconf 86' lang='lat' dir='ltr'>ex</span> <span class='ocrx_word' id='word_1_375' title='bbox 3449 2349 3817 2408; x_wconf 88' lang='lat' dir='ltr'>multitudine</span> 
     </span>
    </p>
   </div>
   <div class='ocr_carea' id='block_1_55' title="bbox 2211 2439 3817 2515">
    <p class='ocr_par' dir='ltr' id='par_1_55' title="bbox 2211 2439 3817 2515">
     <span class='ocr_line' id='line_1_55' title="bbox 2211 2439 3817 2515; baseline -0.002 -18"><span class='ocrx_word' id='word_1_376' title='bbox 2211 2443 2480 2515; x_wconf 89' lang='lat' dir='ltr'>gentium,</span> <span class='ocrx_word' id='word_1_377' title='bbox 2525 2457 2646 2514; x_wconf 76' lang='lat' dir='ltr'>quae</span> <span class='ocrx_word' id='word_1_378' title='bbox 2684 2458 2779 2514; x_wconf 93' lang='lat' dir='ltr'>per</span> <span class='ocrx_word' id='word_1_379' title='bbox 2821 2458 2989 2514; x_wconf 89' lang='lat' dir='ltr'>aquas</span> <span class='ocrx_word' id='word_1_380' title='bbox 3017 2443 3390 2514; x_wconf 90' lang='lat' dir='ltr'>designantur,</span> <span class='ocrx_word' id='word_1_381' title='bbox 3439 2441 3640 2498; x_wconf 86' lang='lat' dir='ltr'>civitas</span> <span class='ocrx_word' id='word_1_382' title='bbox 3683 2439 3817 2496; x_wconf 89' lang='lat' dir='ltr'>dia-</span> 
     </span>
    </p>
   </div>
   <div class='ocr_carea' id='block_1_56' title="bbox 2209 2529 3814 2604">
    <p class='ocr_par' dir='ltr' id='par_1_56' title="bbox 2209 2529 3814 2604">
     <span class='ocr_line' id='line_1_56' title="bbox 2209 2529 3814 2604; baseline -0.001 -18"><span class='ocrx_word' id='word_1_383' title='bbox 2209 2530 2322 2586; x_wconf 91' lang='lat' dir='ltr'>boli</span> <span class='ocrx_word' id='word_1_384' title='bbox 2371 2530 2712 2586; x_wconf 90' lang='lat' dir='ltr'>construitur</span> <span class='ocrx_word' id='word_1_385' title='bbox 2763 2549 2776 2586; x_wconf 91' lang='lat'><strong>:</strong></span> <span class='ocrx_word' id='word_1_386' title='bbox 2821 2547 2947 2587; x_wconf 90' lang='lat' dir='ltr'>cum</span> <span class='ocrx_word' id='word_1_387' title='bbox 2995 2547 3102 2604; x_wconf 90' lang='lat' dir='ltr'>qua</span> <span class='ocrx_word' id='word_1_388' title='bbox 3150 2545 3300 2602; x_wconf 89' lang='lat' dir='ltr'>reges</span> <span class='ocrx_word' id='word_1_389' title='bbox 3343 2538 3501 2586; x_wconf 65' lang='lat' dir='ltr'>terrae</span> <span class='ocrx_word' id='word_1_390' title='bbox 3549 2529 3814 2586; x_wconf 81' lang='lat' dir='ltr'>fornicati</span> 
     </span>
    </p>
   </div>
   <div class='ocr_carea' id='block_1_57' title="bbox 2209 2617 3816 2691">
    <p class='ocr_par' dir='ltr' id='par_1_57' title="bbox 2209 2617 3816 2691">
     <span class='ocr_line' id='line_1_57' title="bbox 2209 2617 3816 2691; baseline -0.002 -16"><span class='ocrx_word' id='word_1_391' title='bbox 2209 2635 2324 2676; x_wconf 91' lang='lat' dir='ltr'>esse</span> <span class='ocrx_word' id='word_1_392' title='bbox 2370 2618 2634 2675; x_wconf 88' lang='lat' dir='ltr'>dicuntur</span> <span class='ocrx_word' id='word_1_393' title='bbox 2675 2637 2688 2686; x_wconf 94' lang='lat'>;</span> <span class='ocrx_word' id='word_1_394' title='bbox 2751 2617 2880 2691; x_wconf 89' lang='lat' dir='ltr'>quia</span> <span class='ocrx_word' id='word_1_395' title='bbox 2922 2619 3127 2675; x_wconf 91' lang='lat' dir='ltr'>scelera</span> <span class='ocrx_word' id='word_1_396' title='bbox 3181 2618 3480 2690; x_wconf 85' lang='lat' dir='ltr'>Babylonis</span> <span class='ocrx_word' id='word_1_397' title='bbox 3529 2625 3816 2674; x_wconf 87' lang='lat' dir='ltr'>auxerunt</span> 
     </span>
    </p>
   </div>
   <div class='ocr_carea' id='block_1_58' title="bbox 2207 2706 3820 2781">
    <p class='ocr_par' dir='ltr' id='par_1_58' title="bbox 2207 2706 3820 2781">
     <span class='ocr_line' id='line_1_58' title="bbox 2207 2706 3820 2781; baseline -0.002 -17"><span class='ocrx_word' id='word_1_398' title='bbox 2207 2707 2391 2780; x_wconf 89' lang='lat' dir='ltr'>potius</span> <span class='ocrx_word' id='word_1_399' title='bbox 2435 2723 2598 2781; x_wconf 88' lang='lat' dir='ltr'>quam</span> <span class='ocrx_word' id='word_1_400' title='bbox 2645 2707 3058 2764; x_wconf 85' lang='lat' dir='ltr'>destruxerunt.</span> <span class='ocrx_word' id='word_1_401' title='bbox 3099 2713 3243 2771; x_wconf 82' lang='lat'>563</span> <span class='ocrx_word' id='word_1_402' title='bbox 3285 2709 3359 2763; x_wconf 87' lang='lat' dir='ltr'>Et</span> <span class='ocrx_word' id='word_1_403' title='bbox 3395 2706 3653 2762; x_wconf 86' lang='lat' dir='ltr'>i-nebriati</span> <span class='ocrx_word' id='word_1_404' title='bbox 3694 2711 3820 2762; x_wconf 81' lang='lat' dir='ltr'>sunt</span> 
     </span>
    </p>
   </div>
   <div class='ocr_carea' id='block_1_59' title="bbox 2206 2808 3817 2881">
    <p class='ocr_par' dir='ltr' id='par_1_59' title="bbox 2206 2808 3817 2881">
     <span class='ocr_line' id='line_1_59' title="bbox 2206 2808 3817 2881; baseline -0.002 -15"><span class='ocrx_word' id='word_1_405' title='bbox 2206 2827 2400 2880; x_wconf 86' lang='lat' dir='ltr'>omnes,</span> <span class='ocrx_word' id='word_1_406' title='bbox 2445 2811 2537 2881; x_wconf 88' lang='lat' dir='ltr'>qui</span> <span class='ocrx_word' id='word_1_407' title='bbox 2581 2811 2876 2866; x_wconf 84' lang='lat' dir='ltr'>inhabitant</span> <span class='ocrx_word' id='word_1_408' title='bbox 2903 2817 3122 2880; x_wconf 86' lang='lat' dir='ltr'>terram,</span> <span class='ocrx_word' id='word_1_409' title='bbox 3163 2812 3223 2865; x_wconf 89' lang='lat' dir='ltr'>de</span> <span class='ocrx_word' id='word_1_410' title='bbox 3264 2810 3386 2865; x_wconf 84' lang='lat' dir='ltr'>vino</span> <span class='ocrx_word' id='word_1_411' title='bbox 3410 2808 3817 2880; x_wconf 84' lang='lat' dir='ltr'>prostitutionis</span> 
     </span>
    </p>
   </div>
   <div class='ocr_carea' id='block_1_60' title="bbox 2206 2895 3812 2972">
    <p class='ocr_par' dir='ltr' id='par_1_60' title="bbox 2206 2895 3812 2972">
     <span class='ocr_line' id='line_1_60' title="bbox 2206 2895 3812 2972; baseline 0 -18"><span class='ocrx_word' id='word_1_412' title='bbox 2206 2898 2336 2969; x_wconf 84' lang='lat' dir='ltr'>ejus.</span> <span class='ocrx_word' id='word_1_413' title='bbox 2382 2899 2592 2957; x_wconf 84' lang='lat' dir='ltr'>Vinum</span> <span class='ocrx_word' id='word_1_414' title='bbox 2622 2899 3052 2972; x_wconf 89' lang='lat' dir='ltr'>prostitutionis,</span> <span class='ocrx_word' id='word_1_415' title='bbox 3085 2895 3290 2955; x_wconf 88' lang='lat' dir='ltr'>diversi</span> <span class='ocrx_word' id='word_1_416' title='bbox 3321 2914 3552 2966; x_wconf 89' lang='lat' dir='ltr'>errores,</span> <span class='ocrx_word' id='word_1_417' title='bbox 3581 2897 3812 2954; x_wconf 87' lang='lat' dir='ltr'>diversa</span> 
     </span>
    </p>
   </div>
   <div class='ocr_carea' id='block_1_61' title="bbox 2205 2987 3812 3062">
    <p class='ocr_par' dir='ltr' id='par_1_61' title="bbox 2205 2987 3812 3062">
     <span class='ocr_line' id='line_1_61' title="bbox 2205 2987 3812 3062; baseline -0.001 -18"><span class='ocrx_word' id='word_1_418' title='bbox 2205 2997 2334 3044; x_wconf 91' lang='lat' dir='ltr'>sunt</span> <span class='ocrx_word' id='word_1_419' title='bbox 2380 2991 2584 3047; x_wconf 90' lang='lat' dir='ltr'>scelera</span> <span class='ocrx_word' id='word_1_420' title='bbox 2630 2991 2816 3062; x_wconf 64' lang='lat' dir='ltr'>impiae</span> <span class='ocrx_word' id='word_1_421' title='bbox 2843 2989 3126 3057; x_wconf 89' lang='lat' dir='ltr'>civitatis;</span> <span class='ocrx_word' id='word_1_422' title='bbox 3179 3006 3304 3045; x_wconf 89' lang='lat' dir='ltr'>nam</span> <span class='ocrx_word' id='word_1_423' title='bbox 3351 2989 3496 3046; x_wconf 89' lang='lat' dir='ltr'>sicut</span> <span class='ocrx_word' id='word_1_424' title='bbox 3533 2987 3812 3044; x_wconf 83' lang='lat' dir='ltr'>meretrix</span> 
     </span>
    </p>
   </div>
   <div class='ocr_carea' id='block_1_62' title="bbox 2203 3076 3802 3152">
    <p class='ocr_par' dir='ltr' id='par_1_62' title="bbox 2203 3076 3802 3152">
     <span class='ocr_line' id='line_1_62' title="bbox 2203 3076 3802 3152; baseline -0.002 -17"><span class='ocrx_word' id='word_1_425' title='bbox 2203 3080 2555 3152; x_wconf 86' lang='lat' dir='ltr'>prostituitur</span> <span class='ocrx_word' id='word_1_426' title='bbox 2583 3079 2842 3138; x_wconf 91' lang='lat' dir='ltr'>omnibus</span> <span class='ocrx_word' id='word_1_427' title='bbox 2867 3097 3050 3138; x_wconf 91' lang='lat' dir='ltr'>secum</span> <span class='ocrx_word' id='word_1_428' title='bbox 3082 3079 3343 3136; x_wconf 85' lang='lat' dir='ltr'>fornicari</span> <span class='ocrx_word' id='word_1_429' title='bbox 3370 3076 3712 3146; x_wconf 90' lang='lat' dir='ltr'>volentibus,</span> <span class='ocrx_word' id='word_1_430' title='bbox 3737 3084 3802 3132; x_wconf 91' lang='lat' dir='ltr'>ut</span> 
     </span>
    </p>
   </div>
   <div class='ocr_carea' id='block_1_63' title="bbox 2203 3165 3806 3243">
    <p class='ocr_par' dir='ltr' id='par_1_63' title="bbox 2203 3165 3806 3243">
     <span class='ocr_line' id='line_1_63' title="bbox 2203 3165 3806 3243; baseline -0.001 -19"><span class='ocrx_word' id='word_1_431' title='bbox 2203 3185 2392 3226; x_wconf 93' lang='lat' dir='ltr'>eorum</span> <span class='ocrx_word' id='word_1_432' title='bbox 2439 3169 2810 3226; x_wconf 89' lang='lat' dir='ltr'>immunditiis</span> <span class='ocrx_word' id='word_1_433' title='bbox 2847 3171 3126 3243; x_wconf 89' lang='lat' dir='ltr'>polluatur</span> <span class='ocrx_word' id='word_1_434' title='bbox 3164 3187 3176 3225; x_wconf 86' lang='lat'>:</span> <span class='ocrx_word' id='word_1_435' title='bbox 3211 3167 3287 3224; x_wconf 89' lang='lat' dir='ltr'>ita</span> <span class='ocrx_word' id='word_1_436' title='bbox 3323 3173 3377 3224; x_wconf 87' lang='lat' dir='ltr'>et</span> <span class='ocrx_word' id='word_1_437' title='bbox 3417 3183 3604 3223; x_wconf 91' lang='lat' dir='ltr'>omnes</span> <span class='ocrx_word' id='word_1_438' title='bbox 3634 3165 3806 3238; x_wconf 90' lang='lat' dir='ltr'>impii</span> 
     </span>
    </p>
   </div>
   <div class='ocr_carea' id='block_1_64' title="bbox 2202 3255 3804 3330">
    <p class='ocr_par' dir='ltr' id='par_1_64' title="bbox 2202 3255 3804 3330">
     <span class='ocr_line' id='line_1_64' title="bbox 2202 3255 3804 3330; baseline -0.003 -16"><span class='ocrx_word' id='word_1_439' title='bbox 2202 3257 2576 3330; x_wconf 90' lang='lat' dir='ltr'>subjiciuntur</span> <span class='ocrx_word' id='word_1_440' title='bbox 2603 3258 2965 3328; x_wconf 85' lang='lat' dir='ltr'>daemonibus,</span> <span class='ocrx_word' id='word_1_441' title='bbox 2996 3274 3122 3316; x_wconf 92' lang='lat' dir='ltr'>cum</span> <span class='ocrx_word' id='word_1_442' title='bbox 3153 3273 3342 3314; x_wconf 90' lang='lat' dir='ltr'>eorum</span> <span class='ocrx_word' id='word_1_443' title='bbox 3364 3255 3548 3328; x_wconf 87' lang='lat' dir='ltr'>pravis</span> <span class='ocrx_word' id='word_1_444' title='bbox 3575 3271 3804 3328; x_wconf 88' lang='lat' dir='ltr'>sugges-</span> 
     </span>
    </p>
   </div>
   <div class='ocr_carea' id='block_1_65' title="bbox 501 3309 2091 3420">
    <p class='ocr_par' dir='ltr' id='par_1_65' title="bbox 501 3334 2088 3408">
     <span class='ocr_line' id='line_1_65' title="bbox 501 3334 2088 3408; baseline 0 -18"><span class='ocrx_word' id='word_1_445' title='bbox 501 3334 736 3394; x_wconf 89' lang='lat' dir='ltr'>virtutes</span> <span class='ocrx_word' id='word_1_446' title='bbox 789 3337 1094 3394; x_wconf 86' lang='lat' dir='ltr'>enutriunt.</span> <span class='ocrx_word' id='word_1_447' title='bbox 1151 3335 1254 3391; x_wconf 91' lang='lat' dir='ltr'>Per</span> <span class='ocrx_word' id='word_1_448' title='bbox 1299 3334 1644 3408; x_wconf 89' lang='lat' dir='ltr'>grandinem,</span> <span class='ocrx_word' id='word_1_449' title='bbox 1691 3351 1811 3408; x_wconf 77' lang='lat' dir='ltr'>quae</span> <span class='ocrx_word' id='word_1_450' title='bbox 1865 3351 1928 3390; x_wconf 92' lang='lat' dir='ltr'>ea</span> <span class='ocrx_word' id='word_1_451' title='bbox 1967 3351 2088 3407; x_wconf 59' lang='lat' dir='ltr'>quas</span> 
     </span>
    </p>
   </div>
   <div class='ocr_carea' id='block_1_66' title="bbox 2204 3309 3804 3420">
    <p class='ocr_par' dir='ltr' id='par_1_66' title="bbox 2204 3309 3804 3420">
     <span class='ocr_line' id='line_1_66' title="bbox 2204 3309 3773 3330; baseline -0.002 -16"><span class='ocrx_word' id='word_1_452' title='bbox 2204 3309 2565 3330; x_wconf 51' lang='grc' dir='ltr'>ηἽΨ---η</span> <span class='ocrx_word' id='word_1_453' title='bbox 2605 3309 2965 3328; x_wconf 55' lang='grc' dir='ltr'>-π,---,-----,</span> <span class='ocrx_word' id='word_1_454' title='bbox 3001 3309 3122 3316; x_wconf 42' lang='lat' dir='ltr'>ﬂ-“</span> <span class='ocrx_word' id='word_1_455' title='bbox 3158 3309 3342 3314; x_wconf 45' lang='grc' dir='ltr'>--ηπ</span> <span class='ocrx_word' id='word_1_456' title='bbox 3365 3309 3459 3328; x_wconf 46' lang='grc' dir='ltr'>τη</span> <span class='ocrx_word' id='word_1_457' title='bbox 3504 3309 3541 3310; x_wconf 43' lang='grc' dir='ltr'><em>η</em></span> <span class='ocrx_word' id='word_1_458' title='bbox 3586 3309 3773 3328; x_wconf 27' lang='grc' dir='ltr'>ηπ--</span> 
     </span>
     <span class='ocr_line' id='line_1_67' title="bbox 2204 3342 3804 3420; baseline -0.003 -16"><span class='ocrx_word' id='word_1_459' title='bbox 2204 3347 2446 3406; x_wconf 90' lang='lat' dir='ltr'>tionibus</span> <span class='ocrx_word' id='word_1_460' title='bbox 2491 3347 2948 3420; x_wconf 84' lang='lat' dir='ltr'>obtemperantes,</span> <span class='ocrx_word' id='word_1_461' title='bbox 2999 3347 3058 3404; x_wconf 91' lang='lat' dir='ltr'>in</span> <span class='ocrx_word' id='word_1_462' title='bbox 3103 3345 3362 3404; x_wconf 90' lang='lat' dir='ltr'>omnibus</span> <span class='ocrx_word' id='word_1_463' title='bbox 3393 3342 3696 3401; x_wconf 89' lang='lat' dir='ltr'>sceleribus</span> <span class='ocrx_word' id='word_1_464' title='bbox 3744 3361 3804 3401; x_wconf 90' lang='lat' dir='ltr'>se</span> 
     </span>
    </p>
   </div>
   <div class='ocr_carea' id='block_1_67' title="bbox 499 3422 2090 3493">
    <p class='ocr_par' dir='ltr' id='par_1_67' title="bbox 499 3422 2090 3493">
     <span class='ocr_line' id='line_1_68' title="bbox 499 3422 2090 3493; baseline -0.001 -12"><span class='ocrx_word' id='word_1_465' title='bbox 499 3440 568 3481; x_wconf 88' lang='lat' dir='ltr'>ex</span> <span class='ocrx_word' id='word_1_466' title='bbox 627 3435 774 3484; x_wconf 90' lang='lat' dir='ltr'>terra</span> <span class='ocrx_word' id='word_1_467' title='bbox 829 3431 1152 3493; x_wconf 87' lang='lat' dir='ltr'>nascuntur,</span> <span class='ocrx_word' id='word_1_468' title='bbox 1209 3423 1446 3480; x_wconf 87' lang='lat' dir='ltr'>conterit</span> <span class='ocrx_word' id='word_1_469' title='bbox 1487 3433 1542 3482; x_wconf 92' lang='lat' dir='ltr'>et</span> <span class='ocrx_word' id='word_1_470' title='bbox 1593 3423 1786 3492; x_wconf 86' lang='lat' dir='ltr'>delet;</span> <span class='ocrx_word' id='word_1_471' title='bbox 1843 3422 2090 3480; x_wconf 86' lang='lat' dir='ltr'>vindicta</span> 
     </span>
    </p>
   </div>
   <div class='ocr_carea' id='block_1_68' title="bbox 500 3512 2084 3588">
    <p class='ocr_par' dir='ltr' id='par_1_68' title="bbox 500 3512 2084 3588">
     <span class='ocr_line' id='line_1_69' title="bbox 500 3512 2084 3588; baseline -0.002 -17"><span class='ocrx_word' id='word_1_472' title='bbox 500 3515 898 3588; x_wconf 88' lang='lat' dir='ltr'>omnipotentis</span> <span class='ocrx_word' id='word_1_473' title='bbox 927 3514 1027 3572; x_wconf 93' lang='lat' dir='ltr'>Dei</span> <span class='ocrx_word' id='word_1_474' title='bbox 1061 3512 1395 3586; x_wconf 88' lang='lat' dir='ltr'>designatur,</span> <span class='ocrx_word' id='word_1_475' title='bbox 1448 3530 1556 3588; x_wconf 90' lang='lat' dir='ltr'>qua</span> <span class='ocrx_word' id='word_1_476' title='bbox 1583 3512 1784 3586; x_wconf 91' lang='lat' dir='ltr'>impios</span> <span class='ocrx_word' id='word_1_477' title='bbox 1821 3519 2084 3580; x_wconf 89' lang='lat' dir='ltr'>conteret,</span> 
     </span>
    </p>
   </div>
   <div class='ocr_carea' id='block_1_69' title="bbox 497 3601 2087 3678">
    <p class='ocr_par' dir='ltr' id='par_1_69' title="bbox 497 3601 2087 3678">
     <span class='ocr_line' id='line_1_70' title="bbox 497 3601 2087 3678; baseline -0.002 -16"><span class='ocrx_word' id='word_1_478' title='bbox 497 3613 552 3662; x_wconf 89' lang='lat' dir='ltr'>et</span> <span class='ocrx_word' id='word_1_479' title='bbox 584 3603 642 3661; x_wconf 91' lang='lat' dir='ltr'>in</span> <span class='ocrx_word' id='word_1_480' title='bbox 671 3605 948 3662; x_wconf 90' lang='lat' dir='ltr'>infernum</span> <span class='ocrx_word' id='word_1_481' title='bbox 978 3601 1256 3676; x_wconf 90' lang='lat' dir='ltr'>demerget</span> <span class='ocrx_word' id='word_1_482' title='bbox 1290 3622 1302 3661; x_wconf 89' lang='lat'><strong>:</strong></span> <span class='ocrx_word' id='word_1_483' title='bbox 1351 3621 1472 3678; x_wconf 68' lang='lat' dir='ltr'>quae</span> <span class='ocrx_word' id='word_1_484' title='bbox 1501 3605 1645 3660; x_wconf 87' lang='lat' dir='ltr'>sicut</span> <span class='ocrx_word' id='word_1_485' title='bbox 1674 3605 1938 3660; x_wconf 89' lang='lat' dir='ltr'>talentum</span> <span class='ocrx_word' id='word_1_486' title='bbox 1969 3619 2087 3659; x_wconf 89' lang='lat' dir='ltr'>esse</span> 
     </span>
    </p>
   </div>
   <div class='ocr_carea' id='block_1_70' title="bbox 495 3693 2085 3769">
    <p class='ocr_par' dir='ltr' id='par_1_70' title="bbox 495 3693 2085 3769">
     <span class='ocr_line' id='line_1_71' title="bbox 495 3693 2085 3769; baseline -0.001 -18"><span class='ocrx_word' id='word_1_487' title='bbox 495 3694 724 3764; x_wconf 88' lang='lat' dir='ltr'>dicitur,</span> <span class='ocrx_word' id='word_1_488' title='bbox 774 3694 904 3768; x_wconf 90' lang='lat' dir='ltr'>quia</span> <span class='ocrx_word' id='word_1_489' title='bbox 931 3711 1380 3769; x_wconf 88' lang='lat' dir='ltr'>unumquemque</span> <span class='ocrx_word' id='word_1_490' title='bbox 1433 3695 1735 3752; x_wconf 89' lang='lat' dir='ltr'>secundum</span> <span class='ocrx_word' id='word_1_491' title='bbox 1779 3695 1971 3750; x_wconf 88' lang='lat' dir='ltr'>talenti</span> <span class='ocrx_word' id='word_1_492' title='bbox 1999 3693 2085 3751; x_wconf 91' lang='lat' dir='ltr'>sui</span> 
     </span>
    </p>
   </div>
   <div class='ocr_carea' id='block_1_71' title="bbox 496 3782 2082 3860">
    <p class='ocr_par' dir='ltr' id='par_1_71' title="bbox 496 3782 2082 3860">
     <span class='ocr_line' id='line_1_72' title="bbox 496 3782 2082 3860; baseline 0 -20"><span class='ocrx_word' id='word_1_493' title='bbox 496 3782 816 3858; x_wconf 85' lang='lat' dir='ltr'>qualitatem</span> <span class='ocrx_word' id='word_1_494' title='bbox 848 3785 1076 3857; x_wconf 90' lang='lat' dir='ltr'>puniet;</span> <span class='ocrx_word' id='word_1_495' title='bbox 1111 3795 1166 3843; x_wconf 90' lang='lat' dir='ltr'>et</span> <span class='ocrx_word' id='word_1_496' title='bbox 1198 3793 1404 3860; x_wconf 90' lang='lat' dir='ltr'>quanto</span> <span class='ocrx_word' id='word_1_497' title='bbox 1431 3785 1668 3858; x_wconf 87' lang='lat' dir='ltr'>amplius</span> <span class='ocrx_word' id='word_1_498' title='bbox 1687 3784 1810 3858; x_wconf 90' lang='lat' dir='ltr'>quis</span> <span class='ocrx_word' id='word_1_499' title='bbox 1829 3783 2082 3858; x_wconf 89' lang='lat' dir='ltr'>deliquit,</span> 
     </span>
    </p>
   </div>
   <div class='ocr_carea' id='block_1_72' title="bbox 493 3872 2084 3948">
    <p class='ocr_par' dir='ltr' id='par_1_72' title="bbox 493 3872 2084 3948">
     <span class='ocr_line' id='line_1_73' title="bbox 493 3872 2084 3948; baseline -0.001 -18"><span class='ocrx_word' id='word_1_500' title='bbox 493 3880 648 3930; x_wconf 90' lang='lat' dir='ltr'>tanto</span> <span class='ocrx_word' id='word_1_501' title='bbox 700 3874 968 3948; x_wconf 88' lang='lat' dir='ltr'>ampliora</span> <span class='ocrx_word' id='word_1_502' title='bbox 1020 3883 1297 3933; x_wconf 87' lang='lat' dir='ltr'>tormenta</span> <span class='ocrx_word' id='word_1_503' title='bbox 1352 3876 1622 3932; x_wconf 88' lang='lat' dir='ltr'>sustinere</span> <span class='ocrx_word' id='word_1_504' title='bbox 1677 3883 1919 3948; x_wconf 88' lang='lat' dir='ltr'>cogetur.</span> <span class='ocrx_word' id='word_1_505' title='bbox 1978 3872 2084 3930; x_wconf 90' lang='lat' dir='ltr'>Sed</span> 
     </span>
    </p>
   </div>
   <div class='ocr_carea' id='block_1_73' title="bbox 490 3959 2082 4038">
    <p class='ocr_par' dir='ltr' id='par_1_73' title="bbox 490 3959 2082 4038">
     <span class='ocr_line' id='line_1_74' title="bbox 490 3959 2082 4038; baseline 0.001 -20"><span class='ocrx_word' id='word_1_506' title='bbox 490 3959 784 4019; x_wconf 90' lang='lat' dir='ltr'>obscurum</span> <span class='ocrx_word' id='word_1_507' title='bbox 815 3969 896 4018; x_wconf 89' lang='lat' dir='ltr'>est</span> <span class='ocrx_word' id='word_1_508' title='bbox 923 3962 1082 4020; x_wconf 86' lang='lat' dir='ltr'>valde</span> <span class='ocrx_word' id='word_1_509' title='bbox 1113 3962 1262 4038; x_wconf 90' lang='lat' dir='ltr'>quod</span> <span class='ocrx_word' id='word_1_510' title='bbox 1301 3963 1550 4036; x_wconf 88' lang='lat' dir='ltr'>sequitur</span> <span class='ocrx_word' id='word_1_511' title='bbox 1583 3981 1595 4020; x_wconf 89' lang='lat'>:</span> <span class='ocrx_word' id='word_1_512' title='bbox 1645 3963 1720 4020; x_wconf 86' lang='lat' dir='ltr'>Et</span> <span class='ocrx_word' id='word_1_513' title='bbox 1761 3963 2082 4034; x_wconf 84' lang='lat' dir='ltr'>blasphema-</span> 
     </span>
    </p>
   </div>
   <div class='ocr_carea' id='block_1_74' title="bbox 497 4049 2082 4126">
    <p class='ocr_par' dir='ltr' id='par_1_74' title="bbox 497 4049 2082 4126">
     <span class='ocr_line' id='line_1_75' title="bbox 497 4049 2082 4126; baseline 0.001 -19"><span class='ocrx_word' id='word_1_514' title='bbox 497 4057 685 4108; x_wconf 79' lang='lat' dir='ltr'>verunt</span> <span class='ocrx_word' id='word_1_515' title='bbox 723 4051 952 4108; x_wconf 82' lang='lat' dir='ltr'>homines</span> <span class='ocrx_word' id='word_1_516' title='bbox 1011 4049 1182 4110; x_wconf 87' lang='lat' dir='ltr'>Deum</span> <span class='ocrx_word' id='word_1_517' title='bbox 1226 4060 1448 4126; x_wconf 76' lang='lat' dir='ltr'>propter</span> <span class='ocrx_word' id='word_1_518' title='bbox 1477 4054 1690 4126; x_wconf 82' lang='lat' dir='ltr'>plagam</span> <span class='ocrx_word' id='word_1_519' title='bbox 1752 4052 2030 4125; x_wconf 86' lang='lat' dir='ltr'>grandinis</span> <span class='ocrx_word' id='word_1_520' title='bbox 2059 4069 2082 4118; x_wconf 81' lang='lat'>,&#39;</span> 
     </span>
    </p>
   </div>
   <div class='ocr_carea' id='block_1_75' title="bbox 489 4142 2078 4218">
    <p class='ocr_par' dir='ltr' id='par_1_75' title="bbox 489 4142 2078 4218">
     <span class='ocr_line' id='line_1_76' title="bbox 489 4142 2078 4218; baseline 0.002 -21"><span class='ocrx_word' id='word_1_521' title='bbox 489 4142 741 4214; x_wconf 86' lang='lat' dir='ltr'>quoniam</span> <span class='ocrx_word' id='word_1_522' title='bbox 783 4164 976 4218; x_wconf 86' lang='lat' dir='ltr'>magna</span> <span class='ocrx_word' id='word_1_523' title='bbox 1011 4147 1158 4218; x_wconf 82' lang='lat' dir='ltr'>facta</span> <span class='ocrx_word' id='word_1_524' title='bbox 1203 4154 1278 4203; x_wconf 87' lang='lat' dir='ltr'>est</span> <span class='ocrx_word' id='word_1_525' title='bbox 1302 4147 1638 4202; x_wconf 84' lang='lat' dir='ltr'>vehementer.</span> <span class='ocrx_word' id='word_1_526' title='bbox 1669 4145 1805 4214; x_wconf 90' lang='lat' dir='ltr'>Quis</span> <span class='ocrx_word' id='word_1_527' title='bbox 1831 4146 1980 4201; x_wconf 90' lang='lat' dir='ltr'>enim</span> <span class='ocrx_word' id='word_1_528' title='bbox 2018 4143 2078 4200; x_wconf 89' lang='lat' dir='ltr'>in</span> 
     </span>
    </p>
   </div>
   <div class='ocr_carea' id='block_1_76' title="bbox 485 4234 2078 4312">
    <p class='ocr_par' dir='ltr' id='par_1_76' title="bbox 485 4234 2078 4312">
     <span class='ocr_line' id='line_1_77' title="bbox 485 4234 2078 4312; baseline 0.001 -23"><span class='ocrx_word' id='word_1_529' title='bbox 485 4234 587 4290; x_wconf 89' lang='lat' dir='ltr'>illo</span> <span class='ocrx_word' id='word_1_530' title='bbox 617 4243 730 4292; x_wconf 90' lang='lat' dir='ltr'>tam</span> <span class='ocrx_word' id='word_1_531' title='bbox 758 4235 1014 4294; x_wconf 91' lang='lat' dir='ltr'>districto</span> <span class='ocrx_word' id='word_1_532' title='bbox 1037 4237 1297 4312; x_wconf 84' lang='lat' dir='ltr'>justoque</span> <span class='ocrx_word' id='word_1_533' title='bbox 1319 4237 1533 4310; x_wconf 82' lang='lat' dir='ltr'>judicio</span> <span class='ocrx_word' id='word_1_534' title='bbox 1551 4237 1668 4309; x_wconf 88' lang='grc'>(51)</span> <span class='ocrx_word' id='word_1_535' title='bbox 1699 4235 2078 4309; x_wconf 90' lang='lat' dir='ltr'>blasphemare</span> 
     </span>
    </p>
   </div>
   <div class='ocr_carea' id='block_1_77' title="bbox 485 4325 2077 4399">
    <p class='ocr_par' dir='ltr' id='par_1_77' title="bbox 485 4325 2077 4399">
     <span class='ocr_line' id='line_1_78' title="bbox 485 4325 2077 4399; baseline 0.001 -19"><span class='ocrx_word' id='word_1_536' title='bbox 485 4325 660 4380; x_wconf 91' lang='lat' dir='ltr'>Deum</span> <span class='ocrx_word' id='word_1_537' title='bbox 717 4325 992 4384; x_wconf 77' lang='lat' dir='ltr'>audebit?</span> <span class='ocrx_word' id='word_1_538' title='bbox 1049 4327 1154 4384; x_wconf 89' lang='lat' dir='ltr'>Sed</span> <span class='ocrx_word' id='word_1_539' title='bbox 1196 4327 1573 4399; x_wconf 88' lang='lat' dir='ltr'>blasphemare</span> <span class='ocrx_word' id='word_1_540' title='bbox 1616 4326 1898 4396; x_wconf 90' lang='lat' dir='ltr'>dicuntur,</span> <span class='ocrx_word' id='word_1_541' title='bbox 1946 4325 2077 4398; x_wconf 88' lang='lat' dir='ltr'>quia</span> 
     </span>
    </p>
   </div>
   <div class='ocr_carea' id='block_1_78' title="bbox 484 4410 2071 4492">
    <p class='ocr_par' dir='ltr' id='par_1_78' title="bbox 484 4410 2071 4492">
     <span class='ocr_line' id='line_1_79' title="bbox 484 4410 2071 4492; baseline 0.001 -24"><span class='ocrx_word' id='word_1_542' title='bbox 484 4410 841 4486; x_wconf 73' lang='lat' dir='ltr'>blasphemiae</span> <span class='ocrx_word' id='word_1_543' title='bbox 859 4416 1240 4488; x_wconf 89' lang='lat' dir='ltr'>reproborum,</span> <span class='ocrx_word' id='word_1_544' title='bbox 1264 4433 1398 4492; x_wconf 89' lang='lat' dir='ltr'>quas</span> <span class='ocrx_word' id='word_1_545' title='bbox 1418 4417 1582 4474; x_wconf 90' lang='lat' dir='ltr'>modo</span> <span class='ocrx_word' id='word_1_546' title='bbox 1597 4415 1656 4472; x_wconf 91' lang='lat' dir='ltr'>in</span> <span class='ocrx_word' id='word_1_547' title='bbox 1682 4415 1846 4474; x_wconf 89' lang='lat' dir='ltr'>corde</span> <span class='ocrx_word' id='word_1_548' title='bbox 1862 4419 2071 4488; x_wconf 86' lang='lat' dir='ltr'>tegunt,</span> 
     </span>
    </p>
   </div>
   <div class='ocr_carea' id='block_1_79' title="bbox 481 4503 1231 4564">
    <p class='ocr_par' dir='ltr' id='par_1_79' title="bbox 481 4503 1231 4564">
     <span class='ocr_line' id='line_1_80' title="bbox 481 4503 1231 4564; baseline 0.005 -4"><span class='ocrx_word' id='word_1_549' title='bbox 481 4503 696 4561; x_wconf 89' lang='lat' dir='ltr'>cunctis</span> <span class='ocrx_word' id='word_1_550' title='bbox 715 4505 1231 4564; x_wconf 89' lang='lat' dir='ltr'>manifestabuntur.</span> 
     </span>
    </p>
   </div>
   <div class='ocr_carea' id='block_1_80' title="bbox 553 4602 2066 4680">
    <p class='ocr_par' dir='ltr' id='par_1_80' title="bbox 553 4602 2066 4680">
     <span class='ocr_line' id='line_1_81' title="bbox 553 4602 2066 4680; baseline 0.001 -21"><span class='ocrx_word' id='word_1_551' title='bbox 553 4602 782 4660; x_wconf 85' lang='lat' dir='ltr'>CAPUT</span> <span class='ocrx_word' id='word_1_552' title='bbox 809 4603 984 4664; x_wconf 86' lang='lat' dir='ltr'>XVII.</span> <span class='ocrx_word' id='word_1_553' title='bbox 1017 4637 1088 4647; x_wconf 97' lang='lat'><strong>—</strong></span> <span class='ocrx_word' id='word_1_554' title='bbox 1110 4605 1292 4680; x_wconf 88' lang='lat' dir='ltr'>(Vers.</span> <span class='ocrx_word' id='word_1_555' title='bbox 1326 4605 1404 4678; x_wconf 87' lang='grc'>1.)</span> <span class='ocrx_word' id='word_1_556' title='bbox 1436 4605 1511 4662; x_wconf 87' lang='lat' dir='ltr'>Et</span> <span class='ocrx_word' id='word_1_557' title='bbox 1541 4604 1680 4661; x_wconf 75' lang='lat' dir='ltr'>venit</span> <span class='ocrx_word' id='word_1_558' title='bbox 1705 4620 1844 4660; x_wconf 85' lang='lat' dir='ltr'>unus</span> <span class='ocrx_word' id='word_1_559' title='bbox 1869 4603 1932 4659; x_wconf 89' lang='lat' dir='ltr'>de</span> <span class='ocrx_word' id='word_1_560' title='bbox 1957 4620 2066 4676; x_wconf 83' lang='lat' dir='ltr'>sep-</span> 
     </span>
    </p>
   </div>
   <div class='ocr_carea' id='block_1_81' title="bbox 483 4693 2070 4766">
    <p class='ocr_par' dir='ltr' id='par_1_81' title="bbox 483 4693 2070 4766">
     <span class='ocr_line' id='line_1_82' title="bbox 483 4693 2070 4766; baseline 0.001 -19"><span class='ocrx_word' id='word_1_561' title='bbox 483 4696 580 4747; x_wconf 85' lang='lat' dir='ltr'>tem</span> <span class='ocrx_word' id='word_1_562' title='bbox 615 4693 836 4764; x_wconf 83' lang='lat' dir='ltr'>angelis,</span> <span class='ocrx_word' id='word_1_563' title='bbox 876 4695 969 4766; x_wconf 88' lang='lat' dir='ltr'>qui</span> <span class='ocrx_word' id='word_1_564' title='bbox 1004 4695 1258 4752; x_wconf 86' lang='lat' dir='ltr'>habebant</span> <span class='ocrx_word' id='word_1_565' title='bbox 1293 4701 1481 4766; x_wconf 88' lang='lat' dir='ltr'>septem</span> <span class='ocrx_word' id='word_1_566' title='bbox 1513 4695 1747 4766; x_wconf 85' lang='lat' dir='ltr'>phialas,</span> <span class='ocrx_word' id='word_1_567' title='bbox 1787 4699 1835 4750; x_wconf 89' lang='lat' dir='ltr'>et</span> <span class='ocrx_word' id='word_1_568' title='bbox 1873 4695 2070 4750; x_wconf 80' lang='lat' dir='ltr'>locutus</span> 
     </span>
    </p>
   </div>
   <div class='ocr_carea' id='block_1_82' title="bbox 479 4783 2072 4858">
    <p class='ocr_par' dir='ltr' id='par_1_82' title="bbox 479 4783 2072 4858">
     <span class='ocr_line' id='line_1_83' title="bbox 479 4783 2072 4858; baseline 0.003 -23"><span class='ocrx_word' id='word_1_569' title='bbox 479 4783 554 4835; x_wconf 85' lang='lat' dir='ltr'>est</span> <span class='ocrx_word' id='word_1_570' title='bbox 593 4800 810 4856; x_wconf 88' lang='lat' dir='ltr'>mecum,</span> <span class='ocrx_word' id='word_1_571' title='bbox 862 4785 1056 4843; x_wconf 84' lang='lat' dir='ltr'>dicens.</span> <span class='ocrx_word' id='word_1_572' title='bbox 1105 4787 1262 4844; x_wconf 83' lang='lat' dir='ltr'>Sicut</span> <span class='ocrx_word' id='word_1_573' title='bbox 1301 4786 1552 4858; x_wconf 86' lang='lat' dir='ltr'>superius</span> <span class='ocrx_word' id='word_1_574' title='bbox 1597 4784 1698 4842; x_wconf 88' lang='lat' dir='ltr'>sub</span> <span class='ocrx_word' id='word_1_575' title='bbox 1728 4792 1895 4842; x_wconf 87' lang='lat' dir='ltr'>cantu</span> <span class='ocrx_word' id='word_1_576' title='bbox 1925 4783 2072 4840; x_wconf 68' lang='lat' dir='ltr'>tubae</span> 
     </span>
    </p>
   </div>
   <div class='ocr_carea' id='block_1_83' title="bbox 478 4870 2074 4947">
    <p class='ocr_par' dir='ltr' id='par_1_83' title="bbox 478 4870 2074 4947">
     <span class='ocr_line' id='line_1_84' title="bbox 478 4870 2074 4947; baseline 0.003 -21"><span class='ocrx_word' id='word_1_577' title='bbox 478 4870 698 4942; x_wconf 87' lang='lat' dir='ltr'>septimi</span> <span class='ocrx_word' id='word_1_578' title='bbox 754 4873 932 4947; x_wconf 78' lang='lat' dir='ltr'>angeli</span> <span class='ocrx_word' id='word_1_579' title='bbox 986 4873 1132 4931; x_wconf 90' lang='lat' dir='ltr'>diem</span> <span class='ocrx_word' id='word_1_580' title='bbox 1175 4874 1378 4947; x_wconf 90' lang='lat' dir='ltr'>judicii</span> <span class='ocrx_word' id='word_1_581' title='bbox 1423 4873 1668 4932; x_wconf 87' lang='lat' dir='ltr'>breviter</span> <span class='ocrx_word' id='word_1_582' title='bbox 1720 4871 2074 4946; x_wconf 88' lang='lat' dir='ltr'>comprehen-</span> 
     </span>
    </p>
   </div>
   <div class='ocr_carea' id='block_1_84' title="bbox 478 4959 2070 5037">
    <p class='ocr_par' dir='ltr' id='par_1_84' title="bbox 478 4959 2070 5037">
     <span class='ocr_line' id='line_1_85' title="bbox 478 4959 2070 5037; baseline 0.004 -22"><span class='ocrx_word' id='word_1_583' title='bbox 478 4959 634 5029; x_wconf 89' lang='lat' dir='ltr'>dens,</span> <span class='ocrx_word' id='word_1_584' title='bbox 664 4963 733 5018; x_wconf 88' lang='lat' dir='ltr'>ad</span> <span class='ocrx_word' id='word_1_585' title='bbox 760 4979 823 5020; x_wconf 88' lang='lat' dir='ltr'>ea</span> <span class='ocrx_word' id='word_1_586' title='bbox 850 4981 971 5037; x_wconf 80' lang='lat' dir='ltr'>quae</span> <span class='ocrx_word' id='word_1_587' title='bbox 999 4965 1447 5037; x_wconf 76' lang='lat' dir='ltr'>praetermiserat,</span> <span class='ocrx_word' id='word_1_588' title='bbox 1480 4963 1647 5020; x_wconf 89' lang='lat' dir='ltr'>rediit</span> <span class='ocrx_word' id='word_1_589' title='bbox 1677 4982 1692 5033; x_wconf 87' lang='lat'>;</span> <span class='ocrx_word' id='word_1_590' title='bbox 1721 4971 1884 5037; x_wconf 91' lang='lat' dir='ltr'>atque</span> <span class='ocrx_word' id='word_1_591' title='bbox 1903 4979 2070 5021; x_wconf 84' lang='lat' dir='ltr'>sanc-</span> 
     </span>
    </p>
   </div>
   <div class='ocr_carea' id='block_1_85' title="bbox 479 5050 2070 5126">
    <p class='ocr_par' dir='ltr' id='par_1_85' title="bbox 479 5050 2070 5126">
     <span class='ocr_line' id='line_1_86' title="bbox 479 5050 2070 5126; baseline 0.004 -22"><span class='ocrx_word' id='word_1_592' title='bbox 479 5055 590 5105; x_wconf 88' lang='lat' dir='ltr'>tam</span> <span class='ocrx_word' id='word_1_593' title='bbox 631 5050 939 5108; x_wconf 90' lang='lat' dir='ltr'>Ecclesiam</span> <span class='ocrx_word' id='word_1_594' title='bbox 991 5053 1094 5108; x_wconf 89' lang='lat' dir='ltr'>sub</span> <span class='ocrx_word' id='word_1_595' title='bbox 1150 5054 1330 5126; x_wconf 89' lang='lat' dir='ltr'>specie</span> <span class='ocrx_word' id='word_1_596' title='bbox 1380 5054 1652 5123; x_wconf 91' lang='lat' dir='ltr'>mulieris,</span> <span class='ocrx_word' id='word_1_597' title='bbox 1703 5071 1822 5126; x_wconf 73' lang='lat' dir='ltr'>quae</span> <span class='ocrx_word' id='word_1_598' title='bbox 1869 5053 2070 5111; x_wconf 87' lang='lat' dir='ltr'>amicta</span> 
     </span>
    </p>
   </div>
   <div class='ocr_carea' id='block_1_86' title="bbox 475 5140 2064 5216">
    <p class='ocr_par' dir='ltr' id='par_1_86' title="bbox 475 5140 2064 5216">
     <span class='ocr_line' id='line_1_87' title="bbox 475 5140 2064 5216; baseline 0.004 -23"><span class='ocrx_word' id='word_1_599' title='bbox 475 5145 592 5194; x_wconf 89' lang='lat' dir='ltr'>erat</span> <span class='ocrx_word' id='word_1_600' title='bbox 617 5140 752 5208; x_wconf 91' lang='lat' dir='ltr'>sole,</span> <span class='ocrx_word' id='word_1_601' title='bbox 788 5147 842 5195; x_wconf 94' lang='lat' dir='ltr'>et</span> <span class='ocrx_word' id='word_1_602' title='bbox 871 5140 1002 5196; x_wconf 89' lang='lat' dir='ltr'>luna</span> <span class='ocrx_word' id='word_1_603' title='bbox 1034 5141 1136 5198; x_wconf 88' lang='lat' dir='ltr'>sub</span> <span class='ocrx_word' id='word_1_604' title='bbox 1165 5142 1396 5213; x_wconf 91' lang='lat' dir='ltr'>pedibus</span> <span class='ocrx_word' id='word_1_605' title='bbox 1414 5141 1553 5215; x_wconf 83' lang='lat' dir='ltr'>ejus,</span> <span class='ocrx_word' id='word_1_606' title='bbox 1575 5143 1890 5200; x_wconf 90' lang='lat' dir='ltr'>describens</span> <span class='ocrx_word' id='word_1_607' title='bbox 1923 5143 2064 5216; x_wconf 93' lang='lat'>(52),</span> 
     </span>
    </p>
   </div>
   <div class='ocr_carea' id='block_1_87' title="bbox 472 5228 2064 5307">
    <p class='ocr_par' dir='ltr' id='par_1_87' title="bbox 472 5228 2064 5307">
     <span class='ocr_line' id='line_1_88' title="bbox 472 5228 2064 5307; baseline 0.004 -24"><span class='ocrx_word' id='word_1_608' title='bbox 472 5228 751 5298; x_wconf 87' lang='lat' dir='ltr'>passiones</span> <span class='ocrx_word' id='word_1_609' title='bbox 809 5245 942 5302; x_wconf 88' lang='lat' dir='ltr'>quas</span> <span class='ocrx_word' id='word_1_610' title='bbox 997 5245 1030 5284; x_wconf 88' lang='lat' dir='ltr'>a</span> <span class='ocrx_word' id='word_1_611' title='bbox 1073 5229 1294 5288; x_wconf 86' lang='lat' dir='ltr'>diabolo</span> <span class='ocrx_word' id='word_1_612' title='bbox 1345 5233 1616 5306; x_wconf 88' lang='lat' dir='ltr'>pertulit,</span> <span class='ocrx_word' id='word_1_613' title='bbox 1683 5241 1737 5290; x_wconf 89' lang='lat' dir='ltr'>et</span> <span class='ocrx_word' id='word_1_614' title='bbox 1799 5251 1932 5307; x_wconf 89' lang='lat' dir='ltr'>quas</span> <span class='ocrx_word' id='word_1_615' title='bbox 1995 5232 2064 5290; x_wconf 90' lang='lat' dir='ltr'>ab</span> 
     </span>
    </p>
   </div>
   <div class='ocr_carea' id='block_1_88' title="bbox 477 5317 2058 5394">
    <p class='ocr_par' dir='ltr' id='par_1_88' title="bbox 477 5317 2058 5394">
     <span class='ocr_line' id='line_1_89' title="bbox 477 5317 2058 5394; baseline 0.006 -22"><span class='ocrx_word' id='word_1_616' title='bbox 477 5317 824 5376; x_wconf 83' lang='lat' dir='ltr'>Antichristo</span> <span class='ocrx_word' id='word_1_617' title='bbox 870 5319 929 5376; x_wconf 94' lang='lat' dir='ltr'>in</span> <span class='ocrx_word' id='word_1_618' title='bbox 967 5318 1078 5376; x_wconf 87' lang='lat' dir='ltr'>ﬁne</span> <span class='ocrx_word' id='word_1_619' title='bbox 1115 5321 1310 5377; x_wconf 89' lang='lat' dir='ltr'>mundi</span> <span class='ocrx_word' id='word_1_620' title='bbox 1363 5339 1585 5394; x_wconf 87' lang='lat' dir='ltr'>passura</span> <span class='ocrx_word' id='word_1_621' title='bbox 1633 5333 1736 5394; x_wconf 88' lang='lat' dir='ltr'>est,</span> <span class='ocrx_word' id='word_1_622' title='bbox 1771 5323 2058 5392; x_wconf 90' lang='lat' dir='ltr'>adnectit;</span> 
     </span>
    </p>
   </div>
   <div class='ocr_carea' id='block_1_89' title="bbox 473 5405 2060 5489">
    <p class='ocr_par' dir='ltr' id='par_1_89' title="bbox 473 5405 2060 5489">
     <span class='ocr_line' id='line_1_90' title="bbox 473 5405 2060 5489; baseline 0.007 -27"><span class='ocrx_word' id='word_1_623' title='bbox 473 5405 552 5466; x_wconf 88' lang='lat' dir='ltr'>ita</span> <span class='ocrx_word' id='word_1_624' title='bbox 575 5418 630 5468; x_wconf 91' lang='lat' dir='ltr'>et</span> <span class='ocrx_word' id='word_1_625' title='bbox 663 5411 758 5470; x_wconf 90' lang='lat' dir='ltr'>hic</span> <span class='ocrx_word' id='word_1_626' title='bbox 785 5410 890 5470; x_wconf 90' lang='lat' dir='ltr'>sub</span> <span class='ocrx_word' id='word_1_627' title='bbox 939 5410 1204 5470; x_wconf 78' lang='lat' dir='ltr'>eﬁ‘usione</span> <span class='ocrx_word' id='word_1_628' title='bbox 1231 5411 1432 5486; x_wconf 76' lang='lat' dir='ltr'>phialae</span> <span class='ocrx_word' id='word_1_629' title='bbox 1461 5415 1679 5488; x_wconf 91' lang='lat' dir='ltr'>septimi</span> <span class='ocrx_word' id='word_1_630' title='bbox 1709 5415 1887 5489; x_wconf 87' lang='lat' dir='ltr'>angeli</span> <span class='ocrx_word' id='word_1_631' title='bbox 1913 5415 2060 5473; x_wconf 88' lang='lat' dir='ltr'>diem</span> 
     </span>
    </p>
   </div>
   <div class='ocr_carea' id='block_1_90' title="bbox 545 5572 2053 5650">
    <p class='ocr_par' dir='ltr' id='par_1_90' title="bbox 545 5572 2053 5650">
     <span class='ocr_line' id='line_1_91' title="bbox 545 5572 2053 5650; baseline 0.006 -22"><span class='ocrx_word' id='word_1_632' title='bbox 545 5572 662 5645; x_wconf 94' lang='grc'>(51)</span> <span class='ocrx_word' id='word_1_633' title='bbox 721 5575 937 5650; x_wconf 73' lang='lat' dir='ltr'>Omnes</span> <span class='ocrx_word' id='word_1_634' title='bbox 978 5574 1165 5650; x_wconf 83' lang='lat' dir='ltr'>edit.,_</span> <span class='ocrx_word' id='word_1_635' title='bbox 1197 5575 1438 5650; x_wconf 84' lang='lat' dir='ltr'>districto</span> <span class='ocrx_word' id='word_1_636' title='bbox 1482 5576 1754 5650; x_wconf 83' lang='lat' dir='ltr'>justorum</span> <span class='ocrx_word' id='word_1_637' title='bbox 1801 5578 2053 5650; x_wconf 86' lang='lat' dir='ltr'>judicio:</span> 
     </span>
    </p>
   </div>
   <div class='ocr_carea' id='block_1_91' title="bbox 470 5645 1628 5719">
    <p class='ocr_par' dir='ltr' id='par_1_91' title="bbox 470 5645 1628 5719">
     <span class='ocr_line' id='line_1_92' title="bbox 470 5645 1628 5719; baseline 0.007 -23"><span class='ocrx_word' id='word_1_638' title='bbox 470 5655 661 5719; x_wconf 71' lang='lat' dir='ltr'>omnes</span> <span class='ocrx_word' id='word_1_639' title='bbox 689 5660 844 5719; x_wconf 58' lang='lat' dir='ltr'>mss,</span> <span class='ocrx_word' id='word_1_640' title='bbox 881 5647 1120 5719; x_wconf 78' lang='lat' dir='ltr'>districto</span> <span class='ocrx_word' id='word_1_641' title='bbox 1135 5645 1383 5719; x_wconf 78' lang='lat' dir='ltr'>justeque</span> <span class='ocrx_word' id='word_1_642' title='bbox 1401 5648 1628 5718; x_wconf 82' lang='lat' dir='ltr'>judicio.</span> 
     </span>
    </p>
   </div>
   <div class='ocr_carea' id='block_1_92' title="bbox 543 5713 2049 5798">
    <p class='ocr_par' dir='ltr' id='par_1_92' title="bbox 543 5713 2049 5798">
     <span class='ocr_line' id='line_1_93' title="bbox 543 5713 2049 5798; baseline 0.008 -30"><span class='ocrx_word' id='word_1_643' title='bbox 543 5713 660 5798; x_wconf 83' lang='lat'>(52)</span> <span class='ocrx_word' id='word_1_644' title='bbox 691 5715 772 5770; x_wconf 89' lang='lat' dir='ltr'>Ita</span> <span class='ocrx_word' id='word_1_645' title='bbox 819 5713 975 5798; x_wconf 69' lang='lat' dir='ltr'>mss;</span> <span class='ocrx_word' id='word_1_646' title='bbox 1022 5713 1155 5798; x_wconf 50' lang='lat' dir='ltr'>edit:</span> <span class='ocrx_word' id='word_1_647' title='bbox 1203 5713 1354 5789; x_wconf 63' lang='lat' dir='ltr'>vero,</span> <span class='ocrx_word' id='word_1_648' title='bbox 1401 5713 1693 5778; x_wconf 79' lang='lat' dir='ltr'>Ecclesiam</span> <span class='ocrx_word' id='word_1_649' title='bbox 1739 5721 2049 5792; x_wconf 82' lang='lat' dir='ltr'>describens,</span> 
     </span>
    </p>
   </div>
   <div class='ocr_carea' id='block_1_93' title="bbox 467 5789 1102 5856">
    <p class='ocr_par' dir='ltr' id='par_1_93' title="bbox 467 5789 1102 5856">
     <span class='ocr_line' id='line_1_94' title="bbox 467 5789 1102 5856; baseline 0.011 -19"><span class='ocrx_word' id='word_1_650' title='bbox 467 5789 677 5842; x_wconf 60' lang='lat' dir='ltr'>cateris</span> <span class='ocrx_word' id='word_1_651' title='bbox 704 5789 1102 5856; x_wconf 62' lang='lat' dir='ltr'>praetermissis.</span> 
     </span>
    </p>
   </div>
   <div class='ocr_carea' id='block_1_94' title="bbox 2195 3434 3804 3511">
    <p class='ocr_par' dir='ltr' id='par_1_94' title="bbox 2195 3434 3804 3511">
     <span class='ocr_line' id='line_1_95' title="bbox 2195 3434 3804 3511; baseline -0.002 -18"><span class='ocrx_word' id='word_1_652' title='bbox 2195 3436 2466 3510; x_wconf 85' lang='lat' dir='ltr'>dejiciunt</span> <span class='ocrx_word' id='word_1_653' title='bbox 2495 3437 2638 3510; x_wconf 87' lang='lat'>(53),</span> <span class='ocrx_word' id='word_1_654' title='bbox 2663 3439 2806 3496; x_wconf 91' lang='lat' dir='ltr'>sicut</span> <span class='ocrx_word' id='word_1_655' title='bbox 2831 3437 3098 3511; x_wconf 89' lang='lat' dir='ltr'>propheta</span> <span class='ocrx_word' id='word_1_656' title='bbox 3125 3437 3192 3494; x_wconf 89' lang='lat' dir='ltr'>ad</span> <span class='ocrx_word' id='word_1_657' title='bbox 3219 3435 3515 3492; x_wconf 87' lang='lat' dir='ltr'>Jerusalem</span> <span class='ocrx_word' id='word_1_658' title='bbox 3541 3434 3804 3506; x_wconf 86' lang='lat' dir='ltr'>loquitur</span> 
     </span>
    </p>
   </div>
   <div class='ocr_carea' id='block_1_95' title="bbox 2195 3526 3803 3601">
    <p class='ocr_par' dir='ltr' id='par_1_95' title="bbox 2195 3526 3803 3601">
     <span class='ocr_line' id='line_1_96' title="bbox 2195 3526 3803 3601; baseline -0.002 -18"><span class='ocrx_word' id='word_1_659' title='bbox 2195 3526 2386 3584; x_wconf 90' lang='lat' dir='ltr'>dicens</span> <span class='ocrx_word' id='word_1_660' title='bbox 2422 3546 2434 3584; x_wconf 94' lang='lat'><strong>:</strong></span> <span class='ocrx_word' id='word_1_661' title='bbox 2483 3552 2501 3576; x_wconf 76' lang='grc' dir='ltr'>ι</span> <span class='ocrx_word' id='word_1_662' title='bbox 2529 3529 2602 3584; x_wconf 91' lang='lat' dir='ltr'>Et</span> <span class='ocrx_word' id='word_1_663' title='bbox 2651 3527 2883 3601; x_wconf 90' lang='lat' dir='ltr'>posuisti</span> <span class='ocrx_word' id='word_1_664' title='bbox 2930 3535 2992 3584; x_wconf 90' lang='lat' dir='ltr'>ut</span> <span class='ocrx_word' id='word_1_665' title='bbox 3035 3535 3236 3584; x_wconf 87' lang='lat' dir='ltr'>terram</span> <span class='ocrx_word' id='word_1_666' title='bbox 3282 3541 3480 3598; x_wconf 90' lang='lat' dir='ltr'>corpus</span> <span class='ocrx_word' id='word_1_667' title='bbox 3523 3530 3712 3593; x_wconf 74' lang='lat' dir='ltr'>tuum,</span> <span class='ocrx_word' id='word_1_668' title='bbox 3745 3531 3803 3580; x_wconf 89' lang='lat' dir='ltr'>et</span> 
     </span>
    </p>
   </div>
   <div class='ocr_carea' id='block_1_96' title="bbox 2195 3612 3802 3690">
    <p class='ocr_par' dir='ltr' id='par_1_96' title="bbox 2195 3612 3802 3690">
     <span class='ocr_line' id='line_1_97' title="bbox 2195 3612 3802 3690; baseline -0.004 -16"><span class='ocrx_word' id='word_1_669' title='bbox 2195 3615 2350 3690; x_wconf 90' lang='lat' dir='ltr'>quasi</span> <span class='ocrx_word' id='word_1_670' title='bbox 2397 3617 2546 3674; x_wconf 89' lang='lat' dir='ltr'>viam</span> <span class='ocrx_word' id='word_1_671' title='bbox 2589 3615 3004 3674; x_wconf 84' lang='lat' dir='ltr'>transeuntibus</span> <span class='ocrx_word' id='word_1_672' title='bbox 3057 3616 3192 3688; x_wconf 89' lang='lat' dir='ltr'>(Isa.</span> <span class='ocrx_word' id='word_1_673' title='bbox 3240 3632 3315 3684; x_wconf 88' lang='lat' dir='ltr'>LI,</span> <span class='ocrx_word' id='word_1_674' title='bbox 3364 3614 3480 3686; x_wconf 88' lang='lat'>23).</span> <span class='ocrx_word' id='word_1_675' title='bbox 3526 3637 3544 3662; x_wconf 78' lang='grc' dir='ltr'>ι</span> <span class='ocrx_word' id='word_1_676' title='bbox 3605 3612 3802 3668; x_wconf 63' lang='lat' dir='ltr'>Terras</span> 
     </span>
    </p>
   </div>
   <div class='ocr_carea' id='block_1_97' title="bbox 2191 3701 3800 3778">
    <p class='ocr_par' dir='ltr' id='par_1_97' title="bbox 2191 3701 3800 3778">
     <span class='ocr_line' id='line_1_98' title="bbox 2191 3701 3800 3778; baseline -0.002 -15"><span class='ocrx_word' id='word_1_677' title='bbox 2191 3715 2378 3764; x_wconf 91' lang='lat' dir='ltr'>autem</span> <span class='ocrx_word' id='word_1_678' title='bbox 2416 3706 2753 3766; x_wconf 89' lang='lat' dir='ltr'>habitatores</span> <span class='ocrx_word' id='word_1_679' title='bbox 2801 3723 2992 3766; x_wconf 90' lang='lat' dir='ltr'>omnes</span> <span class='ocrx_word' id='word_1_680' title='bbox 3021 3705 3280 3778; x_wconf 89' lang='lat' dir='ltr'>reprobos</span> <span class='ocrx_word' id='word_1_681' title='bbox 3305 3711 3465 3762; x_wconf 88' lang='lat' dir='ltr'>vocat</span> <span class='ocrx_word' id='word_1_682' title='bbox 3496 3721 3508 3758; x_wconf 93' lang='lat'><strong>:</strong></span> <span class='ocrx_word' id='word_1_683' title='bbox 3551 3701 3800 3760; x_wconf 87' lang='lat' dir='ltr'>ebrietas</span> 
     </span>
    </p>
   </div>
   <div class='ocr_carea' id='block_1_98' title="bbox 2191 3789 3800 3872">
    <p class='ocr_par' dir='ltr' id='par_1_98' title="bbox 2191 3789 3800 3872">
     <span class='ocr_line' id='line_1_99' title="bbox 2191 3789 3800 3872; baseline -0.004 -19"><span class='ocrx_word' id='word_1_684' title='bbox 2191 3812 2323 3854; x_wconf 90' lang='lat' dir='ltr'>vero</span> <span class='ocrx_word' id='word_1_685' title='bbox 2366 3799 2580 3855; x_wconf 89' lang='lat' dir='ltr'>malitia</span> <span class='ocrx_word' id='word_1_686' title='bbox 2623 3807 2705 3856; x_wconf 89' lang='lat' dir='ltr'>est</span> <span class='ocrx_word' id='word_1_687' title='bbox 2749 3799 3049 3872; x_wconf 88' lang='lat' dir='ltr'>Babylonis</span> <span class='ocrx_word' id='word_1_688' title='bbox 3093 3814 3108 3866; x_wconf 91' lang='lat'>;</span> <span class='ocrx_word' id='word_1_689' title='bbox 3167 3795 3297 3870; x_wconf 91' lang='lat' dir='ltr'>quia</span> <span class='ocrx_word' id='word_1_690' title='bbox 3349 3793 3490 3851; x_wconf 91' lang='lat' dir='ltr'>sicut</span> <span class='ocrx_word' id='word_1_691' title='bbox 3536 3789 3800 3848; x_wconf 88' lang='lat' dir='ltr'>ebriosus</span> 
     </span>
    </p>
   </div>
   <div class='ocr_carea' id='block_1_99' title="bbox 2189 3887 3798 3965">
    <p class='ocr_par' dir='ltr' id='par_1_99' title="bbox 2189 3887 3798 3965">
     <span class='ocr_line' id='line_1_100' title="bbox 2189 3887 3798 3965; baseline -0.004 -19"><span class='ocrx_word' id='word_1_692' title='bbox 2189 3890 2404 3948; x_wconf 89' lang='lat' dir='ltr'>tamdiu</span> <span class='ocrx_word' id='word_1_693' title='bbox 2447 3891 2710 3965; x_wconf 88' lang='lat' dir='ltr'>impletur</span> <span class='ocrx_word' id='word_1_694' title='bbox 2748 3891 2904 3958; x_wconf 88' lang='lat' dir='ltr'>vino,</span> <span class='ocrx_word' id='word_1_695' title='bbox 2951 3905 3124 3962; x_wconf 89' lang='lat' dir='ltr'>usque</span> <span class='ocrx_word' id='word_1_696' title='bbox 3181 3887 3315 3944; x_wconf 89' lang='lat' dir='ltr'>dum</span> <span class='ocrx_word' id='word_1_697' title='bbox 3371 3903 3404 3942; x_wconf 90' lang='lat' dir='ltr'>a</span> <span class='ocrx_word' id='word_1_698' title='bbox 3457 3892 3637 3941; x_wconf 90' lang='lat' dir='ltr'>mente</span> <span class='ocrx_word' id='word_1_699' title='bbox 3691 3900 3798 3940; x_wconf 88' lang='lat' dir='ltr'>sua</span> 
     </span>
    </p>
   </div>
   <div class='ocr_carea' id='block_1_100' title="bbox 2189 3972 3792 4048">
    <p class='ocr_par' dir='ltr' id='par_1_100' title="bbox 2189 3972 3792 4048">
     <span class='ocr_line' id='line_1_101' title="bbox 2189 3972 3792 4048; baseline -0.004 -12"><span class='ocrx_word' id='word_1_700' title='bbox 2189 3980 2403 4038; x_wconf 89' lang='lat' dir='ltr'>alienus</span> <span class='ocrx_word' id='word_1_701' title='bbox 2457 3979 2726 4038; x_wconf 79' lang='lat' dir='ltr'>efﬁciatur</span> <span class='ocrx_word' id='word_1_702' title='bbox 2774 3999 2786 4036; x_wconf 93' lang='lat'>:</span> <span class='ocrx_word' id='word_1_703' title='bbox 2847 3979 2924 4037; x_wconf 81' lang='lat' dir='ltr'>ita</span> <span class='ocrx_word' id='word_1_704' title='bbox 2977 3987 3032 4034; x_wconf 90' lang='lat' dir='ltr'>et</span> <span class='ocrx_word' id='word_1_705' title='bbox 3079 3975 3297 4048; x_wconf 90' lang='lat' dir='ltr'>reprobi</span> <span class='ocrx_word' id='word_1_706' title='bbox 3351 3973 3564 4032; x_wconf 89' lang='lat' dir='ltr'>tamdiu</span> <span class='ocrx_word' id='word_1_707' title='bbox 3621 3972 3792 4029; x_wconf 87' lang='lat' dir='ltr'>omni</span> 
     </span>
    </p>
   </div>
   <div class='ocr_carea' id='block_1_101' title="bbox 2191 4061 3796 4140">
    <p class='ocr_par' dir='ltr' id='par_1_101' title="bbox 2191 4061 3796 4140">
     <span class='ocr_line' id='line_1_102' title="bbox 2191 4061 3796 4140; baseline -0.004 -16"><span class='ocrx_word' id='word_1_708' title='bbox 2191 4067 2406 4125; x_wconf 90' lang='lat' dir='ltr'>malitia</span> <span class='ocrx_word' id='word_1_709' title='bbox 2437 4068 2756 4140; x_wconf 89' lang='lat' dir='ltr'>semetipsos</span> <span class='ocrx_word' id='word_1_710' title='bbox 2784 4067 3016 4138; x_wconf 90' lang='lat' dir='ltr'>replent,</span> <span class='ocrx_word' id='word_1_711' title='bbox 3046 4079 3219 4136; x_wconf 92' lang='lat' dir='ltr'>usque</span> <span class='ocrx_word' id='word_1_712' title='bbox 3248 4061 3378 4118; x_wconf 91' lang='lat' dir='ltr'>dum</span> <span class='ocrx_word' id='word_1_713' title='bbox 3407 4077 3440 4116; x_wconf 91' lang='lat' dir='ltr'>a</span> <span class='ocrx_word' id='word_1_714' title='bbox 3470 4068 3660 4116; x_wconf 90' lang='lat' dir='ltr'>mente</span> <span class='ocrx_word' id='word_1_715' title='bbox 3688 4077 3796 4118; x_wconf 89' lang='lat' dir='ltr'>sua</span> 
     </span>
    </p>
   </div>
   <div class='ocr_carea' id='block_1_102' title="bbox 2185 4149 3792 4226">
    <p class='ocr_par' dir='ltr' id='par_1_102' title="bbox 2185 4149 3792 4226">
     <span class='ocr_line' id='line_1_103' title="bbox 2185 4149 3792 4226; baseline -0.004 -11"><span class='ocrx_word' id='word_1_716' title='bbox 2185 4157 2354 4214; x_wconf 91' lang='lat' dir='ltr'>alieni</span> <span class='ocrx_word' id='word_1_717' title='bbox 2383 4157 2582 4226; x_wconf 79' lang='lat' dir='ltr'>eﬂ‘ecti,</span> <span class='ocrx_word' id='word_1_718' title='bbox 2613 4156 2866 4212; x_wconf 88' lang='lat' dir='ltr'>timorem</span> <span class='ocrx_word' id='word_1_719' title='bbox 2895 4154 3016 4224; x_wconf 91' lang='lat' dir='ltr'>Dei,</span> <span class='ocrx_word' id='word_1_720' title='bbox 3048 4166 3376 4224; x_wconf 89' lang='lat' dir='ltr'>omnemque</span> <span class='ocrx_word' id='word_1_721' title='bbox 3403 4149 3722 4208; x_wconf 89' lang='lat' dir='ltr'>bonitatem</span> <span class='ocrx_word' id='word_1_722' title='bbox 3761 4167 3792 4208; x_wconf 91' lang='lat' dir='ltr'>a</span> 
     </span>
    </p>
   </div>
   <div class='ocr_carea' id='block_1_103' title="bbox 2182 4238 3790 4319">
    <p class='ocr_par' dir='ltr' id='par_1_103' title="bbox 2182 4238 3790 4319">
     <span class='ocr_line' id='line_1_104' title="bbox 2182 4238 3790 4319; baseline -0.004 -15"><span class='ocrx_word' id='word_1_723' title='bbox 2182 4247 2490 4319; x_wconf 90' lang='lat' dir='ltr'>semetipsis</span> <span class='ocrx_word' id='word_1_724' title='bbox 2541 4244 2822 4318; x_wconf 89' lang='lat' dir='ltr'>abjiciant,</span> <span class='ocrx_word' id='word_1_725' title='bbox 2866 4244 3010 4302; x_wconf 91' lang='lat' dir='ltr'>sicut</span> <span class='ocrx_word' id='word_1_726' title='bbox 3061 4241 3199 4300; x_wconf 90' lang='lat' dir='ltr'>dicit</span> <span class='ocrx_word' id='word_1_727' title='bbox 3238 4241 3431 4298; x_wconf 86' lang='lat' dir='ltr'>beatus</span> <span class='ocrx_word' id='word_1_728' title='bbox 3476 4238 3599 4308; x_wconf 86' lang='lat' dir='ltr'>Job,</span> <span class='ocrx_word' id='word_1_729' title='bbox 3647 4241 3790 4312; x_wconf 90' lang='lat' dir='ltr'>quia</span> 
     </span>
    </p>
   </div>
   <div class='ocr_carea' id='block_1_104' title="bbox 2183 4329 3784 4410">
    <p class='ocr_par' dir='ltr' id='par_1_104' title="bbox 2183 4329 3784 4410">
     <span class='ocr_line' id='line_1_105' title="bbox 2183 4329 3784 4410; baseline -0.006 -16"><span class='ocrx_word' id='word_1_730' title='bbox 2183 4336 2383 4394; x_wconf 91' lang='lat' dir='ltr'>bibunt</span> <span class='ocrx_word' id='word_1_731' title='bbox 2431 4335 2575 4394; x_wconf 87' lang='lat' dir='ltr'>sicut</span> <span class='ocrx_word' id='word_1_732' title='bbox 2632 4351 2830 4410; x_wconf 89' lang='lat' dir='ltr'>aquam</span> <span class='ocrx_word' id='word_1_733' title='bbox 2898 4332 3248 4408; x_wconf 89' lang='lat' dir='ltr'>iniquitatem</span> <span class='ocrx_word' id='word_1_734' title='bbox 3317 4330 3438 4405; x_wconf 84' lang='lat' dir='ltr'>(Job</span> <span class='ocrx_word' id='word_1_735' title='bbox 3499 4345 3596 4398; x_wconf 85' lang='lat' dir='ltr'>xv,</span> <span class='ocrx_word' id='word_1_736' title='bbox 3662 4329 3784 4403; x_wconf 86' lang='grc'>16).</span> 
     </span>
    </p>
   </div>
   <div class='ocr_carea' id='block_1_105' title="bbox 2253 4418 3780 4498">
    <p class='ocr_par' dir='ltr' id='par_1_105' title="bbox 2253 4418 3780 4498">
     <span class='ocr_line' id='line_1_106' title="bbox 2253 4418 3780 4498; baseline -0.005 -15"><span class='ocrx_word' id='word_1_737' title='bbox 2253 4426 2438 4498; x_wconf 89' lang='lat' dir='ltr'>(Vers.</span> <span class='ocrx_word' id='word_1_738' title='bbox 2472 4424 2554 4498; x_wconf 89' lang='lat'>3.)</span> <span class='ocrx_word' id='word_1_739' title='bbox 2586 4425 2660 4482; x_wconf 87' lang='lat' dir='ltr'>Et</span> <span class='ocrx_word' id='word_1_740' title='bbox 2688 4425 2908 4481; x_wconf 87' lang='lat' dir='ltr'>abstulit</span> <span class='ocrx_word' id='word_1_741' title='bbox 2931 4441 3011 4479; x_wconf 89' lang='lat' dir='ltr'>me</span> <span class='ocrx_word' id='word_1_742' title='bbox 3045 4423 3105 4478; x_wconf 90' lang='lat' dir='ltr'>in</span> <span class='ocrx_word' id='word_1_743' title='bbox 3132 4421 3390 4478; x_wconf 86' lang='lat' dir='ltr'>desertum</span> <span class='ocrx_word' id='word_1_744' title='bbox 3416 4421 3474 4474; x_wconf 85' lang='lat' dir='ltr'>in</span> <span class='ocrx_word' id='word_1_745' title='bbox 3515 4418 3724 4490; x_wconf 81' lang='lat' dir='ltr'>spiritu</span> <span class='ocrx_word' id='word_1_746' title='bbox 3767 4437 3780 4476; x_wconf 96' lang='lat'><strong>:</strong></span> 
     </span>
    </p>
   </div>
   <div class='ocr_carea' id='block_1_106' title="bbox 2175 4511 3779 4586">
    <p class='ocr_par' dir='ltr' id='par_1_106' title="bbox 2175 4511 3779 4586">
     <span class='ocr_line' id='line_1_107' title="bbox 2175 4511 3779 4586; baseline -0.005 -12"><span class='ocrx_word' id='word_1_747' title='bbox 2175 4523 2224 4574; x_wconf 87' lang='lat' dir='ltr'>et</span> <span class='ocrx_word' id='word_1_748' title='bbox 2264 4515 2378 4572; x_wconf 79' lang='lat' dir='ltr'>vidi</span> <span class='ocrx_word' id='word_1_749' title='bbox 2419 4516 2693 4573; x_wconf 88' lang='lat' dir='ltr'>mulierem</span> <span class='ocrx_word' id='word_1_750' title='bbox 2735 4515 2988 4572; x_wconf 83' lang='lat' dir='ltr'>sedentem</span> <span class='ocrx_word' id='word_1_751' title='bbox 3027 4531 3184 4586; x_wconf 81' lang='lat' dir='ltr'>super</span> <span class='ocrx_word' id='word_1_752' title='bbox 3213 4511 3426 4568; x_wconf 86' lang='lat' dir='ltr'>bestiam</span> <span class='ocrx_word' id='word_1_753' title='bbox 3462 4511 3779 4578; x_wconf 77' lang='lat' dir='ltr'>coccineum,</span> 
     </span>
    </p>
   </div>
   <div class='ocr_carea' id='block_1_107' title="bbox 2173 4599 3782 4680">
    <p class='ocr_par' dir='ltr' id='par_1_107' title="bbox 2173 4599 3782 4680">
     <span class='ocr_line' id='line_1_108' title="bbox 2173 4599 3782 4680; baseline -0.007 -16"><span class='ocrx_word' id='word_1_754' title='bbox 2173 4608 2388 4680; x_wconf 84' lang='lat' dir='ltr'>plenam</span> <span class='ocrx_word' id='word_1_755' title='bbox 2427 4607 2726 4664; x_wconf 84' lang='lat' dir='ltr'>nominibus</span> <span class='ocrx_word' id='word_1_756' title='bbox 2754 4604 3106 4679; x_wconf 67' lang='lat' dir='ltr'>blasphemiae,</span> <span class='ocrx_word' id='word_1_757' title='bbox 3137 4603 3400 4659; x_wconf 88' lang='lat' dir='ltr'>habentem</span> <span class='ocrx_word' id='word_1_758' title='bbox 3441 4599 3616 4670; x_wconf 86' lang='lat' dir='ltr'>capita</span> <span class='ocrx_word' id='word_1_759' title='bbox 3643 4615 3782 4671; x_wconf 86' lang='lat' dir='ltr'>sep-</span> 
     </span>
    </p>
   </div>
   <div class='ocr_carea' id='block_1_108' title="bbox 2181 4687 3778 4766">
    <p class='ocr_par' dir='ltr' id='par_1_108' title="bbox 2181 4687 3778 4766">
     <span class='ocr_line' id='line_1_109' title="bbox 2181 4687 3778 4766; baseline -0.006 -13"><span class='ocrx_word' id='word_1_760' title='bbox 2181 4703 2300 4766; x_wconf 85' lang='lat' dir='ltr'>tem,</span> <span class='ocrx_word' id='word_1_761' title='bbox 2341 4703 2391 4753; x_wconf 87' lang='lat' dir='ltr'>et</span> <span class='ocrx_word' id='word_1_762' title='bbox 2417 4714 2620 4754; x_wconf 87' lang='lat' dir='ltr'>cornua</span> <span class='ocrx_word' id='word_1_763' title='bbox 2661 4695 2848 4754; x_wconf 87' lang='lat' dir='ltr'>decem.</span> <span class='ocrx_word' id='word_1_764' title='bbox 2884 4695 2987 4750; x_wconf 90' lang='lat' dir='ltr'>Per</span> <span class='ocrx_word' id='word_1_765' title='bbox 3023 4693 3299 4750; x_wconf 90' lang='lat' dir='ltr'>desertum</span> <span class='ocrx_word' id='word_1_766' title='bbox 3341 4688 3522 4746; x_wconf 90' lang='lat' dir='ltr'>omnis</span> <span class='ocrx_word' id='word_1_767' title='bbox 3554 4687 3778 4759; x_wconf 89' lang='lat' dir='ltr'>impio-</span> 
     </span>
    </p>
   </div>
   <div class='ocr_carea' id='block_1_109' title="bbox 2183 4779 3776 4862">
    <p class='ocr_par' dir='ltr' id='par_1_109' title="bbox 2183 4779 3776 4862">
     <span class='ocr_line' id='line_1_110' title="bbox 2183 4779 3776 4862; baseline -0.006 -16"><span class='ocrx_word' id='word_1_768' title='bbox 2183 4806 2306 4846; x_wconf 92' lang='lat' dir='ltr'>rum</span> <span class='ocrx_word' id='word_1_769' title='bbox 2337 4788 2636 4846; x_wconf 89' lang='lat' dir='ltr'>multitudo</span> <span class='ocrx_word' id='word_1_770' title='bbox 2681 4787 2998 4862; x_wconf 90' lang='lat' dir='ltr'>designatur</span> <span class='ocrx_word' id='word_1_771' title='bbox 3028 4805 3042 4856; x_wconf 90' lang='lat'>;</span> <span class='ocrx_word' id='word_1_772' title='bbox 3087 4799 3152 4842; x_wconf 93' lang='lat' dir='ltr'>eo</span> <span class='ocrx_word' id='word_1_773' title='bbox 3193 4781 3340 4857; x_wconf 91' lang='lat' dir='ltr'>quod</span> <span class='ocrx_word' id='word_1_774' title='bbox 3374 4780 3478 4854; x_wconf 91' lang='lat' dir='ltr'>ipsi</span> <span class='ocrx_word' id='word_1_775' title='bbox 3508 4779 3776 4836; x_wconf 87' lang='lat' dir='ltr'>deserunt</span> 
     </span>
    </p>
   </div>
   <div class='ocr_carea' id='block_1_110' title="bbox 2180 4867 3773 4948">
    <p class='ocr_par' dir='ltr' id='par_1_110' title="bbox 2180 4867 3773 4948">
     <span class='ocr_line' id='line_1_111' title="bbox 2180 4867 3773 4948; baseline -0.006 -14"><span class='ocrx_word' id='word_1_776' title='bbox 2180 4879 2378 4948; x_wconf 91' lang='lat' dir='ltr'>Deum,</span> <span class='ocrx_word' id='word_1_777' title='bbox 2414 4887 2468 4934; x_wconf 92' lang='lat' dir='ltr'>et</span> <span class='ocrx_word' id='word_1_778' title='bbox 2507 4876 2632 4936; x_wconf 92' lang='lat' dir='ltr'>ideo</span> <span class='ocrx_word' id='word_1_779' title='bbox 2661 4874 2909 4934; x_wconf 89' lang='lat' dir='ltr'>derelicti</span> <span class='ocrx_word' id='word_1_780' title='bbox 2940 4882 3069 4932; x_wconf 90' lang='lat' dir='ltr'>sunt</span> <span class='ocrx_word' id='word_1_781' title='bbox 3096 4891 3128 4932; x_wconf 90' lang='lat' dir='ltr'>a</span> <span class='ocrx_word' id='word_1_782' title='bbox 3155 4875 3288 4932; x_wconf 92' lang='lat' dir='ltr'>Deo.</span> <span class='ocrx_word' id='word_1_783' title='bbox 3319 4873 3382 4928; x_wconf 93' lang='lat' dir='ltr'>In</span> <span class='ocrx_word' id='word_1_784' title='bbox 3408 4869 3624 4926; x_wconf 91' lang='lat' dir='ltr'>deserto</span> <span class='ocrx_word' id='word_1_785' title='bbox 3653 4867 3773 4940; x_wconf 87' lang='lat' dir='ltr'>igi-</span> 
     </span>
    </p>
   </div>
   <div class='ocr_carea' id='block_1_111' title="bbox 2179 4954 3771 5036">
    <p class='ocr_par' dir='ltr' id='par_1_111' title="bbox 2179 4954 3771 5036">
     <span class='ocr_line' id='line_1_112' title="bbox 2179 4954 3771 5036; baseline -0.008 -12"><span class='ocrx_word' id='word_1_786' title='bbox 2179 4975 2272 5024; x_wconf 89' lang='lat' dir='ltr'>tur</span> <span class='ocrx_word' id='word_1_787' title='bbox 2300 4969 2501 5024; x_wconf 90' lang='lat' dir='ltr'>mulier</span> <span class='ocrx_word' id='word_1_788' title='bbox 2534 4966 2798 5025; x_wconf 82' lang='lat' dir='ltr'>meretrix</span> <span class='ocrx_word' id='word_1_789' title='bbox 2826 4966 3051 5022; x_wconf 87' lang='lat' dir='ltr'>inventa</span> <span class='ocrx_word' id='word_1_790' title='bbox 3078 4971 3179 5032; x_wconf 91' lang='lat' dir='ltr'>est,</span> <span class='ocrx_word' id='word_1_791' title='bbox 3210 4961 3340 5036; x_wconf 90' lang='lat' dir='ltr'>quia</span> <span class='ocrx_word' id='word_1_792' title='bbox 3383 4975 3452 5015; x_wconf 84' lang='lat' dir='ltr'>ex</span> <span class='ocrx_word' id='word_1_793' title='bbox 3497 4954 3771 5015; x_wconf 85' lang='lat' dir='ltr'>multitu-</span> 
     </span>
    </p>
   </div>
   <div class='ocr_carea' id='block_1_112' title="bbox 2177 5049 3765 5133">
    <p class='ocr_par' dir='ltr' id='par_1_112' title="bbox 2177 5049 3765 5133">
     <span class='ocr_line' id='line_1_113' title="bbox 2177 5049 3765 5133; baseline -0.009 -17"><span class='ocrx_word' id='word_1_794' title='bbox 2177 5057 2306 5116; x_wconf 90' lang='lat' dir='ltr'>dine</span> <span class='ocrx_word' id='word_1_795' title='bbox 2335 5059 2652 5133; x_wconf 91' lang='lat' dir='ltr'>iniquorum</span> <span class='ocrx_word' id='word_1_796' title='bbox 2673 5056 2870 5115; x_wconf 86' lang='lat' dir='ltr'>civitas</span> <span class='ocrx_word' id='word_1_797' title='bbox 2898 5053 3106 5113; x_wconf 89' lang='lat' dir='ltr'>diaboli</span> <span class='ocrx_word' id='word_1_798' title='bbox 3133 5057 3364 5110; x_wconf 89' lang='lat' dir='ltr'>constat.</span> <span class='ocrx_word' id='word_1_799' title='bbox 3396 5049 3578 5105; x_wconf 88' lang='lat' dir='ltr'>Bestia</span> <span class='ocrx_word' id='word_1_800' title='bbox 3607 5063 3765 5113; x_wconf 86' lang='lat' dir='ltr'>vero,</span> 
     </span>
    </p>
   </div>
   <div class='ocr_carea' id='block_1_113' title="bbox 2173 5138 3767 5224">
    <p class='ocr_par' dir='ltr' id='par_1_113' title="bbox 2173 5138 3767 5224">
     <span class='ocr_line' id='line_1_114' title="bbox 2173 5138 3767 5224; baseline -0.009 -18"><span class='ocrx_word' id='word_1_801' title='bbox 2173 5150 2318 5208; x_wconf 89' lang='lat' dir='ltr'>sicut</span> <span class='ocrx_word' id='word_1_802' title='bbox 2361 5148 2476 5224; x_wconf 91' lang='lat' dir='ltr'>ipse</span> <span class='ocrx_word' id='word_1_803' title='bbox 2505 5148 2563 5208; x_wconf 92' lang='lat' dir='ltr'>in</span> <span class='ocrx_word' id='word_1_804' title='bbox 2601 5148 2958 5224; x_wconf 89' lang='lat' dir='ltr'>sequentibus</span> <span class='ocrx_word' id='word_1_805' title='bbox 2999 5144 3226 5218; x_wconf 82' lang='lat' dir='ltr'>exponit</span> <span class='ocrx_word' id='word_1_806' title='bbox 3267 5141 3549 5200; x_wconf 89' lang='lat' dir='ltr'>diabolum</span> <span class='ocrx_word' id='word_1_807' title='bbox 3576 5138 3767 5212; x_wconf 87' lang='lat' dir='ltr'>signi-</span> 
     </span>
    </p>
   </div>
   <div class='ocr_carea' id='block_1_114' title="bbox 2172 5228 3766 5307">
    <p class='ocr_par' dir='ltr' id='par_1_114' title="bbox 2172 5228 3766 5307">
     <span class='ocr_line' id='line_1_115' title="bbox 2172 5228 3766 5307; baseline -0.009 -11"><span class='ocrx_word' id='word_1_808' title='bbox 2172 5240 2300 5298; x_wconf 86' lang='lat' dir='ltr'>ﬁcat</span> <span class='ocrx_word' id='word_1_809' title='bbox 2341 5258 2354 5297; x_wconf 91' lang='lat'><strong>:</strong></span> <span class='ocrx_word' id='word_1_810' title='bbox 2394 5257 2590 5299; x_wconf 89' lang='lat' dir='ltr'>coccus</span> <span class='ocrx_word' id='word_1_811' title='bbox 2631 5247 2813 5297; x_wconf 89' lang='lat' dir='ltr'>autem</span> <span class='ocrx_word' id='word_1_812' title='bbox 2857 5237 3094 5295; x_wconf 91' lang='lat' dir='ltr'>colorem</span> <span class='ocrx_word' id='word_1_813' title='bbox 3134 5231 3415 5307; x_wconf 85' lang='lat' dir='ltr'>sanguinis</span> <span class='ocrx_word' id='word_1_814' title='bbox 3452 5228 3666 5296; x_wconf 87' lang='lat' dir='ltr'>habet;</span> <span class='ocrx_word' id='word_1_815' title='bbox 3709 5235 3766 5284; x_wconf 91' lang='lat' dir='ltr'>et</span> 
     </span>
    </p>
   </div>
   <div class='ocr_carea' id='block_1_115' title="bbox 2169 5316 3764 5404">
    <p class='ocr_par' dir='ltr' id='par_1_115' title="bbox 2169 5316 3764 5404">
     <span class='ocr_line' id='line_1_116' title="bbox 2169 5316 3764 5404; baseline -0.009 -19"><span class='ocrx_word' id='word_1_816' title='bbox 2169 5345 2266 5402; x_wconf 91' lang='lat' dir='ltr'>per</span> <span class='ocrx_word' id='word_1_817' title='bbox 2316 5330 2637 5404; x_wconf 86' lang='lat' dir='ltr'>sanguinem</span> <span class='ocrx_word' id='word_1_818' title='bbox 2691 5343 2832 5402; x_wconf 82' lang='lat' dir='ltr'>saepe</span> <span class='ocrx_word' id='word_1_819' title='bbox 2889 5342 3036 5384; x_wconf 91' lang='lat' dir='ltr'>mors</span> <span class='ocrx_word' id='word_1_820' title='bbox 3101 5322 3435 5394; x_wconf 87' lang='lat' dir='ltr'>designatur.</span> <span class='ocrx_word' id='word_1_821' title='bbox 3492 5316 3764 5374; x_wconf 86' lang='lat' dir='ltr'>Diabolus</span> 
     </span>
    </p>
   </div>
   <div class='ocr_carea' id='block_1_116' title="bbox 2167 5406 3761 5495">
    <p class='ocr_par' dir='ltr' id='par_1_116' title="bbox 2167 5406 3761 5495">
     <span class='ocr_line' id='line_1_117' title="bbox 2167 5406 3761 5495; baseline -0.009 -20"><span class='ocrx_word' id='word_1_822' title='bbox 2167 5418 2353 5494; x_wconf 87' lang='lat' dir='ltr'>itaque</span> <span class='ocrx_word' id='word_1_823' title='bbox 2397 5421 2728 5495; x_wconf 88' lang='lat' dir='ltr'>sanguineus</span> <span class='ocrx_word' id='word_1_824' title='bbox 2771 5427 2873 5486; x_wconf 87' lang='lat' dir='ltr'>est,</span> <span class='ocrx_word' id='word_1_825' title='bbox 2923 5415 3052 5492; x_wconf 88' lang='lat' dir='ltr'>quia</span> <span class='ocrx_word' id='word_1_826' title='bbox 3096 5421 3288 5472; x_wconf 89' lang='lat' dir='ltr'>auctor</span> <span class='ocrx_word' id='word_1_827' title='bbox 3334 5417 3416 5468; x_wconf 90' lang='lat' dir='ltr'>est</span> <span class='ocrx_word' id='word_1_828' title='bbox 3460 5406 3658 5464; x_wconf 85' lang='lat' dir='ltr'>mortis</span> <span class='ocrx_word' id='word_1_829' title='bbox 3706 5412 3761 5462; x_wconf 86' lang='lat' dir='ltr'>et</span> 
     </span>
    </p>
   </div>
   <div class='ocr_carea' id='block_1_117' title="bbox 2240 5566 3760 5664">
    <p class='ocr_par' dir='ltr' id='par_1_117' title="bbox 2240 5566 3760 5664">
     <span class='ocr_line' id='line_1_118' title="bbox 2240 5566 3760 5664; baseline -0.007 -27"><span class='ocrx_word' id='word_1_830' title='bbox 2413 5581 2589 5664; x_wconf 72' lang='lat' dir='ltr'>Edit.,</span> <span class='ocrx_word' id='word_1_831' title='bbox 2648 5579 2838 5664; x_wconf 70' lang='lat' dir='ltr'>pravis</span> <span class='ocrx_word' id='word_1_832' title='bbox 2889 5566 3760 5664; x_wconf 29' lang='lat' dir='ltr'>suggestionibus“sceleﬂususe</span> 
     </span>
    </p>
   </div>
   <div class='ocr_carea' id='block_1_118' title="bbox 2157 5649 3756 5782">
    <p class='ocr_par' dir='ltr' id='par_1_118' title="bbox 2157 5649 3756 5782">
     <span class='ocr_line' id='line_1_119' title="bbox 2157 5649 3756 5780; baseline -0.006 -72"><span class='ocrx_word' id='word_1_833' title='bbox 2157 5649 2478 5780; x_wconf 54' lang='lat' dir='ltr'>politiciunt;</span> <span class='ocrx_word' id='word_1_834' title='bbox 2509 5649 2670 5712; x_wconf 54' lang='lat' dir='ltr'>Rem?</span> <span class='ocrx_word' id='word_1_835' title='bbox 2706 5649 3047 5718; x_wconf 81' lang='lat' dir='ltr'>devinciunt;</span> <span class='ocrx_word' id='word_1_836' title='bbox 3099 5664 3229 5704; x_wconf 89' lang='lat' dir='ltr'>mss.</span> <span class='ocrx_word' id='word_1_837' title='bbox 3257 5659 3408 5714; x_wconf 87' lang='lat' dir='ltr'>vero,</span> <span class='ocrx_word' id='word_1_838' title='bbox 3443 5649 3590 5700; x_wconf 83' lang='lat' dir='ltr'>utin</span> <span class='ocrx_word' id='word_1_839' title='bbox 3611 5657 3756 5702; x_wconf 88' lang='lat' dir='ltr'>con-</span> 
     </span>
     <span class='ocr_line' id='line_1_120' title="bbox 2184 5739 2336 5782; baseline 0.013 -2"><span class='ocrx_word' id='word_1_840' title='bbox 2184 5739 2253 5780; x_wconf 83' lang='lat' dir='ltr'>ex</span> <span class='ocrx_word' id='word_1_841' title='bbox 2281 5741 2336 5782; x_wconf 91' lang='lat' dir='ltr'>u.</span> 
     </span>
    </p>
   </div>
  </div>
