3964 6400
248 455 359 512 997
1137 458 1591 515 BERENGAUDI
1634 459 2002 515 EXPOSITIO
2042 460 2111 516 IN
2149 462 2651 521 APOCALYPSIN.
2746 508 2755 517 .
3438 468 3541 526 993

249 580 435 636 omnis
479 582 825 654 perditionis.
891 583 1023 651 Quae
1088 583 1261 641 bestia
1306 585 1467 657 plena
1520 586 1840 643 nominibus
1868 588 1920 648 A
2029 551 2211 660 (Vers.
2249 591 2327 661 7.)
2354 592 2427 646 Et
2453 592 2593 646 dixit
2618 592 2749 647 mihi
2775 594 2990 664 angelus
3019 611 3037 648 :
3071 595 3245 661 Quare
3273 596 3543 653 miraris?

247 670 605 744 blasphemiae
658 688 771 729 esse
827 672 1052 742 dicitur,
1109 689 1174 729 eo
1233 674 1380 747 quod
1433 674 1549 747 ipse
1597 674 1850 732 diabolus
1958 678 2072 748 Ego
2109 678 2279 735 dicam
2310 680 2403 735 tibi
2430 689 2814 737 sacramentum
2841 682 3099 749 mulieris,
3131 688 3180 737 et
3206 682 3396 752 bestiae,
3425 702 3542 757 qua!

246 769 443 817 auctor
470 762 542 817 sit
571 763 818 819 omnium
842 762 1326 837 blasphemiarum.
1358 764 1502 832 Quid
1531 765 1643 820 sint
1665 774 1848 820 autem
1952 773 2137 835 portat
2179 784 2312 833 eam,
2343 785 2460 839 quce
2503 771 2653 826 habet
2686 772 2861 842 capita
2886 778 3092 843 septem,
3120 778 3169 827 et
3208 789 3407 828 cornua
3442 774 3542 828 de-

247 849 430 922 capita
457 858 662 922 septem
695 858 750 907 et
791 868 1000 909 cornua
1027 852 1238 922 decem,
1270 852 1494 925 angelus
1519 852 1577 908 in
1608 869 1849 927 sequen-

246 942 400 998 tibus
428 943 705 1015 exposuit.
1234 1000 1243 1009 ,

325 1033 506 1104 (Vers.
546 1033 629 1105 4.)
670 1036 745 1090 Et
786 1035 981 1090 mulier
1021 1041 1139 1091 erat
1165 1034 1490 1092 circumdata
1515 1053 1765 1108 purpura
1804 1042 1851 1091 et

247 1121 471 1189 coccino,
542 1128 591 1177 et
652 1121 909 1179 inaurata
970 1141 1129 1192 auro,
1193 1131 1242 1179 et
1286 1125 1461 1197 lapide
1515 1126 1763 1197 pretioso,
1803 1130 1853 1179 et

246 1211 580 1283 margaritis,
624 1211 818 1266 habens
860 1214 1109 1284 poculum
1169 1230 1395 1269 aureum
1435 1213 1493 1268 in
1536 1230 1699 1270 manu
1726 1230 1846 1281 sua,

241 1302 466 1372 plenum
504 1299 975 1370 abominationum,
1020 1307 1071 1356 et
1093 1301 1439 1357 immunditiis
1480 1302 1849 1372 fornicationis

245 1388 379 1459 ejus.
429 1390 680 1462 Purpura
733 1390 1000 1463 sanguine
1028 1390 1284 1464 tingitur,
1335 1407 1530 1448 coccus
1555 1408 1687 1448 vero
1712 1408 1849 1447 san-

248 1479 434 1553 guinis
477 1480 640 1537 habet
673 1481 934 1550 colorem,
988 1490 1225 1556 suntque
1266 1483 1595 1540 vestimenta
1624 1483 1843 1555 regalia,

246 1586 345 1642 per
401 1587 520 1645 quae
577 1580 817 1644 potestas
860 1573 1137 1629 saecularis
1180 1571 1498 1645 designatur
1531 1590 1542 1628 :
1592 1589 1685 1645 per
1712 1588 1847 1628 san-

247 1657 470 1730 guinem
509 1665 691 1714 autem
720 1673 862 1731 saepe
893 1676 1041 1715 mors
1078 1659 1397 1730 designatur
1428 1658 1569 1731 (54).
1601 1659 1848 1730 Purpura

245 1744 418 1818 igitur
458 1753 513 1802 et
568 1764 765 1804 coccus
813 1748 1096 1820 sanguinis
1142 1748 1379 1821 speciem
1432 1747 1672 1816 habent;
1718 1747 1848 1820 quia

244 1844 486 1911 potestas
532 1839 808 1897 saecularis
842 1838 1126 1895 mortifera
1154 1846 1255 1908 est,
1286 1846 1340 1895 et
1369 1839 1675 1923 periculum
1705 1854 1845 1894 sem-

1957 872 2081 911 cem.
2111 857 2373 914 Eamdem
2422 859 2878 931 signiﬁcationem
2926 860 3089 917 habet
3137 861 3309 918 bestia
3352 861 3411 918 in
3441 862 3546 919 hoc

1958 945 2100 1013 loco,
2130 962 2293 1019 quam
2315 956 2368 1003 et
2394 949 2645 1019 superius
2666 949 2915 1006 diximus
2941 950 3235 1008 draconem
3253 952 3507 1009 habuisse
3530 958 3580 1022 ;'

1956 1033 2231 1105 signiﬁcat
2262 1052 2499 1109 namque
2528 1037 2832 1095 diabolum.
2862 1039 3006 1107 Quid
3035 1041 3147 1096 sint
3166 1050 3348 1098 autem
3372 1042 3551 1114 capita

1957 1132 2186 1196 septem,
2209 1133 2262 1181 et
2293 1143 2499 1183 cornua
2526 1127 2734 1196 decem,
2768 1129 2903 1201 ipse,
2928 1138 2989 1185 ut
3011 1129 3276 1199 diximus,
3308 1147 3549 1204 sequen-

1956 1212 2105 1269 tibus
2135 1214 2383 1286 exponit.
2417 1217 2593 1272 Bestia
2640 1234 2799 1288 quam
2833 1219 3033 1288 vidisti,
3063 1217 3190 1290 fuit,
3228 1226 3277 1275 et
3312 1238 3417 1276 non
3453 1229 3547 1291 est,

1957 1307 2004 1356 et
2056 1319 2343 1360 ascensura
2393 1312 2466 1360 est
2502 1306 2563 1361 de
2618 1308 2842 1379 abysso,
2894 1315 2941 1364 et
2988 1308 3045 1363 in
3090 1310 3362 1366 interitum
3417 1311 3534 1367 ibit.

1957 1389 2159 1457 Bestia,
2190 1392 2248 1449 id
2279 1401 2358 1450 est
2387 1394 2659 1464 diabolus,
2692 1398 2799 1453 fuit
2828 1406 2956 1454 ante
2983 1397 3281 1455 adventum
3311 1398 3546 1469 Christi,

1957 1481 2239 1552 possidens
2285 1500 2454 1556 genus
2501 1484 2803 1541 humanum
2830 1504 2842 1554 ;
2873 1504 2985 1544 non
3018 1496 3099 1545 est
3138 1489 3323 1557 modo,
3355 1488 3412 1545 id
3443 1497 3543 1557 est,

1956 1585 2067 1624 non
2099 1570 2340 1642 possidet
2364 1588 2534 1644 genus
2562 1573 2870 1630 humanum
2901 1577 3044 1632 sicut
3066 1585 3262 1645 antea;
3295 1578 3425 1650 quia
3452 1594 3549 1649 per

1956 1656 2236 1715 Christum
2294 1660 2363 1717 ab
2411 1663 2710 1719 electorum
2767 1663 3026 1721 cordibus
3083 1667 3347 1739 expulsus
3404 1673 3486 1722 est
3531 1684 3544 1723 :

1956 1764 2246 1804 ascensura
2301 1766 2432 1805 vero
2487 1758 2569 1806 est
2621 1751 2687 1807 de
2736 1750 2973 1824 abysso;
3023 1753 3153 1826 quia
3208 1754 3549 1826 temporibus

1954 1836 2286 1894 Antichristi
2342 1839 2587 1895 solvetur
2640 1839 2867 1897 Satanas
2919 1840 2987 1896 de
3040 1858 3257 1898 carcere
3314 1858 3433 1911 suo,
3493 1851 3548 1899 et

246 1927 525 2010 piternum
573 1928 731 1985 aﬁ‘ert
777 1927 847 1984 iis
894 1927 989 2001 qui
1020 1944 1136 1983 eam
1167 1927 1404 2001 amplius
1450 1944 1613 2002 quam
1644 1928 1915 2010 cmles—B
1957 1925 2168 1994 exibit,
2224 1927 2447 1984 seducet
2517 1944 2707 1985 omnes
2780 1938 2996 2001 gentes,
3055 1931 3199 1986 sicut
3266 1931 3550 2003 sequentia

242 2022 357 2071 tem
427 2016 657 2088 gloriam
700 2018 1129 2089 amplectuntur.
1177 2016 1474 2073 Possumus
1528 2016 1696 2073 etiam
1745 2033 1843 2089 per

243 2106 574 2164 vestimenta
617 2109 916 2183 sanguinea
960 2127 1124 2183 opera
1169 2109 1467 2184 impiorum
1512 2110 1837 2183 intelligere,

239 2210 341 2269 pro
370 2197 570 2270 quibus
603 2208 778 2256 morte
813 2207 1075 2273 perpetua
1102 2199 1532 2255 damnabantur.
1569 2198 1840 2272 Quodque

242 2286 538 2358 sequitur:
595 2289 670 2343 Et
721 2287 978 2343 inaurata
1031 2305 1222 2357 auro;
1290 2304 1386 2360 per
1441 2304 1637 2343 aurum
1701 2304 1841 2359 saepe

241 2379 515 2451 sapientia
574 2381 908 2453 designatur.
974 2382 1173 2437 Mulier
1216 2380 1388 2453 igitur
1432 2380 1681 2435 inaurata
1727 2387 1843 2437 erat

243 2485 427 2536 auro;
493 2469 622 2540 quia
663 2470 985 2541 sapientiam
1046 2468 1212 2542 hujus
1258 2468 1444 2525 θωραιί
1504 2467 1839 2541 possidebat,

242 2575 367 2633 quae
414 2559 654 2615 stultitia
698 2568 780 2616 est
812 2560 958 2632 apud
985 2561 1180 2616 Deum.
1232 2559 1335 2616 Per
1362 2561 1601 2632 gemmas
1629 2576 1759 2617 vero
1787 2567 1841 2617 et

243 2648 569 2721 margaritas
632 2649 945 2722 eloquentia
996 2648 1274 2706 saecularis
1329 2649 1692 2721 designatur:
1744 2665 1841 2721 per

241 2738 505 2810 poculum
564 2753 811 2807 aureum,
883 2738 1030 2811 quod
1079 2754 1248 2794 manu
1302 2737 1548 2793 tenuisse
1610 2736 1837 2806 dicitur,

241 2826 704 2901 philosophorum
754 2833 809 2883 et
848 2835 1130 2899 poetarum
1180 2825 1433 2882 doctrina
1477 2824 1835 2898 designatur:

241 2915 392 2988 quod
420 2916 645 2987 plenum
673 2913 1147 2970 abominationum
1175 2921 1230 2970 et
1267 2912 1638 2969 immunditiis
1671 2913 1840 2970 forni-

239 3003 478 3061 cationis
513 3002 631 3075 ejus
660 3003 867 3059 dicitur
900 3021 914 3071 ;
948 3002 1076 3078 quia
1103 3002 1355 3060 doctrina
1382 3002 1839 3076 philosophorum

246 3110 305 3158 et
344 3110 628 3175 poetarum
657 3102 820 3175 plena
854 3108 968 3158 erat
998 3101 1317 3170 mendaciis,
1362 3102 1729 3176 omnibusque
1758 3117 1838 3157 er-

239 3198 461 3256 roribus
490 3198 557 3256 ad
604 3199 991 3273 decipiendum
1039 3216 1209 3273 genus
1253 3200 1559 3258 humanum
1604 3216 1840 3273 compo-

239 3288 387 3345 sitis.

310 3387 491 3460 (Vers.
534 3386 617 3461 5.)
689 3389 763 3444 Et
812 3387 870 3442 in
922 3384 1099 3458 fronte
1152 3385 1267 3457 ejus
1316 3403 1505 3448 nomen
1559 3387 1834 3460 scriptum,

230 3477 565 3549 Mysterium,
615 3477 858 3548 Babylon
890 3490 1100 3548 magna,
1146 3482 1316 3531 mater
1343 3476 1759 3547 fornicationum
1789 3483 1838 3532 et

230 3566 688 3624 abominationum
710 3571 881 3621 term.
915 3565 1017 3621 Per
1036 3565 1273 3621 frontem
1302 3572 1465 3638 atque
1499 3566 1692 3648 faciem
1714 3566 1832 3638 (55)

230 3655 403 3715 homo
444 3655 823 3728 dignoscitur;
874 3654 1131 3711 similiter
1167 3663 1221 3711 et
1264 3654 1423 3727 impii
1454 3671 1524 3711 ex
1578 3657 1836 3728 operibus

230 3745 354 3804 suis
399 3745 807 3816 intelliguntur,
840 3744 984 3802 sicut
1030 3744 1287 3801 Salomon
1317 3743 1455 3801 dicit
1486 3759 1498 3798 :
1547 3768 1565 3792 ι
1593 3745 1681 3800 Ex
1708 3754 1836 3802 stu-

229 3833 343 3891 diis
382 3835 496 3890 suis
536 3832 870 3906 intelligitur
915 3849 1050 3906 puer
1100 3832 1286 3905 (Prov.
1333 3849 1434 3901 xx,
1479 3833 1592 3905 11).
1649 3858 1668 3881 ι
1734 3833 1837 3890 Per

230 3922 472 3980 frontem
516 3921 700 3996 itaque
744 3931 908 3996 atque
958 3922 1154 3979 faciem
1210 3938 1375 3994 opera
1416 3922 1716 3994 impiorum
1744 3922 1834 3978 de-

233 4010 528 4082 signantur
553 4029 566 4079 ;
602 4009 732 4084 quia
759 4026 829 4066 ex
853 4009 1111 4084 operibus
1138 4010 1253 4067 suis
1283 4009 1670 4083 intelliguntur
1689 4011 1835 4084 quod

231 4100 350 4157 sint
379 4098 484 4155 ﬁlii
519 4098 748 4167 diaboli,
781 4099 1037 4173 civesque
1064 4099 1249 4179 impia)
1273 4099 1536 4156 civitatis.

312 4188 495 4259 (Vers.
530 4189 612 4261 6.)
676 4191 750 4247 Et
775 4191 1047 4247 mulierem
1097 4190 1212 4246 vidi
1237 4189 1440 4247 ebriam
1480 4191 1544 4246 de
1586 4190 1838 4263 sanguine

230 4284 556 4346 sanctorum,
581 4283 626 4332 et
671 4279 733 4333 de
759 4279 1013 4351 sanguine
1038 4286 1341 4350 martyrum
1381 4281 1523 4336 Jesu.
1555 4280 1836 4352 Numquid

229 4363 488 4437 Babylon
530 4365 851 4436 sanguinem
888 4374 1200 4425 sanctorum
1239 4368 1500 4427 biberat?
1546 4370 1654 4427 Sed
1686 4371 1839 4427 ebria

230 4469 372 4531 erat,
422 4462 481 4518 id
532 4469 634 4530 est,
687 4461 754 4519 ab
800 4464 953 4519 omni
1008 4465 1284 4536 spirituali
1349 4467 1562 4523 ratione
1609 4467 1833 4524 aliena:

230 4551 388 4609 ebria
414 4560 529 4607 erat
560 4569 574 4619 ;
613 4550 744 4624 quia
770 4550 912 4607 ultio
940 4553 1226 4626 sanguinis
1255 4562 1572 4611 sanctorum
1602 4556 1680 4612 ita
1716 4574 1835 4613 eam

1862 3304 1913 3369 C

1956 2016 2171 2088 plenius
2201 2016 2589 2085 manifestam;
2623 2025 2676 2073 et
2697 2018 2753 2074 in
2775 2018 3061 2075 interitum
3095 2019 3228 2086 ibit;
3264 2018 3393 2092 quia
3420 2035 3547 2076 cum

1954 2107 2211 2163 omnibus
2240 2107 2484 2180 reprobis
2514 2125 2651 2181 quos
2679 2108 2975 2182 deceperit,
3015 2117 3071 2166 et
3114 2127 3242 2168 cum
3289 2109 3547 2166 omnibus

1953 2196 2284 2252 satellitibus
2308 2198 2422 2253 suis
2446 2206 2648 2253 aeterna
2679 2214 2839 2269 poena
2868 2197 3241 2255 damnabitur.

2026 2285 2207 2357 (Vers.
2238 2286 2320 2358 8.)
2352 2288 2425 2341 Et
2446 2287 2787 2342 mirabuntur
2814 2287 3162 2343 inhabitantes
3185 2294 3399 2357 terram,
3421 2304 3549 2359 quo-

1952 2390 2073 2429 rum
2128 2392 2232 2430 non
2269 2382 2392 2430 sunt
2437 2376 2635 2447 scripta
2674 2377 2890 2432 nomina
2920 2378 2976 2431 in
3025 2377 3157 2433 libro
3191 2378 3312 2432 vita:
3337 2395 3373 2432 a
3410 2394 3545 2433 con-

1953 2463 2221 2518 stitutione
2248 2465 2454 2533 mundi,
2486 2466 2714 2521 videntes
2751 2468 2962 2523 bestiam
2990 2486 3106 2538 quw
3131 2466 3330 2539 fuerat,
3361 2476 3409 2523 et
3438 2486 3543 2523 non

1952 2559 2045 2609 est.
2091 2554 2468 2611 Inhabitantes
2509 2564 2711 2612 terram
2764 2573 2854 2613 eos
2909 2557 3171 2613 debemus
3212 2556 3537 2628 intelligere,

1952 2643 2045 2716 qui
2097 2652 2365 2701 amatores
2417 2653 2570 2702 terrai
2614 2655 2776 2702 erunt
2824 2647 2995 2719 magis
3041 2664 3204 2721 quam
3241 2647 3365 2714 Dei,
3405 2664 3543 2720 quos

1950 2731 2327 2788 Antichristus
2354 2733 2514 2789 facile
2542 2734 2796 2806 decipiet.
2828 2735 3176 2791 Mirabuntur
3196 2752 3324 2807 ergo
3355 2751 3535 2808 repro-

1950 2818 2029 2888 bi,
2064 2837 2299 2893 quorum
2328 2836 2440 2876 non
2467 2831 2596 2878 sunt
2623 2823 2826 2895 scripta
2853 2822 3079 2879 nomina
3117 2824 3175 2879 in
3208 2822 3350 2880 libro
3385 2824 3536 2895 vitae,

1951 2910 2009 2968 id
2034 2920 2135 2981 est,
2154 2910 2249 2984 qui
2275 2928 2387 2967 non
2407 2920 2537 2968 sunt
2565 2913 2940 2986 pradestinati
2961 2914 3029 2971 ad
3041 2915 3211 2971 vitam
3237 2924 3496 2973 aeternam
3519 2932 3534 2984 ;

1950 3000 2202 3058 videntes
2229 3002 2482 3072 bestiam,
2506 3002 2564 3061 id
2584 3013 2685 3075 est,
2708 3004 2989 3062 diabolum
3010 3021 3106 3078 per
3132 3005 3539 3062 Antichristum

1951 3090 2107 3163 signa
2147 3089 2459 3164 facientem,
2486 3101 2540 3151 et
2588 3094 2649 3151 in
2693 3094 3038 3154 Antichristo
3085 3095 3365 3153 diabolum
3394 3094 3536 3152 ado-

1949 3188 2151 3238 rantes.

2022 3279 2207 3352 (Vers.
2253 3278 2334 3353 9.)
2375 3281 2451 3338 Et
2492 3280 2575 3338 hic
2617 3288 2694 3339 est
2739 3298 2938 3354 sensus,
2983 3282 3077 3355 qui
3124 3283 3277 3341 habet
3318 3282 3539 3357 sapien—

1946 3367 2075 3426 tiam
2108 3388 2120 3426 :
2148 3370 2206 3426 id
2235 3378 2334 3440 est,
2365 3371 2425 3427 in
2454 3372 2559 3430 hoc
2603 3374 2750 3446 quod
2789 3374 3056 3447 sequitur,
3088 3390 3285 3446 magna
3329 3373 3537 3431 obscu—

1944 3458 2087 3516 ritas
2106 3466 2208 3530 est,
2241 3468 2295 3517 et
2319 3476 2511 3517 sensus
2539 3460 2607 3517 ad
2646 3476 2709 3517 ea
2755 3462 3115 3533 tntelligenda
3142 3462 3303 3518 valde
3329 3478 3540 3518 acuen—

1944 3550 2047 3607 dus
2074 3558 2179 3609 est.
2207 3551 2281 3608 Et
2310 3567 2410 3608 nos
2437 3567 2691 3624 rogemus
2718 3552 3038 3621 Dominum,
3069 3559 3132 3608 ut
3162 3551 3305 3610 hanc
3333 3551 3541 3609 obscu-

1945 3640 2165 3697 ritatem
2196 3640 2356 3698 nobis
2393 3642 2623 3715 aperiat.

2018 3739 2199 3811 (Vers.
2251 3738 2365 3812 10.)
2424 3741 2625 3812 Septem
2667 3739 2864 3812 capita,
2914 3744 3105 3811 septem
3153 3743 3350 3796 montes
3396 3741 3538 3808 sunt,

1941 3845 2098 3900 super
2123 3845 2254 3900 quos
2282 3829 2478 3885 mulier
2505 3829 2672 3897 sedet;
2705 3835 2753 3885 et
2780 3846 2921 3901 reges
2949 3836 3143 3901 septem
3175 3835 3318 3885 sunt.
3364 3827 3542 3897 Quin—

1943 3934 2042 3989 que
2090 3919 2403 3988 ceciderunt,
2460 3935 2597 3974 unus
2652 3924 2745 3986 est,
2801 3918 2944 3975 alius
2994 3918 3228 3975 nondum
3277 3918 3457 3983 venit;
3496 3923 3545 3974 et

1943 4023 2060 4061 cum
2109 4007 2330 4073 venerit,
2378 4012 2583 4079 oportet
2638 4006 2797 4062 illum
2848 4007 2999 4063 breve
3054 4014 3252 4079 tempus
3306 4024 3538 4062 manere.

1942 4094 2203 4151 Diximus
2230 4094 2485 4168 superius
2514 4112 2611 4168 per
2655 4103 2864 4168 septem
2909 4095 3091 4168 capita
3127 4096 3383 4153 draconis
3411 4095 3541 4152 illos

1945 4184 2203 4258 reprobos
2232 4201 2347 4241 esse
2374 4184 2708 4256 designatos,
2742 4202 2835 4258 per
2882 4202 3019 4259 quos
3061 4185 3314 4243 diabolus
3364 4201 3535 4257 genus

1944 4270 2251 4329 humanum
2279 4272 2513 4345 decepit,
2545 4290 2683 4346 quos
2717 4274 2882 4329 etiam
2912 4274 2973 4328 in
3003 4281 3180 4346 partes
3218 4281 3424 4346 septem
3456 4270 3538 4329 di-

1945 4363 2200 4433 visimus,
2226 4363 2370 4421 sicut
2413 4370 2468 4421 et
2513 4372 2762 4421 czeteram
2811 4364 3225 4421 multitudinem
3278 4362 3542 4437 reprobo-

1945 4472 2089 4515 rum.
2120 4461 2192 4516 Et
2235 4461 2362 4533 quia
2419 4462 2665 4519 eamdem
2709 4461 3166 4534 signiﬁcationem
3196 4458 3345 4515 564
3371 4459 3540 4517 habet

1946 4551 2065 4608 haec
2110 4551 2287 4609 bestia
2317 4553 2386 4609 de
2436 4570 2543 4627 qua
2591 4554 2891 4626 loquimur,
2926 4570 3089 4626 quam
3140 4560 3195 4609 et
3243 4551 3540 4608 draconem

232 4640 606 4698 damnabilem
658 4639 879 4709 fecerat,
936 4650 1013 4697 et'
1040 4659 1072 4698 a
1119 4642 1499 4700 misericordia
1555 4646 1656 4702 Dei
1702 4647 1830 4702 alie-
1859 4664 1908 4723 D
1945 4640 2192 4698 diximus
2248 4642 2543 4711 habuisse;
2574 4643 2863 4715 designant
2912 4659 3147 4715 namque
3199 4639 3533 4697 diabolum:

232 4746 388 4801 nam,
446 4738 510 4787 ut
566 4745 680 4785 non
732 4738 874 4787 esset
930 4729 1098 4803 digna
1153 4739 1422 4805 quatenus
1447 4731 1635 4807 aliquo
1676 4735 1841 4791 modo

233 4836 351 4878 sua:
387 4818 552 4877 saluti
593 4826 776 4891 posset
819 4819 1125 4877 consulere.
1177 4822 1254 4877 Et
1295 4821 1528 4877 miratus
1556 4839 1672 4878 sum
1716 4840 1834 4878 cum

232 4908 478 4965 vidissem
519 4911 692 4980 illam,
750 4911 1103 4967 admiratione
1144 4928 1357 4982 magna.
1401 4912 1669 4970 Mirantur
1711 4913 1842 4971 ﬁde-

234 4997 337 5065 les,
371 5015 497 5055 cum
526 4999 725 5056 vident
747 4998 1006 5072 reprobos
1034 5007 1251 5057 tantum
1279 5017 1312 5057 a
1336 5001 1535 5058 timore
1561 5002 1661 5059 Dei
1690 5003 1834 5059 alie-

236 5106 360 5157 nos,
413 5097 475 5146 ut
519 5089 638 5146 sine
696 5090 883 5163 aliqua
935 5090 1300 5163 trepidatione
1347 5101 1400 5148 et
1452 5092 1843 5151 innocentibus

235 5176 480 5252 plurima
525 5179 666 5234 mala
693 5178 962 5252 ingerant,
1003 5187 1057 5236 et
1101 5178 1160 5236 in
1206 5180 1468 5237 omnibus
1498 5180 1720 5254 ﬂagitiis
1748 5198 1842 5239 se—

238 5265 505 5340 metipsos
551 5267 888 5341 demergant,
932 5267 1166 5326 scientes
1213 5270 1388 5326 Deum
1418 5272 1636 5327 nullum
1666 5272 1842 5329 scelus

238 5353 579 5428 impunitum
608 5356 951 5430 relinquere;
1003 5356 1109 5413 nisi
1140 5356 1293 5429 prius
1320 5359 1644 5431 poenitentia
1671 5367 1842 5418 caete-

238 5443 427 5518 risque
478 5445 957 5517 medicaminibus,
1030 5445 1233 5520 quibus
1286 5457 1505 5520 peccata
1557 5456 1838 5507 sanantur,

238 5533 413 5592 fuerit
439 5532 705 5591 deletum.

318 5674 435 5752 (54)
465 5679 583 5759 _Per
623 5677 928 5750 sanguinem
952 5686 1126 5759 autem
1166 5699 1298 5755 saepe
1327 5700 1470 5742 mors
1510 5684 1838 5759 designatur,

242 5761 273 5808 e
298 5749 431 5825 mss.
462 5749 908 5825 inlocum’suum
924 5749 1252 5825 repositum
1266 5763 1365 5813 est.

318 5823 435 5896 (55)
466 5822 671 5883 Aberat
694 5822 859 5881 etiam
890 5822 959 5882 ab
985 5822 1146 5896 edit,
1181 5827 1287 5886 Per
1310 5826 1541 5900 frontem
1568 5834 1726 5904 atque
1752 5826 1839 5903 fa-

1949 4734 2195 4792 eamdem
2243 4734 2698 4807 signiﬁcationem
2748 4734 2953 4791 habent
2990 4734 3155 4791 etiam
3202 4741 3409 4805 septem
3453 4749 3539 4790 ca-

1949 4827 2065 4899 pita
2092 4827 2300 4896 bestiae,
2334 4844 2495 4901 quam
2523 4833 2577 4883 et
2604 4834 2810 4900 septem
2859 4826 3037 4898 capita
3083 4822 3337 4880 draconis
3384 4820 3538 4878 dixi-

1950 4932 2072 4971 mus
2118 4914 2391 4972 habuisse.
2423 4916 2554 4984 Quae
2602 4922 2657 4971 et
2697 4921 2909 4971 montes
2954 4914 3254 4980 dicuntur;
3288 4909 3418 4985 quia
3445 4910 3539 4966 al—

1949 5003 2117 5061 tiores
2146 5005 2370 5061 fuerunt
2407 5004 2492 5059 illi
2534 5003 2592 5059 in
2631 5003 2949 5072 sceleribus,
2981 5001 3077 5075 qui
3106 5008 3332 5059 caeteros
3367 4998 3537 5055 dece-

1950 5100 2169 5165 perunt,
2199 5109 2363 5166 quam
2394 5093 2478 5149 illi
2508 5093 2604 5165 qui
2646 5092 2714 5148 ab
2761 5093 2840 5149 eis
2883 5090 3096 5165 decepti
3121 5097 3271 5159 sunt,
3303 5089 3447 5147 sicut
3475 5087 3535 5143 in

1950 5182 2305 5254 sequentibus
2345 5181 2414 5239 de
2458 5182 2740 5255 Babylone
2785 5181 2922 5240 dicit
2956 5200 2967 5238 :
3022 5206 3040 5228 ι
3083 5180 3224 5249 Quia
3263 5185 3539 5235 venerunt

1950 5278 2171 5345 peccata
2198 5270 2318 5343 ejus
2359 5288 2532 5346 usque
2559 5271 2629 5328 ad
2666 5274 2866 5329 coelum
2909 5270 3040 5345 (Inf.
3071 5286 3187 5341 cap.
3221 5284 3360 5336 xvn,
3396 5282 3534 5323 vers.

1947 5362 2032 5436 5).
2090 5388 2108 5411 ν
2162 5361 2446 5421 Vocantur
2497 5360 2867 5417 nihilominus
2905 5367 2959 5416 et
3003 5365 3208 5431 septem
3256 5372 3428 5428 reges,
3473 5371 3539 5411 eo

1949 5449 2098 5523 quod
2149 5448 2362 5507 caeteris
2422 5447 2491 5506 ad
2545 5448 2909 5522 perditionem
2961 5446 3222 5503 euntibus
3277 5445 3537 5502 ducatum

1949 5538 2307 5612 praebuerint.
2337 5539 2512 5615 Super
2538 5538 2639 5597 bos
2666 5556 2795 5613 ergo
2824 5543 3038 5594 montes
3062 5536 3327 5594 meretrix
3351 5534 3539 5593 sedere

1946 5684 2167 5761 ciem,”
2202 5685 2516 5761 intelligitur
2546 5702 2683 5760 puer
2710 5702 2723 5744 :
2754 5682 2848 5744 sed
2880 5682 2939 5741 in
2965 5682 3138 5743 nullis
3164 5681 3384 5758 scriptis
3412 5678 3534 5741 cod.

1947 5756 2304 5818 desideratur.
