3964 6392
517 393 621 450 999

1538 395 1636 450 ΑΙ)
1675 394 1907 452 ΟΡΕΒΑ
1945 394 2002 452 S.
2043 393 2382 453 AMBROSH
2419 395 2799 456 APPENDIX.

3573 388 3824 464 ἰοοο

517 535 666 590 dicta
716 543 824 604 est;
859 537 988 608 quia
1034 535 1102 591 ab
1151 536 1220 590 iis
1265 536 1462 591 civitas
1507 537 1710 594 diaboli
1755 537 1811 594 in
1854 538 2103 595 omnibus

2217 528 2516 594 potestatem
2573 530 2825 594 tanquam
2877 519 3020 595 reges
3068 539 3180 580 una
3231 525 3368 582 hora
3414 527 3672 600 accipient
3699 536 3824 602 post

517 624 796 682 erroribus
870 634 1032 699 atque
1105 625 1403 684 sceleribus
1458 627 1751 685 informata
1813 637 1913 686 est.
1967 629 2105 686 Nam

517 713 660 771 sicut
704 713 936 787 apostoli
984 713 1342 772 fundamenta
1379 715 1640 772 dicuntur
1672 717 1949 786 Ecclesiae,
1980 717 2056 773 ita
2077 733 2106 773 e

517 802 736 860 diverso
765 804 1080 862 inventores
1109 821 1355 861 errorum
1387 806 1743 863 fundamenta
1787 816 1916 864 sunt
1953 807 2106 862 civi—

469 921 482 934 -
516 894 645 950 tatis
682 893 909 950 diaboli.
938 894 1026 949 Ex
1074 893 1142 950 iis
1184 894 1354 966 igitur
1405 894 1695 967 capitibus,
1724 895 1841 951 sive
1888 897 2105 952 monti—

515 983 638 1053 bus,
692 986 780 1040 vel
833 985 1070 1057 regibus,
1120 985 1363 1058 quinque
1412 987 1746 1056 ceciderunt,
1778 1004 1920 1044 unus
1967 995 2101 1056 erat,

516 1075 660 1132 alius
685 1074 934 1132 nondum
963 1085 1208 1132 venerat.
1252 1075 1498 1145 Primum
1543 1083 1705 1148 caput
1735 1075 1939 1132 diaboli
1967 1077 2104 1133 ceci-

517 1163 702 1233 derat;
741 1164 871 1238 quia
923 1164 1007 1220 illi
1063 1165 1160 1237 qui
1214 1172 1339 1220 ante
1393 1164 1669 1225 diluvium
1717 1165 1960 1234 fuerunt,
2011 1181 2104 1238 per

515 1269 653 1326 quos
681 1253 718 1308 ii
753 1252 847 1324 qui
875 1251 981 1308 ﬁlii
1012 1253 1113 1308 Dei
1134 1253 1474 1310 vocabantur
1495 1253 1650 1326 (Gen.
1681 1273 1761 1323 vr,
1788 1257 1869 1327 2),
1891 1253 2104 1326 decepti

515 1349 665 1410 sunt,
695 1341 755 1398 in
783 1342 1024 1398 cloacam
1063 1341 1270 1398 inferni
1313 1342 1724 1400 descenderant.
1755 1343 2022 1399 Similiter
2051 1351 2105 1400 et

515 1430 743 1490 secundi
770 1430 866 1504 qui
893 1438 1018 1503 post
1044 1431 1324 1488 diluvium
1355 1448 1527 1505 usque
1557 1432 1625 1488 ad
1654 1433 1827 1506 legem
1857 1432 2101 1501 fuerunt,

515 1521 575 1578 in
623 1519 812 1575 eadem
865 1519 1192 1592 perditionis
1247 1520 1407 1576 fovea
1460 1521 1694 1577 demersi
1754 1520 2100 1578 tenebantur.

517 1609 840 1668 Ceciderant
885 1619 938 1667 et
976 1610 1147 1679 tertii,
1197 1611 1292 1684 qui
1332 1613 1538 1684 populo
1595 1612 1718 1680 Dei,
1767 1613 1969 1687 quibus
2013 1614 2104 1670 lex

515 1698 642 1754 data
679 1707 780 1767 est,
809 1698 958 1754 idola
1003 1700 1180 1756 colere
1224 1700 1544 1758 suadebant.
1580 1701 1848 1757 Similiter
1889 1711 1943 1758 et
1977 1701 2102 1759 falsi

513 1785 811 1858 prophetae,
843 1786 937 1858 qui
967 1786 1025 1841 in
1055 1796 1250 1860 quarto
1293 1789 1413 1844 loco
1455 1797 1754 1862 ponuntur,
1782 1789 1897 1862 jam
1947 1791 2102 1847 ceci-

515 1877 706 1934 derant
729 1876 790 1932 in
820 1876 1109 1933 interitum
1139 1895 1248 1934 suae
1279 1877 1625 1950 perditionis,
1647 1897 1711 1936 eo
1731 1879 1880 1954 quod
1908 1879 2096 1954 decep-
2135 1883 2178 1944 Β

513 1974 658 2022 tores
707 1965 912 2021 fuerint
959 1967 1164 2038 populo
1212 1967 1332 2023 Dei.
1377 1967 1561 2042 Iniqui
1605 1985 1737 2026 vero
1781 1967 1978 2038 Judaei,
2011 1967 2106 2042 qui

513 2054 812 2112 Dominum
852 2054 1267 2124 interfecerunt,
1310 2063 1365 2112 et
1409 2057 1684 2129 apostolos
1743 2057 1860 2130 ejus
1913 2073 2107 2131 perse-

515 2144 632 2202 cuti
673 2151 822 2213 sunt,
864 2143 960 2216 qui
1000 2143 1060 2200 in
1098 2145 1292 2218 quinto
1328 2155 1610 2218 ponuntur
1646 2147 1805 2217 loco;
1853 2163 1919 2204 eo
1970 2155 2105 2204 tem-

516 2251 647 2309 pore
693 2251 802 2308 quo
840 2234 960 2291 haec
1003 2234 1144 2291 visio
1176 2235 1374 2292 Joanni
1417 2237 1788 2295 demonstrata
1813 2245 1915 2308 est,
1934 2237 2050 2311 jam
2073 2255 2105 2295 a

515 2324 778 2382 Romanis
833 2323 1098 2380 devastati
1149 2324 1386 2383 fuerant.
1439 2327 1694 2400 Quinque
1747 2343 1875 2400 ergo
1926 2327 2106 2400 capita

515 2410 702 2469 bestiae
725 2411 837 2484 jam
863 2412 1190 2482 ceciderant,
1221 2431 1338 2487 quae
1367 2422 1580 2471 montes
1616 2431 1874 2488 regesque
1902 2416 2095 2472 nomi-

516 2511 754 2570 nantur;
804 2503 934 2576 quia
979 2519 1170 2559 omnes
1214 2504 1598 2575 praecedentes,
1629 2513 1684 2560 et
1729 2503 1888 2577 impii
1928 2504 2104 2561 Judaei

517 2591 701 2666 quiin
730 2592 924 2664 quinto
971 2593 1092 2649 loco
1138 2600 1440 2665 ponuntur,
1465 2591 1578 2664 jam
1621 2591 1948 2665 perditionis
1993 2609 2104 2648 suae

517 2693 702 2752 poenas
731 2679 972 2736 luebant.
1013 2681 1164 2738 Unus
1194 2689 1345 2750 erat;
1378 2681 1508 2755 quia
1536 2679 1751 2753 pagani,
1784 2679 1870 2736 illi
1908 2679 2104 2736 videli-

515 2776 602 2826 cet
648 2769 743 2842 qui
788 2769 1090 2827 Ecclesiam
1133 2771 1232 2827 Dei
1275 2771 1544 2844 persecuti
1601 2777 1750 2839 sunt,
1790 2769 1885 2842 qui
1945 2777 1998 2826 et
2045 2771 2103 2827 in

516 2867 672 2915 sexto
723 2859 844 2916 loco
895 2868 1198 2932 ponuntur,
1236 2868 1370 2918 tunc
1419 2859 1722 2918 Ecclesiam
1776 2858 1879 2914 Dei
1927 2875 2104 2932 perse-

517 2947 866 3022 quebantur;
913 2949 982 3006 ob
1021 2967 1183 3024 quam
1245 2966 1460 3008 causam
1511 2956 1564 3005 et
1615 2949 1718 3004 iste
1766 2947 2003 3005 Joannes
2045 2948 2103 3004 in

518 3039 738 3094 Patmos
783 3039 966 3096 insula
1012 3041 1280 3112 relegatus
1324 3038 1630 3094 tenebatur.
1662 3036 1823 3093 Alius
1856 3037 2103 3094 nondum

516 3137 770 3198 venerat;
805 3129 936 3202 quia
967 3128 1343 3185 Antichristus
1371 3126 1466 3200 qui
1495 3127 1554 3182 in
1583 3127 1816 3199 septimo
1849 3128 1972 3184 loco
2002 3144 2102 3200 po-

515 3217 688 3289 nitur,
748 3217 997 3275 nondum
1047 3216 1238 3282 venit;
1305 3223 1358 3272 et
1411 3231 1538 3272 cum
1595 3215 1833 3282 venerit,
1886 3223 2102 3289 oportet

515 3305 674 3364 illum
713 3306 882 3365 breve
924 3313 1144 3378 tempus
1199 3320 1450 3373 manere;
1483 3303 1613 3378 quia
1653 3305 1922 3361 Dominus
1951 3305 2104 3361 Jesus

513 3396 806 3454 interﬁciet
835 3413 961 3453 eum
992 3392 1196 3466 spiritu
1227 3393 1338 3449 oris
1366 3393 1474 3459 sui,
1497 3401 1550 3450 et
1579 3393 1822 3450 destruet
1850 3394 2104 3450 illustra—

512 3487 662 3544 tione
693 3487 980 3552 adventus,
1017 3481 1164 3538 sicut
1191 3481 1308 3554 ipse
1337 3481 1474 3540 dicit
1503 3483 1558 3538 in
1587 3483 1888 3556 Evangelia
1923 3500 1934 3540 :
1985 3507 2003 3532 ι
2034 3484 2104 3539 Et

513 3575 620 3633 nisi
649 3574 918 3631 Dominus
945 3569 1245 3626 breviasset
1284 3569 1401 3628 dies
1439 3571 1585 3641 illos,
1617 3571 1674 3626 id
1703 3579 1804 3640 est,
1835 3571 1953 3628 dies
1987 3588 2104 3644 per-

511 3662 808 3722 secutionis
863 3659 1213 3730 Antichristi,
1289 3676 1400 3715 non
1473 3659 1628 3716 ﬁeret
1693 3661 1846 3717 salva
1922 3661 2105 3718 omnis

510 3769 636 3810 caro
667 3751 858 3824 (Marc.
891 3765 1014 3818 xm,
1051 3747 1180 3822 20);
1214 3773 1233 3800 ι
1277 3765 1373 3823 per
1423 3766 1644 3806 omnem
1695 3766 1916 3808 carnem
1959 3753 2106 3809 solos

511 3841 713 3897 electos
741 3837 1054 3910 designans.
2027 3893 2033 3900 _

583 3926 766 4000 (Vers.
797 3927 911 4000 11.)
939 3929 1012 3984 Et
1049 3925 1210 3982 bestia
1237 3941 1356 3998 quae
1383 3931 1516 3996 erat,
1547 3932 1596 3982 et
1633 3943 1740 3982 non
1775 3932 1868 3996 est,
1897 3932 1946 3982 et
1987 3927 2106 3999 ipsa

511 4023 693 4074 octava
733 4025 824 4088 est,
865 4024 914 4074 et
957 4018 1020 4074 de
1063 4026 1252 4092 septem
1299 4026 1404 4088 est;
1437 4027 1486 4076 et
1518 4021 1576 4076 in
1619 4021 1892 4077 inte-ritum
1935 4020 2102 4076 vadit.

510 4109 583 4166 Et
611 4109 808 4179 bestia,
840 4109 894 4166 id
925 4116 1024 4178 est,
1056 4109 1328 4178 diabolus,
1350 4110 1445 4183 qui
1475 4119 1600 4168 ante
1625 4111 1923 4168 adventum
1949 4110 2104 4169 Chri-

511 4198 582 4254 sti
619 4197 1013 4254 dominabatur
1033 4197 1275 4254 humano
1305 4199 1508 4271 generi,
1539 4207 1595 4256 et
1622 4199 1786 4256 modo
1816 4217 1927 4256 non
1958 4207 2107 4258 tenet

512 4289 652 4346 illud
682 4291 756 4348 ita
797 4289 1128 4361 obnoxium,
1160 4289 1622 4364 quemadmodum
1675 4300 1808 4349 tunc
1849 4291 2102 4362 faciebat,

513 4378 632 4452 ipsa
689 4381 904 4438 scilicet
958 4380 1132 4438 bestia
1193 4390 1388 4439 octava
1439 4389 1538 4440 est.
1595 4382 1818 4456 Septem
1869 4401 2104 4458 namque

511 4477 692 4542 partes
724 4477 854 4526 sunt
881 4471 1130 4526 omnium
1160 4472 1538 4544 reproborum,
1580 4481 1774 4530 octava
1805 4489 1934 4530 vero
1981 4489 2104 4547 pars

511 4575 704 4616 eorum
757 4567 840 4617 est
885 4559 1140 4617 diabolus
1187 4577 1313 4618 cum
1359 4560 1578 4619 caeteris
1619 4562 1981 4619 daemonibus.
2025 4564 2104 4618 De

2218 611 2448 668 bestiam.
2483 611 2732 680 Quatuor
2776 611 2964 668 bestiae
2995 612 3214 668 Dauieli
3245 613 3302 668 in
3331 614 3549 672 viaione
3576 617 3822 675 demon-

2217 707 2396 756 strata
2444 709 2574 756 sunt
2605 701 2770 774 (Dan.
2803 717 2905 769 v11,
2939 700 3020 773 3),
3055 716 3160 774 per
3186 719 3322 775 quas
3353 713 3590 777 quatuor
3621 705 3820 779 ﬁgura-

2215 787 2418 844 bantur
2447 805 2459 843 :
2494 798 2686 862 quarta
2715 797 2896 845 autem
2939 788 3133 859 bestia,
3169 807 3289 863 qua:
3319 801 3437 848 erat
3466 794 3627 850 fortis
3656 803 3819 869 atque

2215 877 2500 947 terribilis,
2540 895 2637 950 per
2667 896 2830 952 quam
2861 879 3105 936 Romani
3135 879 3408 952 designati
3438 891 3589 952 sunt,
3631 884 3820 942 decem

2215 983 2420 1022 cornua
2465 967 2718 1024 habuisse
2750 969 3106 1038 describitur,
3123 961 3238 1042 'per
3261 987 3384 1044 qum
3413 987 3477 1026 ea
3500 988 3670 1045 regna
3697 989 3820 1046 qum

2216 1055 2524 1111 Romanum
2571 1055 2863 1128 imperium
2891 1057 3312 1126 destruxerunt,
3348 1058 3635 1132 designata
3665 1068 3816 1130 sunt,

2215 1143 2356 1199 sicut
2397 1153 2616 1202 sanctus
2646 1147 3016 1218 Hieronymus
3043 1147 3410 1220 quorumdam
3447 1148 3818 1206 assertionem

2215 1249 2444 1306 sequens
2499 1233 2727 1306 exponit
2782 1235 3094 1308 (Comment.
3161 1234 3219 1290 in
3272 1253 3388 1308 cap.
3437 1255 3518 1294 vn
3549 1237 3818 1312 Daniel.).

2205 1319 2477 1378 ‘Eamdem
2509 1321 2688 1396 itaque
2723 1324 3178 1397 signiﬁcationem
3227 1327 3436 1384 habent
3464 1329 3653 1386 decem
3683 1347 3822 1388 cor-

2214 1425 2324 1466 nua
2370 1409 2426 1465 in
2474 1411 2579 1468 hoc
2625 1413 2767 1482 loco,
2804 1430 2966 1486 quam
2999 1424 3053 1472 et
3091 1416 3187 1473 illa
3220 1416 3476 1474 habuisse
3500 1418 3771 1476 dicuntur
3802 1439 3816 1490 ;

2213 1499 2524 1572 signiﬁcant
2587 1501 2787 1575 quippe
2840 1520 2902 1560 ea
2947 1521 3131 1578 regna,
3191 1523 3287 1580 per
3331 1523 3451 1581 quas
3503 1509 3820 1568 Romanum

2214 1586 2505 1660 imperium
2561 1589 2900 1649 destructum
2954 1603 3050 1652 est.
3103 1595 3316 1652 Partem
3377 1613 3612 1672 namque
3669 1599 3820 1656 Asiae

2214 1693 2310 1749 per
2350 1695 2406 1734 se
2436 1678 2690 1752 primitus
2737 1681 3118 1742 abstulerunt:
3153 1693 3338 1758 postea
3380 1703 3510 1744 vero
3559 1687 3819 1746 Saraceni

2211 1775 2382 1824 totam
2419 1769 2785 1842 subegerunt:
2810 1772 3048 1830 Vandali
3073 1775 3321 1833 Africam
3365 1777 3470 1834 sibi
3500 1777 3821 1836 vindicave-

2213 1865 2361 1926 runt,
2415 1859 2584 1915 Gothi
2625 1860 2964 1933 Hispaniam,
3008 1863 3356 1938 Longobardi
3404 1867 3642 1938 Italiam,
3683 1868 3821 1924 Bur-

2217 1945 2519 2017 gundiones
2585 1949 2839 2020 Galliam,
2912 1951 3109 2010 Franci
3179 1955 3550 2025 Germaniam,
3624 1958 3820 2014 Hunni

2215 2035 2554 2094 Pannoniam
2591 2055 2602 2092 :
2637 2039 2800 2095 Alani
2845 2047 3028 2098 autem
3073 2049 3128 2098 et
3168 2041 3332 2100 Suevi
3363 2047 3538 2102 multa
3565 2045 3690 2104 loca
3726 2047 3820 2104 de-

2214 2128 2460 2200 populati
2483 2137 2630 2198 sunt,
2661 2145 2781 2204 quas
2809 2147 3004 2190 eorum
3039 2133 3395 2206 subjacebant
3425 2135 3653 2193 ditioni.
3690 2138 3824 2195 Haec

2215 2231 2340 2290 ergo
2393 2233 2564 2290 regna
2591 2237 2655 2276 eo
2693 2228 2957 2294 tempore,
3005 2239 3112 2297 quo
3159 2223 3302 2282 visio
3331 2225 3436 2281 ista
3483 2226 3689 2282 Joanni
3729 2227 3822 2283 de-

2213 2313 2516 2364 monstrata
2572 2317 2672 2377 est,
2737 2318 3058 2383 potestatem
3128 2314 3376 2371 nondum
3439 2324 3815 2388 acceperant:

2214 2394 2309 2450 sed
2354 2409 2464 2450 una
2515 2394 2650 2452 hora
2692 2403 2948 2470 tanquam
3009 2417 3160 2474 reges
3207 2410 3536 2475 potestatem
3585 2420 3814 2478 accepe-

2213 2491 2373 2553 runt;
2423 2483 2552 2557 quia
2607 2485 2948 2558 singularum
3001 2489 3233 2546 istarum
3283 2494 3531 2566 gentium
3575 2501 3824 2568 potestas

2212 2587 2384 2645 pauco
2431 2579 2674 2645 tempore
2744 2574 3062 2646 permansit.
3114 2577 3244 2634 Post
3289 2579 3521 2638 bestiam
3575 2599 3822 2656 regnum

2212 2669 2556 2733 acceperunt,
2608 2661 2738 2735 quia
2765 2663 3047 2722 destructo
3075 2683 3242 2740 regno
3291 2667 3498 2724 diaboli
3528 2687 3627 2743 per
3659 2671 3824 2731 Chri-

2211 2750 2501 2819 stum,haac
2521 2759 2705 2824 gentes
2725 2751 2948 2826 impiam
2967 2763 3290 2827 potestatem
3307 2769 3638 2830 acceperunt
3669 2762 3820 2836 (56).

2285 2849 2466 2921 (Vers.
2511 2849 2598 2918 13,
2639 2850 2751 2922 14.)
2777 2852 2828 2908 Ii
2858 2869 3023 2909 unum
3060 2856 3343 2910 consil-um
3390 2856 3674 2928 habebunt,
3708 2861 3823 2915 vir-

2214 2944 2368 2994 tutem
2397 2957 2548 2996 suam
2601 2947 2648 2996 et
2669 2947 2973 3013 potestatem
3019 2944 3188 3001 bestiae
3219 2946 3581 3004 tradiderunt.
3623 2949 3820 3008 Unum

2212 3031 2506 3088 consilium
2553 3032 2892 3100 habuerunt,
2925 3035 2984 3092 id
3033 3043 3133 3106 est,
3167 3038 3336 3095 unam
3375 3039 3725 3097 voluntatem
3759 3042 3824 3098 in

2212 3123 2378 3179 malo.
2404 3122 2684 3180 Virtutem
2715 3141 2869 3181 suam
2909 3132 2964 3182 et
2993 3133 3316 3198 potestatem
3353 3128 3538 3186 bestize
3571 3131 3822 3190 tradide-

2212 3218 2343 3266 runt
2373 3228 2388 3279 ;
2440 3211 2567 3284 quia
2605 3229 2794 3268 eorum
2824 3212 3002 3271 virtus
3042 3223 3207 3290 atque
3255 3224 3494 3289 potestas
3534 3217 3825 3277 diabolica

2215 3299 2342 3355 fuit.
2387 3301 2438 3357 Ii
2465 3317 2582 3356 cum
2621 3319 2757 3372 agno
2781 3304 3110 3374 pugnabunt,
3161 3312 3208 3360 et
3239 3323 3406 3378 agnus
3450 3306 3616 3362 vincet
3662 3307 3820 3366 illos.

2212 3387 2351 3446 Cum
2398 3405 2538 3462 agno
2583 3399 2984 3462 pugnaverunt,
3047 3392 3144 3466 qui
3187 3395 3490 3452 Ecclesiam
3537 3396 3639 3454 Dei
3689 3415 3820 3471 per-

2211 3481 2386 3536 secuti
2413 3487 2562 3550 sunt,
2607 3481 2981 3556 populumque
3013 3483 3115 3539 Dei
3155 3485 3582 3543 interfecerunt:
3614 3489 3824 3558 Agnus

2213 3576 2395 3625 autem
2437 3569 2626 3627 vincet
2676 3569 2822 3640 illos,
2860 3570 2988 3644 quia
3025 3571 3230 3628 scimus
3259 3572 3358 3628 has
3396 3582 3581 3646 gentes
3607 3583 3826 3647 praeter

2213 3674 2412 3730 paucas
2455 3661 2652 3732 jugum
2715 3658 2845 3716 ﬁdei
2888 3658 3094 3718 Christi
3138 3659 3252 3732 jam
3300 3663 3617 3734 suscepisse.
3673 3665 3826 3732 Quo-

2211 3748 2358 3804 niam
2385 3749 2500 3804 Rea:
2526 3753 2620 3818 est,
2663 3754 2711 3804 et
2759 3747 3019 3805 Dominus
3047 3748 3448 3819 dominantium,
3495 3757 3543 3806 et
3569 3751 3666 3822 qui
3696 3769 3827 3810 cum

2213 3837 2310 3893 illo
2363 3845 2488 3894 sunt
2515 3838 2704 3908 vocati,
2759 3839 2904 3895 electi
2947 3844 2997 3894 et
3023 3839 3220 3911 ﬁdeles.
3251 3839 3360 3908 Qui
3405 3847 3534 3898 sunt
3561 3856 3725 3914 reges
3767 3851 3826 3900 et

2213 3925 2582 3998 dominantes,
2636 3927 2744 4001 ipsi
2790 3933 2920 3984 sunt
2981 3927 3140 3985 electi
3185 3936 3240 3984 et
3292 3929 3503 3987 ﬁdeles.
3554 3929 3826 3991 Christus

2213 4016 2384 4090 igitur
2410 4020 2527 4077 Rex
2573 4034 2759 4090 regum
2789 4027 2891 4088 est,
2944 4025 2998 4074 et
3050 4017 3318 4074 Dominus
3346 4018 3772 4080 dominantium
3808 4040 3824 4080 :

2213 4109 2344 4183 quia
2383 4109 2499 4183 ipse
2536 4118 2618 4166 est
2638 4111 2754 4166 Rex
2781 4117 2835 4166 et
2862 4107 3131 4166 Dominus
3159 4107 3409 4165 omnium
3439 4118 3774 4170 sanctorum
3802 4130 3818 4169 :

2213 4207 2268 4256 et
2296 4199 2392 4272 qui
2436 4215 2562 4256 cum
2593 4197 2690 4252 illo
2737 4204 2867 4252 sunt
2897 4195 3100 4264 vocati,
3146 4196 3302 4252 electi
3343 4205 3398 4254 et
3426 4197 3620 4256 ﬁdeles
3659 4213 3822 4274 sunt,

2213 4285 2271 4342 id
2299 4292 2381 4340 est
2427 4283 2622 4354 sancti,
2671 4282 2766 4357 qui
2795 4283 2864 4340 ad
2909 4283 3014 4341 hoc
3043 4284 3224 4340 vocati
3266 4293 3415 4355 sunt,
3447 4294 3510 4344 ut
3552 4304 3683 4346 cum
3716 4291 3823 4348 illo

2214 4373 2272 4430 in
2319 4381 2585 4430 aeternum
2625 4381 3008 4446 permaneant,
3057 4373 3220 4430 electi
3266 4382 3318 4430 et
3349 4375 3537 4433 ﬁdeles
3559 4376 3689 4450 jure
3720 4394 3820 4436 vo-

2211 4471 2426 4521 cantur.
2475 4463 2760 4522 Vocantur
2805 4463 2954 4520 euim
2984 4471 3038 4520 et
3079 4463 3318 4537 reprobi,
3367 4467 3510 4524 sicut
3536 4468 3820 4528 Dominus

2213 4552 2350 4611 dicit
2374 4571 2386 4609 :
2433 4577 2453 4602 ι
2483 4553 2644 4610 Multi
2664 4563 2794 4612 sunt
2820 4553 3024 4622 vocati,
3054 4555 3214 4626 pauci
3233 4571 3366 4612 vero
3393 4555 3554 4612 electi
3587 4557 3816 4630 (Matth.

512 4660 718 4724 septem
759 4657 862 4719 est,
894 4648 1023 4723 quia
1061 4649 1128 4706 de
1157 4651 1414 4708 societate
1445 4653 1800 4724 reproborum
1831 4653 2105 4709 daemones
2131 4615 2180 4675 Β
2214 4659 2311 4712 XX,
2347 4643 2460 4716 16).
2483 4667 2503 4692 ι
2545 4642 2652 4700 Sed
2679 4641 2898 4714 reprobi
2927 4641 2997 4698 ad
3041 4641 3146 4702 hoc
3173 4651 3460 4714 vocantur,
3490 4653 3553 4701 ut
3583 4645 3818 4706 inexcu-

512 4740 786 4797 exsistunt
836 4756 848 4796 :
901 4746 954 4796 et
1011 4739 1156 4796 sicut
1206 4741 1433 4798 fuerunt
1482 4750 1730 4800 auctores
1781 4741 2106 4814 perditionis

513 4845 722 4899 eorum,
763 4829 842 4885 ita
886 4837 1047 4886 erunt
1096 4837 1150 4886 et
1197 4831 1334 4888 socii
1379 4839 1800 4888 tormentorum.
1852 4831 2006 4888 Unde
2052 4838 2107 4888 et

511 4919 760 4991 sequitur
793 4936 805 4974 :
839 4919 912 4974 Et
938 4919 996 4974 in
1026 4919 1300 4975 interitum
1345 4923 1512 4978 vadit.
1545 4923 1672 4978 Haec
1701 4937 1821 4994 quae
1869 4935 2106 4993 sequun-

511 5015 623 5076 tur,
649 5025 820 5080 usque
863 5009 932 5064 ad
961 5024 1086 5063 eum
1117 5008 1300 5064 locum
1329 5009 1427 5066 ubi
1457 5013 1682 5082 angelus
1729 5009 1797 5066 de
1839 5012 1976 5066 cmlo
2015 5009 2106 5068 de-

514 5096 788 5154 scendisse
830 5097 985 5154 visus
1031 5105 1132 5165 est,
1162 5097 1233 5154 ad
1279 5098 1708 5157 destructionem
1739 5091 1974 5156 Romani
2005 5099 2108 5156 im-

514 5187 655 5261 perii
683 5187 904 5262 proprie
934 5189 1232 5262 pertinent.

587 5278 770 5352 (Vers.
819 5277 932 5350 12.)
963 5279 1038 5334 Et
1089 5278 1260 5334 decem
1306 5296 1506 5335 cormsa
1553 5297 1668 5351 qua
1712 5281 1913 5348 vidisti,
1940 5282 2108 5338 decem

515 5381 656 5440 reges
703 5375 828 5424 sunt
848 5409 864 5438 ,
925 5367 1018 5440 qui
1066 5385 1284 5442 regnum
1334 5371 1568 5427 nondum
1615 5379 1959 5446 acceperunt;
2017 5373 2107 5431 sed

593 5531 710 5604 (56)
763 5534 940 5608 Edit.,
985 5535 1066 5590 hae
1109 5540 1279 5608 gentes
1311 5537 1592 5607 propriam
1626 5543 1930 5608 potestatem
1956 5555 2110 5594 acce—

515 5611 728 5676 perunt.
773 5607 824 5660 Ii
869 5623 1032 5660 unum
1077 5607 1353 5662 consilium
1395 5607 1670 5676 habebunt,
1715 5609 1770 5664 id
1813 5616 1908 5675 est,
1947 5627 2110 5667 unam

519 5671 866 5753 voluntatem__
897 5677 974 5753 in
1008 5678 1168 5753 male.
1214 5680 1288 5734 Et
1342 5679 1590 5753 virtutem
1643 5671 1816 5753 suam,
1864 5671 1912 5736 et
1951 5689 2110 5753 pote-

521 5745 702 5794 statem
743 5743 914 5800 bestia:
960 5747 1312 5804 tradiderunt.
1352 5749 1491 5818 Quia
1527 5766 1707 5806 eorum
1737 5743 1928 5818 virtus,
1951 5743 2103 5820 etc;

2212 4732 2411 4790 sabiles
2435 4732 2546 4788 sint
2576 4747 2588 4786 :
2641 4731 2804 4790 electi
2836 4747 2988 4802 vero,
3034 4739 3096 4788 ut
3133 4749 3262 4790 cum
3303 4733 3423 4807 ipso
3453 4734 3512 4790 in
3539 4743 3817 4794 aeternum

2211 4835 2562 4898 perseverent
2599 4825 2737 4900 (57).
3601 4825 3606 4830 ’

2287 4925 2468 4994 (Vers.
2511 4924 2620 4997 16.)
2651 4926 2724 4982 Ει
2749 4925 2916 4981 decem
2945 4941 3166 4993 cornua,
3189 4939 3306 4996 quae
3333 4921 3513 4980 vidisti
3538 4923 3598 4980 in
3626 4923 3814 4992 bestia;

2213 5015 2268 5071 hi
2305 5016 2479 5072 odient
2523 5015 2895 5086 fornicariam.
2942 5014 3318 5073 Fornicariam
3365 5016 3595 5072 Romam
3624 5025 3814 5088 vocat,

2215 5121 2334 5179 quae
2363 5122 2462 5179 pro
2508 5104 2823 5162 defensione
2851 5105 3115 5162 falsorum
3163 5105 3414 5170 deorum,
3445 5105 3621 5160 Deum
3663 5123 3816 5164 crea-

2214 5202 2388 5252 torem
2435 5211 2594 5251 suum
2642 5195 3084 5269 persequebatur.
3133 5197 3331 5252 Decem
3389 5193 3573 5267 itaque
3601 5210 3817 5252 cornua

2215 5285 2344 5342 odio
2387 5285 2696 5342 habuerunt
2757 5272 3130 5356 fornicariam,
3179 5284 3404 5360 quando
3451 5291 3638 5357 gentes
3688 5301 3818 5360 qua

2215 5393 2310 5451 per
2339 5376 2524 5436 decem
2553 5395 2758 5438 cornua
2801 5378 3094 5452 designata;
3125 5383 3272 5447 sunt,
3305 5377 3374 5434 ad
3402 5375 3812 5439 destruendum

2216 5555 2346 5596 mss.
2379 5555 2512 5596 vero
2539 5538 2828 5599 nobiscum
2859 5538 3088 5598 faciunt.

2291 5611 2406 5683 (57)
2466 5613 2623 5669 Rom.
2669 5612 2802 5684 edit.
2853 5611 2945 5684 hic
2981 5617 3278 5684 posuerat:
3332 5609 3412 5684 Et
3459 5607 3810 5684 dixitmihi:

2216 5681 2395 5756 Aquw’
2427 5683 2803 5756 quascidisti,
2834 5682 2926 5756 ubi
2963 5681 3212 5739 meretrix
3258 5682 3412 5756 sedet,
3445 5691 3500 5739 et
3540 5681 3656 5738 alia
3683 5699 3812 5756 qum

2218 5753 2512 5812 in”mss.'et
2531 5754 2660 5812 Gill.
2689 5753 2821 5814 edit.
2837 5754 3109 5814 habentur
3131 5755 3382 5829 proxime
3395 5761 3542 5826 ante,
3560 5753 3812 5816 νει-838.
