3964 6414
146 400 273 457 1001

1025 399 1487 458 BERENGAUDI
1527 396 1901 456 EXPOSITIO
1936 398 2009 455 IN
2045 397 2550 457 APOCALYPSIN.

3298 395 3434 456 1002

143 526 445 581 Romanum
486 524 780 596 imperium
808 540 962 581 arma
987 528 1475 598 sumpserunkEt
1513 526 1729 580 desola-
1759 528 1808 586 A
1838 524 2005 580 Patri.
2045 526 2211 580 Terra
2244 525 2546 588 illuminata
2572 528 2646 578 est
2696 540 2731 578 a
2757 523 2933 594 gloria
2962 523 3112 593 ejus;
3163 540 3292 598 quia
3339 541 3438 598 per

145 620 247 669 tam
290 614 441 670 illam
470 613 668 684 facient
695 620 742 669 et
770 615 987 672 nudam.
1026 616 1335 671 Desolatam
1384 615 1533 670 illam
1583 615 1737 671 fece-

143 709 271 758 runt
316 710 370 758 et
417 702 642 771 nudam,
691 703 911 777 quando
962 721 1152 761 omnes
1198 712 1384 777 gentes
1425 702 1540 775 (58)
1588 711 1736 775 pote-

142 792 268 847 stati
291 790 410 863 ejus
434 791 773 849 ademerunt.
811 795 884 850 Et
911 812 1094 850 carnes
1123 793 1235 862 eius
1266 794 1735 849 manducaverunt.

143 882 281 951 Quia
328 882 543 939 deliciae
589 901 808 941 carnem
853 886 1127 953 nutriunt,
1162 900 1451 956 possumus
1479 899 1574 955 per
1609 898 1741 938 car—

141 988 238 1028 nes
283 971 508 1027 divitias
551 973 800 1029 omnium
860 973 1104 1046 gentium
1160 971 1486 1045 intelligere.
1537 970 1740 1027 Carnes

142 1060 260 1134 ejus
304 1061 798 1132 manducaverunt,
848 1064 1067 1137 quando
1112 1078 1241 1135 opes
1284 1060 1534 1118 omnium
1592 1063 1740 1122 565

142 1163 411 1235 gentium,
456 1179 577 1237 quas
633 1163 862 1221 Romam
918 1162 1323 1230 deferebantur,
1386 1163 1737 1232 acceperunt,

143 1258 197 1306 et
229 1249 289 1306 in
335 1268 463 1308 suos
491 1268 624 1309 usus
666 1252 1013 1324 redegerunt.
1062 1254 1135 1308 Et
1167 1251 1338 1322 ipsam
1382 1249 1493 1321 igni
1522 1262 1742 1303 concire-

141 1341 378 1397 mabunt.
414 1342 631 1399 Scimus
670 1342 935 1414 plurimas
963 1340 1233 1409 civitates,
1264 1340 1438 1408 vicos,
1467 1346 1522 1394 et
1550 1338 1742 1395 castel-

144 1429 217 1499 la,
251 1445 374 1502 quae
403 1431 648 1488 Romano
696 1431 929 1504 imperio
966 1429 1341 1503 subjacebant,
1371 1428 1440 1485 ab
1478 1426 1567 1483 his
1603 1442 1743 1499 gen-

143 1519 296 1577 tibus
324 1520 494 1577 fuisse
522 1531 887 1580 concremata.

220 1609 404 1682 (Vera.
441 1611 554 1683 17.)
595 1613 735 1669 Deus
773 1612 910 1668 enim
944 1613 1086 1670 dedit
1136 1613 1195 1667 in
1234 1611 1396 1668 corda
1446 1624 1644 1676 eorum,
1684 1611 1745 1661 ut

142 1697 349 1768 faciant
394 1702 534 1771 quod
573 1702 660 1757 illi
689 1702 1065 1774 beneplacitum
1098 1708 1213 1768 est;
1260 1707 1321 1756 ut
1364 1701 1487 1755 dent
1527 1712 1745 1769 regnum

144 1804 300 1843 suum
346 1789 537 1859 bestiae,
582 1790 741 1846 donec
784 1797 1204 1847 consummentur
1246 1789 1405 1846 verba
1447 1787 1565 1844 Dei.
1597 1788 1745 1843 Deus

1845 613 2150 670 doctrinam
2208 614 2337 669 ﬁdei
2392 613 2509 686 ejus
2555 629 2724 685 genus
2782 612 3086 670 humanum
3117 631 3149 670 a
3194 614 3438 671 tenebris

1846 702 2168 775 ignorantiae
2196 711 2360 775 atque
2388 701 2790 759 incredulitatis
2818 710 2899 758 est
2926 712 3193 776 ereptum.

1920 802 2101 873 (Vers.
2136 802 2215 874 2.)
2247 803 2323 857 Et
2347 801 2596 858 clamavit
2622 801 2680 857 in
2735 800 2870 872 forti
2898 819 3035 868 voce,
3068 802 3264 859 dicens.
3312 802 3438 859 Vox

1850 890 2055 948 Christi
2084 890 2340 948 doctrina
2369 899 2450 949 est
2470 891 2779 964 Evangelii.
2813 891 2957 959 Quid
2979 900 3161 948 autem
3192 891 3309 948 haec
3328 909 3441 946 vox

1848 980 2190 1049 clamaverit,
2248 980 2533 1038 subdendo
2589 980 2934 1037 manifestat:
2986 980 3205 1049 Cecidit,
3263 980 3442 1035 cecidit

1848 1070 2093 1141 Babylon
2121 1088 2333 1142 magna.
2364 1072 2581 1128 Dixisse
2617 1070 2719 1127 Dei
2752 1070 2946 1128 fecisse
2975 1078 3092 1138 est;
3119 1069 3265 1127 dixit
3291 1069 3440 1126 enim

1849 1158 2111 1215 cecidisse
2140 1159 2499 1232 Babylonem,
2521 1159 2651 1233 quia
2671 1159 2787 1232 ipse
2808 1159 2938 1215 fecit
2958 1166 3021 1215 ut
3038 1160 3261 1216 caderet
3284 1177 3297 1216 :
3321 1176 3443 1233 quae

1848 1247 1935 1304 bis
1959 1248 2222 1305 cecidisse
2250 1248 2476 1317 dicitur,
2509 1248 2640 1322 quia
2692 1248 2895 1306 cecidit
2933 1248 3132 1321 primo,
3166 1264 3291 1304 cum
3347 1266 3444 1321 per

1850 1336 2158 1394 doctrinam
2189 1338 2475 1408 Evangelii
2505 1341 2803 1395 maximam
2856 1337 3272 1394 multitudinem
3304 1336 3443 1394 elec-

1850 1436 2033 1483 torum
2064 1426 2270 1497 amisit,
2302 1429 2397 1501 qui
2428 1428 2497 1484 ab
2528 1444 2591 1484 ea
2617 1444 2715 1501 per
2764 1427 2931 1485 ﬁdem
2965 1427 3173 1485 Christi
3203 1427 3440 1500 praecisi,

1850 1516 2001 1573 cives
2033 1525 2235 1573 sanctas
2269 1516 2533 1585 civitatis,
2567 1516 2625 1572 id
2678 1525 2779 1586 est,
2815 1516 3076 1574 Ecclesiae
3102 1516 3234 1574 facti
3262 1527 3394 1574 sunt
3427 1534 3440 1572 :

1850 1605 2009 1663 cadet
2033 1606 2294 1675 secundo,
2327 1623 2453 1664 cum
2484 1606 2544 1663 in
2572 1607 2773 1663 ultimo
2810 1606 2901 1663 die
2944 1616 3122 1666 morte
3158 1616 3441 1681 perpetua,

1853 1712 1971 1768 quae
2003 1695 2061 1751 in
2092 1695 2197 1752 hoc
2225 1695 2369 1751 libro
2402 1712 2549 1751 mors
2576 1695 2817 1752 secunda
2863 1704 3115 1766 vocatur,
3161 1696 3441 1768 punietur.

1850 1788 1925 1842 Et
1951 1784 2098 1855 facta
2136 1791 2212 1841 est
2235 1783 2490 1841 habitatio
2519 1785 2834 1841 daemonum.
2863 1783 3146 1860 Numquid
3184 1792 3312 1841 ante
3353 1786 3445 1842 ad-

143 1877 299 1934 dedit
338 1877 398 1933 in
436 1878 605 1935 corda
634 1895 846 1949 eorum,
893 1879 951 1936 id
993 1888 1093 1949 est,
1136 1877 1386 1952 permisit
1430 1884 1493 1933 ut
1540 1874 1745 1933 faciant
1776 1890 1823 1952 Β
1856 1885 2082 1934 ventum
2139 1877 2347 1935 Christi
2376 1877 2653 1935 daemones
2682 1879 2740 1935 in
2793 1877 3077 1951 Babylone
3104 1894 3217 1935 non
3273 1877 3446 1934 habi-

143 1968 294 2042 quod
324 1968 409 2023 illi
440 1967 849 2041 beneplacitum
877 1978 979 2038 est,
1027 1977 1081 2025 et
1127 1968 1273 2044 quod
1311 1966 1633 2041 praedictum
1663 1972 1746 2021 est

142 2074 175 2112 a
232 2056 514 2129 prophetis
569 2056 688 2129 ejus
760 2064 813 2114 et
877 2059 1162 2131 apostolis,
1218 2056 1313 2131 qui
1370 2054 1747 2129 praedixerunt

143 2147 295 2221 quod
321 2154 559 2219 potestas
585 2146 816 2203 Romani
847 2147 1065 2219 imperii
1093 2148 1162 2204 ab
1209 2147 1288 2203 eis
1325 2146 1578 2218 gentibus
1606 2151 1748 2200 esset

143 2237 498 2295 destruenda.
530 2240 778 2311 Regnum
806 2246 990 2295 autem
1020 2254 1182 2295 suum
1218 2236 1408 2293 bestia)
1453 2236 1745 2302 dederunt,

143 2329 325 2386 donec
368 2336 883 2385 consummarentur
913 2328 1079 2387 verba
1108 2327 1245 2396 Dei;
1287 2327 1416 2401 quia
1443 2324 1746 2382 secundum

138 2418 437 2491 justissimi
489 2419 589 2475 Dei
642 2418 1058 2491 permissionem
1122 2416 1318 2473 tandiu
1373 2413 1748 2487 suggestiones

144 2508 357 2565 diaboli
415 2508 474 2563 in
527 2508 828 2565 sceleribus
896 2506 1274 2579 perpetrandis
1349 2505 1523 2563 secuti
1596 2509 1747 2568 sunt,

144 2598 395 2673 quandiu
427 2605 945 2654 consummarentur
972 2595 1139 2652 verba
1166 2593 1286 2663 Dei,
1314 2594 1372 2650 id
1413 2600 1514 2661 est,
1556 2592 1747 2663 imple-

144 2695 340 2744 rentur
405 2703 467 2744 ea
521 2703 641 2760 quae
701 2703 733 2743 a
780 2688 894 2743 Deo
949 2692 1005 2742 et
1058 2684 1262 2741 sanctis
1319 2681 1435 2754 ejus
1492 2680 1751 2753 praedicta

148 2785 304 2834 sunt.

219 2865 406 2933 (Vera.
442 2865 554 2936 15.)
587 2864 754 2934 Aqua:
780 2879 913 2933 quas
949 2862 1153 2930 vidisti,
1196 2862 1284 2917 ubi
1308 2859 1564 2917 meretrix
1592 2857 1746 2925 sedet,

140 2955 339 3028 populi
386 2959 511 3007 sunt
556 2959 604 3007 et
652 2952 818 3007 tribus
862 2958 910 3006 et
945 2951 1154 3022 lingula.
1201 2951 1302 3006 Per
1332 2966 1519 3023 aquas,
1561 2963 1750 3004 omnes

146 3052 338 3119 gentes
368 3059 502 3116 quas
548 3042 655 3098 sibi
692 3040 925 3098 Romani
964 3040 1326 3112 subjecerant,
1371 3040 1747 3111 designantur.

222 3136 411 3208 (Vers.
448 3133 561 3204 18.)
596 3134 671 3188 Et
695 3132 889 3186 mulier
916 3148 1077 3202 quam
1103 3130 1284 3185 vidisti
1310 3137 1387 3185 est
1414 3129 1596 3183 civitas
1625 3144 1753 3182 ma-

148 3243 274 3298 gna,
307 3240 427 3295 quae
452 3223 604 3278 habet
643 3228 947 3293 potestatem
992 3237 1153 3292 super
1197 3225 1405 3275 cunctos
1448 3234 1590 3289 reges
1639 3224 1753 3271 ter-

147 3332 248 3371 rce.
297 3315 416 3370 Hoc
461 3313 818 3368 manifestum
863 3320 979 3380 est;
1036 3309 1239 3367 scimus
1287 3308 1435 3365 enim
1482 3309 1755 3366 Romanos

148 3422 217 3461 eo
246 3413 497 3475 tempore
544 3403 759 3460 cunctis
805 3402 1026 3475 regibus
1074 3409 1232 3457 terrae
1276 3398 1588 3457 dominatos
1616 3413 1751 3453 esse.

148 3493 261 3550 Sed
308 3493 455 3550 dicet
502 3491 745 3565 aliquis:
788 3489 1075 3558 Quomodo
1106 3506 1203 3562 per
1252 3488 1539 3544 mulierem
1587 3501 1756 3541 mere-

148 3583 355 3642 tricem
382 3582 615 3648 Romani
645 3580 1019 3654 designantur,
1069 3595 1197 3636 cum
1248 3578 1360 3634 illis
1396 3575 1753 3649 temporibus,

149 3675 380 3751 quando
427 3674 511 3731 ha;
560 3683 743 3747 gentes
789 3673 1034 3730 diversas
1064 3671 1246 3729 clades
1293 3668 1477 3743 generi
1514 3668 1758 3724 humano

150 3767 493 3830 intulerunt,
525 3762 759 3822 Romani
783 3761 1069 3819 christiani
1096 3759 1460 3817 exstiterint?
1492 3758 1579 3815 Ad
1611 3755 1759 3830 quod

150 3871 257 3912 nos
298 3852 714 3925 respondemus,
768 3851 897 3925 quia
936 3866 1031 3923 per
1077 3849 1364 3905 mulierem
1413 3846 1758 3903 meretricem

148 3962 271 4003 non
321 3942 502 4010 electi,
553 3942 646 4015 qui
703 3958 772 3999 ex
820 3939 1007 3997 eadem
1056 3946 1213 4012 gente
1258 3936 1506 4004 fuerunt,
1554 3934 1759 3991 intelli-

152 4042 391 4110 guntur,
435 4030 641 4105 quique
684 4029 880 4087 mundi
901 4022 1155 4102 ‘gloriam
1202 4044 1301 4100 pro
1343 4040 1528 4083 amore
1574 4023 1760 4097 gloriae

152 4123 400 4186 caelestis
428 4125 911 4193 contempserunt;
963 4117 1057 4175 sed
1105 4116 1343 4190 reprobi,
1383 4115 1502 4172 sive
1537 4112 1757 4187 pagani,

150 4216 276 4273 sive
308 4196 604 4270 christiani
631 4210 858 4267 fuerint.
889 4210 1120 4267 Illorum
1158 4224 1286 4280 ergo
1321 4214 1558 4280 potestas
1592 4203 1661 4259 ab
1691 4202 1761 4261 iis

153 4305 421 4381 gentibus
447 4303 726 4359 destructa
753 4309 854 4370 est,
878 4301 974 4375 qui
993 4299 1164 4373 impia
1186 4297 1562 4355 dominatione
1592 4310 1761 4369 genus

153 4398 471 4454 humanum
502 4390 841 4463 premebant.

229 4481 467 4542 CAPUT
499 4480 701 4536 XVIII.
731 4508 803 4519 —
834 4477 1016 4549 (Vera.
1045 4474 1124 4545 1.)
1155 4475 1286 4531 Post
1322 4475 1427 4529 haec
1453 4472 1565 4528 vidi
1591 4472 1763 4528 alium

153 4575 410 4647 angelum
455 4568 835 4625 descendentem
879 4566 941 4620 de
984 4566 1128 4633 creto,
1161 4564 1425 4619 habentem
1458 4566 1764 4633 potestatem

153 4677 416 4736 magnam
451 4676 462 4714 :
495 4664 542 4712 et
572 4664 716 4711 terra
754 4653 1062 4710 illuminata
1102 4658 1176 4707 est
1202 4668 1236 4706 a
1263 4651 1439 4723 gloria
1473 4649 1604 4719 ejus.
1637 4651 1765 4707 Haec

157 4773 288 4831 quas
334 4758 658 4825 sequuntur,
700 4746 1024 4820 generaliter
1066 4744 1136 4801 ad
1184 4744 1410 4816 impiam
1457 4742 1760 4812 civitatem,

155 4848 223 4904 id
270 4853 378 4913 est,
407 4843 476 4899 ad
505 4857 698 4898 omnes
742 4838 1002 4912 reprobos
1031 4837 1325 4911 pertinent.
1356 4836 1430 4891 Et
1458 4844 1520 4891 ut
1547 4835 1765 4907 plenius

158 4932 515 4994 eversionem
546 4929 844 5003 Babylonis
873 4928 1229 4996 demonstret,
1260 4925 1328 4982 ad
1371 4926 1605 4999 primam
1647 4924 1766 4997 ejus

158 5026 415 5092 ruinam,
467 5038 573 5095 qua
620 5038 715 5093 per
763 5019 1044 5077 Christum
1082 5035 1267 5075 eversa
1304 5025 1406 5086 est,
1446 5016 1760 5074 revertitur.

160 5114 416 5186 Angelus
467 5126 702 5183 namque
745 5109 847 5165 iste
893 5108 1173 5166 Christum
1221 5106 1509 5179 signiﬁcat,
1560 5106 1658 5178 qui
1700 5104 1767 5162 de

160 5205 313 5265 caelo
344 5203 415 5260 ad
442 5210 643 5258 terram
674 5199 1001 5258 descendere
1046 5200 1302 5272 dignatus
1345 5206 1446 5266 est,
1478 5204 1540 5253 ut
1576 5196 1769 5253 homi-

162 5311 272 5353 nos
298 5291 370 5348 ad
400 5291 644 5348 caelestia
671 5291 1001 5347 sublevaret.
1035 5289 1138 5357 Qui
1165 5294 1484 5361 potestatem
1515 5302 1767 5360 magnam

163 5384 378 5443 habere
430 5381 677 5451 dicitur;
735 5380 864 5455 quia
917 5378 1163 5436 eamdem
1226 5384 1549 5450 potestatem
1606 5375 1771 5432 habet

164 5492 343 5554 quam
395 5482 450 5533 et
501 5476 681 5546 Pater,
737 5491 800 5533 eo
847 5473 996 5548 quod
1047 5471 1278 5548 aqualis
1330 5470 1401 5530 sit
1445 5487 1541 5545 per
1585 5468 1771 5527 omnia

246 5697 374 5777 (58)
427 5696 511 5777 Ita
555 5710 722 5768 mss.;
778 5697 912 5759 edit.
963 5707 1147 5760 autem
1190 5715 1203 5757 :

167 5776 359 5835 omnes
387 5776 577 5846 gentes,
610 5778 717 5829 etc.

465 5870 706 5930 Paraon.
743 5869 921 5931 XVII.

1853 1966 2043 2023 tabant
2064 1966 2092 2022 ‘l
2121 1966 2452 2023 Habitabant
2494 1966 2740 2040 quidem,
2798 1966 2894 2024 sed
2941 1982 3131 2022 eorum
3178 1965 3446 2023 habitatio

1855 2055 2241 2129 ignorabatuu
2294 2056 2513 2130 quando
2569 2065 2754 2113 autem
2787 2055 3087 2112 multitudo
3147 2054 3445 2112 electorum

1854 2144 1923 2201 ad
1953 2144 2117 2201 ﬁdem
2146 2161 2411 2203 conversa
2440 2153 2540 2213 est,
2571 2145 2823 2217 Babylon
2848 2144 3120 2202 habitatio
3149 2144 3448 2201 daemonio-
3480 2158 3483 2163 '

1857 2250 1979 2289 rum
2013 2234 2155 2292 facta
2182 2243 2299 2292 est:
2334 2233 2463 2307 quia
2491 2233 2575 2291 illi
2603 2233 2699 2307 qui
2730 2233 2893 2290 ﬁdem
2924 2232 3132 2291 Christi
3185 2250 3450 2307 suscepe-

1857 2332 2008 2393 runt,
2062 2325 2210 2398 quod
2270 2323 2541 2381 habitatio
2598 2323 3003 2387 daemoniorum
3057 2324 3115 2381 in
3166 2324 3449 2398 Babylone

1857 2429 2071 2486 semper
2099 2414 2287 2483 fuerit,
2320 2415 2589 2471 veraciter
2633 2423 3030 2487 cognoverunt.
3087 2417 3161 2472 Et
3212 2416 3449 2472 custodia

1858 2508 2027 2564 omnis
2056 2508 2281 2579 spiritus
2311 2507 2589 2573 immundi,
2618 2514 2667 2562 et
2729 2509 2966 2564 custodia
2995 2509 3165 2564 omnis
3218 2510 3450 2565 volucris

1857 2597 2144 2651 immunda:
2170 2603 2221 2651 et
2253 2596 2484 2652 adibitis.
2517 2596 2623 2663 Qui
2679 2606 2809 2654 sunt
2837 2597 3131 2666 dzemones,
3166 2597 3271 2669 ipsi
3320 2607 3450 2655 sunt

1858 2685 2087 2757 spiritus
2114 2685 2414 2753 immundi,
2445 2693 2499 2740 et
2528 2684 2779 2741 volucres
2828 2685 3147 2743 immundae.
3182 2688 3450 2746 Volucres

1859 2777 2059 2848 quippe
2090 2775 2447 2832 nominantur
2477 2790 2541 2830 eo
2571 2774 2720 2847 quod
2749 2792 2844 2848 per
2868 2792 3047 2833 aerem
3099 2777 3267 2834 istum
3299 2796 3451 2837 more

1858 2875 2151 2923 ventorum
2206 2865 2579 2923 indesinenter
2614 2864 2956 2925 discurrant:
3009 2868 3263 2926 custodes
3317 2886 3451 2926 vero

1860 2955 2184 3029 Babyloniae
2217 2955 2339 3012 ideo
2360 2963 2647 3026 vocantur,
2693 2957 2823 3029 quia
2852 2956 2994 3015 sicut
3019 2958 3198 3031 angeli
3244 2959 3450 3016 electos

1859 3046 1958 3101 Dei
1984 3043 2339 3103 custodiunt:
2400 3062 2469 3102 ne
2497 3054 2609 3103 tam
2660 3046 2894 3118 pessime
2950 3054 3196 3119 peccent,
3241 3056 3304 3105 ut
3350 3065 3455 3122 pe—

1859 3144 2048 3192 reant:
2087 3135 2165 3191 ita
2192 3142 2246 3192 et
2302 3133 2581 3192 daemones
2634 3134 2839 3208 impios
2867 3135 3179 3207 observant,
3237 3154 3308 3195 ne
3354 3139 3454 3195 ali-

1787 3243 1832 3305 ο
1861 3224 2081 3298 quando
2103 3224 2171 3282 ab
2200 3224 2588 3298 iniquitatibus
2616 3225 2731 3283 suis
2788 3224 3110 3301 resipiscant
3139 3235 3195 3285 et
3240 3229 3453 3286 salven-

1863 3320 1974 3370 tur.

1938 3405 2122 3476 (Vers.
2155 3403 2237 3476 3.)
2271 3403 2437 3471 Quias
2459 3403 2526 3459 de
2577 3402 2702 3459 vino
2734 3403 2834 3459 irae
2859 3403 2973 3473 ejus
2999 3403 3240 3459 biberunt
3275 3420 3453 3461 omnes

1863 3501 2052 3567 gentes,
2075 3500 2124 3549 et
2150 3510 2291 3564 reges
2317 3499 2473 3549 terra:
2499 3508 2617 3548 cum
2652 3493 2752 3549 illa
2778 3492 3033 3563 fornicati
3060 3500 3199 3562 sunt,
3230 3500 3280 3550 et
3312 3510 3452 3550 mer-

1864 3590 2064 3640 catores
2094 3590 2250 3639 terrce
2285 3583 2347 3638 de
2373 3582 2570 3638 virtute
2596 3581 2909 3638 deliciarum
2964 3581 3075 3653 ejus
3099 3582 3282 3638 divites
3323 3582 3453 3653 facti

1866 3679 2008 3728 sunt.
2046 3671 2193 3739 Quid
2221 3671 2295 3727 sit
2323 3672 2516 3729 vinum
2547 3671 2665 3742 iraa,
2695 3679 2749 3729 et
2787 3671 2921 3745 quid
2948 3671 3242 3729 fornicatio
3264 3687 3454 3743 regum

1865 3779 1992 3821 cum
2021 3762 2305 3836 Babylone
2332 3772 2535 3834 autem,
2584 3763 2835 3837 superius
2888 3761 3132 3819 breviter
3186 3762 3453 3821 diximus.

1866 3856 1969 3913 Per
2015 3862 2345 3914 mercatores
2400 3865 2558 3915 terra;
2608 3864 2878 3914 amatores
2923 3856 3111 3914 saeculi
3168 3872 3458 3929 possumus

1867 3946 2202 4019 intelligere,
2231 3946 2327 4020 qui
2362 3946 2576 4004 animas
2603 3962 2731 4003 suas
2758 3963 2858 4019 pro
2894 3944 3261 4019 acquisitione
3295 3962 3457 4019 pecu-

1868 4036 2086 4092 niarum
2115 4034 2415 4108 perditioni
2444 4035 2689 4093 tradunt.
2723 4037 2803 4092 De
2832 4034 3152 4107 hujusmodi
3180 4041 3459 4092 mercato-

1869 4125 2024 4182 ribus
2055 4125 2212 4181 Jesus
2240 4125 2390 4183 illius
2453 4125 2646 4183 Sirach
2676 4125 2943 4199 loquitur,
2998 4124 3188 4182 dicens
3221 4143 3233 4181 :
3308 4146 3328 4172 ι
3358 4123 3461 4182 Hic

1868 4216 2017 4273 enim
2048 4215 2288 4272 animam
2318 4232 2473 4272 suam
2502 4216 2754 4273 venalem
2802 4215 3031 4284 habuit;
3083 4214 3346 4289 quoniam
3403 4214 3462 4270 in

1868 4304 1986 4361 vita
2013 4319 2114 4359 sua
2144 4303 2378 4376 projecit
2411 4303 2612 4359 intima
2640 4319 2740 4359 sua
2776 4302 2967 4374 (Eccli.
2998 4319 3056 4373 ι,
3091 4303 3202 4373 10).
3252 4326 3272 4351 ι
3314 4299 3465 4357 Ani-

1869 4410 2016 4450 mam
2047 4409 2199 4449 suam
2240 4394 2492 4448 venalem
2518 4392 2733 4462 habuit,
2776 4393 2871 4467 qui
2900 4409 3020 4449 eam
3074 4407 3173 4465 pro
3229 4390 3463 4463 acquisi-

1869 4482 2019 4537 tione
2040 4481 2397 4555 pecuniarum
2430 4481 2773 4538 daemonibus
2818 4480 3031 4537 tradere
3059 4495 3171 4535 non
3228 4476 3457 4534 timuit:

1793 4607 1842 4667 D
1872 4571 2098 4628 delicias
2129 4588 2262 4629 vero
2282 4573 2547 4627 virtutem
2578 4570 2879 4640 Babylonis
2908 4575 3067 4624 vocat
3094 4586 3107 4623 :
3162 4566 3291 4639 quia
3318 4566 3463 4622 sicut

1872 4660 2034 4717 electi
2080 4666 2196 4717 tota
2249 4660 2458 4716 virtute
2511 4657 2761 4714 laborant
2816 4665 2879 4712 ut
2924 4655 3150 4712 divitias
3211 4654 3463 4712 caelestes

1870 4750 2177 4823 acquirant,
2210 4749 2287 4805 ita
2314 4755 2367 4804 et
2408 4746 2626 4819 reprobi
2658 4746 2791 4802 totis
2819 4744 3035 4801 nisibus
3082 4743 3348 4800 insistunt
3400 4753 3464 4802 ut

1871 4838 2096 4895 divitias
2125 4838 2394 4911 perituras
2427 4835 2534 4893 sibi
2561 4835 2928 4892 accumulant.
2963 4835 3041 4889 De
3094 4832 3301 4888 talibus
3325 4832 3465 4891 dicit
3505 4846 3510 4850 ‘

1873 4927 2175 5002 propheta:
2217 4949 2237 4975 ι
2268 4927 2336 4983 Ut
2391 4924 2582 4998 inique
2618 4929 2864 4996 agerent,
2920 4922 3311 4979 laboraverunt
3358 4921 3463 4994 (Je-

1872 5038 2003 5078 rem.
2039 5036 2117 5090 rx,
2148 5020 2229 5091 5).
2254 5042 2274 5067 ι

1946 5110 2128 5183 (Vers.
2160 5107 2240 5180 4.)
2270 5108 2344 5163 Et
2369 5104 2554 5161 audivi
2598 5104 2765 5161 aliam
2820 5120 2994 5159 vocem
3036 5102 3246 5159 decwlo
3295 5100 3465 5157 dicen-

1878 5205 1994 5255 tem.
2027 5198 2129 5253 Per
2162 5196 2362 5253 coelum
2401 5194 2459 5250 in
2516 5193 2622 5251 hoc
2652 5193 2774 5249 loco
2807 5191 3057 5249 Ecclesia
3111 5190 3458 5263 designatur:

1874 5304 1987 5344 vox
2012 5285 2081 5341 de
2110 5285 2249 5342 coelo
2278 5300 2390 5340 vox
2426 5291 2507 5339 est
2539 5283 2961 5355 praedicatorum
2992 5281 3061 5338 de
3081 5279 3328 5338 Ecclesia
3344 5296 3465 5352 pro-

1876 5376 2093 5436 cedens.
2124 5375 2230 5432 Sed
2258 5373 2394 5447 quid
2430 5372 2568 5431 dicit
2597 5389 2708 5430 vox
2737 5372 2842 5430 ista
2861 5373 2890 5431 ‘l
2920 5372 3081 5428 Exite
3108 5370 3170 5426 de
3196 5369 3318 5437 illa,
3371 5385 3467 5440 po-

1871 5469 1999 5543 pule
2024 5483 2185 5524 meus.
2216 5464 2486 5523 Dominus
2514 5480 2609 5539 per
2654 5463 3039 5538 praedicatores
3070 5477 3219 5531 suos,
3272 5459 3468 5519 suadet

1260 5713 1417 5757 arma
1461 5699 1814 5771 sumpserunt,
1868 5695 1943 5754 Et
1995 5693 2283 5754 desolatam
2331 5692 2485 5753 illam
2536 5688 2792 5763 fecerunt,
2855 5692 2904 5746 et
2956 5684 3180 5746 nudam.
3241 5683 3469 5755 Quando

3120 5854 3187 5914 Ἦ
