3964 6422
573 415 710 475 1003

1585 414 1681 468 AD
1721 411 1953 469 OPEBA
1990 411 2044 467 S.
2081 410 2412 468 AMBROSII
2452 409 2829 467 APPENDIX.

3727 411 3848 466 1004

563 538 774 607 electis,
818 545 881 594 ut
938 545 1140 594 exeant
1183 553 1213 592 a
1259 535 1560 608 Babylone,
1606 551 1715 591 non
1761 551 2005 607 corpore,
2056 533 2150 589 sed
2183 536 2232 594 A
2263 534 2690 605 memoriamque
2720 533 2912 589 mortis
2944 550 2974 588 a
3004 539 3186 586 mente
3214 546 3310 586 sua
3339 529 3620 601 rejiciunt,
3653 547 3721 585 ne
3750 532 3847 586 tri-

564 637 766 685 mente.
795 626 1272 694 Quemadmodum
1302 634 1485 682 autem
1518 642 1549 680 a
1576 625 1858 697 Babylone
1887 625 2038 679 exire
2064 624 2152 678 de-

560 717 746 785 beant,
779 717 836 771 in
863 715 1219 788 sequentibus
1248 715 1428 783 docet,
1478 713 1697 771 dicens:
1749 715 1824 770 Et
1874 731 1936 768 ne
1981 711 2153 784 parti-

561 808 696 879 cipes
723 807 840 861 sitis
867 807 1180 862 delictorum
1197 805 1309 875 ejus
1334 824 1354 871 ;
1375 805 1458 860 illi
1490 805 1635 861 enim
1658 821 1689 860 a
1716 803 1997 876 Babylone
2027 818 2152 858 con-

560 896 846 952 venienter
899 902 1130 963 exeunt,
1185 894 1280 968 qui
1336 911 1366 950 a
1415 894 1576 949 malis
1614 892 1870 965 operibus
1924 890 2040 962 ejus
2097 906 2152 946 se

561 987 768 1043 alienos
798 986 1054 1054 reddunt,
1087 985 1229 1042 sicut
1277 985 1566 1041 Psalmista
1620 984 1686 1040 de
1714 984 2005 1055 semetipso
2060 983 2152 1038 lo-

560 1077 768 1150 quitur,
812 1076 1000 1132 dicens
1026 1094 1037 1130 :
1083 1098 1101 1121 ‹
1135 1076 1253 1131 Non
1284 1075 1398 1130 sedi
1431 1075 1488 1129 in
1517 1073 1752 1130 consilio
1783 1071 2067 1138 vanitatis,
2099 1079 2153 1127 et

559 1182 684 1222 cum
717 1163 910 1236 iniqua
939 1163 1255 1236 gerentibus
1276 1178 1387 1218 non
1415 1161 1642 1217 introivi
1669 1163 1840 1231 (Psal.
1864 1177 2000 1228 xxv,
2032 1159 2136 1230 li).-

629 1257 702 1310 Et
731 1255 792 1310 de
813 1253 988 1325 plagis
1020 1252 1132 1323 ejus
1172 1270 1279 1307 non
1303 1253 1598 1323 accipiatis.
1649 1251 1793 1318 Quid
1824 1260 1952 1306 sunt
1982 1251 2151 1321 plagae

557 1343 877 1415 Babylonis,
911 1343 1019 1398 nisi
1050 1343 1187 1398 vitia
1217 1359 1335 1415 quae
1374 1343 1585 1397 animas
1605 1340 1947 1396 interﬁciunt
1968 1339 1996 1394 ‘t
2027 1339 2151 1392 Pos-

557 1448 750 1488 sumus
780 1432 945 1488 etiam
977 1448 1073 1504 per
1097 1433 1284 1504 plagas
1313 1429 1612 1503 Babylonis
1642 1446 1847 1502 pozenas,
1882 1445 2001 1500 quae
2037 1427 2152 1482 im-

558 1522 666 1595 piis
690 1529 1006 1594 praeparatai
1035 1529 1182 1588 sunt,
1217 1521 1542 1592 intelligere,
1578 1528 1638 1576 ut
1669 1519 1742 1574 sit
1767 1534 1958 1574 sensus
1986 1535 1997 1571 :
2032 1516 2088 1572 Si
2121 1534 2151 1571 a

557 1611 853 1668 sceleribus
881 1608 1180 1681 Babylonis
1212 1606 1609 1676 abstinueritis,
1640 1622 1672 1663 a
1725 1605 1904 1678 pcenis
1929 1619 2063 1678 quas
2091 1604 2147 1659 in

557 1709 821 1756 aeternum
850 1698 1108 1770 patietur,
1143 1695 1312 1752 alieni
1342 1697 1516 1752 eritis.

628 1788 810 1859 (Vers.
842 1788 922 1859 5.)
957 1787 1219 1854 Quoniam
1241 1792 1596 1859 peremerunt
1616 1790 1829 1858 peccata
1849 1783 1960 1854 ejus
1989 1799 2151 1854 usque

2260 627 2361 684 stis
2390 627 2648 699 cogitatio
2680 625 2928 682 laetitiam
2959 623 3143 680 cordis
3171 639 3362 678 eorum
3396 623 3699 694 perturbet.

2335 715 2514 788 (Vers.
2542 716 2622 786 8.)
2655 715 2776 770 Ideo
2807 715 2863 769 in
2888 729 2996 768 una
3017 713 3101 768 die
3122 711 3326 771 (venient
3343 713 3515 784 plaga:
3537 711 3674 782 ejus,
3696 729 3843 780 mors,

2261 811 2311 859 et
2363 805 2549 868 luctus,
2589 810 2636 858 et
2679 803 2864 873 fames.
2913 803 2975 858 In
3025 801 3112 858 die
3155 799 3357 872 judicii
3403 818 3550 858 mors
3601 808 3848 874 perpetua

2261 893 2344 948 illi
2373 893 2578 958 veniet,
2610 909 2730 966 quas
2758 892 2815 947 in
2846 891 2952 948 hoc
2981 891 3124 947 libro
3153 908 3302 946 mors
3336 891 3576 948 secunda
3611 899 3844 947 vocatur.

2261 983 2466 1040 Luctus
2505 982 2589 1038 illi
2616 983 2823 1050 veniet,
2854 981 2997 1038 sicut
3027 980 3296 1036 Dominus
3336 980 3471 1036 dicit
3511 981 3569 1035 in
3602 981 3848 1051 Evange-

2261 1072 2336 1127 lio
2368 1090 2378 1127 :
2423 1096 2440 1119 ι
2474 1070 2552 1127 Ibi
2583 1071 2686 1126 erit
2713 1071 2870 1126 ﬂetus
2897 1078 2950 1126 et
2975 1069 3180 1126 stridor
3207 1069 3460 1124 dentium
3493 1070 3707 1140 (Matth.
3737 1085 3846 1137 vm,

2263 1159 2375 1231 12).
2408 1186 2425 1208 ι
2471 1163 2661 1216 Fames
2692 1160 2774 1214 illi
2806 1159 3012 1223 veniet,
3050 1158 3104 1214 id
3135 1165 3235 1225 est,
3267 1158 3438 1214 fames
3467 1158 3680 1230 requiei
3707 1176 3720 1220 ;
3753 1156 3849 1213 de—

2261 1249 2579 1306 siderabunt
2607 1250 2754 1305 enim
2786 1265 2816 1304 a
2847 1249 3022 1320 poenis
3066 1248 3424 1320 requiescere,
3467 1265 3601 1320 quas
3651 1247 3848 1319 patien-

2260 1347 2371 1407 tur,
2402 1338 2468 1394 ad
2499 1354 2659 1411 quam
2691 1337 2933 1410 requiem
2967 1337 3123 1391 nullo
3154 1336 3318 1392 modo
3349 1336 3693 1407 pervenient.

2333 1429 2514 1500 (Vers.
2546 1429 2598 1496 9,
2633 1427 2746 1500 10.)
2795 1429 2869 1482 Et
2905 1413 3014 1498 igni
3059 1427 3434 1491 comburetur;
3482 1423 3538 1481 id
3589 1432 3689 1492 est,
3737 1424 3850 1494 igne

2259 1524 2479 1573 aeterno.
2515 1519 2774 1584 Quoniam
2815 1515 2977 1586 fortis
3019 1522 3093 1571 est
3139 1515 3418 1584 Dominus,
3469 1513 3563 1585 qui
3595 1511 3853 1583 judicabit

2257 1608 2429 1665 illam.
2471 1611 2546 1665 Et
2588 1610 2800 1680 ﬂebunt,
2847 1615 2894 1664 et
2925 1610 3178 1680 plangent
3223 1625 3275 1664 se
3317 1624 3481 1679 super
3525 1606 3679 1663 illam
3715 1622 3850 1677 reges

2260 1703 2430 1766 terra,
2486 1699 2578 1769 qui
2625 1715 2742 1754 cum
2786 1699 2886 1755 illa
2935 1698 3194 1766 fornicati
3239 1703 3382 1765 sunt,
3442 1703 3492 1752 et
3546 1697 3604 1752 in
3659 1697 3854 1752 deliciis

2254 1789 2528 1856 vixerunt,
2543 1805 2660 1844 cum
2683 1788 2914 1844 viderint
2931 1788 3137 1858 fumum
3158 1786 3384 1842 incendii
3397 1785 3530 1856 ejus,
3557 1787 3705 1857 longe
3722 1793 3852 1841 stan-

554 1875 627 1932 ad
644 1876 850 1944 caelum,
880 1882 928 1931 et
953 1877 1268 1932 recordatus
1315 1882 1391 1932 est
1441 1877 1584 1932 Deus
1640 1874 1974 1945 iniquitatem
2026 1871 2159 1942 ejus,
2190 1887 2236 1948 Β
2266 1883 2337 1932 tes
2352 1885 2571 1950 propter
2596 1880 2833 1934 timorem
2854 1875 3376 1946 tormentorumejus,
3391 1875 3638 1931 dicentes:
3665 1877 3855 1941 νω,υω

555 1964 881 2037 Iniquitates
908 1964 1212 2037 Babylonis
1243 1965 1593 2037 omnipotens
1639 1965 1785 2020 Deus
1824 1977 2038 2034 semper
2068 1961 2149 2016 in-

556 2060 778 2122 tuetur;
812 2053 906 2110 sed
937 2070 1063 2112 cum
1094 2054 1399 2112 vindictam
1430 2070 1544 2109 non
1573 2053 1765 2126 exigit,
1789 2052 2011 2108 videtur
2038 2065 2148 2106 non

556 2144 744 2201 videre
772 2143 918 2216 quod
946 2143 1118 2199 videt.
1155 2143 1256 2199 Per
1290 2143 1398 2202 hoc
1425 2160 1553 2217 ergo
1611 2142 1757 2217 quod
1786 2143 1942 2212 dicit,
2005 2141 2149 2197 illud

555 2233 806 2305 designat
832 2233 948 2304 (59)
982 2239 1218 2305 tempus,
1255 2232 1314 2289 in
1347 2249 1456 2307 quo
1485 2249 1674 2290 omnes
1693 2231 1851 2303 impii
1890 2237 2150 2304 perpetua

557 2337 716 2394 paena
744 2322 1070 2394 plectantur.

631 2409 812 2482 (Vers.
861 2409 941 2481 6.)
991 2408 1208 2464 Reddite
1235 2407 1356 2474 sibi,
1389 2409 1522 2463 sicut
1548 2408 1666 2481 ipsa
1701 2406 1934 2464 reddidit
1982 2407 2144 2463 vobis.

555 2497 877 2569 Prascipitur
922 2497 1131 2562 electis,
1161 2505 1224 2552 ut
1259 2496 1490 2554 reddant
1519 2496 1813 2569 Babyloni,
1867 2496 2011 2554 sicut
2055 2497 2150 2552 illa

555 2586 690 2659 ipsis
720 2586 979 2655 reddidit,
1011 2587 1127 2642 sive
1150 2604 1248 2659 pro
1278 2603 1342 2642 eo
1401 2585 1547 2660 quod
1579 2585 1752 2642 sancti
1790 2585 1891 2642 Dei
1946 2585 2146 2657 impios

555 2680 700 2738 566
723 2682 1074 2755 judicabant,
1124 2683 1266 2740 sicut
1316 2683 1452 2739 dicit
1483 2683 1752 2739 Dominus
1783 2682 1841 2738 in
1889 2684 2150 2753 Evange-

558 2774 634 2830 lio
659 2791 670 2828 :
714 2797 733 2820 ι
763 2775 824 2829 In
854 2773 1263 2846 regeneratione
1301 2790 1426 2830 cum
1457 2773 1660 2830 sederit
1700 2773 1875 2829 Filius
1906 2772 2149 2828 hominis

557 2864 617 2920 in
647 2863 772 2920 sede
799 2863 1099 2936 majestatis
1127 2880 1259 2931 suae,
1293 2862 1550 2919 sedebitis
1583 2870 1638 2918 et
1668 2880 1767 2918 vos
1805 2879 1966 2936 super
1993 2862 2150 2918 sedes

557 2950 872 3020 duodecim,
899 2951 1212 3023 judicantes
1240 2949 1531 3007 duodecim
1551 2949 1729 3006 tribus
1746 2951 1906 3005 Israel
1934 2951 2146 3021 (Matth.

556 3058 679 3110 xxx,
712 3041 845 3113 28);
879 3068 898 3092 ι
957 3041 1074 3097 sive
1118 3056 1218 3113 pro
1261 3056 1326 3096 eo
1367 3038 1514 3112 quod
1559 3039 1664 3110 ipsi
1722 3041 1969 3096 membra
2018 3046 2150 3095 sunt

559 3129 676 3201 ejus
709 3130 798 3186 cui
821 3129 1110 3202 judicandi
1141 3135 1378 3198 potestas
1403 3143 1435 3182 a
1457 3129 1614 3183 Patre
1639 3127 1838 3183 tradita
1877 3137 1978 3184 est.
2010 3126 2147 3183 Red-

559 3220 690 3276 dent
719 3221 902 3293 itaque
923 3219 1059 3291 justi
1090 3216 1276 3287 impiis
1304 3217 1448 3271 mala
1478 3232 1597 3288 quae
1616 3216 1683 3272 ab
1713 3216 1792 3271 eis
1822 3216 1964 3289 passi
1980 3224 2142 3285 sunt;
2181 3243 2224 3304 ρ

558 3326 686 3367 cum
717 3309 968 3367 Christus
997 3306 1092 3379 qui
1121 3312 1284 3377 caput
1310 3304 1533 3360 illorum
1559 3313 1657 3374 est,
1688 3312 1743 3360 et
1770 3305 1931 3376 cujus
1961 3322 2145 3361 mem-

558 3399 657 3455 bra
687 3399 790 3470 ipsi
819 3406 970 3466 sunt,
1002 3412 1096 3452 eos
1119 3401 1379 3466 perpetua
1408 3410 1568 3466 poma
1603 3394 1905 3450 damnabit.
1937 3398 2011 3451 Et
2037 3396 2147 3450 du—

555 3488 754 3562 plicate
781 3485 1016 3557 duplicia
1045 3482 1326 3538 secundum
1355 3498 1513 3553 opera
1548 3482 1684 3552 ejus.
1715 3483 2021 3554 Dupliciter
2048 3485 2145 3539 Ba-

558 3577 732 3648 bylon
762 3576 964 3630 electos
993 3572 1093 3629 Dei
1122 3579 1404 3644 persecuta
1426 3581 1528 3642 est,
1559 3572 1777 3646 quando
1825 3575 2148 3645 corporibus

560 3671 615 3720 et
649 3660 937 3718 animabus
965 3675 1156 3715 eorum
1188 3659 1362 3715 multa
1380 3661 1523 3717 mala
1559 3661 1811 3732 ingessit.
1841 3660 2150 3732 Dupliciter

559 3766 748 3824 pmnas
777 3749 896 3821 ipsa
952 3749 1198 3820 recipiet,
1231 3748 1360 3821 quia
1415 3766 1539 3806 cum
1569 3750 1856 3807 animabus
1922 3767 2151 3824 corpora

561 3844 954 3902 cruciabuntur
978 3861 992 3911 ;
1026 3843 1251 3916 ipsaque
1280 3844 1524 3916 duplicia
1539 3845 1996 3917 duplicabuntur;
2021 3847 2151 3919 quia

563 3948 662 4005 pro
683 3933 858 4004 poenis
886 3933 1284 4004 temporalibus
1313 3941 1475 4006 atque
1502 3935 1784 4003 brevibus,
1819 3937 2021 4009 quibus
2064 3935 2150 4008 ju-

563 4031 676 4077 stos
695 4021 891 4089 aﬂixit,
923 4037 1107 4093 pcenas
1136 4029 1366 4078 aeternas
1399 4024 1654 4097 excipiet.
1689 4026 1755 4080 In
1788 4027 1980 4097 poculo
2009 4026 2149 4096 quod

561 4108 770 4164 miscuit
795 4110 960 4175 vobis,
997 4110 1198 4165 miscete
1226 4111 1272 4165 ei
1314 4112 1553 4183 duplum.
1587 4113 1688 4168 Per
1742 4114 1999 4185 poculum
2057 4116 2153 4171 tri-

562 4197 874 4254 bulationes
903 4214 1038 4270 quas
1061 4199 1128 4254 ab
1179 4199 1386 4272 iniquis
1415 4201 1588 4258 sancti
1636 4203 1777 4274 passi
1835 4210 1982 4270 sunt,
2035 4219 2153 4274 pos-

565 4306 756 4346 sumus
776 4290 1101 4362 intelligere.

640 4386 821 4457 (Vers.
849 4386 922 4458 7.)
965 4387 1234 4452 Quantum
1268 4387 1589 4459 gloriﬁcavit
1642 4405 1712 4458 se,
1746 4397 1791 4446 et
1827 4391 1885 4445 in
1949 4389 2154 4445 deliciis

565 4475 693 4548 fuit,
715 4483 916 4530 tantum
945 4477 1064 4531 date
1098 4477 1183 4532 illi
1230 4482 1544 4533 tormentum
1571 4485 1617 4533 et
1641 4480 1852 4534 luctum.
1876 4479 2153 4546 Quantum

567 4565 897 4636 gloriﬁcavit
927 4581 1002 4634 se,
1036 4565 1093 4620 id
1121 4575 1220 4631 est,
1255 4565 1314 4620 in
1344 4567 1657 4638 superbiam
1703 4567 1896 4634 erexit,
1954 4575 2008 4621 et
2038 4584 2151 4622 om-
2182 4595 2231 4654 Β

568 4652 731 4709 nibus
759 4654 912 4710 vitiis
936 4671 991 4710 se
1013 4654 1342 4726 implicavit,
1369 4663 1522 4711 tanto
1544 4662 1597 4710 et
1628 4654 1896 4725 ampliora
1917 4661 2156 4710 tormen-

565 4746 624 4797 ta
651 4741 909 4814 excipiet.
942 4742 1078 4809 Quia
1108 4742 1166 4796 in
1194 4741 1347 4796 carde
1376 4759 1468 4796 suo
1503 4742 1670 4796 dicit:
1699 4743 1855 4798 Sedeo
1885 4743 2088 4813 regina,
2111 4749 2157 4798 et

566 4831 730 4886 vidua
751 4849 855 4887 non
892 4849 1029 4898 sum,
1072 4839 1122 4888 et
1155 4835 1348 4889 luctum
1375 4848 1480 4885 non
1534 4831 1734 4887 uidebo.
1786 4831 2044 4903 Reginam
2101 4847 2158 4888 se

568 4918 817 4992 Babylon
849 4920 1254 4994 quodammodo
1297 4929 1476 4991 vocat,
1525 4938 1650 4978 cum
1715 4937 1772 4977 se
1799 4921 1857 4975 in
1889 4921 2158 4992 prosperis

569 5008 737 5080 hujus
765 5011 960 5066 mundi
989 5012 1229 5069 extollit.
1289 5012 1525 5070 Viduam
1555 5027 1668 5068 non
1724 5028 1781 5068 se
1810 5028 1923 5068 esse
1980 5011 2151 5080 dicit;

572 5097 702 5170 quia
729 5113 760 5152 a
788 5097 948 5153 bonis
992 5100 1406 5171 temporalibus,
1465 5099 1666 5173 quibus
1709 5101 2002 5172 conjuncta
2055 5107 2158 5169 est,

573 5192 628 5242 et
655 5202 724 5241 ex
755 5185 955 5258 quibus
985 5187 1262 5243 luxuriam
1317 5205 1470 5244 suam
1501 5190 1729 5258 enutrit,
1778 5205 1889 5244 non
1919 5206 1974 5245 se
2003 5204 2160 5260 posse

575 5275 816 5349 disjungi
846 5275 1097 5333 conﬁdit.
1129 5277 1364 5334 Luctum
1385 5293 1497 5334 non
1529 5295 1644 5335 esse
1678 5278 1924 5334 visuram
1982 5277 2156 5345 dicit;

576 5367 706 5437 quia
736 5367 912 5439 impii,
945 5367 1197 5439 quamvis
1251 5367 1427 5424 sciant
1454 5385 1510 5424 se
1537 5385 1636 5440 pro
1691 5369 1991 5425 sceleribus
2047 5369 2162 5425 suis

577 5470 693 5513 esse
721 5458 1052 5528 puniendos,
1083 5457 1299 5530 ﬁngunt
1326 5475 1380 5515 se
1410 5475 1521 5515 non
1552 5458 1739 5516 videre
1768 5460 1914 5532 quod
1942 5459 2160 5528 vident,

656 5598 771 5674 (59)
804 5600 1040 5674 Edit.iet
1072 5619 1174 5659 ms.
1208 5602 1360 5674 Reg.,
1392 5619 1500 5658 non
1527 5602 1735 5668 exerit;
1762 5612 1816 5659 et
1843 5603 1976 5660 edit.
2009 5605 2159 5671 solae,

581 5665 690 5722 Per
716 5665 810 5723 hoc
833 5673 1117 5748 quoddicit
1135 5665 1314 5730 aliam
1326 5665 1519 5748 uocem,
1541 5675 1681 5732 illud
1703 5665 1958 5748 designat,
2005 5683 2110 5734 etc.

586 5750 715 5798 mss.
747 5754 878 5796 vero
904 5743 1066 5800 nobis
1093 5746 1467 5804 consentiunt.

2257 1968 2443 2024 civitas
2464 1969 2562 2024 illa
2579 1968 2840 2039 Babylon,
2861 1967 3046 2023 civitas
3066 1967 3162 2023 illa
3181 1965 3340 2036 fortis
3355 1984 3368 2032 ;
3383 1966 3511 2036 quia
3528 1964 3582 2018 in
3599 1981 3707 2020 una
3731 1965 3855 2019 hora-

2258 2058 2397 2114 ve—nit
2412 2056 2679 2126 judicium
2709 2057 2896 2112 tuum!
2925 2055 3072 2123 Quid
3096 2057 3168 2112 sit
3194 2053 3488 2112 fornicatio
3518 2069 3710 2126 regum
3736 2069 3852 2110 cum

2259 2147 2543 2219 Babylone
2569 2147 2820 2219 superius
2849 2145 3095 2203 diximus
3130 2163 3142 2201 :
3176 2144 3271 2202 sed
3318 2145 3522 2200 mirum
3568 2142 3734 2199 valde
3781 2151 3854 2199 est

2259 2236 2406 2309 quod
2452 2237 2611 2308 longe
2656 2244 2798 2292 stare
2837 2235 3112 2304 dicantur,
3157 2251 3282 2292 cum
3326 2235 3384 2290 in
3435 2233 3642 2290 eisdem
3690 2233 3856 2306 pmnis

2260 2334 2313 2381 et
2354 2325 2456 2397 ipsi
2503 2325 2613 2380 sint
2643 2325 3015 2396 demergendi,
3049 2325 3107 2380 in
3141 2324 3340 2396 quibus
3367 2332 3422 2380 et
3449 2325 3635 2381 caeteri
3681 2339 3855 2396 repro-

2258 2413 2335 2480 bi,
2364 2411 2456 2484 qui
2505 2428 2601 2483 per
2648 2412 2984 2482 Babylonem
3018 2412 3397 2484 designantur.
3427 2413 3668 2470 Stabunt
3699 2413 3858 2484 igitur

2259 2505 2438 2575 longe,
2470 2510 2650 2557 mente
2679 2509 2732 2557 et
2761 2503 3066 2570 voluntate,
3098 2520 3208 2558 non
3249 2521 3476 2576 corpore
3506 2525 3519 2572 ;
3573 2504 3856 2561 horrentes

2257 2594 2457 2650 scelera
2475 2609 2593 2661 sua,
2616 2609 2712 2665 pro
2732 2592 2932 2664 quibus
2957 2593 3288 2648 aeternaliter
3307 2594 3734 2650 cruciabuntur.
3755 2593 3856 2649 Sta-

2255 2681 2396 2737 bunt
2427 2682 2587 2754 longe
2616 2696 2712 2753 per
2737 2680 3094 2749 desiderium,
3117 2679 3270 2736 aliud
3291 2680 3698 2752 desiderantes,
3717 2681 3772 2737 id
3788 2688 3856 2737 est

2257 2771 2501 2843 requiem
2529 2789 2542 2838 ;
2575 2777 2628 2825 et
2655 2770 2806 2825 aliud
2835 2768 3126 2841 patientes,
3149 2769 3204 2824 id
3226 2775 3307 2824 est
3328 2777 3610 2824 tormenta
3637 2778 3854 2826 aeterna.

2333 2861 2512 2931 (Vers.
2540 2860 2652 2931 11.)
2676 2861 2749 2915 Et
2767 2859 3109 2929 negotiatores
3142 2865 3295 2913 terra
3321 2859 3514 2929 ﬂebunt
3541 2866 3589 2914 et
3619 2861 3861 2931 lugebant

2258 2968 2416 3022 super
2438 2952 2589 3007 illam
2612 2968 2622 3007 :
2648 2951 2898 3020 quoniam
2919 2950 3174 3005 mercedes
3201 2950 3318 3022 (60)
3346 2967 3526 3005 eorum
3552 2967 3712 3006 nemo
3739 2958 3862 3007 emet

2257 3041 2506 3111 amplius.
2539 3040 2679 3107 Quia
2707 3039 2958 3111 superius
2988 3055 3083 3111 per
3111 3048 3442 3096 mercatores
3467 3047 3624 3096 terrae
3659 3049 3858 3096 amato-

2257 3145 2342 3185 res
2385 3127 2571 3184 saaculi
2623 3128 2868 3184 diximus
2915 3145 3030 3184 esse
3077 3127 3407 3201 designatos,
3458 3145 3761 3201 possumus
3808 3131 3858 3186 in

2256 3219 2361 3274 hoc
2390 3221 2509 3275 loco
2549 3234 2645 3289 per
2676 3217 3038 3289 negotiatores
3083 3234 3175 3274 eos
3204 3219 3471 3291 accipere,
3504 3220 3598 3292 qui
3646 3221 3858 3277 bonum

2254 3306 2401 3380 quod
2429 3307 2604 3364 facere
2635 3306 2917 3375 videntur,
2946 3306 3216 3363 vendunt.
3245 3308 3384 3364 Sunt
3405 3324 3644 3381 namque
3675 3309 3857 3377 multi,

2255 3400 2452 3473 quibus
2503 3401 2684 3472 legum
2734 3399 3079 3456 saecularium
3136 3401 3365 3458 scientia
3420 3402 3545 3458 data
3599 3411 3712 3473 est,
3773 3400 3857 3474 qui

2255 3506 2443 3547 causas
2471 3505 2770 3562 pauperum
2803 3489 2860 3545 in
2886 3489 3116 3560 judiciis
3145 3499 3364 3563 portant
3399 3510 3410 3548 :
3438 3492 3533 3548 sed
3565 3492 3706 3564 quia
3755 3508 3858 3548 non

2258 3595 2355 3651 pro
2399 3593 2583 3633 amore
2613 3577 2732 3645 Dei,
2771 3577 2864 3633 sed
2894 3594 2994 3649 pro
3036 3578 3388 3650 praemiorum
3440 3580 3857 3651 acceptionibus

2258 3667 2364 3724 hoc
2405 3665 2637 3733 faciunt,
2688 3667 2994 3723 mercedem
3044 3684 3074 3722 a
3128 3670 3242 3724 Deo
3292 3685 3404 3724 non
3455 3669 3766 3740 recipiunt.
3808 3670 3861 3724 In

2257 3763 2472 3812 tantum
2503 3771 2635 3811 vero
2665 3755 2782 3812 haec
2810 3756 3034 3812 miseria
3064 3758 3368 3824 convaluit,
3390 3765 3450 3814 ut
3479 3758 3578 3812 vix
3605 3757 3862 3814 invenias

2260 3847 2498 3918 aliquem
2543 3862 2613 3902 ex
2654 3846 2872 3922 iis,qui
2903 3847 3086 3903 locum
3130 3847 3335 3904 habent
3381 3847 3525 3920 apud
3556 3847 3861 3922 principes,

2261 3935 2355 4007 qui
2384 3935 2607 4007 aliquod
2632 3935 2862 3990 verbum
2893 3935 2963 3989 ad
2990 3935 3230 4006 proximi
3263 3935 3515 4007 pauperis
3563 3939 3864 3994 necessita-

2259 4029 2371 4078 tem
2407 4023 2819 4079 sustentandam
2856 4023 3094 4094 proferat
3125 4023 3244 4079 sine
3272 4024 3482 4095 praemii
3517 4027 3858 4098 acceptione.

2261 4114 2556 4168 Possumus
2587 4119 2640 4166 et
2670 4128 2766 4183 per
2792 4111 3157 4182 negotiatores
3187 4120 3366 4178 terrae,
3397 4128 3490 4168 eos
3523 4112 3860 4188 intelligere,

2262 4202 2356 4275 qui
2386 4218 2455 4257 ex
2481 4203 2626 4257 bono
2664 4201 2810 4273 quod
2843 4202 3071 4270 faciunt,
3109 4202 3297 4258 laudes
3326 4202 3393 4258 ab
3423 4202 3765 4262 hominibus
3794 4222 3858 4260 re~

2262 4290 2512 4364 quirunt.
2544 4291 2840 4346 Possumus
2887 4290 3049 4345 etiam
3099 4299 3154 4348 et
3197 4309 3293 4364 per
3335 4291 3580 4358 eosdem,
3611 4294 3752 4351 illos
3777 4294 3858 4366 qui

2263 4381 2459 4453 gradus
2487 4380 2883 4437 ecclesiasticos
2911 4381 3163 4437 vendunt
3199 4381 3504 4454 intelligere
3537 4400 3549 4438 :
3587 4385 3749 4455 quod
3777 4384 3860 4438 di—

2261 4470 2391 4525 vina
2419 4470 2699 4540 Scriptura
2727 4469 2885 4524 valde
2914 4471 3263 4527 condemnat.
3298 4471 3369 4526 Et
3413 4471 3677 4542 quamvis
3709 4471 3858 4527 multi

2263 4580 2333 4619 ex
2379 4563 2651 4636 episcopis
2701 4563 2768 4619 ab
2817 4563 2922 4621 hoc
2969 4564 3173 4620 scelere
3219 4563 3512 4619 videantur
3562 4562 3856 4628 immunes,

2263 4653 2505 4710 ministri
2537 4663 2717 4709 tamen
2747 4671 2936 4710 eorum
2971 4654 3028 4708 in
3057 4653 3161 4710 hoc
3193 4670 3332 4724 saepe
3363 4653 3702 4724 polluuntur
3729 4672 3742 4710 :
3775 4649 3857 4710 sed

2263 4743 2332 4798 ad
2382 4743 2675 4816 magistros
2719 4742 2960 4814 respicit,
2993 4741 3263 4814 quidquid
3295 4758 3327 4796 a
3355 4741 3650 4813 discipulis
3681 4743 3858 4800 delin-

2267 4833 2474 4905 quitur.
2509 4833 2607 4888 Est
2656 4841 2709 4888 et
2754 4831 2907 4887 aliud
2945 4831 3122 4886 scelus
3155 4830 3315 4886 valde
3358 4831 3686 4901 pessimum,
3723 4829 3856 4904 quod

2266 4924 2432 4982 abiis
2475 4924 2568 4996 qui
2616 4922 2987 4978 archidiaconi
3035 4922 3398 4993 appellantur,
3447 4923 3853 4986 committitur;

2267 5027 2396 5067 nam
2423 5009 2490 5065 ab
2520 5009 2782 5064 adulteris
2814 5007 3149 5080 presbyteris
3189 5007 3426 5078 pretium
3476 5006 3784 5079 accipiunt,
3813 5014 3856 5061 et

2267 5103 2497 5162 tacendo
2543 5102 2600 5157 in
2633 5102 2839 5157 malum
2883 5100 3255 5167 consentiunt,
3297 5099 3441 5171 quod
3489 5115 3588 5171 per
3631 5099 3854 5156 auctori-

2268 5204 2434 5252 tatem
2492 5211 2654 5266 quam
2711 5193 2778 5249 ab
2839 5192 3107 5265 episcopis
3167 5196 3514 5261 acceperunt,
3573 5190 3855 5246 emendare

2269 5293 2507 5358 possent.
2555 5283 2694 5338 Sunt
2723 5283 2886 5339 etiam
2929 5281 3023 5337 alii
3055 5297 3125 5336 ex
3153 5278 3470 5350 bujusmodi
3503 5279 3852 5352 presbyteris,

2271 5374 2366 5447 qui
2413 5373 2670 5429 timentes
2719 5389 2773 5428 se
2815 5370 3064 5429 damnari
3122 5385 3222 5442 pro
3272 5365 3570 5425 sceleribus
3627 5370 3765 5437 suis,
3806 5368 3852 5422 in

2271 5463 2512 5521 servitiis
2559 5461 3071 5519 archidiaconorum
3121 5460 3244 5531 plus
3295 5466 3424 5515 sunt
3455 5457 3670 5514 assidui
3705 5471 3852 5531 quam

2344 5605 2460 5677 (60)
2492 5606 2649 5677 Rom.
2683 5603 2837 5672 edit.,
2864 5605 3122 5677 (quoniam
3148 5619 3340 5677 merces
3363 5619 3545 5656 eorum
3561 5620 3585 5668 ;
3615 5603 3711 5658 sed
3737 5616 3848 5677 mss.

2270 5674 2507 5734 ac’Gi’ll.
2559 5676 2650 5731 hic
2687 5683 2741 5748 et
2786 5675 2920 5748 alibi
2960 5682 3278 5736 constanter
3324 5675 3534 5748 legunt,
3585 5674 3849 5740 mercedes,

2270 5749 2568 5817 mercedem,
2600 5755 2653 5805 et
2677 5747 2901 5805 similia.
