3964 6402
214 372 356 432 1005

1094 376 1552 438 BERENGAUDI
1592 376 1966 445 EXPOSITIO
2006 379 2073 439 ΙΝ
2117 378 2621 441 APOCALYPSIN.

3374 389 3514 449 1006

212 501 432 558 cateri:
478 496 672 558 contra
708 518 847 576 quos
896 503 941 558 si
981 503 1106 577 quis
1152 504 1377 577 aliquod
1406 505 1634 562 verbum
1681 522 1806 562 con-
1837 510 1888 569 Α
1916 505 2207 562 ctitudinis
2227 515 2407 578 posset
2453 507 2673 566 ducere.
2718 508 2859 565 Justi
2900 508 3083 581 itaque
3133 510 3230 583 qui
3272 528 3368 584 per
3414 513 3516 570 hos

211 590 444 647 trarium
492 592 734 665 proferre
787 594 1042 662 voluerit,
1091 594 1462 652 defenduntur
1508 596 1577 652 ab
1605 596 1720 665 eis;
1752 605 1807 653 et

211 680 429 752 ﬁngunt
475 697 531 738 se
568 681 779 738 nescire
822 683 969 756 quod
1019 685 1222 753 sciunt,
1253 686 1800 759 condemnanturque

210 770 365 827 illius
380 771 699 844 prophetica
714 773 1133 849 sententia,qua
1155 775 1292 833 dicit
1320 795 1332 833 :
1382 801 1400 824 ι
1431 776 1528 834 Va
1553 777 1647 849 qui
1663 774 1798 832 dici-

214 861 290 915 tis
318 861 524 916 malum
556 860 785 931 bonum,
818 869 872 918 et
899 861 1106 919 bonum
1136 865 1344 919 malum
1370 882 1383 932 ;
1415 870 1681 937 ponentes
1716 871 1809 919 te—

210 947 410 1005 nebras
438 949 637 1017 lucem,
669 957 722 1005 et
752 951 931 1006 lucem
960 951 1213 1007 tenebras
1243 951 1368 1023 (Iss.
1409 968 1461 1021 v,
1494 951 1586 1024 20)
1615 954 1627 1008 l
1662 977 1682 1002 ι
1721 950 1809 1008 Ad

211 1045 267 1093 te
299 1053 427 1110 ergo
457 1039 673 1113 loquor,
704 1039 801 1112 qui
829 1039 956 1097 talis
983 1056 1040 1097 es
1070 1059 1082 1097 :
1113 1057 1237 1098 ecce
1265 1041 1504 1097 animam
1536 1041 1798 1099 sacerdo-

211 1124 289 1182 tis
326 1124 546 1182 diabolo
577 1127 901 1185 vendidisti.
931 1128 1067 1196 Quis
1107 1129 1257 1184 enim
1286 1129 1461 1186 suasit
1485 1130 1808 1203 presbytero

211 1221 278 1271 ut
318 1214 704 1286 fornicaretur,
736 1217 845 1273 nisi
892 1217 1188 1274 diabolus?
1235 1217 1343 1285 Qui
1373 1234 1501 1291 ergo
1531 1218 1701 1274 suasit
1743 1226 1805 1277 ut

211 1302 604 1375 fornicaretur,
635 1304 750 1378 ipse
779 1305 951 1362 suasit
980 1313 1041 1362 ut
1069 1306 1308 1379 pretium
1337 1306 1442 1364 tibi
1475 1306 1650 1376 daret,
1676 1324 1808 1381 qua-

213 1400 379 1451 tenus
434 1393 540 1451 hoc
591 1394 767 1452 scelus
821 1394 940 1450 sine
990 1395 1190 1452 timore
1240 1403 1551 1469 perpetrare
1606 1403 1809 1469 posset.

211 1485 318 1543 Per
362 1502 586 1543 manum
642 1502 771 1559 ergo
819 1485 1128 1560 presbyteri
1181 1489 1424 1560 pretium
1480 1488 1813 1562 perditionis

214 1566 415 1632 anima
445 1575 617 1649 ipsius
654 1574 759 1631 tibi
785 1575 1041 1633 diabolus
1069 1576 1241 1634 dedit.
1282 1578 1426 1635 Ecce
1453 1578 1693 1651 pretium
1723 1595 1811 1636 ac-

209 1661 428 1734 cepisti,
461 1669 517 1718 et
535 1660 777 1718 animam
797 1661 1003 1718 fratris.
1044 1661 1251 1721 Christi
1284 1662 1548 1735 sanguine
1591 1662 1807 1720 redem-

212 1759 386 1825 ptam,
408 1751 589 1809 eidem
613 1751 833 1809 diabolo
854 1767 887 1809 a
905 1768 1012 1825 quo
1034 1751 1313 1825 redempta
1328 1758 1429 1820 est,
1447 1750 1815 1808 tradidisti.ln

1917 593 2163 667 quinque
2193 596 2441 668 corporis
2470 613 2663 653 sensus
2690 598 2992 655 secundum
3025 597 3259 655 rationis
3287 601 3515 659 rectitu-

1917 684 2105 740 dinem
2136 685 2389 743 incedere
2426 686 2779 755 studuerunt,
2812 687 3112 745 amicitiam
3142 689 3249 746 sibi
3276 690 3377 747 Dei
3402 708 3515 748 om-

1916 771 2221 845 nipotentis
2249 775 2664 848 acquisierunt:
2700 775 2861 848 impii
2892 792 3024 832 vero
3044 775 3139 849 qui
3166 777 3396 834 rationis
3422 778 3516 835 bo-

1917 881 2053 922 num
2104 866 2163 922 in
2210 868 2418 923 malum
2471 875 2865 940 pervertentes,
2913 868 3014 924 hos
3043 868 3291 942 corporis
3329 886 3519 927 sensus

1923 956 2160 1012 luxuria
2188 964 2242 1011 et
2268 956 2481 1013 caeteris
2500 956 2657 1013 vitiis
2686 957 2892 1013 servire
2919 966 3236 1029 coegerunt,
3268 958 3407 1015 iram
3435 959 3517 1015 ni-

1918 1044 2226 1101 hilominus
2267 1044 2406 1117 justi
2451 1045 2657 1119 judicis
2705 1046 3076 1103 incurrerunt.
3131 1048 3306 1120 Igitur
3359 1047 3406 1104 si
3458 1064 3521 1105 ea

1920 1155 2039 1212 quae
2071 1140 2129 1196 in
2160 1142 2519 1214 sequentibus
2544 1142 2750 1213 scripta
2776 1148 2925 1210 sunt,
2961 1158 3152 1199 vocem
3190 1142 3401 1200 scilicet
3431 1142 3521 1199 ci-

1920 1229 2298 1288 tharoedorum
2348 1240 2403 1289 et
2448 1231 2810 1298 musicorum,
2858 1240 2912 1288 et
2953 1232 3091 1287 tibia
3121 1233 3437 1289 canentium
3468 1240 3521 1289 et

1921 1318 2074 1387 tuba,
2105 1336 2231 1376 cum
2268 1319 2337 1375 iis
2367 1319 2699 1393 conjungere
2732 1320 3011 1388 volueris;
3044 1320 3294 1377 invenies
3330 1335 3523 1377 omnes

1920 1406 2148 1465 divitias
2176 1406 2501 1480 Babylonis,
2522 1424 2643 1481 quae
2670 1407 2764 1466 hic
2782 1408 3069 1481 descripta
3097 1417 3245 1477 sunt,
3275 1409 3344 1466 ad
3363 1408 3520 1482 quin-

1922 1511 2030 1569 que
2074 1495 2321 1570 corporis
2363 1512 2577 1565 sensus,
2611 1505 2674 1552 ut
2715 1513 2880 1569 supra
2925 1497 3192 1567 diximus,
3223 1497 3517 1571 pertinere.

1921 1585 2137 1641 Aurum
2185 1600 2442 1658 namque,
2492 1592 2547 1640 et
2588 1591 2897 1657 argentum,
2937 1593 2992 1642 et
3036 1583 3245 1658 lapides
3272 1583 3518 1658 pretiosi,

1922 1679 1980 1729 et
2025 1672 2351 1744 margaritae,
2398 1672 2468 1729 ad
2510 1671 2731 1728 visum:
2777 1670 2997 1745 byssus,
3045 1679 3098 1728 et
3151 1689 3413 1746 purpura,
3467 1680 3523 1731 et

1925 1776 2143 1829 coccus,
2168 1769 2221 1818 et
2249 1768 2464 1829 catera,
2495 1759 2563 1816 ad
2585 1766 2795 1817 tactum
2825 1777 2837 1817 :
2861 1760 3297 1830 cinnamomum,
3319 1769 3373 1818 et
3392 1760 3520 1817 odo-

210 1841 355 1915 Lege
384 1841 649 1914 scriptum
676 1850 758 1898 est
777 1840 925 1914 quod
950 1841 999 1897 si
1031 1841 1156 1915 quis
1198 1840 1482 1897 hominem
1521 1839 1618 1914 qui
1644 1839 1813 1897 frater
1839 1864 1887 1925 B
1926 1856 2196 1918 ramenta,
2214 1858 2268 1906 et
2296 1854 2596 1922 unguenta,
2615 1855 2670 1905 et
2696 1847 2843 1916 thus,
2866 1847 2934 1905 ad
2951 1848 3239 1905 odoratum
3263 1865 3276 1905 :
3303 1847 3519 1921 vinum,

212 1930 332 2002 ejus
362 1938 521 2000 esset,
539 1929 895 1999 vendidisset,
918 1938 1096 1988 morte
1123 1938 1427 1987 moreretur
1451 1930 1658 2003 (Exod.
1687 1947 1810 2001 xxr,

215 2022 309 2096 16)
346 2041 359 2079 :
394 2023 440 2079 si
479 2022 652 2095 igitur
688 2039 814 2080 reus
860 2031 944 2080 est
986 2024 1101 2093 ille,
1155 2024 1249 2097 qui
1280 2023 1565 2081 hominem
1594 2020 1810 2078 homini

212 2110 442 2179 vendit;
475 2120 681 2185 quanto
710 2113 883 2186 magis
910 2121 972 2170 tu
996 2129 1120 2171 reus
1149 2113 1371 2170 exsistis
1401 2112 1498 2186 qui
1526 2110 1811 2168 hominem

212 2202 426 2262 Christi
453 2204 718 2277 sanguine
749 2205 1092 2277 redemptum
1125 2220 1238 2260 non
1278 2202 1515 2271 homini,
1547 2202 1641 2258 sed
1663 2199 1811 2272 quod

216 2292 588 2368 perniciosius
614 2302 718 2363 est,
747 2294 971 2350 diabolo
999 2292 1332 2350 vendidisti!
1375 2293 1533 2348 Tales
1562 2306 1691 2363 ergo
1716 2305 1808 2345 ne-

215 2382 513 2455 gotiatores
541 2381 753 2438 ﬂebunt
781 2390 834 2439 et
863 2382 1130 2455 lugebunt
1159 2381 1217 2437 in
1263 2381 1506 2447 inferno,
1546 2378 1809 2453 quoniam

214 2470 496 2528 mercedes
556 2486 746 2527 eorum
802 2486 965 2526 nemo
1017 2478 1162 2527 emet
1208 2469 1495 2541 amplius;
1554 2468 1813 2525 amittant

213 2558 366 2616 enim
395 2559 539 2632 quod
563 2567 746 2616 tenere
776 2558 1126 2628 videbantur,
1158 2566 1212 2616 et
1243 2558 1489 2617 incident
1513 2558 1572 2615 in
1602 2557 1809 2614 malum

214 2648 367 2723 quod
394 2648 695 2721 praevidere
722 2651 1104 2721 neglexerunt.

293 2738 473 2810 (Vers.
508 2738 595 2807 l2,
629 2737 717 2803 13,
750 2737 863 2809 Ut.)
895 2737 1183 2796 Mercedem
1221 2733 1368 2801 auri,
1417 2738 1468 2788 et
1511 2730 1736 2803 argenti,
1763 2737 1811 2786 et

220 2827 421 2899 lapidis
470 2828 713 2899 pretiosi,
763 2833 811 2881 et
836 2826 1167 2897 margarita,
1195 2830 1245 2880 et
1271 2822 1431 2893 byssi,
1461 2828 1506 2877 et
1529 2838 1809 2893 purpura,

218 2925 270 2975 et
295 2917 472 2986 serici,
505 2924 553 2972 et
581 2915 734 2983 cocci,
789 2920 836 2970 et
876 2932 1024 2970 omne
1063 2915 1261 2986 lignum
1290 2912 1525 2981 thynum,
1561 2918 1608 2967 et
1631 2911 1808 2967 omnia

216 3021 355 3061 vasa
375 3006 617 3074 eboris,et
628 3005 805 3060 omnia
824 3020 953 3060 vasa
973 3005 1035 3059 de
1059 3003 1233 3074 lapide
1244 3002 1807 3073 pretioso,etaramen-

222 3099 297 3163 to,
320 3100 368 3150 et
392 3093 562 3165 ferro,
591 3101 638 3150 et
658 3111 943 3162 marmore,
964 3099 1012 3149 et
1049 3093 1401 3156 cinnamomo,
1428 3097 1475 3146 et
1499 3091 1809 3146 odoramen-

1923 1938 2132 2006 oleum,
2184 1936 2404 2006 similae,
2457 1935 2728 2007 triticum,
2777 1945 2832 1993 et
2884 1944 3100 2006 caetera,
3144 1936 3215 1993 ad
3261 1944 3517 2010 gustum:

1921 2042 2033 2082 vox
2077 2024 2530 2094 citharoedorum,
2585 2032 2639 2081 et
2670 2025 3028 2094 musicorum,
3059 2032 3115 2082 et
3150 2025 3283 2083 tibia
3310 2042 3522 2084 canen-

1921 2114 2087 2184 tium,
2137 2114 2204 2170 ad
2234 2112 2486 2169 auditum
2524 2114 2823 2185 pertinent.
2856 2113 3148 2170 Damnatio
3176 2129 3304 2186 ergo
3331 2114 3523 2186 Baby-

1921 2198 2086 2271 lonis,
2121 2202 2265 2258 sicut
2309 2201 2427 2258 haec
2459 2201 2741 2274 Scriptura
2786 2202 3148 2271 demonstrat,
3194 2202 3434 2259 maxime
3462 2202 3522 2259 in

1919 2291 2137 2348 divitiis
2166 2290 2461 2360 consistit;
2512 2307 2576 2348 eo
2616 2291 2763 2364 quod
2793 2291 3009 2347 divitiae
3045 2291 3386 2348 nutrimenta
3413 2292 3525 2349 sint

1920 2383 2208 2448 vitiorum,
2240 2388 2294 2436 et
2337 2397 2408 2437 ex
2446 2381 2648 2455 quibus
2688 2381 2940 2449 avaritia,
2973 2397 3094 2455 qua
3142 2381 3307 2437 modo
3336 2381 3524 2455 regina

1920 2472 2116 2529 mundi
2149 2471 2259 2528 dici
2287 2479 2486 2543 potest,
2518 2470 2800 2527 luxuriam
2830 2470 3001 2525 ﬁliam
3033 2486 3187 2525 suam
3217 2470 3338 2527 alit.

1993 2568 2174 2640 (Vers.
2220 2566 2305 2636 15,
2341 2566 2425 2636 16,
2472 2567 2585 2638 17.)
2638 2566 2745 2634 Qui
2772 2566 2957 2621 divites
3001 2565 3132 2636 facti
3174 2572 3316 2631 sunt,
3363 2566 3430 2623 ab
3458 2583 3520 2623 ea

1922 2657 2070 2727 longe
2116 2657 2329 2711 stabunt
2377 2661 2598 2727 propter
2654 2655 2891 2709 timorem
2950 2660 3329 2709 tormentorum
3382 2654 3515 2725 ejus,

1917 2746 2095 2815 ﬂentes
2123 2748 2171 2797 et
2215 2743 2461 2812 lugentes,
2515 2746 2562 2795 et
2596 2741 2818 2796 dicentes
2849 2757 2862 2795 :
2919 2741 3020 2808 Va,
3054 2758 3153 2811 va,
3197 2740 3382 2796 civitas
3419 2741 3520 2810 illa

1916 2850 2111 2904 magna
2141 2849 2257 2903 qua
2297 2831 2491 2887 amicta
2521 2837 2636 2885 erat
2665 2830 2835 2900 bysso,
2885 2835 2934 2883 et
2955 2846 3228 2901 purpura,
3268 2838 3316 2886 et
3351 2848 3518 2898 cocco,

1917 2929 1965 2978 et
1988 2923 2243 2977 inaurata
2285 2937 2444 2985 auro,
2477 2925 2525 2974 et
2570 2920 2744 2991 lapide
2784 2919 3038 2991 pretioso,
3076 2925 3126 2974 et
3168 2921 3516 2992 margaritis;

1916 3011 2170 3083 quoniam
2200 3027 2310 3066 una
2339 3012 2473 3065 hora
2497 3010 2753 3065 destituta
2780 3014 2903 3063 sunt
2928 3014 3086 3064 tanta
3105 3009 3341 3066 divitia!
3362 3010 3521 3078 Quod

1917 3100 2120 3158 divites
2158 3097 2462 3172 Babylonis
2508 3098 2667 3170 longe
2711 3104 2854 3153 stare
2899 3097 3175 3168 dicantur,
3218 3098 3520 3156 secundum

213 3187 415 3253 torum,
447 3192 495 3240 et
522 3183 791 3256 unguenti,
821 3191 868 3239 et
898 3182 1090 3251 thuris,
1119 3188 1167 3238 et
1202 3180 1335 3250 vini,
1365 3185 1413 3235 et
1440 3181 1563 3248 olei,
1587 3185 1636 3235 et
1662 3177 1803 3234 simi-

1924 3205 2137 3248 sensum
2180 3186 2537 3261 superiorem,
2591 3202 2753 3261 quem
2785 3184 2852 3242 de
2884 3186 3104 3258 regibus
3135 3186 3399 3258 diximus,
3432 3186 3520 3244 in-

216 3273 304 3342 la,
338 3279 385 3329 et
433 3274 615 3344 tritici,
658 3280 706 3329 et
737 3273 1120 3344 jumentorum,
1161 3276 1210 3327 et
1235 3270 1434 3336 ovium,
1455 3275 1503 3325 et
1529 3285 1803 3340 equorum,

214 3371 267 3421 et
305 3364 613 3434 rhedarum,
643 3371 690 3420 et
735 3363 1148 3434 mancipiorum,
1195 3366 1243 3416 et
1286 3360 1595 3417 animarum
1635 3357 1814 3413 homi—

213 3471 348 3511 num
379 3471 396 3509 .'
427 3461 474 3510 et
491 3470 655 3527 poma
695 3459 785 3509 tua
815 3451 1079 3508 desideria
1118 3451 1312 3506 anima
1342 3454 1442 3505 tua
1468 3449 1816 3505 discesserunt

211 3562 250 3602 a
283 3551 348 3613 te,
379 3549 426 3599 et
461 3543 641 3599 omnia
681 3542 908 3615 pinguia
932 3548 980 3597 et
1000 3541 1272 3613 praeclara
1291 3540 1570 3612 perierunt
1608 3557 1644 3594 a
1674 3544 1739 3604 te,
1768 3543 1816 3593 et

214 3636 452 3707 amplius
484 3635 582 3693 illa
611 3649 717 3689 non
743 3634 1006 3689 invenient
1032 3638 1342 3688 mercatores
1371 3632 1580 3687 horum.
1609 3630 1673 3686 In
1700 3645 1814 3685 om-

215 3724 389 3782 nibus
417 3738 537 3797 quae
566 3730 886 3780 enumerata
912 3730 1061 3791 sunt,
1084 3720 1316 3778 avaritia
1338 3717 1638 3792 Babylonis
1653 3726 1816 3790 atque

216 3814 449 3873 luxuria
491 3800 908 3873 condemnatur.
938 3814 1075 3871 Nam
1117 3819 1172 3870 et
1214 3812 1274 3868 in
1297 3810 1511 3884 judicio
1546 3809 1818 3867 Dominus

214 3919 334 3963 non
376 3904 523 3962 dicet
556 3903 803 3977 reprobis
834 3922 847 3961 :
889 3909 1034 3968 567
1076 3903 1180 3968 Ite,
1210 3898 1512 3969 maledicti,
1543 3898 1603 3955 in
1632 3898 1816 3971 ignem

215 4012 490 4064 aeternum
523 4024 537 4073 ;
574 4004 704 4077 quia
739 4002 1036 4061 homicida
1064 4001 1271 4070 fuistis,
1302 3999 1545 4074 superbi,
1581 3999 1816 4055 fornica-

216 4104 388 4166 tores,
417 4093 686 4162 adulteri;
717 4093 813 4150 sed
842 4092 989 4150 dicet
1017 4110 1029 4149 :
1078 4117 1097 4141 ι
1132 4090 1378 4161 Esurivi,
1411 4097 1465 4145 et
1500 4104 1612 4145 non
1640 4086 1809 4144 dedi-

216 4186 321 4243 stis
358 4185 497 4242 mihi
545 4180 877 4241 manducare
906 4199 922 4251 ;
966 4182 1144 4252 sitivi,
1176 4190 1230 4239 et
1270 4196 1383 4237 non
1413 4178 1644 4236 dedistis
1674 4175 1816 4235 mihi

214 4275 444 4342 bibere;
484 4298 503 4322 ι
563 4282 618 4329 et
660 4282 856 4331 caetera
892 4268 1286 4329 misericordia
1333 4285 1517 4342 opera,
1555 4284 1587 4325 a
1616 4266 1817 4340 quibus

215 4362 455 4422 avaritia
498 4361 732 4418 retrahit
800 4361 1083 4432 reprobos,
1118 4375 1188 4416 ne
1249 4357 1641 4415 misericordes
1705 4357 1817 4412 sint

218 4468 351 4526 erga
379 4467 665 4525 pauperes.
697 4448 950 4506 Avaritia
984 4448 1188 4522 quippe
1221 4446 1414 4503 nutrix
1431 4454 1515 4503 est
1541 4446 1815 4503 luxuria:

218 4542 575 4602 nutrimenta
607 4547 788 4596 autem
836 4538 1071 4595 luxuria
1119 4536 1183 4627 in
1226 4535 1333 4593 hoc
1378 4536 1500 4592 loco
1546 4534 1818 4627 descripta
1846 4566 1897 4627 Β

219 4639 373 4701 sunt,
419 4630 620 4705 quibus
649 4628 718 4685 ab
763 4626 999 4684 avaritia
1036 4625 1301 4682 nutritur.
1346 4625 1419 4681 Et
1446 4624 1492 4681 si
1521 4623 1817 4697 diligenter

218 4721 492 4794 inspicere
545 4717 905 4784 voluerimus,
964 4714 1311 4770 inveniemus
1364 4713 1549 4769 omnia
1597 4711 1816 4786 quain

218 4811 330 4869 hoc
365 4811 486 4867 loco
515 4808 583 4866 ad
611 4805 901 4865 avaritiam
932 4806 1050 4862 sive
1082 4803 1362 4860 luxuriam
1393 4802 1693 4876 Babylonis
1724 4801 1815 4858 de-

219 4900 636 4957 monstrandam
667 4902 985 4953 enumerata
1008 4902 1158 4963 sunt,
1188 4894 1256 4951 ad
1294 4892 1540 4967 quinque
1569 4892 1816 4965 corporis

220 5005 418 5047 sensus
446 4987 739 5061 pertinere.
771 4985 1026 5057 Quinque
1049 4983 1198 5039 enim
1229 4988 1358 5038 sunt
1395 4981 1642 5053 corporis
1681 4996 1815 5037 sen-

221 5096 341 5150 sus,
388 5078 443 5135 id
486 5085 567 5134 est
595 5077 767 5144 visus,
817 5073 1057 5143 auditus,
1103 5081 1311 5146 gustus,
1345 5071 1606 5128 odoratus
1634 5078 1692 5126 et
1722 5079 1814 5127 ta-

208 5177 369 5236 ‘ctus,
392 5183 527 5239 quos
545 5167 692 5223 Deus
719 5161 1041 5219 hominibus
1061 5171 1115 5219 et
1133 5160 1467 5217 animalibus
1481 5159 1634 5217 dedit
1654 5178 1668 5228 ;
1692 5159 1811 5215 ani-

222 5255 466 5316 malibus
492 5254 562 5311 ad
589 5255 761 5312 vitam
789 5269 945 5309 suam
979 5250 1359 5308 tantummodo
1384 5248 1669 5318 tuendam,
1704 5248 1816 5305 ho-

222 5346 472 5405 minibus
498 5354 682 5403 autem
712 5352 765 5403 et
792 5343 864 5401 ad
900 5340 1072 5400 vitam
1103 5339 1383 5410 tuendam,
1413 5349 1468 5397 et
1498 5347 1561 5396 ut
1601 5355 1699 5412 per
1723 5355 1816 5397 eos
1850 5330 1857 5341 ’

222 5438 371 5498 ratio
396 5436 638 5494 animam
671 5451 792 5511 qua
822 5432 906 5491 illi
952 5431 1249 5492 commissa
1296 5437 1378 5488 est
1414 5445 1513 5505 per
1535 5430 1686 5487 viam
1718 5445 1817 5487 re-

303 5655 421 5731 (61)
466 5653 669 5714 Omnes
696 5653 856 5726 edit.,
893 5655 1048 5730 quia
1102 5656 1247 5730 longe
1289 5650 1589 5728 navigant;
1640 5650 1816 5714 codex

227 5732 427 5800 lacum,
446 5734 552 5787 etc.

1924 3277 2288 3351 telligendum
2319 3284 2424 3334 est.

1999 3377 2180 3449 (Vers.
2216 3375 2302 3444 18,
2337 3376 2450 3449 19.)
2484 3378 2557 3433 Et
2585 3375 2755 3432 omnis
2786 3372 3125 3446 gubernator,
3153 3379 3202 3428 et
3227 3388 3401 3428 omnes
3428 3373 3522 3443 qui

1924 3469 1982 3525 in
2009 3469 2180 3523 lacum
2202 3466 2456 3537 navigant
2488 3466 2628 3538 (61),
2659 3470 2709 3522 et
2730 3470 2907 3521 nauta
2932 3462 3025 3534 qui
3051 3462 3109 3519 in
3130 3462 3274 3519 mari
3300 3478 3521 3533 operan-

1928 3564 2036 3626 tur,
2071 3558 2217 3628 longe
2262 3561 2534 3621 steterunt,
2583 3560 2631 3611 et
2677 3556 3057 3622 clamauerunt,
3097 3552 3325 3610 videntes
3353 3553 3522 3608 locum

1925 3646 2155 3703 incendii
2208 3644 2341 3716 ejus,
2398 3644 2661 3701 dicentes:
2724 3645 2851 3712 Qua
2906 3643 3097 3699 similis
3152 3642 3353 3698 civitati
3400 3642 3521 3698 huic

1924 3752 2127 3808 magna
2146 3736 2174 3792 ?
2223 3736 2298 3791 Et
2349 3734 2607 3789 miserunt
2654 3734 2927 3806 pulverem
2977 3748 3138 3804 super
3184 3732 3361 3805 capita
3423 3749 3521 3790 sua

1924 3826 2102 3897 ﬂentes
2130 3829 2179 3879 et
2217 3812 2477 3895 lugentes,
2502 3827 2550 3877 et
2599 3821 2856 3877 dicentes:
2914 3821 3019 3889 Va,
3071 3837 3168 3889 va,
3210 3820 3394 3877 civitas
3420 3821 3521 3878 illa

1924 3930 2142 3985 magna,
2175 3912 2235 3968 in
2278 3929 2385 3984 qua
2415 3911 2599 3967 divites
2643 3911 2774 3982 facti
2814 3915 2940 3965 sunt
2976 3926 3173 3979 omnes,
3217 3910 3310 3981 qui
3336 3910 3523 3967 habent

1924 4021 2083 4060 naves
2105 4004 2164 4059 in
2187 4003 2330 4060 mari
2358 4003 2421 4058 de
2440 4002 2631 4075 pretiis
2657 4001 2812 4072 ejus;
2842 4001 3095 4073 quoniam
3130 4018 3240 4057 una
3267 4003 3400 4059 hora
3428 4002 3520 4059 de-

1927 4095 2098 4150 solata
2123 4093 2243 4148 est!
2294 4092 2588 4149 Possumus
2615 4106 2713 4164 per
2749 4106 2897 4147 mare
2929 4089 3036 4147 hoc
3074 4091 3338 4148 saeculum
3372 4111 3385 4149 :
3424 4107 3523 4165 per

1928 4183 2318 4257 gubernatores
2350 4197 2484 4237 vero
2508 4180 2784 4253 principes
2813 4179 3033 4252 iniquos
3061 4179 3366 4254 intelligere
3390 4198 3403 4238 :
3426 4196 3524 4254 per

1928 4288 2020 4329 eos
2057 4277 2240 4327 autem
2270 4269 2366 4342 qui
2406 4269 2473 4326 de
2521 4270 2642 4325 loco
2685 4267 2753 4324 ad
2797 4268 2981 4325 locum
3020 4267 3301 4340 navigant,
3337 4275 3392 4325 et
3426 4285 3524 4342 per

1926 4366 2122 4416 nautas
2150 4358 2248 4432 qui
2278 4358 2337 4413 in
2374 4357 2515 4414 mari
2543 4362 2860 4430 operantur,
2907 4372 3001 4413 eos
3028 4345 3133 4430 qui
3154 4356 3372 4413 diversa
3399 4356 3521 4414 oﬂi-

1928 4450 2014 4508 cia
2036 4449 2105 4505 ad
2136 4448 2568 4522 depradationes
2596 4464 2921 4520 pauperum,
2981 4454 3035 4502 et
3081 4446 3147 4502 ad
3179 4454 3399 4518 peccata
3425 4462 3524 4503 sua

1929 4537 2176 4612 quotidie
2208 4537 2455 4610 augenda
2497 4536 2555 4592 in
2584 4535 2795 4592 mundo
2821 4541 3100 4591 exercent.
3140 4533 3239 4589 Isti
3267 4549 3395 4606 ergo
3423 4532 3521 4589 ﬂe-

1927 4627 2068 4684 bunt
2109 4637 2163 4685 et
2190 4627 2477 4701 lugebunt,
2521 4624 2772 4681 videntes
2800 4623 2983 4678 locum
3014 4621 3259 4679 incendii
3288 4621 3521 4695 Babylo-

1926 4716 2014 4772 nis
2044 4735 2058 4783 ;
2092 4716 2196 4789 ipsi
2228 4730 2463 4788 namque
2490 4722 2653 4769 erunt
2670 4711 2939 4784 Babylon,
2970 4717 3026 4766 et
3049 4709 3154 4782 ipsi
3175 4710 3441 4783 lugebant
3467 4719 3521 4768 et

1926 4803 2157 4861 flebunt.
2202 4803 2484 4863 Videbunt
2528 4808 2710 4857 autem
2740 4797 2997 4856 incendia
3028 4797 3348 4871 Babylonis,
3390 4799 3522 4872 quia

1926 4911 2023 4951 sua
2061 4892 2318 4951 incendia
2368 4890 2693 4965 perferendo
2739 4887 3030 4957 videbunt,
3071 4903 3191 4961 qua
3233 4894 3416 4943 mente
3460 4887 3519 4944 in

1925 4984 2125 5042 saeculo
2155 4980 2344 5056 positi,
2373 4979 2690 5052 conspicere
2736 4978 3121 5051 neglexerunt,
3152 4983 3217 5035 ut
3243 4993 3301 5034 se
3342 4977 3520 5035 corri-

1925 5078 2132 5146 gerent.
2170 5069 2275 5138 Qui
2306 5068 2470 5126 etiam
2499 5068 2738 5125 cinerem
2771 5083 2934 5140 super
2964 5067 3144 5141 capita
3171 5082 3271 5124 sua
3306 5066 3519 5124 misisse

1926 5160 2225 5227 dicuntur;
2274 5175 2402 5214 nam
2432 5174 2573 5230 saepe
2622 5159 2719 5230 par
2759 5166 2924 5232 caput
2959 5174 3135 5229 mens,
3181 5173 3278 5230 per
3308 5157 3520 5214 cineres

1926 5256 2147 5323 peccata
2190 5246 2570 5321 designantur.
2609 5245 2864 5305 Cinerem
2908 5246 3091 5320 itaque
3137 5262 3299 5320 super
3341 5245 3521 5318 capita

1924 5355 2024 5397 sua
2049 5345 2292 5412 ponent;
2343 5337 2474 5412 quia
2502 5336 2768 5395 memoria
2794 5346 3137 5412 peccatorum
3168 5352 3199 5393 a
3239 5335 3519 5394 mentibus

1923 5445 2114 5487 eorum
2143 5443 2427 5502 nunquam
2452 5424 2690 5485 recedet.

1878 5665 2043 5727 gem.,
2086 5649 2181 5724 qui
2224 5651 2285 5709 in
2324 5651 2496 5709 locum
2533 5647 2826 5723 navigant:
2878 5648 3002 5724 Sag.
3052 5656 3109 5707 et
3137 5649 3292 5724 Reg.,
3332 5649 3427 5725 qui
3460 5647 3521 5708 in
