3964 6440
503 415 640 474 1007

1509 413 1604 468 AD
1641 409 1876 468 OPERA
1911 410 1968 465 S.
2009 407 2344 466 AMBROSII
2380 408 2760 465 APPENDIX.

3657 403 3810 459 1008

570 537 754 610 (Vers.
787 535 904 608 20.)
946 537 1178 592 Exsulta
1227 551 1385 607 super
1428 551 1562 602 eam,
1592 536 1796 603 c'rlum,
1831 541 1878 589 et
1919 533 2086 589 sancti
2112 530 2254 594 Ain
2290 540 2613 604 perpetuum
2675 531 2942 603 segregari
2999 529 3231 586 nollent.
3264 529 3423 584 Tales
3460 491 3596 599 ergo
3648 531 3809 589 568

495 625 724 698 apostoli
756 631 806 680 et
832 625 1144 697 prophetes;
1189 625 1317 694 quia
1355 623 1620 693 judicavit
1658 624 1798 680 Deus
1825 621 2091 691 judicium

495 722 726 770 vestrum
753 715 817 769 de
843 715 962 770 illa.
995 713 1290 769 Possumus
1333 729 1432 786 per
1473 714 1674 770 caelum
1721 712 1959 784 angelos,
1995 725 2092 782 per

497 805 774 878 apostolos
821 803 956 860 novi
1007 801 1343 859 Testamenti
1398 808 1597 874 patres,
1657 817 1754 874 per
1799 800 2091 873 prophetas

503 901 688 950 autem
718 903 900 966 patres
931 892 1132 948 veteris
1161 891 1496 946 Testamenti
1527 890 1849 961 intelligere.
1877 889 2094 944 Exsul-

497 985 697 1042 tabunt
739 985 928 1058 igitur,
966 1000 1092 1040 cum
1140 983 1419 1039 destructa
1463 981 1629 1038 fuerit
1666 981 1847 1037 omnis
1875 988 2092 1038 caterva

499 1075 798 1148 impiorum
827 1090 954 1132 cum
995 1073 1130 1146 ipsis
1157 1071 1500 1130 daemonibus
1529 1073 1845 1129 auctoribus
1875 1071 2093 1144 iniqui-

497 1165 1081 1226 tatum.Exsultahunt
1107 1167 1293 1234 etiam,
1325 1182 1389 1223 eo
1415 1165 1561 1239 quod
1591 1175 1725 1223 tunc
1749 1165 1916 1220 ﬁnem
1944 1181 2094 1222 acce-

499 1265 659 1331 ptura
685 1257 758 1314 sit
787 1256 968 1314 omnis
1008 1255 1222 1314 malitia
1264 1263 1318 1312 et
1346 1255 1649 1314 adducetur
1679 1254 1898 1328 justitia
1938 1271 2092 1311 sem-

498 1347 714 1420 piterna
741 1344 882 1417 (62).

573 1443 756 1517 (Vers.
788 1442 906 1515 21.)
960 1444 1034 1499 Et
1070 1441 1285 1498 sustulit
1322 1459 1458 1498 unus
1503 1443 1719 1514 angelus
1763 1441 1922 1513 fortis
1958 1442 2091 1514 lapi-

499 1535 615 1591 dem
641 1533 798 1606 quasi
828 1534 1080 1588 molarem
1127 1549 1396 1603 magnum,
1445 1538 1493 1588 et
1529 1532 1675 1588 misit
1716 1532 1773 1587 in
1800 1549 1966 1600 mare,
1999 1531 2093 1586 di-

499 1641 616 1680 cens
647 1640 666 1679 :
707 1624 818 1680 Hoc
849 1623 1044 1694 impetu
1070 1621 1308 1677 mittetur
1335 1621 1575 1690 Babylon
1610 1638 1825 1692 magna,
1872 1627 1921 1676 et
1946 1623 2095 1678 ultra

499 1729 607 1770 non
659 1712 975 1768 invenietur.
1037 1711 1144 1766 Iste
1190 1711 1417 1784 angelus
1472 1708 1753 1767 Christum
1799 1709 2091 1782 signiﬁcat,

499 1800 596 1877 qui
633 1799 792 1858 fortis
843 1815 960 1858 esse
989 1797 1238 1868 dicitur;
1290 1798 1420 1872 quia
1462 1798 1844 1856 fortitudinem
1888 1797 2096 1871 Christi

2196 630 2435 686 artiﬁces
2471 630 2529 684 in
2557 629 2838 701 Babylone
2865 643 2977 684 non
3010 626 3306 683 audientur
3334 625 3616 698 amplius;
3663 623 3808 697 quia

2197 736 2324 776 cum
2353 735 2414 774 ea
2443 719 2500 774 in
2531 728 2854 792 perpetuum
2884 717 3314 774 damnabantur.
3365 716 3504 784 Quia
3523 720 3810 770 mercato-

2197 827 2282 864 res
2307 809 2384 864 tui
2404 817 2559 864 erant
2581 809 2851 881 principes
2882 815 3057 864 terrai.
3091 809 3266 865 Habet
3295 807 3545 864 Ecclesia
3574 821 3808 863 merca-

2200 905 2344 954 tores
2360 914 2509 966 suos,
2551 897 2715 954 habet
2739 905 2793 953 et
2836 897 3086 970 Babylon
3116 915 3128 952 :
3172 905 3506 953 mercatores
3533 894 3810 952 Ecclesiae

2199 986 2484 1043 thesauros
2510 1003 2638 1043 suos
2683 987 2742 1042 in
2784 987 2924 1044 cmlo
2975 986 3300 1056 recondunt,
3331 985 3429 1042 ubi
3482 985 3634 1041 fures
3685 1000 3810 1040 non

2199 1077 2469 1132 eﬂ'odiunt
2510 1084 2564 1132 et
2610 1076 2863 1133 furantur
2912 1077 3126 1147 (Matth.
3172 1094 3252 1146 v1,
3283 1075 3418 1147 20);
3460 1083 3810 1132 mercatores

2199 1185 2330 1226 vero
2369 1167 2671 1242 Babylonis
2697 1169 2984 1226 thesauros
3012 1187 3139 1226 suos
3185 1168 3244 1224 in
3272 1178 3418 1225 terra
3462 1169 3807 1236 recondunt,

2197 1258 2297 1314 ubi
2325 1257 2474 1313 fures
2504 1258 2790 1327 effodiunt,
2815 1275 2916 1316 nec
2938 1259 3211 1315 furantur.
3237 1259 3308 1314 Et
3335 1259 3392 1312 in
3413 1257 3680 1329 veneﬁciis
3697 1255 3813 1312 tuis

2199 1353 2517 1403 erraverunt
2543 1365 2732 1404 omnes
2765 1357 2970 1422 gentes.
3006 1347 3288 1406 Veneﬁcia
3323 1347 3632 1420 Babylonis
3666 1353 3811 1402 sunt

2199 1437 2404 1494 diversi
2444 1453 2654 1496 errores
2708 1455 2804 1512 per
2859 1457 2996 1515 quos
3055 1456 3226 1514 genus
3276 1438 3584 1496 humanum
3623 1435 3813 1496 dece-

2200 1537 2356 1604 ptum
2391 1538 2491 1588 est.

2275 1620 2458 1692 (Vers.
2487 1619 2606 1694 24.)
2637 1622 2712 1677 Et
2737 1620 2795 1676 in
2836 1638 2898 1677 ea
2925 1619 3141 1692 sanguis
3175 1619 3558 1694 praphetarum
3582 1623 3634 1675 et
3660 1634 3813 1674 san—

2203 1717 2406 1768 ctorum
2429 1712 2671 1768 inventus
2708 1719 2800 1782 est,
2833 1719 2880 1768 et
2909 1712 3143 1768 omnium
3178 1713 3272 1784 qui
3302 1710 3564 1784 interfecti
3589 1715 3722 1766 sunt
3747 1709 3814 1765 in

2205 1807 2368 1858 terra.
2397 1801 2628 1875 Sanguis
2655 1809 2972 1858 sanctorum
3003 1801 3062 1858 in
3091 1817 3155 1858 ea
3183 1801 3442 1857 inventus
3469 1807 3573 1866 est,
3605 1797 3667 1854 id
3697 1805 3810 1868 est,

500 1897 704 1965 quanta
761 1888 854 1960 sit,
921 1887 1163 1946 humana
1227 1904 1382 1945 mens
1441 1887 1904 1962 comprehendere
1983 1905 2097 1946 non
2125 1897 2172 1960 Β
2201 1891 2380 1948 scelus
2410 1889 2810 1949 interfectionis
2833 1898 3170 1960 sanctorum,
3202 1891 3346 1948 sicut
3359 1889 3632 1946 Dominus
3662 1886 3813 1944 dicit

500 1985 679 2052 potest
705 1996 718 2041 ;
747 1994 844 2051 per
871 1977 1110 2051 lapidem
1139 1994 1272 2035 vero
1304 1978 1569 2035 molarem
1616 1994 1876 2052 magnum
1913 1977 2093 2034 omnis

499 2067 804 2124 multitudo
845 2067 1144 2141 impiorum
1191 2065 1554 2141 designatur:
1590 2085 1740 2125 mare
1785 2073 1966 2124 autem
2009 2067 2092 2124 in-

501 2155 718 2213 fernum
749 2155 1016 2230 designat,
1050 2156 1106 2212 in
1136 2171 1246 2230 quo
1275 2173 1468 2214 omnes
1497 2156 1657 2231 impii
1685 2157 2086 2230 demergentur.

499 2244 744 2319 Angelus
797 2245 969 2319 igitur
1007 2244 1245 2318 lapidem
1289 2247 1554 2303 molarem
1595 2239 1664 2304 in
1708 2262 1856 2302 mare
1899 2245 2086 2314 misit;

501 2338 632 2413 quia
658 2337 930 2396 Dominus
958 2347 1142 2395 noster
1167 2339 1322 2397 Iesus
1360 2339 1612 2397 Christus
1658 2339 1716 2394 in
1763 2338 1853 2395 die
1890 2335 2091 2410 judicii

501 2444 721 2486 omnem
770 2427 1069 2502 impiorum
1115 2427 1530 2486 multitudinem
1559 2445 1658 2485 suo
1694 2425 1846 2500 justo
1877 2423 2091 2498 judicio

501 2517 560 2574 in
595 2513 878 2574 infernum
907 2517 1204 2591 demerget.

573 2615 754 2688 (Vers.
787 2615 876 2684 22,
921 2614 1036 2688 23.)
1081 2617 1157 2672 Et
1186 2633 1292 2672 vos:
1320 2613 1748 2680 citharwdorum,
1783 2619 1830 2669 et
1858 2612 2092 2668 musico-

498 2722 639 2771 rum,
671 2711 718 2760 et
748 2704 876 2762 tibia
909 2705 1206 2762 canentium
1240 2711 1287 2761 et
1332 2704 1474 2772 tuba,
1512 2719 1620 2758 non
1659 2701 1908 2758 audietur
1951 2702 2010 2758 in
2047 2708 2092 2760 te

497 2795 748 2868 amplius.
783 2794 899 2852 Hoc
929 2794 1185 2868 superius
1231 2801 1718 2851 commemoratum
1749 2797 1850 2849 est.
1883 2793 1956 2848 Et
1983 2810 2090 2848 om-

496 2885 582 2942 nis
609 2883 834 2956 artifex,
861 2892 908 2941 et
921 2885 1090 2941 omnis
1117 2901 1211 2941 ars
1225 2899 1331 2938 non
1357 2881 1651 2938 invenietur
1678 2881 1736 2937 in
1763 2889 1807 2938 te
1835 2883 2088 2954 amplius,

495 2981 546 3032 et
595 2993 700 3032 vos:
747 2978 898 3033 molle
945 2994 1053 3034 non
1105 2976 1356 3033 audietur
1410 2975 1466 3030 in
1506 2982 1551 3030 te
1597 2975 1848 3046 amplius,
1892 2981 1940 3029 et
1995 2975 2090 3030 luat

500 3068 722 3124 lucerna:
747 3083 855 3122 non
885 3065 1069 3124 lucebit
1109 3065 1170 3121 in
1211 3071 1256 3121 te
1298 3063 1552 3136 amplius,
1583 3068 1630 3118 et
1673 3080 1778 3118 vos:
1821 3063 2000 3134 sponsi
2043 3069 2093 3118 et

495 3172 700 3229 sponsos
727 3173 833 3213 non
859 3157 1108 3213 audietur
1152 3154 1209 3210 in
1239 3161 1284 3210 te
1311 3153 1502 3210 adhuc.
1535 3150 1902 3220 Qumrendum
1929 3151 2090 3208 nobis

2201 1975 2390 2054 impiis
2411 1981 2616 2039 Iudaeis
2645 1981 2746 2039 sub
2790 1981 3078 2040 intellectu
3106 1982 3357 2038 omnium
3388 1979 3763 2054 reproborum
3795 1997 3808 2035 :

2215 2095 2233 2119 ι
2255 2071 2475 2140 Veniet,
2516 2071 2720 2146 inquit,
2765 2089 2930 2146 super
2975 2090 3074 2130 vos
3111 2072 3292 2129 omnis
3341 2071 3564 2146 sanguis
3612 2069 3816 2144 justus

2201 2159 2296 2233 qui
2325 2161 2531 2219 effusus
2564 2169 2646 2219 est
2676 2179 2840 2236 super
2864 2171 3070 2220 terram
3101 2163 3314 2235 (Matth.
3345 2178 3512 2230 χχιιι,
3542 2160 3663 2232 35).
3699 2181 3732 2211 n

2270 2247 2498 2306 CAPUT
2527 2251 2682 2308 XIX.
2707 2283 2778 2294 —
2807 2252 2988 2324 (Vers.
3021 2252 3172 2325 1-8.)
3199 2253 3275 2308 Et
3301 2251 3486 2308 audivi
3513 2249 3674 2322 quasi
3703 2268 3818 2306 vo—

2197 2355 2306 2394 cem
2331 2357 2574 2412 magnam
2605 2342 2852 2397 tubarum
2878 2344 3174 2398 multarum
3219 2341 3277 2397 in
3313 2343 3438 2398 caelo
3465 2341 3760 2396 dicentium
3795 2358 3811 2396 :

2197 2427 2454 2497 Alleluia,
2485 2431 2651 2497 salus,
2683 2435 2728 2484 et
2777 2429 2971 2500 gloria,
3014 2435 3062 2484 et
3101 2429 3276 2485 virtus
3323 2431 3432 2486 Deo
3482 2434 3674 2485 nostra
3709 2435 3812 2498 est,

2198 2525 2326 2595 quia
2351 2541 2478 2579 vera
2505 2530 2552 2578 et
2570 2522 2722 2593 justa
2751 2523 2963 2594 judicia
3003 2523 3118 2592 ejus
3160 2531 3322 2592 sunt;
3379 2524 3510 2595 quia
3529 2524 3817 2596 judicavit

2197 2613 2260 2668 de
2286 2611 2554 2668 meretrice
2585 2629 2798 2684 magna,
2827 2629 2944 2684 qua:
2971 2611 3212 2684 corrupit
3260 2618 3462 2667 terram
3505 2613 3565 2668 in
3602 2615 3814 2685 prosti-

2199 2703 2396 2760 tutione
2433 2719 2552 2772 sua,
2584 2709 2634 2758 et
2659 2703 2948 2759 vindicavit
2988 2701 3293 2775 sanguinem
3320 2707 3635 2759 sanctorum
3669 2721 3816 2759 suo—

2199 2813 2321 2852 rum
2349 2795 2410 2850 de
2437 2811 2602 2850 manu
2627 2793 2760 2864 ejus.
2799 2796 2873 2851 Et
2903 2794 3090 2850 iterum
3119 2793 3406 2850 dixerunt:
3437 2793 3688 2849 Alleluia
3709 2811 3733 2860 ;
3760 2801 3818 2851 et

2198 2887 2381 2959 fumus
2409 2884 2524 2957 ejus
2551 2884 2786 2942 ascendit
2812 2885 2870 2940 in
2911 2886 3104 2941 saecula
3142 2885 3476 2940 swculorum.
3509 2885 3585 2940 Et
3612 2885 3818 2958 viginti

2197 2983 2428 3049 quatuor
2454 2977 2682 3032 seniores
2711 2976 3002 3034 ceciderunt
3030 2977 3087 3032 in
3112 2975 3275 3046 facies
3303 2993 3450 3042 suas,
3491 2981 3542 3032 et
3563 2983 3816 3048 quatuor

2196 3067 2479 3137 animalia,
2545 3073 2594 3123 et
2656 3067 3017 3123 adoraverunt
3090 3067 3262 3123 Deum
3314 3067 3564 3122 sedentem
3638 3083 3818 3138 super

2199 3159 2464 3222 thronum,
2515 3155 2736 3212 dicentes
2767 3173 2786 3212 :
2828 3157 3018 3226 Amen,
3073 3157 3316 3214 alleluia.
3362 3158 3439 3213 Et
3465 3173 3572 3212 vos:
3601 3173 3815 3228 magna

497 3254 578 3304 est
605 3264 704 3306 cur
749 3253 912 3316 artes,
961 3253 1016 3304 et
1044 3261 1233 3303 vocem
1284 3243 1466 3312 molae,
1497 3251 1550 3300 et
1581 3244 1769 3298 lumen
1825 3243 2086 3311 lucernae,
2119 3266 2162 3328 ρ
2197 3245 2326 3300 exiit
2371 3245 2434 3300 de
2480 3244 2688 3312 throno,
2720 3243 2896 3300 dicens
2931 3263 2944 3300 :
3004 3245 3240 3301 Laudem
3267 3245 3422 3301 dicite
3448 3245 3557 3302 Deo
3585 3252 3810 3316 nostro,

496 3345 552 3394 et
579 3354 770 3396 vocem
809 3335 996 3411 sponsi
1044 3341 1100 3393 et
1126 3350 1335 3408 sponsae
1383 3333 1530 3390 inter
1555 3334 1762 3391 scelera
1789 3332 2089 3406 Babylonis

496 3435 814 3502 computet;
871 3443 997 3484 cum
1054 3425 1158 3482 ista
1212 3425 1400 3481 omnia
1459 3424 1577 3481 sine
1631 3423 1792 3496 culpa
1846 3422 2088 3479 exerceri

495 3520 728 3594 possint,
778 3525 834 3575 et
877 3516 997 3574 sine
1043 3514 1164 3573 istis
1192 3515 1309 3570 vita
1351 3513 1594 3570 humana
1636 3513 1933 3570 subsistere
1975 3530 2088 3570 non

493 3609 686 3682 possit.
737 3605 1070 3679 Spiritaliter
1121 3605 1306 3678 itaque
1354 3604 1460 3662 ista
1505 3605 1692 3660 omnia
1732 3604 2090 3678 intelligenda

493 3705 640 3756 sunt.
691 3695 988 3752 Possumus
1027 3709 1154 3767 ergo
1205 3709 1301 3767 per
1354 3702 1499 3750 artes
1545 3693 1869 3767 sapientiam
1923 3693 2089 3768 hujus

494 3781 705 3852 saeculi,
737 3797 858 3856 quae
888 3781 1128 3840 stultitia
1155 3791 1238 3841 est
1266 3783 1410 3856 apud
1435 3783 1607 3840 Deum
1625 3784 1690 3854 (Ι
1719 3783 1845 3840 Cor.
1863 3801 1947 3853 III,
1973 3785 2086 3855 19),

493 3870 820 3944 intelligere,
853 3887 986 3945 quas
1014 3871 1252 3930 artiﬁces
1292 3873 1522 3946 maligni
1554 3879 1609 3929 et
1654 3871 1758 3928 ﬁlii
1789 3871 2089 3946 Babylonis

495 3960 564 4018 ad
619 3958 727 4017 hoc
781 3958 1022 4032 discunt,
1066 3971 1128 4020 ut
1181 3963 1242 4019 in
1283 3962 1498 4018 malitia
1541 3961 1844 4034 Babylonis
1879 3962 2091 4036 possint

495 4049 797 4128 proficere;
851 4051 1124 4125 sapientes
1172 4051 1322 4109 enim
1369 4058 1498 4109 sunt
1551 4058 1614 4108 ut
1673 4051 1892 4108 faciant.
1923 4053 2089 4120 mala,

495 4139 633 4198 bene
659 4149 842 4198 autem
893 4143 1068 4200 facere
1116 4143 1372 4200 nesciunt
1423 4143 1639 4216 (Jerem.
1693 4159 1767 4212 1v,
1801 4141 1918 4215 22).
1947 4143 2092 4200 Mole

496 4245 628 4288 vero
659 4231 932 4305 quidquid
960 4232 1062 4290 sub
1089 4249 1146 4290 se
1187 4233 1480 4306 acceperit,
1515 4233 1752 4290 conterit
1780 4241 1836 4289 et
1864 4232 2092 4290 commi-

497 4321 652 4378 nuit:
701 4338 992 4395 possumus
1032 4322 1202 4396 igitur
1246 4339 1342 4397 per
1388 4324 1590 4378 molam
1629 4321 1844 4395 judices
1889 4322 2091 4394 impios

496 4412 761 4486 accipere.
814 4413 1018 4472 Vocem
1074 4430 1201 4487 ergo
1255 4413 1403 4470 mola
1453 4413 1648 4480 mittit,
1706 4429 1832 4471 cum
1875 4411 2090 4484 judices

497 4498 658 4575 impii
709 4501 920 4574 judicia
978 4501 1184 4576 injuste.
1235 4504 1304 4560 ad
1360 4503 1724 4561 conterendos
1773 4502 2090 4558 innocentes

497 4591 805 4666 proferunt.
855 4593 960 4650 Per
1009 4593 1198 4649 lumen
1225 4608 1357 4650 vero
1409 4594 1666 4662 lucernae,
1702 4587 1867 4662 hujus
1903 4590 2090 4648 saeculi

499 4683 673 4758 gloria
699 4683 1017 4755 designatur
1047 4701 1058 4740 :
1092 4681 1159 4740 de
1207 4681 1310 4740 hac
1353 4683 1579 4740 lucerna
1605 4682 1741 4740 dicit
1769 4682 2084 4755 Scriptura:

511 4797 533 4822 ι
561 4775 809 4832 Lucerna
823 4774 1120 4848 impiorum
1141 4774 1522 4847 exstinguetur
1544 4774 1730 4846 (Prov.
1745 4791 1903 4842 xxxv,
1926 4772 2043 4846 20).
2059 4796 2078 4821 ι

498 4863 748 4922 Lucerna
802 4863 1004 4938 quippe
1054 4863 1355 4937 impiorum
1395 4863 1786 4936 exstinguitur,
1835 4879 1962 4918 cum
2020 4860 2089 4917 ab

501 4952 606 5011 hac
634 4953 749 5010 vita
773 4953 1064 5022 subtracti,
1097 4952 1358 5026 gaudium
1387 4953 1686 5024 temporale
1721 4951 2008 5018 amittunt,
2040 4957 2094 5007 et

502 5050 762 5100 mternam
795 5039 1081 5098 tristitiam
1127 5041 1436 5098 incurrunt.
1487 5042 1785 5098 Possumus
1811 5038 2094 5097 nihilomi-

503 5148 609 5190 nus
662 5147 758 5206 per
795 5145 1058 5204 sponsum
1110 5138 1382 5190 amatores
1427 5131 1636 5202 saeculi,
1691 5148 1789 5204 per
1839 5146 2094 5204 sponsam

503 5237 634 5278 vero
673 5229 874 5278 terram
907 5219 1217 5294 intelligere
1247 5239 1263 5290 ;
1303 5221 1432 5295 quia
1468 5221 1611 5280 sicut
1647 5238 1803 5278 amor
1831 5236 2092 5294 sponsum

501 5319 557 5368 et
584 5327 839 5386 sponsam
889 5311 1043 5384 ligat,
1094 5319 1157 5368 ut
1211 5327 1322 5367 una
1358 5327 1484 5368 caro
1531 5311 1876 5369 efﬁciantur:
1936 5311 2015 5366 ita
2041 5316 2096 5367 et

503 5415 658 5458 amor
686 5402 878 5461 saeculi
923 5409 1192 5458 amatores
1237 5417 1365 5458 suos
1391 5401 1472 5458 sic
1503 5408 1656 5458 terrae
1698 5400 2004 5475 conjungit,
2033 5407 2096 5457 ut

502 5510 675 5555 unum
727 5515 854 5556 cum
908 5513 972 5554 ea
999 5495 1330 5566 efﬁciantur,
1385 5511 1416 5552 a
1461 5510 1589 5569 qua,
1636 5495 1686 5552 si
1739 5493 1860 5552 ﬁeri
1891 5499 2090 5568 posset,

517 5704 528 5717 ⁸
580 5636 812 5717 (_6_2)_Ita
859 5655 1029 5717 mea,
1071 5636 1206 5717 edit.
1255 5635 1618 5716 e‘contrario,
1673 5642 1720 5693 et
1768 5635 2097 5693 adducentur

499 5709 638 5784 justi
647 5709 960 5784 Aadugaudia
987 5709 1321 5784 sempiterna}

583 5777 700 5853 (63)
731 5776 882 5838 Edit.
903 5789 956 5839 et
971 5776 1108 5840 mss."
1123 5783 1281 5856 Reg.,
1301 5797 1406 5840 esse
1417 5776 1642 5840 divisam
1668 5797 1683 5850 ;
1705 5778 1840 5839 edit.
1862 5778 2089 5840 addunt:

2197 3351 2370 3390 omnes
2417 3333 2587 3390 sancti
2639 3333 2774 3405 ejus,
2827 3341 2877 3391 et
2925 3333 3019 3407 qui
3080 3335 3268 3392 timetis
3321 3353 3458 3406 eum,
3513 3336 3716 3408 pusilli
3759 3343 3818 3394 et

2194 3424 2392 3495 magni.
2456 3426 2532 3480 Et
2583 3425 2771 3480 audivi
2815 3425 2970 3496 quasi
3024 3441 3198 3480 vocem
3267 3425 3404 3481 tuba:
3468 3442 3698 3498 magna,
3757 3431 3813 3482 et

2193 3511 2352 3584 quasi
2393 3527 2566 3566 vocem
2612 3528 2880 3582 aquarum
2939 3508 3255 3578 multarum,
3321 3517 3370 3567 et
3411 3514 3564 3583 quasi
3618 3529 3812 3570 vocem

2198 3601 2554 3657 tonitruorum
2602 3617 2937 3672 magnorum,
2985 3599 3267 3656 dicentium
3298 3617 3311 3656 :
3351 3599 3610 3670 Alleluia,
3650 3617 3813 3673 quo-

2199 3689 2344 3745 niam
2397 3688 2636 3761 regnavit
2689 3689 2950 3746 Dominus
3001 3690 3144 3746 Deus
3194 3693 3370 3746 noster
3419 3689 3756 3761 omnipotens
3791 3709 3808 3748 :

2190 3785 2538 3858 gaudeamus,
2594 3789 2642 3840 et
2697 3785 3036 3855 exsultemus,
3087 3789 3136 3840 et
3187 3783 3365 3840 deinus
3417 3781 3649 3855 gloriam
3700 3782 3812 3850 ei}

2197 3877 2326 3950 quia
2354 3883 2606 3935 venerunt
2638 3878 2838 3950 nuptiis
2865 3877 3026 3950 Agni,
3071 3882 3118 3932 et
3145 3892 3288 3932 uxor
3314 3874 3428 3946 ejus
3459 3875 3816 3948 praeparavit

2196 3984 2268 4023 se.
2316 3968 2391 4024 Et
2414 3969 2597 4024 datum
2631 3973 2707 4023 est
2735 3967 2782 4022 ei
2815 3973 2877 4022 ut
2923 3965 3132 4038 aperiat
3160 3982 3214 4020 se
3259 3963 3468 4034 byssina
3492 3963 3813 4036 splendente

2198 4057 2470 4123 candido;
2520 4056 2790 4128 byssinum
2841 4053 2980 4112 enim
3021 4053 3432 4126 justiﬁcationes
3486 4061 3618 4112 sunt
3678 4072 3810 4112 san-

2196 4152 2421 4202 ctorum.

2268 4233 2460 4289 Totam
2508 4230 2840 4288 sententiam
2893 4230 3074 4304 posui,
3130 4237 3195 4286 ut
3247 4229 3494 4304 undique
3540 4231 3810 4290 circum-

2197 4330 2380 4394 specta
2409 4319 2524 4394 ejus
2553 4321 2832 4378 subtilitas
2867 4319 3086 4376 facilius
3125 4318 3370 4391 indagari
3401 4309 3596 4392 possit.
3627 4322 3678 4378 A
3706 4339 3812 4378 se-

2198 4419 2344 4486 ptem
2389 4429 2628 4487 namque
2657 4412 2892 4470 vocibus
2922 4411 3213 4486 quinquies
3251 4409 3476 4466 alleluia
3505 4410 3811 4472 decantata

2197 4518 2311 4558 esse
2355 4503 2558 4574 legitur
2599 4521 2612 4560 :
2661 4503 2844 4576 primo
2897 4510 2952 4558 et
2989 4501 3232 4558 secundo
3280 4517 3312 4557 a
3352 4517 3488 4557 voce
3533 4499 3808 4561 tubarum

2197 4593 2540 4662 multarum;
2585 4593 2750 4648 tertio
2795 4609 2828 4649 a
2858 4591 3061 4665 viginti
3092 4598 3328 4666 quatuor
3375 4589 3714 4660 senioribus,
3750 4600 3810 4650 et

2197 4689 2430 4756 quatuor
2458 4681 2789 4739 animalibus
2819 4701 2834 4751 ;
2867 4687 3061 4755 quarto
3093 4697 3125 4736 a
3156 4696 3292 4737 voce
3319 4679 3386 4735 de
3414 4679 3623 4736 throno
3652 4681 3808 4738 exiit

2201 4789 2312 4828 non
2329 4771 2443 4844 jam
2462 4773 2706 4842 alleluia,
2730 4772 2824 4829 sed
2845 4771 2962 4844 ejus
2985 4769 3364 4844 interpretatio
3377 4770 3669 4827 decantata
3690 4780 3806 4843 est,

2201 4863 2258 4919 id
2289 4871 2370 4918 est
2403 4881 2416 4920 :
2447 4863 2682 4919 Laudem
2709 4863 2862 4918 dicite
2889 4863 3204 4930 Deonostro,
3233 4877 3408 4916 omnes
3438 4860 3611 4917 sancti
3642 4861 3806 4931 ejus;

2203 4951 2424 5008 alleluia
2457 4953 2660 5026 quippe
2699 4951 2958 5009 «laudate
2985 4950 3286 5008 Dominum
3309 4975 3326 5000 ι
3373 4957 3550 5007 sonat.
3583 4949 3806 5018 Quinto

2203 5059 2334 5100 vero
2361 5059 2393 5099 a
2422 5043 2598 5100 tribus
2625 5041 2856 5098 vocibus
2905 5042 3072 5098 semel
3119 5039 3404 5098 decantata
3451 5049 3552 5110 est,
3603 5040 3664 5097 id
3693 5051 3805 5113 est,

2203 5150 2236 5192 a
2265 5149 2400 5190 voce
2419 5132 2564 5190 tubae
2603 5148 2832 5204 magnai,
2866 5139 2920 5188 et
2945 5147 2976 5188 a
3009 5148 3142 5188 voce
3171 5147 3441 5204 aquarum
3467 5130 3805 5205 multarum,

2205 5233 2258 5282 et
2283 5241 2314 5280 a
2352 5239 2487 5280 voce
2524 5223 2899 5279 tonitruorum
2945 5238 3290 5294 magnorum.
3335 5219 3621 5292 Scriptura
3667 5221 3805 5279 libri

2203 5311 2371 5386 hujus
2412 5329 2552 5386 saepe
2578 5313 2916 5369 demonstrat
2945 5326 3164 5368 omnem
3193 5311 3494 5367 electorum
3525 5309 3806 5368 multitu-

2203 5403 2389 5461 dinem
2424 5401 2484 5459 in
2524 5409 2730 5474 septem
2769 5408 2948 5476 partes
3003 5416 3118 5456 esse
3161 5397 3519 5458 dividendam
3571 5398 3722 5473 (63),
3755 5402 3805 5460 si

2204 5491 2322 5566 ejus
2349 5491 2716 5566 intelligentia
2739 5490 2998 5549 subtilius
3022 5498 3413 5564 perscrutetur.
3436 5487 3582 5546 Iusti
3607 5488 3805 5564 itaque

2203 5635 2252 5693 si
2293 5635 2408 5707 ejus
2450 5635 2718 5710 subtilitas
2745 5634 3216 5710 velgintelligentia
3256 5639 3624 5710 perscrutetur
3641 5652 3667 5703 ;
3701 5634 3806 5694 alii

2203 5706 2335 5768 mss.
2370 5709 2594 5778 melius,
2623 5716 2686 5766 ut
2712 5722 2815 5765 nos
2838 5706 2900 5766 in
2919 5706 3096 5768 textu.
