3964 6416
261 441 411 500 1009

1164 443 1623 503 BERENGAUDI
1660 445 2035 507 EXPOSITIO
2072 449 2146 508 IN
2182 450 2686 512 APOCALYPSIN.

3433 459 3573 560 101ο

251 568 357 644 qui
384 574 509 625 ante
536 567 813 627 diluvium
844 568 1089 640 fuerunt,
1122 571 1191 629 ad
1223 572 1456 645 primam
1488 580 1741 646 partem:
1776 574 1865 631 illi
1895 576 1947 635 Α
2043 576 2188 645 Quid
2230 588 2412 636 autem
2452 581 2575 638 istae
2614 588 2724 638 tres
2777 589 2958 658 partes
2998 582 3311 656 decantent,
3361 586 3566 644 audia-

249 659 356 733 qui
384 666 507 732 post
536 658 815 716 diluvium
842 675 1129 735 usquequo
1150 661 1265 719 Lex
1293 661 1419 719 data
1447 670 1548 732 est,
1579 662 1647 719 ad
1676 679 1867 721 secun-

248 750 388 809 dam
437 752 735 825 pertinent,
780 754 922 810 sicut
976 771 1117 827 saepe
1161 754 1277 828 jam
1331 755 1862 827 demonstravimus;

258 843 586 916 nullamque
614 842 778 899 aliam
811 844 983 916 legem
1013 845 1345 916 habuerunt,
1386 848 1493 904 nisi
1534 850 1863 915 naturalem,

251 932 321 989 id
354 939 453 1001 est,
487 932 841 989 dilectionem
870 934 968 990 Dei
998 945 1050 992 et
1081 936 1344 1008 proximi.
1378 936 1493 993 Scit
1520 938 1667 993 enim
1697 955 1863 995 unus-

246 1023 489 1098 quisque
527 1038 583 1078 se
621 1021 817 1078 debere
862 1022 1057 1080 timere
1095 1032 1149 1081 et
1196 1042 1359 1098 super
1405 1027 1591 1082 omnia
1636 1027 1863 1100 diligere

246 1130 438 1170 euma
485 1129 592 1187 quo
632 1120 849 1169 creatus
894 1124 1000 1181 est,
1046 1125 1098 1171 et
1143 1133 1175 1173 a
1222 1134 1329 1189 quo
1371 1117 1421 1173 ei
1471 1118 1588 1175 vita
1633 1126 1686 1173 et
1732 1120 1862 1176 vita:

244 1202 501 1261 subsidia
555 1203 986 1261 ministrantur:
1039 1214 1093 1261 et
1140 1206 1283 1261 nulli
1327 1223 1385 1262 se
1437 1206 1634 1263 debere
1679 1207 1856 1265 facere

243 1294 400 1368 quod
430 1310 540 1350 non
570 1296 692 1350 vult
717 1295 784 1350 ab
813 1294 924 1351 alio
956 1295 1089 1367 pati.
1143 1297 1299 1352 Hanc
1337 1296 1513 1368 legem
1541 1298 1729 1354 nullus
1762 1298 1857 1372 qui

241 1399 399 1440 sanat
449 1384 650 1439 mentis
697 1393 801 1452 est,
852 1384 1102 1455 ignorare
1152 1388 1515 1458 permittitur.
1559 1390 1661 1444 Per
1697 1390 1856 1447 tubas

240 1471 422 1544 igitur
450 1471 651 1527 multas
677 1470 836 1527 electi
865 1472 959 1545 qui
1006 1482 1132 1529 ante
1181 1473 1457 1530 diluvium
1511 1474 1757 1546 fuerunt,
1801 1494 1855 1541 et

238 1561 342 1634 qui
372 1567 493 1633 post
521 1560 797 1616 diluvium
830 1578 1002 1634 usque
1030 1560 1099 1617 ad
1139 1562 1280 1618 illud
1328 1573 1543 1636 tempus
1584 1582 1692 1638 quo
1740 1567 1853 1622 Lex

239 1648 379 1706 data
403 1658 504 1719 est,
541 1649 916 1721 designantur.
950 1651 1155 1707 Vocem
1211 1652 1533 1722 emiserunt,
1580 1654 1707 1727 quia
1758 1671 1853 1727 per

236 1741 656 1814 pradicationis
711 1758 821 1797 suae
875 1741 1203 1811 doctrinam,
1260 1759 1611 1817 quoscunque
1663 1754 1848 1817 potue-

234 1837 394 1901 runt,
425 1847 457 1887 a
477 1830 592 1887 suis
622 1831 901 1887 erroribus
928 1841 1329 1888 revocaverunt
1355 1851 1366 1889 :
1398 1832 1624 1889 alleluia
1652 1834 1845 1892 decan-

1975 681 2134 723 mus:
2195 666 2454 738 Alleluia,
2512 670 2764 742 quoniam
2818 674 3060 745 regnavit
3112 675 3374 732 Dominus
3425 678 3570 735 Deus

1973 762 2149 811 noster
2171 758 2526 830 omnipotens;
2577 759 2636 815 id
2662 768 2764 830 est,
2817 761 3102 819 laudemus
3129 765 3453 837 Dominum,
3501 783 3567 825 eo

1974 845 2121 917 quod
2149 848 2428 905 destructo
2455 865 2622 922 regno
2650 850 2856 908 diaboli
2886 853 3184 926 perditoris
3216 858 3417 927 noStri,
3449 857 3565 931 ipse

1974 933 2033 989 in
2064 935 2222 992 nobis
2249 954 2473 1010 regnare
2503 939 2780 1011 dignatur,
2825 942 2920 1015 qui
2950 951 3031 1000 est
3055 943 3328 1002 Dominus
3356 952 3409 1002 et
3436 946 3565 1003 Sal-

1973 1030 2131 1079 vator
2176 1034 2379 1083 noster.
2438 1028 2770 1084 Gaudeamus
2815 1035 2862 1084 et
2904 1034 3246 1102 exsultemus,
3292 1040 3340 1091 et
3384 1036 3563 1093 demus

1968 1113 2197 1182 gloriam
2225 1114 2272 1169 ei
2287 1133 2309 1181 ;
2347 1116 2475 1187 quia
2502 1124 2755 1173 venerunt
2778 1119 2976 1191 nuptiae
3002 1120 3162 1201 Agni,
3206 1130 3256 1179 et
3280 1140 3422 1180 uxor
3449 1125 3562 1196 ejus

1961 1206 2295 1276 prwparavit
2321 1224 2391 1262 se.
2441 1206 2569 1263 Ideo
2613 1208 2967 1280 gaudeamus,
3018 1210 3143 1267 ideo
3197 1215 3555 1285 exsultemus,

1966 1309 2031 1359 eo
2064 1294 2210 1366 quod
2252 1295 2628 1354 misericordia
2666 1298 2971 1356 conditoris
3020 1302 3193 1358 nostri
3254 1303 3557 1362 Ecclesiam

1964 1399 2140 1452 suam,
2165 1400 2285 1457 quae
2312 1403 2503 1443 sumus
2528 1404 2649 1454 nos,
2672 1386 2749 1443 ita
2776 1388 2881 1445 sibi
2913 1388 3242 1463 conjungere
3270 1393 3343 1448 sit
3368 1392 3555 1465 digna-

1963 1476 2071 1541 tus,
2116 1480 2176 1528 ut
2205 1490 2402 1546 sponsa
2429 1476 2785 1549 conjungitur
2811 1494 3011 1550 sponso
3040 1495 3175 1549 suo;
3209 1486 3355 1545 569
3406 1499 3553 1556 qua-

1966 1578 2123 1628 tenus
2152 1573 2327 1631 simus
2355 1591 2480 1638 cum
2515 1577 2632 1650 ipso
2668 1593 2780 1633 una
2826 1593 2972 1644 caro,
3027 1578 3170 1635 sicut
3214 1578 3354 1639 dicit
3397 1579 3556 1639 Scri-

1960 1669 2160 1733 ptura:
2234 1684 2253 1709 ι
2297 1664 2479 1719 Erunt
2537 1664 2649 1721 duo
2690 1664 2750 1720 in
2797 1682 2961 1722 carne
3003 1682 3112 1723 una
3161 1667 3317 1740 (Gen.
3354 1686 3416 1739 II,
3448 1669 3550 1738 24;

1958 1752 2154 1822 Ephes.
2206 1768 2261 1820 v,
2312 1751 2501 1823 31);:
2562 1752 2709 1825 quod
2763 1754 3062 1827 Apostolus
3115 1753 3181 1810 de
3223 1755 3446 1814 Christo
3497 1765 3552 1814 et

1957 1841 2204 1897 Ecclesia
2231 1841 2652 1914 intelligendum
2683 1859 2797 1899 esse
2825 1841 3036 1900 docuit.
3071 1844 3223 1900 Uxor
3252 1843 3370 1916 ejus
3398 1861 3551 1917 pran-

233 1926 520 1988 taverunt,
565 1919 714 1992 quia,
736 1919 1038 1976 secundum
1084 1919 1352 1977 naturalis
1406 1922 1539 1995 legis
1584 1924 1840 1980 notitiam
1873 1940 1921 2001 Β
1954 1930 2167 2001 paravit
2194 1946 2269 1998 se,
2303 1931 2361 1986 id
2391 1938 2492 2000 est,
2544 1931 2792 1989 Ecclesia
2821 1948 2942 2007 quae
2970 1948 3114 1990 uxor
3141 1933 3287 2005 Agni
3316 1933 3544 2004 dicitur,

232 2026 337 2083 per
383 2010 526 2066 bona
563 2026 727 2082 opera
763 2011 876 2066 Deo
921 2011 1133 2082 placere
1180 2011 1556 2069 studuerunt:
1599 2014 1839 2071 secundo

230 2099 460 2155 alleluia
488 2099 772 2167 dixerunt,
794 2100 923 2172 quia
946 2099 1005 2155 hi
1027 2100 1121 2173 qui
1149 2110 1271 2173 post
1291 2101 1567 2158 diluvium
1591 2102 1834 2173 fuerunt,

228 2188 538 2245 secundum
594 2189 841 2244 eamdem
902 2188 1072 2261 legem
1122 2189 1396 2259 viventes,
1448 2192 1680 2247 creatori
1736 2209 1836 2248 suo

222 2277 379 2352 juste
411 2279 663 2334 viventes
700 2277 1067 2335 adhaeserunt.
1111 2278 1216 2334 Sed
1267 2280 1624 2351 qumrendum
1675 2281 1835 2338 nobis

228 2374 342 2434 est,
374 2384 473 2424 cur
501 2366 559 2422 in
598 2367 1049 2439 pronuntiatione
1093 2367 1333 2424 secunda
1380 2369 1603 2425 alleluia
1648 2370 1835 2427 furnus

225 2456 535 2528 Babylonis
574 2456 632 2511 in
671 2457 870 2513 saecula
900 2458 1227 2513 saeculorum
1257 2458 1567 2514 ascendisse
1595 2458 1829 2517 dicatur.

226 2546 418 2602 Potest
448 2562 543 2617 per
570 2545 785 2601 fumum
816 2545 963 2601 fama
999 2544 1295 2619 designari.
1346 2548 1563 2604 Scimus
1597 2549 1727 2621 quia
1773 2551 1831 2606 in

224 2634 471 2691 secunda
483 2642 634 2706 parte
649 2636 762 2691 Noe
783 2642 835 2691 et
847 2634 948 2689 ﬁlii
961 2634 1078 2707 ejus
1095 2636 1260 2707 primi
1278 2646 1579 2708 ponuntur,
1595 2654 1828 2710 quorum

224 2725 570 2798 temporibus
614 2726 771 2798 aquis
808 2727 1010 2782 diluvii
1050 2727 1354 2781 humanum
1386 2742 1556 2798 genus
1585 2726 1827 2784 deletum

226 2824 333 2871 est.
363 2815 555 2870 Postea
598 2830 729 2869 vero
765 2814 1001 2870 Sodoma
1046 2821 1101 2869 et
1148 2814 1471 2887 Gomorrha,
1523 2823 1576 2871 et
1621 2825 1827 2872 cznterze

224 2908 485 2966 civitates
515 2924 635 2981 quae
667 2907 745 2963 eis
772 2905 1145 2976 adhmrebant,
1185 2908 1392 2963 caelesti
1424 2907 1548 2979 igne
1574 2922 1826 2966 consum-

222 3005 337 3071 ptae
366 3007 516 3054 sunt.
552 2999 758 3053 Fumus
791 3012 918 3068 ergo
941 2995 1243 3068 Babylonis
1271 2996 1330 3051 in
1358 2998 1557 3054 saecula
1585 3000 1826 3056 saeculo-

222 3104 355 3143 rum
386 3087 651 3155 ascendit,
691 3086 820 3160 quia
854 3086 971 3143 haec
1000 3085 1145 3141 fama
1171 3084 1239 3141 ab
1266 3102 1360 3142 ore
1387 3086 1634 3144 ﬁdelium
1670 3105 1825 3146 nun-

227 3194 397 3251 quam
425 3176 660 3234 recedet.

1948 2019 2119 2076 variis
2147 2020 2452 2077 virtutibus
2481 2022 2828 2094 semetipsam
2859 2022 3100 2079 ornavit.
3148 2025 3223 2079 Et
3259 2024 3443 2079 datum
3472 2033 3549 2082 est

1946 2109 2034 2164 illi
2070 2116 2130 2164 ut
2165 2109 2373 2182 aperiat
2418 2127 2472 2165 se
2517 2111 2723 2182 byssina
2764 2112 3058 2183 splendenti
3101 2112 3347 2169 candido.
3400 2114 3585 2181 Quid'

1945 2197 2144 2271 byssus
2197 2198 2490 2269 signiticet,
2556 2199 2673 2272 ipse
2727 2201 2995 2273 exponit:
3052 2201 3343 2273 Byssinum
3392 2202 3544 2260 enim

1934 2287 2339 2359 justiﬁcationes
2364 2295 2491 2343 sunt
2516 2295 2839 2346 sanctorum.

2017 2387 2200 2459 (Vers.
2232 2386 2313 2459 9.)
2355 2389 2429 2444 Et
2464 2386 2607 2443 dixit
2651 2388 2826 2445 mihi:
2885 2388 3082 2458 Scribe,
3142 2390 3278 2447 beati
3326 2390 3422 2462 qui
3468 2392 3542 2447 ad

1942 2492 2139 2531 canam
2176 2477 2493 2548 nuptiarum
2519 2477 2661 2549 Αῃηί
2689 2477 2858 2534 vocati
2884 2486 3025 2535 sunt.
3078 2478 3376 2535 Prandium
3419 2480 3541 2535 ele-

1941 2573 2155 2622 ctorum
2182 2582 2331 2622 nunc
2365 2574 2465 2635 est,
2498 2566 2717 2640 quando
2747 2567 2806 2622 in
2837 2568 3085 2625 Ecclesia
3114 2569 3349 2641 dapibus
3377 2584 3538 2625 evan-

1941 2655 2129 2727 gelicis
2168 2663 2507 2727 pascuntur:
2568 2672 2723 2711 coena
2772 2671 2905 2712 vero
2952 2666 3086 2713 tunc
3135 2659 3263 2727 erit,
3317 2656 3538 2730 quando

1938 2754 2059 2819 post
2084 2746 2539 2802 resurrectionem
2588 2746 2649 2801 in
2687 2747 2896 2803 caelesti
2943 2747 3290 2804 beatitudine
3333 2758 3539 2806 aeterna

1936 2838 2110 2910 gloria
2155 2838 2527 2910 perfruentur.
2582 2839 2655 2893 Et
2695 2838 2825 2912 quia
2862 2838 3155 2911 prandium
3200 2839 3349 2914 quod
3385 2858 3536 2899 nunc

1934 2927 2135 3000 agitur,
2185 2933 2240 2982 et
2262 2926 2436 2982 bonos
2464 2934 2519 2982 et
2546 2926 2719 2982 malos
2748 2927 2963 3000 recipit,
3016 2944 3129 2983 non
3161 2944 3351 2985 omnes
3380 2929 3534 2987 beati

1934 3024 2081 3082 sunt,
2114 3016 2209 3088 qui
2237 3016 2296 3071 in
2333 3032 2397 3072 eo
2424 3015 2685 3073 videntur
2707 3016 3061 3072 recumbere:
3087 3015 3172 3073 illi
3205 3024 3390 3074 autem
3420 3019 3527 3076 soli

1932 3104 2077 3160 beati
2107 3111 2260 3174 sunt,
2288 3105 2384 3177 qui
2418 3105 2477 3160 in
2505 3105 2601 3161 illa
2629 3122 2804 3175 coena,
2834 3120 2954 3179 qua
2983 3112 3106 3179 post
3134 3104 3304 3164 ﬁnem
3330 3107 3527 3165 mundi

1931 3192 2120 3251 futura
2148 3204 2247 3262 est,
2278 3195 2637 3268 recipientur.

298 3294 372 3351 At
399 3311 530 3351 vero
560 3310 656 3367 per
683 3294 882 3367 viginti
919 3302 1153 3367 quatuor
1196 3294 1455 3365 seniores,
1500 3304 1678 3368 patres
1726 3299 1818 3371 qui
1856 3294 1899 3356 Ο
2005 3293 2186 3365 (Vers.
2222 3294 2336 3365 10.)
2375 3295 2450 3350 Et
2489 3293 2632 3349 dixit
2671 3293 2842 3349 mihi:
2888 3295 3011 3350 Hac
3054 3295 3217 3350 verba
3261 3296 3361 3352 Dei
3402 3314 3530 3355 vera

222 3387 328 3444 sub
357 3386 499 3458 Lege
528 3385 754 3442 fuerunt
780 3385 1156 3458 designantur.
1178 3384 1392 3454 Quibus
1411 3386 1824 3460 conjunguntur

219 3486 460 3550 quatuor
496 3476 775 3544 animalia,
834 3493 931 3548 per
983 3492 1102 3549 quae
1152 3492 1361 3531 novum
1411 3476 1819 3536 Testamentum

218 3567 527 3638 ﬁguratur;
587 3565 715 3637 quia
742 3564 802 3619 in
831 3564 1005 3619 veteri
1036 3565 1381 3621 Testamento
1425 3565 1471 3621 si
1500 3566 1822 3637 spiritaliter

218 3655 586 3727 intelligatur,
610 3670 817 3709 novum
849 3654 1185 3710 continetur.
1220 3652 1461 3709 Alleluia
1485 3654 1821 3713 decantave-

218 3752 373 3811 runt,
406 3743 535 3816 quia
568 3742 822 3799 mandata
871 3742 1065 3814 legalis
1116 3742 1486 3813 observantes,
1536 3761 1631 3816 per
1675 3744 1819 3802 bona

215 3848 385 3905 opera
412 3834 526 3887 Deo
556 3831 769 3903 placere
798 3830 1147 3887 studuerunt.
1197 3831 1299 3886 Per
1339 3832 1603 3888 thronum
1632 3842 1816 3890 autem

214 3921 499 3995 prophetae
528 3920 903 3993 designantur,
944 3936 1008 3976 eo
1058 3920 1205 3992 quod
1245 3920 1397 3977 sedes
1437 3921 1538 3978 Dei
1585 3921 1813 3990 fuerint,

215 4018 275 4067 et
301 4026 397 4082 per
425 4026 517 4065 eos
560 4026 658 4065 sua
695 4009 907 4080 judicia
953 4009 1302 4082 disposuerit.
1354 4012 1406 4066 A
1453 4010 1657 4068 throno
1703 4028 1816 4068 vox

214 4100 356 4157 exiit
392 4118 405 4156 :
438 4098 566 4173 quia
593 4115 623 4154 a
652 4097 936 4171 prophetis
964 4098 1283 4171 praedicatio
1311 4107 1497 4158 sancta
1526 4102 1807 4173 processit.

215 4189 458 4247 Laudem
507 4191 619 4245 Deo
667 4187 1099 4246 decantaverunt
1157 4189 1285 4262 quia
1336 4189 1386 4245 ei
1435 4198 1550 4247 tota
1606 4191 1811 4248 virtute

213 4279 425 4335 servire
478 4276 826 4333 studuerunt.
884 4278 1039 4333 Tuba
1096 4294 1227 4333 vero
1282 4295 1478 4350 magna
1528 4280 1809 4338 Christum

212 4363 525 4435 signiﬁcat:
554 4380 667 4418 vox
694 4362 842 4418 tubae
880 4364 1194 4435 praedicatio
1240 4372 1321 4421 est
1357 4367 1681 4439 Evangelii;
1714 4384 1809 4440 per

210 4472 404 4514 vocem
424 4464 605 4511 autem
634 4471 899 4527 aquarum
921 4456 1219 4514 multarum
1243 4460 1541 4516 multitudo
1562 4463 1805 4534 gentium

212 4543 494 4603 Christum
524 4542 906 4600 conﬁtentium
937 4543 1252 4616 designatur
1280 4564 1292 4601 :
1335 4563 1432 4618 per
1454 4564 1645 4605 vocem
1676 4567 1806 4607 vero

1932 3388 2073 3438 sunt.
2106 3384 2180 3438 Et
2212 3382 2370 3438 cecidi
2406 3388 2527 3437 ante
2569 3383 2725 3454 pedes
2768 3382 2901 3452 ejus,
2953 3389 3013 3437 ut
3056 3383 3341 3440 adorarem
3386 3402 3523 3443 eum.

1931 3473 2007 3527 Et
2039 3472 2179 3527 dixit
2206 3472 2362 3528 mihi:
2405 3473 2529 3531 Vide
2560 3490 2623 3527 ne
2650 3471 2867 3543 feceris;
2912 3489 3194 3527 conservus
3226 3481 3345 3529 tuus
3387 3491 3523 3543 sum,

1929 3567 1977 3617 et
2032 3560 2272 3633 fratrum
2323 3568 2537 3617 tuorum
2590 3561 2889 3617 habentium
2946 3561 3301 3617 testimonium
3357 3563 3519 3619 Iesu:

1927 3652 2095 3706 Deum
2122 3652 2313 3708 adora.
2345 3650 2668 3724 Redemptio
2696 3648 2979 3723 sanguinis
3009 3650 3215 3708 Christi
3241 3651 3348 3709 hoc
3376 3652 3525 3709 ﬁde-

1926 3739 2072 3795 libus
2101 3740 2356 3810 contulit,
2405 3748 2468 3797 ut
2498 3740 2602 3796 ﬁlii
2630 3740 2730 3797 Dei
2759 3739 3003 3813 sociique
3034 3741 3355 3812 angelorum
3394 3742 3522 3798 etii-

1926 3837 2216 3898 cerentur;
2271 3831 2502 3903 ideoque
2532 3829 2869 3903 pertimescit
2916 3831 3142 3903 angelus
3181 3829 3397 3887 adorari
3451 3831 3520 3890 ab

1924 3915 2170 3987 homine,
2215 3919 2309 3992 qui
2353 3936 2516 3992 super
2552 3936 2609 3975 se
2656 3918 2916 3976 adorabat
2962 3919 3246 3976 hominem
3299 3921 3513 3978 Deum:

1924 4015 2256 4081 quapropter
2312 4022 2639 4066 conservum
2690 4023 2747 4064 se
2803 4008 3029 4064 Joannis
3085 4017 3517 4083 casterorumque

1922 4095 2170 4153 ﬁdelium
2199 4108 2377 4155 vocat.
2428 4097 2828 4154 Testimonium
2857 4097 2986 4153 Jesu
3023 4104 3105 4154 est
3134 4098 3362 4170 spiritus
3392 4116 3515 4172 pro-

1920 4187 2162 4260 phetiae;
2213 4198 2393 4261 patres
2427 4197 2609 4245 autem
2640 4188 2842 4244 veteris
2881 4189 3236 4258 Testamenti,
3283 4190 3380 4263 qui
3423 4191 3514 4248 ad-

1919 4285 2147 4332 ventum
2178 4277 2406 4347 Christi,
2458 4277 2769 4350 passionem
2815 4285 2870 4335 et
2901 4280 3359 4337 resurrectionem
3397 4281 3514 4354 ejus

1917 4368 2314 4439 praedixerunt,
2363 4370 2616 4442 spiritum
2647 4369 2949 4442 prophetiae
2978 4370 3236 4428 habuisse
3275 4373 3512 4429 certissi-

1916 4473 2065 4512 mum
2100 4465 2202 4526 est,
2253 4459 2399 4516 unde
2444 4469 2498 4518 et
2541 4460 2819 4532 prophetas
2848 4469 3136 4518 vocantur.
3180 4460 3507 4535 Quicunque

1915 4563 2042 4619 ergo
2070 4548 2451 4606 testimonium
2501 4549 2725 4608 Christo
2755 4548 3030 4621 perhibet,
3081 4548 3340 4621 spiritum
3372 4567 3510 4623 pro-

212 4633 584 4692 tonitruorum
633 4649 956 4705 magnorum
1001 4633 1161 4691 electi
1208 4635 1302 4709 qui
1355 4636 1415 4692 in
1457 4637 1568 4727 ﬁne
1610 4642 1804 4699 mundi
1833 4658 1881 4719 D
1912 4635 2114 4708 phetiae
2146 4636 2334 4694 habet.

211 4723 477 4781 nascituri
505 4729 657 4791 sunt,
690 4721 1115 4794 intelliguntur:
1158 4732 1213 4781 et
1242 4724 1365 4796 jure
1403 4721 1516 4798 per'
1542 4729 1803 4802 tonitrua,

211 4812 341 4885 quia
367 4820 631 4868 terrorem
662 4809 771 4866 diei
796 4810 999 4882 judicii
1037 4813 1464 4872 annuntiabunt.
1506 4817 1637 4874 Tres
1677 4835 1805 4892 ergo

211 4917 372 4958 voces
430 4901 597 4957 semel
656 4900 880 4956 alleluia
928 4901 1408 4972 decantaverunt;
1463 4906 1593 4979 quia
1637 4907 1802 4965 ﬁdem

212 4996 410 5046 sanctae
457 4988 744 5045 Trinitatis
784 4988 1200 5062 doctrinamque
1249 4991 1559 5065 Evangelii,
1610 5013 1728 5069 quae
1772 5015 1803 5055 a

211 5093 405 5149 magna
436 5078 589 5146 tuba,
623 5076 681 5132 id
717 5084 817 5145 est,
867 5093 899 5131 a
944 5076 1163 5134 Christo
1204 5081 1488 5152 processit,
1538 5100 1802 5143 servave-

212 5175 361 5235 runt,
392 5175 446 5223 et
475 5168 773 5224 servabunt
803 5183 975 5240 usque
1003 5166 1060 5223 in
1091 5168 1277 5225 ﬁnem.
1310 5172 1441 5228 Duae
1472 5173 1642 5245 igitur
1668 5194 1803 5250 par-

209 5264 308 5323 tes,
339 5254 396 5311 id
424 5262 523 5324 est,
566 5256 746 5327 prima
773 5261 827 5310 et
850 5254 1109 5323 secunda,
1140 5256 1207 5312 ad
1232 5255 1403 5329 legem
1435 5276 1597 5332 quam
1629 5273 1801 5321 natu—

208 5347 374 5403 ralem
402 5360 516 5401 esse
536 5345 806 5413 diximus,
829 5345 1104 5416 pertinent
1128 5362 1140 5401 :
1171 5345 1293 5404 dum
1322 5364 1443 5420 qua:
1472 5363 1796 5423 sequuntur,

208 5435 266 5491 id
296 5442 398 5501 est,
427 5434 590 5490 tertia
617 5442 671 5490 et
699 5441 916 5507 quarta,
959 5434 1027 5491 ad
1061 5436 1232 5507 legem
1272 5453 1393 5510 quae
1432 5455 1526 5512 per
1570 5442 1798 5515 Moysen

208 5524 332 5582 data
358 5532 471 5580 est:
522 5531 633 5579 tres
658 5531 840 5580 autem
870 5539 990 5596 quae
1020 5533 1250 5596 restant,
1285 5526 1344 5583 id
1373 5536 1476 5599 est,
1521 5532 1716 5604 quinta
1743 5542 1797 5591 et

209 5621 378 5681 sexta,
407 5619 461 5667 et
489 5612 743 5684 septima,
773 5614 843 5670 ad
874 5615 1048 5688 legem
1083 5618 1409 5691 Evangelii;
1451 5629 1513 5678 ut
1548 5620 1797 5681 indicent

206 5720 297 5761 eos
324 5703 382 5757 in
410 5700 518 5757 ﬁde
546 5708 746 5759 sanctas
774 5702 1062 5763 Trinitatis
1087 5722 1260 5781 usque
1287 5707 1357 5765 ad
1393 5708 1561 5768 ﬁnem
1599 5712 1793 5770 mundi

206 5809 519 5871 permanere
548 5792 762 5850 debere.

1986 4733 2169 4805 (Vers.
2204 4735 2317 4807 11.)
2370 4737 2445 4791 Et
2469 4734 2585 4790 vidi
2610 4735 2792 4790 caelum
2821 4739 3086 4805 apertum,
3139 4741 3189 4789 et
3214 4750 3320 4790 ecce
3345 4753 3508 4807 equus

1912 4824 2087 4893 albus,
2135 4831 2184 4879 et
2235 4824 2329 4894 qui
2362 4825 2569 4880 sedebat
2617 4839 2775 4895 super
2829 4840 2947 4879 eum
2993 4823 3279 4880 vocabatur
3336 4826 3508 4898 ﬁdelis

1912 4918 1960 4967 et
1986 4930 2171 4968 verax.
2219 4913 2385 4969 Nullo
2415 4911 2578 4969 modo
2607 4911 2880 4968 aestimare
2918 4911 3182 4969 debemus
3221 4914 3369 4987 quod
3400 4914 3508 4973 hoc

1912 5001 2213 5074 capitulum
2243 5001 2312 5057 ad
2336 4999 2633 5056 adventum
2661 5000 2866 5059 Christi
2898 5002 3189 5073 pertineat,
3212 5003 3270 5060 in
3300 5020 3409 5077 quo
3437 5004 3505 5062 ad

1904 5092 2179 5165 judicium
2210 5100 2476 5150 venturus
2501 5102 2615 5161 est;
2665 5092 2760 5150 sed
2790 5092 2973 5165 potius
3021 5094 3091 5151 ad
3138 5096 3359 5167 electos,
3408 5100 3502 5171 qui

1910 5183 1968 5238 in
2012 5183 2122 5238 ﬁne
2168 5183 2363 5239 mundi
2406 5183 2672 5240 nascituri
2715 5190 2881 5251 sunt;
2936 5183 3045 5242 ﬁne
3074 5188 3278 5263 etenim
3312 5189 3505 5246 mundi
3588 5256 3595 5260 ,

1909 5272 2165 5342 instante,
2199 5274 2386 5331 veniet
2413 5276 2684 5333 Dominus
2715 5278 2774 5333 in
2797 5280 3003 5336 sanctis
3028 5279 3163 5349 suis,
3213 5288 3275 5337 ut
3303 5292 3506 5354 pugnet

1907 5378 2004 5434 per
2051 5362 2196 5435 ipsos
2242 5371 2438 5420 contra
2479 5365 2887 5422 Antichristum
2932 5374 2985 5425 et
3033 5367 3319 5426 ministros
3364 5370 3502 5441 ejus.

1905 5453 1977 5509 Et
2004 5452 2181 5526 qualis
2210 5467 2243 5508 a
2269 5454 2473 5512 sanctis
2502 5454 2616 5512 illis
2644 5456 3056 5528 pradicabitur,
3080 5457 3208 5513 talis
3237 5465 3292 5515 et
3322 5460 3504 5519 forma

1906 5541 2025 5613 ejus
2051 5541 2110 5596 in
2141 5540 2247 5599 hoc
2276 5542 2397 5600 loco
2427 5542 2760 5601 describitur
2782 5562 2795 5611 ;
2817 5559 2945 5601 nam
2976 5560 3072 5616 per
3098 5546 3298 5605 cmlum
3320 5549 3509 5608 Eccle-

1906 5632 1987 5687 sia
2037 5631 2392 5705 designatur:
2440 5651 2536 5706 per
2590 5650 2793 5707 equum
2849 5632 3038 5691 album
3096 5634 3287 5708 homo,
3341 5655 3505 5713 quem

1904 5720 2081 5777 Filius
2108 5722 2208 5778 Dei
2234 5724 2547 5796 assumpsit,
2599 5739 2763 5797 super
2799 5739 2963 5798 quem
3009 5732 3064 5781 et
3092 5726 3299 5785 sedisse
3355 5727 3505 5784 visus

1904 5814 2005 5862 est.
2056 5807 2164 5875 Qui
2193 5808 2358 5868 etiam
2386 5809 2566 5867 ﬁdelis
2593 5816 2647 5869 et
2676 5826 2846 5872 verax
2876 5814 3065 5873 vocari
3097 5813 3324 5874 dicitur.
3376 5815 3505 5875 Haec
