3964 6422
503 449 638 507 1011

1528 450 1622 508 AD
1661 448 1895 508 OPERA
1932 449 1987 506 S.
2031 447 2361 507 AMBROSII
2399 447 2777 506 APPENDIX.

3682 449 3827 508 1012

501 578 612 636 duo
639 579 886 648 nomina,
935 579 992 637 id
1022 587 1103 637 est
1131 579 1312 638 ﬁdelis
1340 590 1394 639 et
1425 595 1615 650 verax,
1666 597 1839 638 unum
1871 596 2092 637 sensum
2123 582 2174 642 A
2203 580 2435 649 Christi,
2469 597 2588 654 qua
2609 597 2678 637 ex
2708 578 2917 652 angelis
2937 587 2991 635 et
3006 577 3210 635 sanctis
3232 576 3554 635 hominibus
3575 586 3823 652 constat,

503 667 708 725 habent
740 671 798 726 in
821 670 926 727 hoc
950 671 1092 727 loco.
1123 671 1289 728 Recte
1318 670 1494 728 Filius
1527 670 1642 742 (64)
1667 669 1766 727 Dei
1797 668 1979 727 ﬁdelis
2012 684 2103 724 vo-

503 767 681 828 catur,
733 761 801 816 de
857 777 966 833 quo
1020 761 1159 817 dicit
1215 761 1540 817 Psalmista:
1606 785 1624 808 ι
1668 760 1874 816 Fidelis
1916 757 2101 814 Domi-

504 864 609 904 nus
640 849 698 904 in
728 849 986 905 omnibus
1015 849 1199 904 verbis
1227 848 1362 917 suis,
1410 856 1464 904 et
1495 855 1718 904 sanctus
1757 848 1815 902 in
1845 845 2104 902 omnibus

505 937 763 1011 operibus
808 938 920 993 suis
965 939 1139 1007 (Psal.
1188 954 1374 1006 cxmv,
1429 938 1542 1008 13).
1577 961 1594 984 ι
1657 937 1919 992 Veracem
1971 951 2102 990 vero

505 1027 742 1098 seipsum
793 1027 851 1082 in
901 1025 1203 1098 Evangelia
1250 1033 1430 1094 vocat,
1491 1025 1716 1081 dicens:
1788 1049 1807 1074 ι
1837 1025 1952 1096 Ego
1981 1039 2103 1078 sum

504 1116 615 1185 via,
665 1125 716 1172 et
745 1114 967 1183 veritas,
1015 1123 1068 1170 et
1097 1115 1214 1171 vita
1244 1116 1423 1187 (Joan.
1455 1130 1574 1182 xxv,
1608 1113 1688 1184 6).
1722 1139 1741 1162 ι
1803 1114 2096 1186 Sequitur:

504 1208 579 1263 Et
605 1222 720 1259 cum
741 1204 961 1272 justitia
981 1204 1194 1273 judicat
1221 1211 1266 1259 et
1291 1211 1511 1276 pugnat.
1572 1203 1694 1258 Non
1741 1203 1907 1258 armis
1958 1203 2104 1257 Deus

505 1295 563 1351 in
612 1295 700 1350 die
741 1294 943 1366 judicii
989 1303 1181 1350 contra
1220 1293 1419 1365 impios
1462 1292 1824 1348 dimicaturus
1859 1298 1960 1360 est,
2009 1289 2103 1345 sed

505 1385 622 1456 ejus
647 1383 866 1455 justitia
895 1384 1360 1456 expugnabuntur
1398 1391 1452 1439 et
1482 1391 1866 1448 conterentur;
1919 1380 2105 1436 omnia

505 1475 653 1532 enim
685 1481 905 1544 peccata
936 1473 1235 1545 impiarum
1271 1481 1433 1545 atque
1472 1473 1680 1528 scelera
1720 1471 1777 1525 in
1809 1476 2106 1541 conspectu

505 1579 698 1629 eorum
745 1561 980 1618 adducet
1025 1561 1316 1630 Dominus,
1363 1569 1426 1617 ut
1466 1561 1644 1620 sciant
1691 1577 1747 1617 se
1796 1558 2104 1632 justissima

506 1653 605 1708 Dei
630 1651 844 1724 judicio
875 1666 988 1707 esse
1015 1650 1324 1706 damnatos.

580 1792 761 1864 (Vers.
798 1791 911 1864 i2.)
963 1790 1119 1848 Oculi
1154 1790 1268 1861 ejus
1311 1792 1445 1849 sicut
1491 1795 1706 1864 ﬂamma
1752 1791 1913 1864 ignis,
1958 1798 2007 1847 et
2051 1791 2105 1845 in

505 1879 672 1951 capite
734 1896 828 1934 suo
885 1880 1190 1936 diademata
1235 1882 1426 1937 multa.
1484 1882 1586 1937 Per
1632 1880 1824 1937 oculos
1877 1877 2102 1936 Domini

508 1971 744 2043 Spiritus
772 1969 871 2026 Dei
918 1971 1035 2042 (65)
1081 1970 1416 2043 designatur,
1444 1972 1587 2029 sicut
1615 1971 1673 2027 in
1698 1970 1862 2028 tertia
1891 1971 2105 2027 visione

509 2067 698 2117 auctor
730 2058 895 2130 hujus
927 2059 1058 2115 libri
1084 2059 1349 2132 exponit:
1386 2061 1640 2129 Habebat,
1687 2061 1888 2134 inquit,
1919 2061 2106 2132 Agnus

509 2150 687 2205 oculos
715 2154 922 2219 septem,
978 2150 1070 2220 qui
1118 2156 1244 2205 sunt
1276 2155 1465 2221 septem
1511 2150 1735 2222 spiritus
1783 2150 1903 2215 Dei,
1957 2149 2104 2205 missi

511 2238 568 2293 in
596 2253 796 2292 omnem
829 2242 1045 2293 terram.
1067 2237 1138 2292 Et
1168 2237 1297 2310 quia
1327 2237 1548 2294 ﬂamma
1577 2239 1689 2294 urit
1714 2246 1770 2294 et
1799 2237 2097 2305 illuminat,

511 2344 624 2384 non
655 2327 1108 2385 incanvenienter
1147 2327 1386 2400 Spiritus
1415 2335 1636 2384 sanctus
1666 2326 1949 2382 ﬂammeus
1989 2341 2104 2381 esse

511 2417 750 2484 dicitur;
803 2432 868 2472 eo
898 2414 1043 2488 quod
1070 2415 1236 2473 corda
1266 2415 1515 2471 ﬁdelium
1546 2423 1599 2471 et
1627 2413 1908 2470 illuminet
1938 2422 1991 2470 et
2021 2413 2102 2468 in-

511 2506 706 2563 cendat
735 2506 794 2562 in
815 2522 1066 2562 amorem
1096 2506 1216 2562 Dei.
1266 2507 1341 2562 Et
1368 2505 1426 2560 in
1454 2507 1620 2577 capite
1658 2504 1772 2574 ejus
1802 2504 2104 2560 diademata

515 2598 700 2652 multa.
723 2595 825 2651 Per
845 2595 1154 2652 diademata
1171 2596 1346 2652 multa
1372 2594 1668 2653 multitudo
1683 2601 1996 2650 sanctorum
2013 2611 2103 2651 ex-

512 2685 789 2758 primitur.
841 2686 1048 2742 Habens
1077 2703 1261 2741 nomen
1288 2686 1562 2757 scriptum,
1593 2684 1731 2754 quod
1760 2701 1906 2738 nemo
1937 2683 2102 2752 novit,

510 2773 616 2828 nisi
643 2774 769 2846 ipse.
793 2773 929 2831 Cum
949 2775 1198 2847 superius
1219 2773 1366 2832 dicat
1387 2773 1516 2847 quia
1535 2771 1834 2828 vocabatur
1853 2771 2032 2828 ﬁdelis
2052 2779 2106 2829 et

512 2878 702 2932 verax,
725 2872 777 2920 et
799 2863 963 2936 paulo
993 2871 1114 2935 post
1143 2862 1272 2935 quia
1292 2859 1588 2918 vocabatur
1613 2877 1814 2916 nomen
1835 2860 1951 2932 ejus
1973 2861 2103 2918 Ver-

509 2953 642 3010 bum
665 2953 764 3010 Dei
785 2972 797 3021 ;
817 2952 952 3026 quid
982 2961 1064 3010 est
1094 2952 1240 3026 quod
1262 2951 1397 3008 dicit
1427 2949 1576 3024 quod
1595 2967 1757 3007 nemo
1779 2951 1882 3008 scit
1903 2966 2105 3008 nomen

510 3042 647 3114 ejus,
670 3041 776 3098 nisi
797 3042 941 3113 ipse?
958 3043 1152 3101 Sciunt
1170 3042 1389 3116 quidem
1412 3040 1585 3096 sancti
1608 3041 1707 3096 Dei
1727 3057 1933 3096 nomen
1947 3039 2102 3097 Chri-

511 3132 603 3200 sti,
631 3132 776 3206 quod
808 3142 890 3189 est
909 3132 1086 3188 Filius
1106 3131 1225 3200 Dei,
1245 3139 1298 3186 et
1322 3129 1592 3187 nesciunt.
1613 3130 1699 3184 Ex
1727 3137 1881 3202 parte
1901 3131 2104 3203 quippe

511 3220 715 3289 sciunt,
746 3228 800 3278 et
829 3237 895 3276 ex
926 3229 1078 3294 parte
1107 3220 1396 3286 nesciunt;
1422 3219 1481 3275 in
1507 3220 1766 3276 omnibus
1787 3220 1932 3276 enim
1956 3237 2099 3278 crea-

510 3310 651 3367 turis
679 3327 799 3384 quae
826 3311 1058 3384 gignunt
1086 3317 1139 3367 et
1161 3311 1480 3383 gignuntur,
1503 3310 1691 3366 nullus
1712 3310 1863 3366 ﬁlius
1885 3327 2104 3368 comvus

511 3408 689 3473 potest
719 3415 834 3456 esse
864 3400 1004 3474 patri
1030 3418 1042 3468 ;
1076 3400 1204 3472 quia
1233 3415 1452 3456 necesse
1482 3408 1562 3456 est
1593 3406 1655 3454 ut
1683 3399 1967 3456 antecedat
2007 3399 2101 3473 qui

511 3496 750 3562 generat,
802 3493 858 3543 et
905 3487 1269 3559 subsequatur
1325 3487 1419 3560 qui
1467 3495 1786 3559 generatur:
1847 3488 1939 3544 sed
1991 3505 2102 3545 non

509 3578 638 3636 talis
674 3586 756 3634 est
785 3587 980 3634 natura
1022 3576 1149 3632 Filii
1197 3578 1335 3646 Dei;
1373 3595 1498 3634 nam
1554 3586 1607 3634 et
1641 3579 2102 3651 quemadmodum

509 3665 668 3721 Pater
698 3671 779 3719 est
806 3664 924 3719 sine
954 3663 1138 3731 initio,
1184 3665 1264 3721 sic
1295 3675 1347 3720 et
1374 3665 1568 3722 Filius.
1617 3667 1689 3722 Et
1718 3667 1971 3738 quamvis
1999 3666 2105 3724 hoc

511 3750 785 3827 quomodo
831 3751 951 3807 ﬁeri
1001 3751 1194 3824 possit,
1255 3753 1599 3809 considerare
1635 3771 1746 3808 non
1789 3754 2100 3826 possimus;

511 3846 570 3901 in
599 3841 831 3899 veritate
873 3849 1054 3898 tamen
1099 3843 1374 3900 credimus
1415 3853 1469 3901 et
1520 3843 1848 3900 conﬁtemur
1898 3845 2103 3902 Filium

509 3949 608 4006 per
636 3931 826 3988 omnia
853 3932 1121 4004 aequalem
1155 3939 1210 3987 et
1237 3949 1483 3990 cozevum
1514 3949 1628 3990 esse
1658 3931 1824 3989 Patri.
1874 3935 1953 3990 De
2002 3935 2105 3992 hac

511 4019 628 4092 ejus
661 4021 1010 4092 generatione
1040 4020 1304 4094 propheta
1345 4021 1590 4095 loquitur
1619 4020 1808 4077 dicens
1837 4039 1848 4078 :
1913 4045 1932 4067 ι
1986 4022 2102 4079 Ge-

508 4109 853 4166 nerationem
885 4109 1002 4183 ejus
1031 4109 1156 4184 quis
1184 4110 1463 4167 enarrabit
1496 4110 1632 4184 (Isa.
1666 4127 1792 4181 LIII,
1825 4110 1883 4183 8)
1907 4110 1936 4167 ‘l
1964 4136 1981 4159 ι

583 4247 765 4321 (Vers.
814 4249 928 4320 13.)
976 4252 1050 4306 Ει
1082 4251 1293 4305 vestitus
1320 4255 1434 4304 erat
1462 4256 1594 4304 veste
1631 4266 1849 4322 aspersa
1894 4249 2104 4320 sangui-

508 4355 606 4393 ne:
659 4343 707 4393 et
749 4339 1039 4394 vocabatur
1082 4356 1270 4394 nomen
1311 4339 1423 4409 ejus
1474 4341 1695 4398 Verbum
1741 4342 1857 4397 Dei.
1915 4342 2104 4398 Possu-

509 4443 632 4484 mus
682 4443 780 4499 per
822 4434 1028 4483 vestem
1085 4442 1284 4498 corpus
1339 4426 1575 4483 Christi:
1637 4445 1733 4500 per
1784 4431 2105 4501 sanguinem

509 4535 640 4576 vero
670 4527 888 4591 peccata
916 4525 1123 4588 nostra,
1175 4535 1274 4591 pro
1313 4518 1514 4590 quibus
1546 4528 1796 4576 mortuus
1843 4529 1924 4577 est
1965 4521 2102 4593 ipse,

2214 670 2271 724 in
2301 670 2400 724 illa
2429 671 2636 726 cmlesti
2677 669 3020 726 beatitudine
3048 684 3147 725 suo
3178 668 3468 741 splendore
3514 677 3822 725 exornant.

2286 761 2468 832 (Vers.
2505 761 2618 832 14.)
2651 763 2727 817 Et
2743 761 3001 817 exercitus
3038 761 3131 832 qui
3165 767 3288 816 sunt
3331 761 3391 815 in
3433 763 3578 823 caelo,
3631 777 3827 832 seque-

2213 849 2409 904 bantur
2429 865 2544 904 eum
2575 849 2628 902 in
2657 849 2802 920 equis
2823 850 2980 917 albis,
3011 850 3183 905 vestiti
3207 850 3414 920 byssina
3445 852 3565 906 albo
3596 851 3823 906 mundo.

2211 939 2469 994 Diximus
2498 939 2751 1012 superius
2789 939 2919 1012 quia
2961 940 3140 1013 qualis
3175 941 3430 998 Christus
3458 958 3489 996 a
3516 942 3733 999 sanctis
3769 941 3826 996 in

2211 1026 2320 1082 ﬁne
2350 1027 2545 1082 mundi
2593 1028 3000 1100 prmdicabitur,
3032 1027 3158 1084 talis
3187 1037 3240 1085 et
3268 1029 3445 1100 ﬁgura
3474 1029 3593 1102 ejus
3625 1030 3738 1086 hoc
3767 1027 3825 1083 in

2212 1123 2332 1177 loco
2365 1121 2712 1178 describitur.
2745 1123 2846 1178 Per
2872 1123 3071 1178 caelum
3097 1138 3224 1194 ergo
3251 1121 3308 1176 in
3339 1120 3446 1178 hoc
3475 1121 3600 1177 loco
3630 1122 3825 1178 Eccle-

2211 1211 2326 1266 sia:
2360 1227 2457 1282 per
2484 1212 2760 1268 exercitus
2791 1212 2884 1285 qui
2912 1211 2978 1268 de
3007 1213 3147 1268 cmlo
3171 1211 3498 1283 processisse
3531 1209 3824 1266 Christum

2211 1308 2499 1370 sequentes
2530 1300 2635 1356 visi
2669 1308 2818 1369 sunt,
2850 1300 3027 1357 sancti
3057 1299 3150 1372 qui
3199 1299 3257 1354 in
3303 1299 3411 1354 ﬁne
3456 1299 3654 1356 mundi
3702 1316 3826 1355 nas-

2210 1387 2398 1453 cituri,
2428 1398 2480 1445 et
2503 1398 2693 1445 contra
2712 1390 3117 1447 Antichristum
3147 1389 3442 1462 pugnaturi
3471 1397 3623 1459 sunt,
3653 1391 3823 1446 intel-

2213 1477 2496 1549 liguntur:
2538 1495 2634 1552 per
2671 1494 2839 1554 equos
2879 1489 3062 1536 autem
3111 1495 3375 1551 corpora:
3429 1494 3525 1551 per
3577 1496 3826 1536 sessores

2213 1585 2342 1625 vero
2369 1586 2632 1643 equorum
2656 1572 2853 1628 animae
2870 1571 3248 1645 designantur.
3263 1567 3432 1625 Albos
3454 1568 3624 1643 igitur
3644 1587 3825 1644 equos

2212 1655 2467 1716 habuisse
2515 1659 2621 1716 visi
2669 1669 2820 1729 sunt,
2852 1661 2982 1734 quia
3011 1677 3068 1718 se
3098 1660 3334 1716 mundos
3376 1667 3430 1716 et
3476 1660 3713 1728 nitidas,
3766 1661 3825 1716 in

2213 1756 2478 1820 quantum
2529 1747 2774 1805 humana
2820 1750 3088 1823 fragilitas
3135 1749 3426 1821 permittit,
3472 1748 3825 1806 exhibebunt

2213 1835 2270 1891 in
2297 1847 2597 1909 conspectu
2620 1839 2745 1895 Dei.
2779 1838 2926 1906 Quid
2953 1839 3025 1894 sit
3055 1853 3185 1893 vero
3219 1838 3531 1910 byssinum,
3561 1839 3824 1910 superius

2133 1927 2479 1997 Bexpanit:
2524 1929 2826 1999 Byssinum,
2862 1927 3066 2002 inquit,
3085 1927 3492 2000 justiﬁcationes
3523 1934 3652 1984 sunt
3680 1945 3824 1983 san-

2211 2021 2412 2071 ctorum
2436 2017 2552 2089 (66)
2564 2061 2576 2073 .

2286 2106 2467 2177 (Vers.
2502 2107 2614 2180 16.)
2646 2109 2722 2163 Et
2747 2109 2964 2164 habebat
2992 2108 3049 2162 in
3075 2109 3372 2164 vestimento
3409 2116 3459 2164 et
3506 2110 3562 2164 in
3617 2108 3826 2179 femore

2213 2212 2307 2250 suo
2336 2195 2616 2266 scriptum:
2665 2198 2778 2253 Rex
2807 2213 3005 2268 regum,
3040 2203 3086 2252 et
3121 2197 3380 2253 Dominus
3409 2197 3822 2253 dominantium.

2212 2281 2313 2336 Per
2344 2282 2761 2350 vestimentum,
2790 2284 2934 2340 sicut
2974 2285 3226 2356 superius
3269 2284 3537 2353 diximus,
3591 2285 3776 2340 sancti
3810 2302 3821 2340 :

2211 2385 2307 2441 per
2348 2369 2528 2424 femur
2557 2377 2738 2426 autem
2770 2387 2838 2425 ex
2887 2387 2995 2442 quo
3027 2371 3271 2427 humana
3320 2376 3475 2446 origo
3521 2373 3823 2444 procedere

2211 2457 2435 2523 dicitur,
2466 2457 2632 2514 homo
2663 2475 2824 2530 quem
2851 2459 3104 2516 Christus
3125 2463 3440 2533 assumpsit,
3471 2462 3821 2534 designatur.

2212 2548 2274 2603 In
2308 2547 2633 2604 vestimento
2662 2548 2846 2621 itaque
2875 2565 2976 2606 suo
3004 2549 3150 2622 quod
3181 2549 3296 2621 ipse
3336 2551 3410 2605 sit
3445 2551 3563 2606 Rex
3602 2569 3822 2624 regum,

2211 2644 2478 2717 scriptum
2508 2643 2742 2702 habebat
2777 2664 2788 2702 :
2843 2647 2972 2720 quia
3009 2646 3067 2703 in
3120 2646 3380 2718 operibus
3423 2644 3568 2702 570
3605 2656 3823 2704 sancto-

2211 2751 2334 2790 rum
2367 2735 2685 2807 agnoscitur
2712 2734 2863 2793 hunc
2901 2752 3016 2792 esse
3054 2752 3244 2792 verum
3291 2737 3489 2804 Deum,
3539 2736 3639 2808 qui
3693 2738 3826 2792 tales

2212 2837 2399 2879 servos
2429 2823 2690 2897 possidet.
2724 2824 2897 2880 Habet
2923 2832 2976 2880 et
3031 2825 3088 2880 in
3138 2825 3345 2880 femore
3391 2841 3492 2880 suo
3546 2824 3823 2896 scripturn

2213 2912 2358 2985 quod
2425 2914 2538 2985 ipse
2591 2914 2663 2970 sit
2706 2915 2822 2972 Rex
2868 2931 3055 2987 regum
3104 2924 3158 2971 et
3203 2913 3474 2971 Dominus
3516 2913 3826 2970 dominan-

2212 3001 2382 3069 tium;
2418 3003 2547 3076 quia
2577 3003 2633 3059 in
2662 3003 2919 3076 operibus
2957 3021 3076 3076 quae
3106 3004 3164 3060 in
3195 3020 3358 3061 carne
3389 3004 3596 3076 positus
3629 3004 3822 3076 gessit,

2214 3092 2495 3164 cognitum
2535 3101 2616 3148 est
2655 3092 2805 3150 hunc
2828 3109 2941 3150 esse
2971 3110 3161 3150 verum
3194 3095 3292 3150 Dei
3333 3094 3560 3150 Filium.
3605 3093 3824 3150 Possu—

2214 3197 2336 3237 mus
2381 3181 2548 3237 etiam
2589 3198 2685 3254 per
2712 3182 2893 3238 femur
2921 3192 3100 3255 patres
3128 3183 3332 3239 veteris
3359 3183 3722 3250 Testamenti,
3755 3200 3824 3239 ex

2135 3287 2177 3347 ρ
2213 3286 2447 3342 quorum
2473 3271 2642 3342 stirpe
2671 3270 2926 3328 Christus
2957 3272 3225 3345 originem
3258 3272 3443 3339 duxit,
3476 3271 3818 3344 intelligere:

2214 3357 2307 3430 qui
2337 3365 2391 3414 et
2420 3358 2599 3430 ipsum
2631 3359 3139 3432 praeﬁguraverunt,
3169 3369 3223 3417 et
3252 3361 3399 3433 quod
3439 3361 3553 3432 ipse
3590 3359 3822 3416 futurus

2213 3456 2353 3505 esset
2379 3450 2493 3506 Rex
2517 3466 2705 3522 regum
2750 3459 2804 3507 et
2848 3450 3117 3506 Dominus
3147 3449 3576 3518 dominantium,
3608 3448 3821 3520 apertis

2213 3537 2442 3594 vocibus
2470 3539 2864 3609 praedixerunt.
3189 3567 3192 3570 ⁴
3540 3535 3548 3540 ’

2288 3627 2470 3698 (Vers.
2507 3629 2620 3701 15.)
2668 3631 2742 3686 Et
2766 3630 2827 3685 de
2864 3647 2953 3685 ore
2995 3629 3107 3699 ejus
3156 3628 3367 3700 gladius
3394 3633 3578 3684 acutus
3612 3627 3818 3682 exibat.

2214 3715 2509 3772 Possumus
2543 3735 2637 3791 per
2666 3735 2726 3775 as
2753 3719 2978 3775 Domini
3026 3717 3242 3774 eosdem
3293 3717 3700 3790 praedicatores,
3755 3716 3820 3772 de

2215 3805 2417 3876 quibus
2445 3806 2711 3876 diximus,
2749 3809 2844 3881 qui
2875 3807 2933 3863 in
2971 3807 3080 3862 ﬁne
3128 3805 3323 3861 mundi
3367 3803 3630 3862 nascituri
3663 3812 3818 3872 snnt,

2213 3895 2478 3966 accipere,
2511 3913 2606 3968 per
2641 3913 2876 3969 quorum
2907 3913 2966 3951 os
2995 3896 3252 3967 loquetur
3291 3896 3458 3962 Deus,
3508 3893 3654 3950 sicut
3705 3894 3820 3966 ipse

2213 3983 2359 4041 dixit
2385 3985 2445 4041 in
2472 3987 2804 4059 Evangelia:
2854 4011 2870 4033 ι
2898 3986 3020 4041 Non
3059 3982 3207 4039 enim
3258 3999 3358 4038 vos
3400 3983 3530 4039 estis
3578 3984 3680 4056 qui
3732 3986 3821 4040 lo—

2214 4072 2470 4144 quimini,
2528 4074 2621 4130 sed
2681 4073 2919 4145 Spiritus
2967 4070 3142 4126 Patris
3188 4070 3356 4126 vestri
3413 4069 3507 4142 qui
3565 4071 3818 4144 loquitur

2214 4160 2273 4216 in
2301 4161 2459 4218 vobis
2491 4163 2702 4234 (Matth.
2734 4177 2791 4230 x,
2818 4159 2934 4232 20).
2965 4183 2983 4206 ι
3027 4160 3099 4216 Et
3133 4158 3247 4231 ipse
3276 4157 3414 4215 dicit
3442 4175 3538 4232 per
3564 4163 3817 4234 prophe-

2212 4261 2364 4308 tam:
2421 4275 2440 4298 ‹
2479 4251 2536 4307 Si
2583 4249 2920 4322 separaveris
2965 4249 3263 4323 pretiosum
3297 4265 3328 4304 a
3373 4250 3498 4316 vili,
3549 4252 3713 4323 quasi
3760 4268 3815 4306 os

2214 4355 2396 4395 meum
2445 4340 2552 4396 eris
2601 4342 2818 4412 (Jerem.
2865 4357 2962 4408 xv,
3011 4340 3122 4411 19).
3168 4362 3187 4387 ι
3237 4339 3341 4394 Per
3390 4339 3631 4411 gladium
3685 4356 3814 4397 vero

2214 4430 2461 4486 divinam
2490 4430 2851 4503 Scripturam,
2883 4430 3026 4486 sicut
3067 4429 3320 4501 superius
3349 4429 3611 4497 diximus,
3654 4429 3814 4486 intel-

2216 4519 2381 4590 ligere
2407 4519 2686 4589 debemus,
2717 4519 2861 4575 sicut
2889 4517 3026 4576 dicit
3072 4519 3352 4590 apostolus
3392 4518 3630 4574 Paulus:
3683 4544 3702 4566 ε
3745 4520 3812 4574 Et

508 4613 625 4669 sive
655 4613 827 4685 ipsam
861 4619 1095 4668 mortem
1127 4627 1290 4683 quam
1322 4611 1548 4682 pertulit
1589 4627 1687 4682 pro
1717 4611 1898 4678 nobis,
1949 4612 2105 4667 intel-
2138 4645 2184 4703 D
2216 4608 2453 4680 gladium
2513 4609 2762 4682 spiritus,
2821 4608 2967 4681 quod
3023 4616 3120 4703 est.
3151 4607 3381 4664 verbum
3435 4608 3534 4703 Dei
3585 4610 3806 4703 .(Ephes.

509 4701 695 4774 ligere.
750 4700 855 4757 Sed
895 4701 1024 4772 quia
1081 4708 1301 4772 peccata
1355 4700 1654 4756 electorum
1708 4715 1934 4756 suorum
1993 4717 2106 4755 ma-

509 4790 702 4846 riendo
733 4790 960 4853 delevit,
1003 4796 1058 4844 et
1086 4787 1259 4858 ipsam
1290 4795 1522 4842 mortem
1553 4788 1886 4859 resurgendo
1929 4789 2099 4845 calca-

508 4881 612 4948 vit,
647 4880 791 4936 sicut
823 4879 960 4935 dicit
988 4877 1266 4950 apostolus
1294 4876 1527 4932 Paulus:
1596 4901 1614 4922 ε
1643 4875 1894 4932 Christus
1925 4893 2098 4932 resur-

509 4986 640 5040 gens
677 4987 708 5026 a
736 4970 970 5026 mortuis
1009 4968 1124 5039 jam
1168 4983 1280 5021 non
1331 4969 1584 5035 moritur,
1637 4983 1788 5023 mors
1825 4967 1908 5022 illi
1956 4968 2102 5022 ultra

510 5074 622 5114 non
651 5056 1032 5114 dominabitur
1055 5057 1228 5111 (Rom.
1264 5070 1342 5121 v1,
1371 5055 1428 5126 9)
1455 5072 1467 5120 ;
1503 5079 1520 5102 ι
1557 5055 1755 5111 melius
1783 5054 1923 5109 mihi
1953 5053 2101 5109 vide-

509 5156 600 5203 tur
629 5154 690 5202 ut
719 5162 815 5218 per
845 5153 1052 5200 vestem
1084 5142 1289 5200 Christi
1325 5143 1744 5200 multitudinem
1785 5153 2098 5200 sanctarum

508 5238 901 5311 intelligamus,
949 5234 1044 5307 qui
1101 5241 1230 5289 sunt
1271 5234 1516 5289 membra
1567 5233 1727 5306 ejus:
1780 5251 1876 5306 per
1923 5243 2102 5306 guttas

507 5341 690 5389 autem
719 5329 1023 5402 sanguinis,
1054 5327 1256 5400 quibus
1289 5326 1457 5383 vestis
1485 5344 1701 5400 aspersa
1729 5343 1843 5383 esse
1877 5327 2094 5398 legitur,

509 5430 776 5495 martyres
803 5420 1183 5492 designantur,
1233 5416 1329 5488 qui
1369 5431 1468 5488 pro
1512 5433 1697 5472 amore
1726 5415 1933 5474 Christi
1983 5433 2103 5472 san-

510 5511 728 5579 guinem
761 5509 990 5566 fundere
1017 5523 1128 5563 non
1158 5503 1594 5570 dubitaverunt;
1633 5505 1866 5577 ideoque
1899 5515 2101 5562 vestem

607 5606 698 5674 64)
739 5607 914 5660 Filius
941 5605 1040 5660 Dei
1066 5604 1124 5657 in
1153 5602 1287 5658 edit.
1320 5599 1683 5674 desideratur.

608 5671 698 5746 65)
741 5676 889 5731 Edit.
923 5684 975 5730 et
1007 5691 1107 5731 ms.
1139 5675 1294 5745 Reg.,
1348 5671 1584 5742 Spiritus
1613 5677 1866 5740 sanctus;
1920 5672 2104 5729 caeteri

509 5761 637 5801 mss.
652 5789 664 5811 ,
696 5747 926 5816 Spiritus
955 5747 1073 5800 Dei.

583 5816 699 5886 (66)
731 5814 823 5872 “Ita
854 5833 984 5870 mss.
1017 5834 1030 5882 ;
1064 5814 1198 5872 edit.
1232 5831 1385 5882 vero,
1424 5815 1669 5885 superius
1695 5815 1989 5886 expositum
2009 5821 2100 5874 est.

2216 4717 2293 4769 vr,
2333 4700 2445 4772 17).
2479 4724 2496 4746 ι
2539 4698 2644 4766 Qui
2688 4706 2880 4754 acutus
2917 4713 3030 4753 esse
3068 4696 3300 4762 dicitur;
3353 4696 3484 4768 quia
3539 4696 3607 4752 ad
3651 4713 3808 4752 rese-

2207 4789 2383 4846 canda
2414 4787 2571 4855 vitia,
2605 4786 2797 4842 divina
2824 4786 3108 4857 Scriptura
3145 4785 3458 4842 acutissima
3497 4791 3596 4841 est.
3655 4786 3722 4843 Ut
3756 4784 3807 4838 in

2207 4878 2322 4949 ipso
2346 4877 2614 4948 percutiat
2640 4881 2828 4947 gentes.
2869 4873 3144 4930 Percutiet
3187 4874 3439 4931 Christus
3484 4871 3668 4944 gladio
3713 4887 3805 4928 suo

2211 4978 2419 5040 gentes,
2469 4967 2689 5041 quando
2735 4982 2830 5038 per
2870 4964 3176 5020 doctrinam
3224 4972 3536 5020 sanctorum
3583 4979 3802 5019 suorum

2210 5057 2496 5113 hominum
2516 5059 2812 5113 stultorum
2833 5055 2948 5125 (67)
2965 5069 3175 5110 errares
3195 5053 3537 5108 destruet.Et
3553 5051 3663 5122 ipse
3674 5056 3804 5121 reget

2209 5163 2295 5204 eas
2315 5149 2373 5203 in
2403 5149 2556 5218 virga
2589 5147 2770 5217 fer-rea
2793 5162 2810 5200 :
2848 5151 2895 5199 et
2932 5151 3183 5214 tanquam
3227 5159 3320 5198 vas
3366 5143 3516 5214 ﬁguli
3563 5141 3802 5211 confrin-

2210 5244 2409 5308 gentur.
2475 5239 2578 5293 Per
2617 5237 2829 5307 virgam
2872 5233 3104 5288 ferream
3153 5231 3517 5302 Evangelium
3561 5229 3802 5284 diximus

2211 5326 2380 5382 fuisse
2421 5325 2765 5397 designatum
2800 5342 2814 5390 ;
2861 5329 3010 5393 reget
3057 5337 3186 5393 ergo
3232 5320 3484 5378 Christus
3514 5325 3705 5390 gentes
3749 5315 3800 5370 in

2211 5416 2365 5487 virga
2407 5417 2599 5481 ferrea,
2645 5414 2863 5488 quando
2908 5431 3004 5486 per
3045 5410 3355 5469 doctrinam
3403 5416 3718 5466 sanctorum
3752 5413 3799 5462 et

2211 5503 2427 5560 Iudaeos
2455 5503 2523 5560 ad
2553 5504 2715 5560 ﬁdem
2748 5519 2901 5560 suam
2931 5507 3235 5569 convertet,
3278 5507 3333 5556 et
3367 5500 3570 5555 electos
3617 5497 3686 5554 ab
3725 5511 3797 5552 er-

2214 5603 2498 5673 Byss-inum
2531 5601 2697 5672 igitur
2717 5600 3139 5674 justiﬁcationes,
3169 5607 3275 5674 etc.

2287 5675 2403 5744 (67)
2451 5670 2653 5729 Omnes
2698 5670 2863 5739 edita,
2909 5671 3180 5729 hominum
3234 5670 3529 5743 inﬁdelium
3553 5687 3574 5735 ;
3618 5682 3795 5726 omnes

2215 5760 2368 5813 mss.,
2407 5745 2675 5800 hominum
2705 5746 3011 5802 stultorum.
