3964 6380
145 408 303 470 1013

1038 414 1496 475 BERENGAUDI
1530 415 1905 474 EXPOSITIO
1941 414 2015 473 IN
2050 413 2552 476 APOCALYPSIN.

3334 412 3470 474 1014

145 535 384 593 roribus
410 537 743 597 Antichristi
772 537 1047 597 defendet.
1088 541 1164 597 Et
1193 546 1449 613 tanquam
1476 557 1570 598 vas
1596 537 1756 614 ﬁctile
1783 544 1835 605 Α
1867 542 2128 599 exercitus
2164 559 2346 599 eorum
2372 546 2706 616 congregatos
2758 541 2832 600 ad
2883 541 3183 614 faciendum
3220 543 3471 616 prmlium

143 624 585 699 confringentur.
641 628 897 698 Quandiu
951 628 1183 703 quilibet
1230 629 1289 687 in
1330 630 1569 703 peccatis
1592 630 1760 704 jacet,

143 722 308 771 recte
337 731 434 772 vas
463 715 630 774 ﬁctile
660 726 890 775 vocatur
923 736 934 774 :
964 733 1091 776 cum
1137 727 1321 776 autem
1356 736 1453 793 per
1482 721 1766 794 pmniten-

143 803 298 861 tiam
330 812 384 861 et
415 806 687 879 lacrymas
716 807 784 863 ad
830 807 975 864 bona
1020 825 1183 881 opera
1228 810 1437 882 agenda
1468 827 1766 868 conversus

142 891 354 961 fuerit,
376 895 748 968 confringitur
776 913 872 953 vas
899 896 1091 966 ﬁctile,
1112 904 1168 953 et
1188 894 1257 954 ex
1278 915 1345 954 va
1375 915 1430 955 se
1466 898 1625 956 ﬁctili
1655 899 1765 955 eﬁi-

143 982 311 1040 citur
338 1000 435 1040 vas
478 984 720 1041 solidum
762 991 815 1041 et
843 985 1088 1055 ﬁrmum,
1129 995 1183 1043 et
1229 986 1297 1042 ad
1341 987 1486 1044 ictus
1514 988 1765 1044 tentatio-

143 1088 297 1128 num
338 1073 655 1130 daemonum
686 1073 1069 1130 fortissimum.
1101 1075 1175 1130 Et
1208 1075 1317 1147 ipse
1347 1075 1569 1131 calcabit
1598 1082 1766 1130 torcu-

147 1164 247 1219 lar
266 1165 385 1221 vini
410 1166 622 1238 furoris
651 1166 748 1222 ira:
777 1166 875 1222 Dei
904 1167 1287 1239 omnipotentis.
1328 1167 1498 1224 Isaias
1544 1184 1667 1224 cum
1699 1166 1767 1223 de

142 1254 417 1325 passione
445 1255 670 1313 Domini
727 1256 1045 1330 loqueretur
1096 1255 1427 1329 interposuit
1466 1256 1766 1313 Dominum

144 1339 472 1400 dicentem:
544 1368 563 1394 ι
594 1345 860 1402 Torcular
887 1344 1095 1402 calcavi
1151 1345 1300 1401 solus
1320 1340 1345 1414 ;¹
1391 1353 1443 1402 et
1475 1345 1543 1402 de
1586 1344 1762 1418 genti.

142 1431 261 1489 bus
293 1450 403 1489 non
434 1443 516 1491 est
557 1435 646 1491 vir
691 1452 906 1491 mecum
938 1434 1074 1507 (Isa.
1110 1451 1273 1503 LXIII,
1322 1434 1407 1507 3).
1460 1458 1478 1483 ι
1541 1434 1645 1491 Sed
1686 1431 1764 1490 ibi

144 1538 253 1594 per
284 1523 528 1580 torcular
554 1540 695 1581 crux
722 1522 945 1580 Domini
976 1523 1313 1597 intelligitur
1338 1541 1351 1591 ;
1384 1522 1477 1581 hic
1497 1540 1629 1579 vero
1654 1539 1764 1578 non

141 1628 320 1681 crux,
352 1612 447 1669 sed
478 1614 633 1670 locus
661 1630 972 1686 poenarum,
994 1614 1051 1669 in
1073 1629 1236 1686 quem
1258 1612 1757 1687 impiiretrudendi

142 1709 313 1771 sunt,
375 1700 710 1775 designatur.
756 1702 1033 1765 ,Eamdem
1065 1702 1265 1777 quippe
1304 1703 1761 1776 signiﬁcationem

142 1788 327 1846 habet
353 1791 599 1847 torcular
626 1791 685 1846 in
715 1788 821 1849 hoc
849 1791 991 1859 loco,
1019 1808 1183 1865 quam
1212 1799 1266 1849 et
1297 1793 1477 1848 lacum
1506 1788 1760 1865 superius

1876 648 1992 687 cum
2029 631 2147 700 illo,
2176 632 2271 703 qui
2297 632 2501 688 sedebat
2546 632 2603 687 in
2643 648 2794 703 equo,
2842 637 2891 688 et
2930 648 3049 688 cum
3074 632 3306 688 exercitu
3332 632 3466 703 ejus.

1877 720 1980 778 Hic
2007 720 2346 777 demonstrat
2371 736 2482 777 non
2502 719 2571 777 ad
2591 718 2887 777 adventum
2910 720 3134 777 Domini
3164 721 3468 779 secundum

1877 825 1958 877 ea,
1991 824 2112 882 quae
2143 808 2397 881 superius
2433 808 2583 866 dicta
2627 818 2757 867 sunt
2799 809 3097 883 pertinere,
3144 809 3239 867 sed
3284 809 3470 882 potius

1878 898 1948 955 ad
1979 899 2120 955 illud
2168 908 2402 972 tempus,
2458 899 2516 955 in
2562 916 2671 973 quo
2718 915 2813 972 per
2858 906 3072 955 sanctos
3114 913 3243 954 suos
3278 904 3473 954 contra

1878 987 2283 1045 Antichristum
2335 989 2681 1062 praeliaturus
2718 996 2819 1057 est,
2860 988 3005 1044 sicut
3038 987 3153 1061 jam
3200 986 3469 1047 diximus.

1879 1075 2365 1151 Congregabuntur
2402 1093 2637 1151 namque
2665 1077 2875 1147 bestiae,
2920 1084 2974 1132 et
3010 1092 3162 1149 reges
3196 1083 3372 1146 terras,
3413 1084 3470 1133 et

1879 1167 2153 1224 exercitus
2200 1184 2410 1237 eorum,
2459 1177 2522 1224 ut
2560 1174 2803 1241 pugnent
2844 1173 3035 1225 contra
3080 1166 3363 1225 Christum
3413 1173 3469 1223 et

1878 1265 2094 1314 sanctos
2126 1257 2280 1329 ejus;
2316 1258 2534 1331 quando
2574 1256 2951 1315 Antichristus
2991 1264 3045 1312 et
3081 1255 3469 1313 innumerabi-

1880 1346 1949 1402 lis
1998 1347 2298 1404 multitudo
2332 1348 2577 1419 gentium
2619 1364 2741 1421 quae
2782 1347 2850 1404 ab
2887 1363 2951 1403 eo
2992 1346 3357 1420 decipientur,
3397 1344 3468 1402 ad

1878 1451 1977 1507 per
1994 1436 2324 1509 sequendam
2351 1437 2653 1493 Ecclesiam
2676 1436 2777 1493 Dei
2806 1443 3139 1508 exsurgent;
3171 1443 3235 1493 ut
3263 1450 3465 1493 nomen

1878 1524 2087 1582 Christi
2115 1526 2181 1583 de
2207 1527 2414 1583 mundo
2444 1526 2697 1584 funditus
2724 1527 3096 1600 exstinguant.

1951 1613 2133 1687 (Vers.
2166 1615 2254 1686 20,
2286 1616 2403 1687 21.)
2444 1617 2518 1672 Ει
2559 1616 2883 1687 apprehensa
2914 1622 2988 1671 est
3015 1615 3198 1685 bestia,
3228 1622 3276 1671 et
3298 1632 3467 1688 pseu—

1874 1701 2215 1776 dopropheta,
2244 1705 2338 1776 qui
2366 1704 2489 1774 fecit
2515 1704 2666 1777 signa
2692 1722 2871 1761 coram
2900 1705 3035 1777 ipsa,
3068 1705 3257 1776 quibus
3303 1705 3468 1760 sedu-

1872 1792 1956 1847 xit
1983 1809 2087 1863 eos,
2136 1795 2230 1866 qui
2282 1803 2591 1866 acceperunt
2643 1795 2996 1850 characterem
3049 1794 3239 1863 bestiae,
3278 1801 3327 1851 et
3375 1795 3469 1864 qui

142 1877 408 1935 diximus
440 1879 717 1949 habuisse,
756 1880 813 1936 in
844 1896 1006 1954 quem
1036 1881 1183 1938 botri
1238 1880 1414 1937 vineas
1444 1888 1622 1949 terrae,
1664 1897 1760 1952 per
1793 1905 1840 1965 Β
1871 1881 2232 1941 adoraverunt
2255 1884 2535 1956 imaginem
2570 1882 2682 1954 ejus
2723 1901 2741 1939 :
2779 1882 2888 1939 vivi
2930 1882 3080 1938 missi
3106 1888 3229 1938 sunt
3276 1881 3319 1937 ii
3362 1882 3467 1938 duo

142 1983 298 2040 quos
317 1966 474 2041 impii
496 1967 875 2041 designantur,
900 1970 1131 2026 demersi
1159 1970 1329 2027 fuisse
1351 1971 1626 2042 leguntur.
1655 1969 1759 2026 Sed

141 2061 203 2111 et
237 2054 359 2128 ipsa
392 2056 625 2112 calcatio
672 2057 964 2114 torcularis
1009 2058 1256 2115 eamdem
1300 2057 1760 2131 signiﬁcationem

141 2149 342 2221 habet,
366 2167 527 2225 quam
552 2160 606 2209 et
632 2152 751 2211 illic
770 2155 1135 2211 calcationem
1153 2156 1303 2212 lacus
1322 2154 1581 2211 habuisse
1610 2154 1758 2211 dixi-

142 2257 317 2309 mus;
348 2240 625 2314 signiﬁcat
670 2259 907 2317 namque
938 2245 1190 2301 ultimam
1230 2243 1628 2301 demersionem
1658 2244 1758 2300 im-

144 2332 379 2404 piorum
404 2332 463 2389 in
490 2332 794 2390 infernum.
820 2334 965 2402 Quid
986 2351 1117 2392 vero
1136 2335 1209 2390 sit
1229 2335 1422 2390 vinum
1442 2334 1648 2391 furoris
1664 2334 1758 2391 ira)

142 2421 253 2479 Dei
268 2419 684 2494 omnipotentis,
700 2422 952 2495 superius
964 2422 1625 2496 diximus(cap.x1v,vers.
1641 2423 1754 2496 10).

225 2505 414 2591 (vers.
456 2505 570 2592 17.)
597 2522 675 2576 Et
698 2521 811 2577 vidi
865 2523 1033 2577 alium
1061 2523 1303 2593 angelum
1332 2528 1554 2578 stantem
1595 2525 1648 2578 in
1676 2540 1757 2579 so-

145 2608 219 2677 le,
280 2614 328 2663 et
378 2608 629 2665 clamavit
684 2627 801 2665 voce
854 2628 1048 2682 magna
1103 2612 1346 2666 omnibus
1394 2611 1602 2680 avibus,
1643 2629 1760 2682 quae

144 2697 407 2753 volabant
430 2715 529 2769 per
556 2698 785 2753 medium
812 2701 1016 2755 cwlum.
1040 2701 1149 2756 Iste
1180 2701 1411 2771 angelus
1441 2699 1756 2771 prmdicato-

145 2802 238 2842 res
270 2785 366 2859 qui
412 2786 473 2841 in
501 2786 611 2842 ﬁne
662 2787 857 2843 mundi
910 2787 1086 2843 futuri
1124 2795 1271 2855 sunt,
1304 2786 1577 2859 signiﬁcat
1611 2805 1622 2843 :
1663 2786 1759 2859 qui

146 2875 323 2931 etiam
355 2882 408 2930 et
440 2889 534 2947 per
563 2874 773 2947 equites
808 2874 971 2947 paulo
1001 2872 1253 2945 superius
1277 2873 1546 2946 designati
1578 2883 1707 2931 sunt
1740 2892 1752 2930 :

145 2979 248 3036 per
278 2964 450 3020 solem
482 2980 612 3019 vero
643 2962 922 3020 Christum
966 2962 1271 3035 intelligere
1311 2961 1595 3022 debemus.
1644 2965 1755 3021 An-

146 3055 309 3126 gelus
348 3053 518 3124 igitur
546 3052 604 3108 in
629 3054 743 3109 sole
772 3052 925 3109 stetit
963 3071 976 3121 ;
1008 3052 1134 3125 quia
1164 3051 1550 3124 praedicatores
1579 3054 1758 3110 sancti

145 3142 207 3197 in
241 3141 466 3200 Christo
498 3141 574 3197 ita
618 3141 1024 3210 solidabuntur,
1070 3148 1131 3196 ut
1180 3140 1248 3197 ab
1295 3139 1414 3213 ejus
1464 3140 1572 3198 ﬁde
1602 3142 1756 3199 nulla

146 3229 206 3286 vi
258 3231 709 3303 persecutionum
742 3231 907 3287 avelli
946 3230 1178 3302 possint.
1233 3230 1335 3286 Per
1389 3246 1517 3286 aves
1571 3240 1754 3287 autem
1794 3254 1838 3316 ο

147 3318 347 3375 ﬁdeles
374 3335 583 3386 omnes,
643 3318 737 3391 qui
779 3335 843 3374 eo
890 3327 1135 3391 tempore
1191 3317 1366 3374 futuri
1415 3326 1563 3387 sunt,
1614 3318 1758 3375 desi-

147 3417 398 3479 gnantur
428 3426 440 3464 :
469 3426 563 3481 per
592 3408 788 3465 caelum
822 3406 1111 3474 volabunt,
1163 3407 1292 3479 quia
1319 3407 1376 3462 in
1407 3407 1571 3463 terris
1610 3408 1754 3479 posi-

146 3496 217 3565 ti,
270 3501 476 3553 tmente
537 3497 594 3552 in
650 3496 964 3553 coelestibus
1044 3494 1394 3552 habitabunt.
1462 3496 1759 3553 Possumus

147 3585 529 3642 nihilominus
576 3602 671 3658 per
699 3585 899 3642 coelum
949 3585 1253 3641 Ecclesiam
1298 3584 1626 3657 intelligere.
1657 3586 1760 3642 Per

147 3677 359 3732 coelum
391 3675 566 3731 sancti
595 3675 785 3731 volant
814 3693 828 3743 ;
882 3676 1018 3747 quia
1045 3674 1182 3730 duas
1224 3675 1336 3731 alas
1387 3673 1669 3743 habentes,
1700 3674 1759 3732 id

148 3773 257 3834 est,
290 3764 402 3821 duo
431 3772 701 3837 praecepta
744 3762 1050 3833 charitatis,
1086 3763 1516 3838 circumquaque
1545 3765 1757 3834 volant,

150 3855 491 3928 quibusdam
549 3853 983 3911 misericordiam
1037 3854 1429 3928 impendenda,
1488 3855 1758 3928 quosdam

152 3943 224 4001 ab
257 3944 653 4017 iniquitatibus
684 3943 1011 4001 revocando.

229 4043 415 4116 (Vers.
451 4043 566 4116 18.)
638 4045 831 4112 Venite,
878 4045 1264 4118 congregamini
1302 4045 1376 4102 ad
1415 4062 1613 4102 orenam
1647 4063 1757 4104 ma-

151 4151 313 4206 gnam
342 4133 440 4190 Dei
467 4134 852 4206 mnnipotentis,
886 4141 945 4190 ut
979 4136 1302 4192 manducetis
1329 4152 1514 4192 carnes
1556 4153 1758 4209 regum,

153 4230 203 4279 et
230 4240 416 4279 carnes
447 4223 810 4293 tribunorum,
867 4231 916 4281 et
963 4242 1148 4281 carnes
1193 4225 1437 4297 fortium,
1489 4232 1536 4281 et
1569 4243 1756 4283 carnes

153 4327 434 4382 equorum,
493 4315 542 4364 et
595 4310 887 4365 sedentium
941 4312 999 4366 in
1065 4312 1218 4383 ipsis,
1271 4320 1320 4368 et
1377 4330 1560 4370 carnes
1626 4314 1761 4371 libe-

152 4414 347 4455 rorum
407 4403 456 4452 et
515 4414 810 4468 servorum,
868 4405 916 4454 et
958 4400 1281 4471 pusillorum
1337 4408 1386 4457 et
1425 4419 1757 4474 magnorum.

155 4487 266 4557 Qui
316 4486 676 4559 designantur
722 4502 819 4558 per
865 4502 1017 4559 reges
1047 4494 1101 4542 et
1147 4486 1448 4561 principes,
1477 4489 1679 4547 liberos
1708 4499 1762 4548 et

157 4594 369 4644 servos,
441 4583 797 4649 czeterosque,
869 4574 975 4648 ipsi
1050 4592 1145 4647 per
1209 4593 1401 4649 equos,
1457 4593 1758 4653 eorumque
1788 4607 1836 4666 Β

158 4683 493 4732 ascensores,
538 4665 817 4738 principes
859 4665 1073 4723 scilicet
1123 4674 1304 4735 terrae,
1341 4683 1404 4725 ac
1430 4668 1626 4741 populi
1656 4671 1754 4743 qui

159 4756 239 4813 eis
267 4755 653 4829 subjicientur.
683 4755 850 4812 Coena
873 4771 1004 4811 vero
1034 4754 1133 4810 Dei
1162 4755 1297 4829 quid
1325 4756 1477 4814 aliud
1504 4767 1604 4826 est,
1646 4757 1756 4814 nisi

161 4843 550 4921 exterminatio
580 4842 876 4914 impiorum
907 4843 936 4899 ‘l
983 4842 1184 4902 Carnes
1230 4852 1412 4900 autem
1457 4844 1756 4917 impiorum

155 4932 292 5004 justi
322 4931 755 5000 manducabunt,
795 4948 921 4989 cum
970 4932 1273 4990 vindictam
1326 4950 1396 4989 ex
1445 4933 1605 4990 malis
1637 4950 1758 5007 quae

161 5024 242 5079 eis
286 5022 615 5089 intulerunt,
671 5020 968 5093 excipient.
1027 5023 1099 5078 Et
1146 5022 1275 5094 quia
1315 5021 1455 5094 justi
1500 5023 1758 5083 videntes

161 5129 379 5185 poenam
425 5111 745 5184 impiorum,
800 5112 857 5166 in
911 5111 1072 5169 bonis
1127 5112 1388 5184 operibus
1438 5114 1757 5187 proﬁciunt,

163 5201 306 5258 sicut
362 5200 498 5258 dicit
539 5199 828 5257 Psalmista
879 5218 891 5256 :
965 5224 984 5247 ι
1036 5201 1338 5259 Laetabitur
1377 5202 1582 5275 justus,
1631 5221 1757 5262 cum

168 5291 367 5348 viderit
403 5289 731 5360 vindictam,
764 5306 959 5347 manus
986 5308 1112 5348 suas
1138 5292 1347 5352 lavabit
1389 5295 1450 5353 in
1494 5297 1759 5369 sanguine

166 5380 468 5454 peccatoris
498 5379 673 5453 (Psal.
704 5397 840 5449 LVII,
871 5379 984 5453 11).
1012 5406 1032 5429 ι

238 5471 423 5544 (Vers.
461 5469 574 5544 19.)
623 5471 700 5528 Et
750 5470 880 5528 vidit
930 5470 1167 5541 bestiam,
1215 5476 1265 5528 et
1292 5488 1435 5545 reges
1490 5481 1664 5546 terra,
1714 5482 1762 5533 et

1867 1972 1926 2026 in
1953 1977 2194 2043 stagnant
2219 1972 2355 2044 ignis
2381 1972 2617 2029 ardentis
2654 1972 2929 2044 sulphure,
2980 1977 3029 2025 et
3082 1970 3256 2027 cceteri
3310 1972 3467 2028 occisi

1869 2065 1992 2113 sunt
2019 2060 2076 2114 in
2100 2060 2280 2132 gladio
2310 2060 2532 2117 sedentis
2578 2077 2736 2132 super
2781 2075 2991 2130 equum,
3023 2059 3118 2130 qui
3155 2060 3468 2131 procedebat

1870 2150 1931 2205 de
1959 2168 2050 2206 ore
2072 2151 2260 2223 ipsius,
2299 2158 2346 2207 et
2373 2167 2546 2207 omnes
2575 2168 2692 2206 oves
2719 2154 2976 2205 saturata:
3018 2155 3141 2205 sunt
3178 2149 3241 2205 de
3276 2149 3469 2206 carni-

1870 2241 1964 2298 bus
1993 2239 2700 2313 eorum.Apprehendentur
2720 2238 2896 2295 bestia
2914 2246 2969 2295 et
2992 2237 3466 2313 pseudopropheta

1870 2326 2009 2399 ejus,
2042 2328 2263 2401 quando
2292 2329 2433 2386 illud
2459 2327 2803 2401 implebitur,
2833 2328 2981 2401 quod
3009 2328 3288 2401 apostolus
3317 2329 3468 2385 Pau-

1870 2416 1956 2472 lus
1985 2415 2063 2471 ait
2110 2434 2122 2473 :
2186 2440 2204 2464 ι
2236 2416 2410 2484 Quem
2437 2416 2708 2474 Dominus
2739 2416 2895 2473 Jesus
2939 2416 3234 2474 interﬁciet
3268 2417 3467 2490 spiritu

1869 2505 1981 2562 oris
2037 2504 2144 2574 sui,
2199 2513 2253 2561 et
2311 2506 2556 2562 destruet
2614 2504 2983 2562 illustratione
3050 2505 3321 2563 adventus
3379 2506 3467 2563 sui

1871 2593 1959 2667 (II
1993 2595 2171 2650 Thess.
2208 2611 2269 2663 ιι,
2319 2594 2400 2666 8).
2434 2619 2453 2644 ›
2495 2595 2553 2652 Si
2580 2594 2958 2651 Antichristus
2987 2595 3187 2667 spiritu
3216 2595 3328 2652 oris
3360 2598 3466 2653 Do-

1868 2683 2008 2738 mini
2048 2682 2463 2738 interﬁciendus
2508 2689 2609 2750 est,
2651 2681 2929 2761 quomodo
2987 2682 3104 2754 ipse
3142 2690 3196 2739 et
3234 2684 3462 2756 pseudo-

1867 2771 2132 2846 propheta
2156 2771 2275 2843 ejus
2303 2771 2360 2827 in
2390 2778 2640 2844 stagnum
2672 2770 2818 2842 ignis
2849 2769 2960 2827 vivi
2991 2771 3250 2828 mittendi
3286 2774 3464 2831 sunt?

1866 2862 1966 2917 Est
1991 2861 2108 2918 vita
2129 2859 2430 2933 justorum,
2478 2870 2558 2918 est
2589 2869 2643 2917 et
2680 2861 2998 2934 impiorum.
3048 2863 3127 2919 De
3155 2863 3273 2920 vita
3288 2864 3463 2937 justo-

1868 2966 1991 3006 rum
2027 2950 2161 3006 dicit
2193 2949 2477 3023 propheta,
2510 2950 2639 3023 quia
2680 2974 2699 2997 ι
2722 2949 2910 3023 justus
2936 2950 2995 3006 in
3026 2950 3134 3008 ﬁde
3175 2969 3273 3009 sua
3314 2954 3467 3011 vivet

1871 3039 2095 3110 (Habac.
2128 3056 2190 3108 ιι,
2220 3037 2278 3111 4)
2312 3057 2326 3107 ;
2368 3062 2388 3088 ι
2429 3038 2496 3095 de
2528 3038 2697 3096 vidua
2729 3055 2860 3097 vero
2902 3041 3048 3097 mala
3073 3040 3212 3100 dicit
3240 3043 3462 3114 Paulus,

1867 3127 1996 3201 quia
2032 3152 2050 3174 ε
2082 3129 2277 3186 vivens
2322 3137 2538 3186 mortua
2572 3137 2655 3187 est
2686 3130 2803 3204 (68)
2838 3131 2898 3203 (Ι
2928 3132 3065 3189 Tim.
3095 3150 3154 3203 v,
3195 3134 3274 3208 6).
3305 3158 3324 3183 ι
3367 3135 3463 3193 Vi-

1866 3225 1979 3276 tam
2008 3236 2243 3294 namque
2270 3220 2566 3293 impiorum
2590 3219 2729 3293 justi
2756 3238 2869 3279 non
2896 3223 3197 3297 incongrue
3226 3233 3462 3283 mortem

1869 3315 2069 3364 vocant
2103 3325 2115 3363 :
2150 3307 2410 3364 similiter
2434 3316 2487 3365 et
2515 3309 2673 3382 impii
2715 3308 2888 3365 vitam
2920 3310 3197 3383 justorum
3230 3322 3461 3370 mortem

1868 3396 2166 3465 aestimant,
2197 3395 2340 3453 sicut
2367 3397 2425 3452 in
2458 3396 2672 3468 judicio
2713 3395 2918 3455 dicturi
2947 3406 3077 3455 sunt
3108 3417 3121 3456 :
3166 3425 3186 3447 ι
3220 3401 3288 3457 Hi
3332 3410 3463 3460 sunt

1868 3500 2005 3559 quos
2032 3483 2328 3556 aliquando
2358 3483 2652 3541 habuimus
2693 3484 2752 3540 in
2794 3485 3061 3555 derisum,
3092 3495 3149 3544 et
3177 3487 3239 3544 in‘
3265 3489 3459 3546 simili-

1866 3578 2113 3634 tudinem
2147 3576 2464 3650 improperii
2505 3594 2517 3633 :
2560 3593 2661 3633 nos
2705 3576 2971 3633 insensati
3011 3578 3183 3636 vitam
3236 3580 3461 3638 illorum

1868 3668 2274 3727 aestimabamus
2314 3668 2608 3735 insaniam,
2640 3677 2694 3725 et
2726 3667 2891 3724 ﬁnem
2940 3668 3166 3726 illorum
3202 3670 3322 3728 sine
3367 3672 3464 3729 ho-

1814 3776 1817 3779 ·
1867 3774 2001 3814 nore
2033 3758 2189 3831 (Sap.
2221 3774 2278 3827 v,
2310 3755 2363 3825 3,
2394 3756 2474 3829 4).
2505 3779 2525 3804 ι
2580 3755 2960 3814 Antichristus
2988 3773 3117 3831 ergo
3146 3766 3206 3816 et
3234 3760 3460 3833 pseudo-

1868 3847 2136 3921 propheta
2157 3845 2276 3919 ejus
2307 3846 2426 3904 vivi
2470 3845 2626 3902 missi
2655 3853 2786 3903 sunt
2821 3845 2879 3903 in
2915 3854 3169 3920 stagnum
3204 3849 3367 3923 ignis,
3404 3850 3462 3908 id

1868 3943 1971 4005 est,
2001 3936 2059 3992 in
2090 3935 2302 3992 malitia
2340 3951 2439 3993 sua
2482 3933 2621 4004 vivi,
2671 3934 2732 3991 in
2779 3950 2843 3991 ea
2885 3935 3145 3994 videlicet
3181 3953 3356 4011 usque
3401 3938 3461 3996 in

1868 4023 2034 4081 ﬁnem
2082 4024 2212 4080 vitae
2254 4041 2365 4081 sum
2414 4030 2841 4097 perseverantes.
2892 4022 3049 4092 Quod
3093 4034 3277 4083 autem
3325 4026 3464 4087 dicit

1869 4116 2000 4190 quia
2051 4116 2239 4174 caeteri
2291 4116 2460 4173 occisi
2506 4124 2634 4172 sunt
2684 4115 2745 4171 in
2788 4114 2969 4187 gladio
3016 4116 3257 4174 sedentis
3299 4135 3464 4193 super

1868 4222 2097 4280 equum,
2129 4205 2566 4263 interfectionem
2590 4205 2750 4261 istam
2780 4221 2880 4278 pro
2898 4204 3222 4263 confusione
3241 4208 3460 4282 posuit;

1868 4312 1999 4353 nam
2057 4299 2195 4358 571
2251 4295 2452 4365 sancti,
2503 4310 2737 4370 quorum
2785 4293 3039 4353 doctrina
3079 4311 3177 4369 per
3220 4296 3462 4369 gladium

1869 4392 1981 4449 oris
2033 4390 2257 4448 Domini
2315 4389 2650 4464 designatur,
2728 4391 3020 4449 interfecto
3091 4391 3459 4462 Antichristo,

1870 4479 2216 4537 insultabunt
2246 4479 2584 4549 inﬁdelibus,
2613 4496 2678 4536 eo
2707 4480 2853 4553 quod
2883 4478 3161 4535 hominem
3203 4479 3461 4552 impiissi-

1869 4586 2043 4639 mum,
2075 4578 2237 4644 atque
2265 4569 2525 4626 omnibus
2570 4567 2897 4626 hominibus
2944 4565 3274 4624 deteriorem
3301 4568 3459 4625 Anti-

1864 4659 2158 4729 christum,
2228 4657 2594 4715 immortalem
2661 4656 2933 4729 deumque
2996 4654 3457 4727 existimaverint,

1865 4764 2029 4822 quem
2060 4749 2333 4806 constabit
2362 4747 2596 4821 pessima
2625 4754 2801 4803 morte
2846 4753 3189 4817 peremptum
3222 4764 3235 4802 :
3280 4755 3335 4804 at
3375 4748 3459 4806 illi

1866 4838 2278 4896 confundentur
2331 4847 2384 4893 et
2441 4836 2721 4894 tabescent
2771 4833 2831 4891 in
2880 4832 3268 4908 iniquitatibus
3323 4837 3457 4895 suis."

1868 4927 2073 4985 Omnes
2100 4943 2228 4999 ergo
2257 4943 2385 4982 aves
2411 4932 2667 4984 saturatas
2695 4930 2824 4979 sunt
2852 4922 2920 4980 de
2946 4922 3207 4981 carnibus
3231 4939 3454 4992 eorum;

1867 5017 1998 5090 quia
2044 5016 2308 5073 subverso
2343 5013 2709 5082 Antichristo,
2743 5029 2934 5070 omnes
2979 5012 3139 5070 electi
3186 5012 3459 5069 inenarra-

1866 5105 2057 5161 biliter
2101 5102 2422 5178 gaudebunt
2463 5110 2517 5160 et
2552 5100 2933 5171 exsultabunt,
2980 5117 3046 5158 eo
3090 5103 3239 5176 quod
3281 5118 3311 5159 a
3346 5109 3458 5158 tam
3533 5177 3537 5181 ἢ

1868 5192 2109 5267 pessimo
2142 5191 2297 5248 hoste
2345 5190 2722 5248 misericordia
2763 5189 2957 5248 divina
2999 5206 3092 5247 eos
3121 5190 3457 5259 liberaverit,

1868 5297 2167 5354 omnesque
2222 5279 2319 5355 qui
2372 5296 2464 5338 eos
2512 5278 3008 5355 persequebantur,
3064 5279 3220 5336 velut
3272 5279 3461 5337 fumus

1868 5369 2212 5431 evanuerint.

1938 5470 2167 5531 CAPUT
2195 5471 2324 5531 XX.
2345 5503 2416 5516 —
2436 5469 2618 5546 (Vere.
2645 5467 2724 5542 1.)
2746 5469 2821 5527 Ει
2845 5466 2959 5526 vidi
2974 5466 3219 5541 angelum
3242 5465 3461 5524 descen-

238 5686 355 5762 (_68_)
409 5684 500 5762 Sic
539 5702 730 5762 omnes
769 5703 897 5762 mss.
930 5707 945 5757 ;
985 5695 1040 5762 at
1073 5687 1207 5746 edit.
1256 5705 1285 5745 e
1336 5687 1636 5759 contrario,
1669 5688 1798 5746 dicit
1834 5689 2115 5762 propheta,
2145 5662 2276 5758 quia
2292 5684 2473 5758 justus
2502 5683 2560 5740 in
2586 5681 2688 5757 ﬁde
2714 5680 2846 5738 vivit
2864 5697 2887 5747 ;
2920 5680 2985 5739 de
3011 5680 3124 5738 vita
3148 5697 3272 5739 vero
3299 5682 3447 5740 mala

169 5756 291 5815 dicit
316 5759 549 5829 Paulus,
580 5758 708 5832 quia
728 5758 889 5819 vidua
916 5761 1053 5818 male
1079 5761 1254 5819 vivens
1280 5768 1495 5820 mortua
1523 5766 1615 5819 est.
