3964 6392
531 424 672 483 1015

1545 426 1644 484 AD
1679 424 1914 484 OPERA
1950 425 2006 483 S.
2046 425 2380 485 AMBROSII
2415 426 2795 488 APPENDIX.

3707 428 3862 487 1016

529 549 730 608 dentem
765 551 828 608 de
863 547 1005 620 calo,
1046 552 1312 610 habentem
1346 553 1542 610 clavem
1567 553 1762 628 abyssi,
1803 559 1852 610 et
1885 559 2127 610 catenam
2157 560 2210 622 Α
2233 564 2314 615 est
2338 565 2400 616 ut
2427 559 2601 634 gloria
2632 559 2702 616 ad
2733 573 2897 634 quam
2943 572 3134 616 eorum
3179 555 3377 615 animm
3419 556 3683 632 quotidie
3735 574 3868 632 per.

528 661 775 716 magnam
804 643 862 700 in
892 661 1057 701 manu
1077 661 1196 702 sua.
1227 645 1646 704 Damnationem
1670 644 1878 702 diaboli
1908 660 2130 702 narrare

529 734 742 802 volens,
773 733 842 790 ad
871 733 1170 791 adventum
1198 733 1406 792 Christi
1450 734 1770 791 revertitur.
1821 733 1950 790 Tres
1978 749 2128 790 nam-

531 839 636 896 que
663 832 794 880 sunt
821 823 1202 881 damnationes
1229 823 1436 880 diaboli
1466 842 1478 880 :
1509 824 1800 884 damnatus
1821 831 1901 880 est
1923 823 2124 896 primo,

531 913 750 988 quando
779 913 845 971 de
884 913 1092 970 ccelesti
1121 913 1464 970 beatitudine
1507 921 1728 987 propter
1776 913 2126 986 iniquitatem

529 1023 683 1064 suam
729 1013 811 1062 est
841 1003 1083 1078 dejectus
1115 1023 1127 1061 :
1159 1003 1400 1061 secunda
1443 1003 1726 1060 damnatio
1757 1001 1874 1075 ejus
1903 1003 2030 1070 fuit,
2059 1001 2127 1058 de

530 1112 638 1169 qua
663 1103 854 1152 auctor
883 1093 1012 1150 libri
1045 1091 1213 1166 hujus
1235 1091 1388 1166 loqui
1427 1092 1593 1149 modo
1625 1091 1821 1165 incipit
1849 1109 1863 1158 ;
1905 1091 2125 1165 quando

529 1201 627 1258 per
675 1191 910 1241 mortem
959 1181 1164 1240 Christi
1215 1199 1384 1256 genus
1421 1182 1726 1238 humanum
1759 1180 1828 1236 de
1859 1188 2122 1252 potestate

527 1272 646 1346 ejus
690 1280 938 1346 ereptum
969 1281 1070 1341 est,
1119 1281 1173 1329 et
1219 1273 1356 1344 ipse,
1407 1273 1548 1329 sicut
1578 1285 1814 1344 praesens
1851 1269 2124 1342 scriptura

527 1361 886 1430 demonstrat,
917 1361 978 1416 in
1017 1359 1276 1432 abyssum
1322 1367 1405 1417 est
1453 1358 1712 1432 religatus
1744 1357 1860 1430 (69)
1905 1374 1918 1412 :
1958 1356 2122 1414 tertia

526 1448 809 1506 damnatio
819 1449 934 1523 ejus
949 1451 1075 1518 erit,
1093 1447 1312 1524 quando
1331 1447 1391 1504 in
1411 1447 1690 1504 infernum
1709 1463 1836 1503 cum
1862 1443 2118 1502 omnibus

525 1537 713 1612 impiis
737 1539 796 1595 in
821 1546 1086 1596 aeternum
1120 1537 1450 1594 crueiandus
1481 1537 1843 1610 demergetur.
1875 1535 2116 1608 Angelus

2239 649 2538 719 ducuntur,
2569 649 2946 716 describatur;
2999 665 3095 723 per
3123 648 3276 706 sedes
3307 665 3551 724 namque
3602 650 3865 708 cmlestis

2239 737 2434 810 patria,
2469 756 2565 812 per
2594 739 2842 796 sedentes
2879 736 3212 814 vero.Super
3239 755 3330 796 eas
3373 749 3708 798 sanctorum
3739 741 3861 797 ani-

2237 843 2339 884 mae
2363 827 2721 900 designantur
2753 846 2765 885 :
2808 827 2956 903 quod
3002 837 3185 886 autem
3223 827 3508 901 judicium
3541 828 3751 890 datum
3787 833 3863 888 sit

2235 917 2458 987 sanctis,
2499 934 2732 992 quorum
2779 919 2976 975 animm
3006 918 3065 974 in
3092 918 3302 975 caelesti
3353 917 3718 978 beatitudine
3777 937 3860 978 re-

2233 1006 2568 1080 quiescunt;
2615 1007 2674 1062 in
2711 1007 2818 1064 hoc
2870 1007 3154 1064 advertere
3209 1024 3526 1081 possumus,
3590 1025 3734 1066 cum
3789 1008 3861 1065 ad

2233 1111 2424 1151 eorum
2481 1097 2732 1168 sepulcra
2786 1095 3058 1154 daemonia
3111 1095 3181 1153 ab
3223 1095 3460 1153 obsessis
3505 1097 3860 1170 corporibus

2232 1183 2455 1254 expelli,
2486 1182 2726 1256 perjuria
2759 1200 2898 1256 saepe
2948 1183 3148 1258 detegi,
3178 1193 3344 1258 atque
3392 1186 3572 1243 multa
3603 1186 3859 1244 miracu-

2231 1269 2284 1325 la
2323 1270 2444 1326 ﬁeri
2498 1269 2768 1328 videmus.
2827 1274 2902 1328 Et
2952 1272 3161 1328 animas
3189 1273 3589 1345 interfectorum
3611 1283 3861 1348 propter

2225 1358 2438 1414 verbum
2473 1359 2592 1428 Dei,
2623 1367 2673 1416 et
2699 1360 3048 1416 testimonium
3077 1361 3201 1417 Iesu
3217 1380 3240 1429 ;
3267 1369 3317 1419 et
3345 1363 3440 1436 qui
3482 1381 3592 1420 non
3643 1365 3858 1422 adora-

2225 1456 2418 1505 verunt
2465 1450 2679 1507 bestiam
2750 1457 2800 1506 et
2845 1451 3124 1524 imaginem
3184 1451 3322 1524 ejus,
3378 1472 3470 1511 nec
3522 1465 3865 1530 acceperunt

2225 1539 2576 1596 characterem
2625 1541 2741 1611 ejus
2793 1541 2851 1597 in
2895 1541 3162 1613 frontibus
3189 1551 3286 1599 aut
3327 1544 3381 1600 in
3411 1546 3666 1602 manibus
3707 1547 3856 1635 suis,

525 1627 708 1700 itaque
744 1626 848 1684 iste
871 1626 1176 1685 Christum
1218 1625 1495 1700 signiﬁcat
1536 1643 1548 1682 :
1593 1624 1875 1680 descensio
1905 1621 2021 1695 ejus
2047 1623 2115 1680 de

522 1717 661 1772 caelo
688 1725 768 1774 est
797 1716 1103 1774 incarnatio
1139 1713 1275 1788 ejus.
1309 1714 1532 1773 Clavem
1561 1713 1770 1787 abyssi,
1797 1713 1855 1770 id
1883 1721 1986 1782 est,
2015 1713 2116 1770 in—

523 1806 687 1876 ferni,
739 1809 854 1880 ipse
896 1807 1185 1880 possidet;
1237 1805 1367 1880 quia
1409 1805 1478 1863 ab
1522 1806 1771 1879 ingressu
1809 1803 1928 1877 ejus
1975 1821 2112 1878 quos

2221 1629 2471 1686 vixerunt
2518 1636 2566 1686 et
2618 1638 2969 1702 regnaverunt
3014 1649 3130 1688 cum
3181 1633 3392 1691 Christo
3440 1635 3590 1692 mille
3645 1629 3854 1695 annis:

2221 1717 2324 1775 Per
2351 1718 2563 1776 animas
2590 1717 3010 1779 interfectorum
3059 1731 3286 1796 propter
3327 1722 3560 1781 verbum
3610 1727 3747 1796 Dei,
3795 1735 3855 1784 et

2221 1809 2603 1867 testimonium
2629 1811 2757 1868 Jesu
2809 1820 3079 1886 martyres
3136 1813 3233 1888 qui
3273 1813 3507 1872 diversis
3564 1818 3855 1890 tempori-

521 1897 666 1964 vult,
705 1896 974 1966 retrahit;
1007 1905 1060 1953 et
1089 1912 1226 1970 quos
1267 1895 1412 1965 vult,
1451 1894 1510 1951 in
1541 1893 1658 1968 ejus
1702 1893 2109 1952 damnationem

519 1987 713 2046 cadere
756 1986 904 2060 juste
950 1984 1243 2060 permittit.
1287 1984 1390 2042 Per
1430 1991 1678 2042 catenam
1705 2000 1836 2041 vero
1866 1999 2118 2058 magnam

523 2076 640 2150 ejus
667 2085 901 2150 potestas
929 2075 1268 2147 designatur.

596 2168 778 2240 (Vers.
826 2168 908 2240 2.)
962 2168 1036 2222 Et
1088 2164 1433 2237 apprehendit
1473 2165 1774 2234 draconem,
1821 2168 2110 2236 serpentem

521 2258 820 2329 antiquum,
853 2255 946 2328 qui
992 2260 1210 2310 vocatur
1238 2253 1484 2310 diabolus
1531 2260 1580 2310 et
1622 2260 1861 2322 satanas,
1891 2258 1940 2307 et
1965 2251 2106 2308 reli-

519 2347 665 2420 gavit
709 2363 824 2402 eum
863 2363 962 2419 per
1021 2362 1190 2401 annos
1235 2342 1402 2401 mille.
1444 2341 1826 2416 Apprehendit
1865 2339 2117 2398 Christus

521 2442 826 2509 serpentem
857 2434 1169 2508 antiquum,
1199 2433 1258 2490 id
1293 2441 1396 2502 est,
1427 2431 1734 2497 diabolum,
1765 2429 1984 2504 quando
2017 2445 2113 2502 per

521 2538 753 2588 mortem
781 2546 935 2587 suam
965 2528 1082 2602 ejus
1127 2525 1404 2584 destruxit
1449 2525 1746 2598 imperium
1773 2539 1785 2579 :
1819 2539 1916 2596 per
1942 2540 2116 2580 annos

519 2628 700 2678 autem
732 2619 884 2676 mille
913 2635 1074 2675 omne
1101 2625 1320 2692 tempus
1345 2615 1414 2672 ab
1432 2613 1681 2692 adventu
1710 2611 1916 2670 Christi
1943 2629 2116 2688 usque

518 2709 590 2766 ad
630 2709 796 2766 ﬁnem
844 2707 1039 2765 mundi
1085 2689 1347 2764 debemus
1388 2689 1650 2776 accipere.
1683 2702 1957 2776 Religavit
1988 2719 2116 2776 ergo

520 2799 772 2858 Christus
801 2799 1084 2856 diabolum
1132 2813 1246 2854 non
1273 2793 1514 2854 vinculis
1543 2789 1842 2864 corporeis,
1873 2791 1967 2848 sed
1995 2793 2115 2849 vin-

521 2894 665 2952 culis
697 2891 980 2966 potestatis
1020 2909 1131 2950 suas
1175 2893 1456 2950 immensze
1487 2905 1502 2955 ;
1551 2887 1681 2960 quia
1708 2904 1834 2944 eum
1865 2904 1896 2943 a
1923 2886 2118 2945 cordi-

521 2986 626 3044 bus
661 2986 962 3044 electorum
1004 3000 1230 3042 suorum
1277 2980 1576 3056 expellens,
1623 2978 1691 3035 ab
1733 2995 1926 3036 eorum
1963 2979 2116 3037 dece-

521 3075 709 3151 ptione
737 3075 928 3132 divina
954 3091 1052 3132 sua
1079 3074 1286 3130 virtute
1315 3070 1600 3128 exclusum
1627 3075 1799 3124 tenet.

595 3167 777 3240 (Vers.
805 3165 887 3240 3.)
917 3167 992 3223 Et
1016 3162 1160 3220 misit
1185 3178 1300 3218 eum
1328 3161 1386 3216 in
1412 3159 1678 3231 abyssum,
1719 3164 1766 3213 et
1810 3155 2019 3228 clausit,
2070 3162 2118 3212 et

519 3255 748 3329 signavit
771 3271 928 3328 super
955 3270 1070 3310 eum
1095 3269 1120 3319 ;
1155 3256 1214 3306 ut
1252 3266 1360 3304 non
1398 3247 1608 3304 seducat
1650 3245 1883 3318 amplius
1922 3251 2112 3318 gentes,

519 3348 677 3404 donec
725 3349 1146 3404 consummentur
1189 3340 1334 3396 mille
1374 3338 1506 3396 anni
1542 3356 1553 3394 :
1599 3344 1722 3411 post
1767 3337 1872 3408 haec
1916 3341 2118 3408 oportet

515 3445 673 3502 illum
725 3443 859 3500 solvi
915 3439 1117 3498 modico
1162 3443 1408 3508 tempore.
1466 3433 1857 3508 Alligationem
1907 3430 2116 3488 diaboli

515 3531 696 3588 tribus
725 3529 905 3588 modis
933 3542 1223 3601 possumus
1253 3523 1562 3598 intelligere
1589 3541 1604 3592 ;
1647 3537 1936 3594 possumus
1964 3537 2114 3576 nam-

515 3636 620 3694 que
649 3618 756 3675 hoc
783 3615 1108 3688 simpliciter
1151 3614 1581 3686 intelligereyut
1609 3611 1816 3667 virtute
1857 3607 1958 3667 Dei
1986 3626 2117 3665 om-

514 3707 818 3780 nipotentis
863 3706 924 3761 in
965 3705 1166 3780 abysso
1209 3705 1472 3778 religatus
1514 3709 1766 3760 teneatur
1815 3717 1989 3774 usque
2045 3699 2115 3757 ad

517 3807 732 3868 tempus
757 3793 1094 3870 prmﬁnitum
1128 3812 1142 3852 :
1179 3809 1471 3867 possumus
1510 3791 1679 3848 etiam
1711 3805 1810 3862 per
1853 3790 2112 3862 abyssum

516 3883 682 3944 corda
701 3883 1001 3957 impiorum
1029 3881 1357 3956 intelligere,
1381 3889 1444 3938 ut
1471 3897 1502 3937 a
1531 3879 1791 3938 cordibus
1811 3877 2112 3936 electorum

518 3974 798 4043 exclusus,
832 3973 978 4030 intra
1009 3973 1288 4046 angustias
1317 3970 1568 4028 cordium
1598 3967 1956 4042 reproborum
1985 3984 2113 4026 con-

509 4064 740 4123 strictus
766 4070 821 4120 et
849 4062 1106 4136 alligatus
1132 4069 1383 4118 teneatur
1414 4079 1426 4117 :
1465 4070 1754 4134 possumus
1791 4067 1846 4116 et
1873 4057 1980 4114 hoc
2007 4065 2112 4114 ter-

514 4158 595 4216 tio
623 4158 788 4216 modo
813 4157 1139 4230 intelligere,
1155 4154 1432 4216 ,Diabolus
1460 4153 1605 4210 nihil
1630 4153 1784 4210 aliud
1815 4152 2107 4222 desiderat,

513 4263 676 4321 quam
709 4245 1088 4318 deceptionem
1135 4242 1424 4300 hominum
1459 4260 1471 4298 :
1502 4251 1556 4298 et
1603 4241 1740 4298 dum
1781 4257 1878 4314 per
1917 4248 2112 4298 custo-

512 4333 662 4392 diam
690 4333 790 4392 Dei
811 4332 1227 4406 omnipotentis,
1252 4332 1347 4407 qui
1375 4333 1576 4389 electos
1604 4348 1732 4388 suos
1759 4331 2036 4389 custodire
2056 4340 2109 4388 et

513 4423 807 4481 defendere
852 4438 966 4478 non
999 4421 1234 4490 desistit,
1281 4420 1350 4477 ab
1396 4437 1585 4476 eorum
1618 4419 1938 4494 deceptione
1965 4435 2107 4477 arce-

512 4523 624 4584 tur,
657 4513 812 4588 quasi
841 4512 1170 4586 quibusdam
1211 4510 1453 4569 vinculis
1491 4510 1608 4584 ejus
1656 4510 1984 4584 impiissima
2017 4527 2110 4566 νο·

515 4607 698 4664 luntas
724 4602 950 4676 religata
982 4607 1220 4658 tenetur.
1261 4601 1364 4656 Per
1393 4607 1579 4674 gentes
1609 4615 1742 4656 vero
1774 4615 1908 4672 quas
1935 4599 2108 4656 sedu-

510 4711 638 4754 cere
663 4710 775 4752 non
806 4692 1166 4768 permittitur,
1196 4691 1342 4750 solos
1369 4689 1570 4748 electos
1599 4689 1860 4746 debemus
1887 4688 2108 4744 intelli-

514 4803 638 4860 gere
672 4803 684 4842 :
713 4793 929 4858 tempus
959 4782 1260 4853 modicum,
1313 4797 1422 4855 quo
1467 4787 1591 4854 post
1619 4778 1775 4834 mille
1801 4793 1976 4834 annos
2005 4779 2110 4835 sol-

513 4875 726 4934 vendus
754 4891 870 4954 esse
916 4873 1142 4943 dicitur,
1185 4881 1402 4946 tempus
1448 4866 1783 4928 Antichristi
1811 4875 1932 4938 est;
1977 4877 2111 4926 tunc

513 4965 663 5022 enim
692 4965 929 5038 peccatis
956 4964 1248 5022 hominum
1293 4959 1648 5027 facientibus,
1697 4956 1922 5015 dabitur
1960 4965 2107 5032 pote.

513 5063 624 5112 stas
654 5053 876 5110 diabolo
903 5060 1018 5112 tota
1041 5053 1250 5110 virtute
1278 5058 1470 5111 contra
1499 5064 1669 5123 genus
1690 5045 1996 5107 humanum
2027 5047 2108 5105 di-

512 5141 779 5202 micandi.

584 5233 769 5305 (Vere.
808 5231 891 5304 4.)
919 5233 994 5290 Et
1021 5231 1132 5289 vidi
1159 5231 1300 5290 sedes
1326 5249 1342 5301 ;
1373 5237 1422 5287 et
1449 5229 1698 5286 sederunt
1725 5243 1883 5300 super
1913 5243 2020 5297 eas,
2061 5235 2110 5284 et

501 5321 771 5392 judicium
813 5321 992 5380 datum
1037 5328 1112 5378 est
1164 5321 1295 5378 illis.
1345 5320 1486 5389 Quia
1531 5319 1783 5392 superius
1838 5317 2104 5388 narravit,

509 5426 620 5482 quo
649 5410 842 5468 ordine
867 5411 1247 5468 misericordia
1273 5409 1466 5466 divina
1485 5407 1734 5483 quotidie
1752 5409 1957 5467 electos
1979 5424 2104 5466 suos

508 5497 577 5553 ab
615 5499 1017 5556 immanissima
1058 5498 1214 5556 hoste
1261 5496 1481 5555 diabolo
1516 5497 1732 5567 liberet,
1765 5513 2104 5572 consequens

581 5641 699 5718 (69)
731 5640 836 5718 Pro
865 5641 1126 5718 religatus
1173 5639 1396 5718 quidam
1437 5639 1654 5718 codices
1693 5638 1944 5696 scribunt
1972 5641 2100 5696 reie-

506 5716 696 5836 ggtztis;
727 5709 825 5766 sed
865 5709 949 5767 hae
978 5709 1118 5769 ‘duo
1164 5709 1326 5772 voces
1371 5712 1531 5772 facile
1565 5709 1626 5768 in
1670 5727 1801 5768 mss.
1833 5726 2096 5769 commu-

565 5795 602 5835 n
631 5796 714 5837 ur.

2146 1920 2193 1981 B
2224 1900 2328 1957 bus
2382 1900 2658 1959 interfecti
2715 1910 2864 1972 sunt,
2911 1917 3204 1976 possumus
3255 1904 3499 1978 accipere
3534 1924 3546 1963 :
3579 1922 3683 1978 per
3742 1923 3842 1964 eas

2227 2007 2357 2048 vero
2387 2008 2508 2066 quae
2559 2008 2672 2048 non
2714 1991 3100 2048 adoraverumt
3147 1993 3378 2050 bestiam
3427 2001 3482 2051 et
3527 1995 3853 2070 imaginem

2226 2079 2364 2152 ejus,
2393 2098 2487 2138 eos
2504 2081 2600 2154 qui
2620 2081 2688 2137 ab
2715 2081 3061 2138 Antichristo
3097 2081 3466 2140 interﬁciendi
3497 2095 3652 2154 sunt,
3695 2097 3846 2159 puto

2225 2188 2341 2228 esse
2366 2169 2778 2242 intelligendos.
2810 2171 2908 2228 Isti
2949 2188 3078 2244 ergo
3116 2173 3370 2229 vixerunt
3395 2181 3444 2230 et
3469 2187 3854 2248 regnaverunt

2224 2277 2340 2316 cum
2375 2259 2584 2342 Christo
2610 2259 2756 2315 mille
2783 2261 2941 2316 annis
2963 2280 2986 2328 ;
3009 2263 3140 2336 quia
3165 2265 3422 2337 quamvis
3451 2282 3692 2338 corpore
3723 2269 3855 2325 sint

2223 2348 2518 2416 interfecti,
2582 2349 2883 2405 secundum
2939 2351 3181 2408 animam
3213 2361 3400 2410 tamen
3441 2355 3654 2414 vivunt
3705 2375 3850 2415 cum

2225 2438 2446 2499 Christo
2473 2439 2532 2494 in
2557 2438 2764 2495 caelesti
2808 2437 3170 2498 beatitudine.
3203 2441 3308 2498 Sed
3339 2445 3710 2516 quaerendum
3745 2465 3851 2504 no-

2221 2529 2308 2586 bis
2336 2536 2416 2584 est
2445 2527 2720 2603 quomodo
2749 2528 2909 2584 electi
2941 2529 3036 2602 qui
3065 2529 3302 2586 instante
3333 2532 3442 2588 ﬁne
3499 2537 3711 2593 mundi
3743 2555 3851 2594 na-

2223 2617 2415 2676 scituri
2442 2624 2590 2688 sunt,
2621 2633 2748 2675 cum
2771 2616 2992 2676 Christo
3023 2617 3174 2675 mille
3206 2619 3367 2676 annis
3381 2637 3616 2694 regnare
3641 2625 3852 2684 dican-

2223 2719 2336 2782 tur,
2363 2727 2490 2770 cum
2535 2719 2751 2785 tempus
2799 2711 2956 2768 mille
3003 2728 3273 2770 annorum
3304 2729 3418 2770 non
3448 2715 3518 2772 ad
3569 2717 3848 2778 futurum

2181 2841 2191 2852 .
2222 2810 2459 2875 tempus,
2491 2802 2639 2876 quod
2670 2801 2788 2858 sine
2819 2800 2928 2857 ﬁne
2985 2808 3086 2870 est,
3136 2801 3230 2858 sed
3259 2804 3326 2860 ad
3357 2821 3596 2877 praesens
3637 2811 3848 2882 potius

2223 2893 2513 2965 pertineat,
2545 2891 2692 2966 quod
2722 2889 2782 2947 in
2811 2891 2920 2947 ﬁne
2939 2891 3134 2947 mundi
3155 2894 3657 2966 consummabitur,
3685 2907 3744 2955 et
3782 2900 3848 2957 in

2223 2997 2332 3054 quo
2358 2981 2494 3038 ﬁdes
2530 2979 2818 3054 Evangelii
2848 2996 2944 3054 per
2972 2981 3297 3038 universum
3346 2983 3534 3041 orbem
3589 2985 3841 3060 ﬂorens,

2223 3071 2426 3126 electos
2463 3069 2708 3144 quotidie
2761 3069 2830 3126 ad
2875 3070 3046 3126 vitam
3095 3079 3355 3128 aeternam
3406 3073 3844 3148 percipiendam

2224 3157 2434 3231 dirigit.
2487 3159 2644 3226 Quod
2700 3159 2778 3216 ita
2840 3159 3172 3216 solvendum
3237 3170 3390 3232 puto.
3451 3161 3702 3236 Tempus
3762 3168 3842 3224 ab

2223 3249 2542 3306 ascensione
2573 3247 2781 3306 Christi
2811 3265 2986 3324 usque
3007 3250 3075 3307 ad
3099 3251 3266 3307 ﬁnem
3294 3251 3508 3322 mundi,
3541 3256 3700 3328 quod
3735 3274 3842 3330 per

2225 3337 2377 3393 mille
2404 3353 2578 3394 annos
2597 3335 2932 3410 designatur,
2965 3339 3224 3396 omnibus
3262 3340 3450 3398 electis
3479 3341 3831 3414 deputatum

2224 3433 2326 3495 est,
2355 3432 2420 3483 ut
2447 3427 2505 3483 in
2533 3443 2597 3484 eo
2625 3427 2744 3484 sine
2767 3426 3089 3500 corporibus
3119 3428 3292 3501 gloria
3306 3429 3515 3487 cmlesti
3554 3448 3691 3489 cum
3720 3436 3838 3492 Do-

2225 3516 2376 3573 mino
2425 3517 2815 3589 perfruantur:
2868 3524 2923 3573 et
2982 3517 3186 3575 scimus
3241 3519 3370 3592 quia
3413 3536 3604 3576 omnes
3658 3523 3839 3582 electi

2223 3604 2470 3662 membra
2497 3604 2700 3664 Christi
2732 3613 2880 3674 sunt,
2913 3613 2967 3663 et
2996 3621 3065 3662 ex
3093 3607 3285 3665 multis
3331 3607 3595 3666 membris
3639 3626 3841 3671 unum

2221 3709 2420 3766 corpus
2447 3694 2684 3752 ellicitur
2711 3712 2726 3763 ;
2757 3703 2812 3752 et
2846 3695 2892 3752 si
2931 3695 3201 3770 gloriatur
3249 3713 3422 3754 unum
3476 3697 3838 3772 membrum,

2221 3781 2564 3856 congaudent
2592 3784 2782 3842 omnia
2809 3785 3074 3842 membra.
3099 3785 3376 3842 Gaudium
3407 3787 3579 3858 igitur
3609 3804 3837 3860 praece-

2220 3868 2471 3930 dentium
2500 3880 2836 3942 sanctorum,
2881 3872 3105 3930 illorum
3147 3873 3518 3933 nihilominus
3557 3877 3692 3947 erit,
3731 3882 3836 3954 qui

2219 3962 2279 4018 in
2307 3961 2417 4018 ﬁne
2465 3961 2660 4019 mundi
2709 3961 2973 4019 nascituri
3027 3971 3175 4031 sunt,
3211 3963 3339 4036 quia
3386 3980 3561 4020 unum
3616 3983 3834 4042 corpus

2219 4050 2524 4108 eﬁicientur
2555 4067 2701 4109 ‘cum
2751 4051 2848 4118 eis,
2898 4057 2953 4108 et
2997 4048 3057 4104 in
3102 4048 3227 4106 aliis
3267 4049 3637 4122 possidebunt
3666 4058 3831 4131 quod

2219 4138 2352 4212 ipsis
2375 4139 2570 4196 deerit.

2289 4228 2470 4301 (Vere.
2500 4227 2582 4300 5.)
2618 4226 2808 4284 Crateri
2851 4243 2976 4283 vero
3023 4243 3130 4305 non
3155 4227 3430 4298 vixerunt,
3487 4228 3651 4287 donec
3697 4250 3826 4289 con-

2215 4323 2538 4374 summentur
2585 4317 2732 4374 mille
2782 4317 2933 4374 anni.
2988 4315 3180 4375 Caeteri
3233 4325 3439 4388 autem,
3489 4319 3549 4376 id
3592 4329 3679 4378 est
3734 4339 3820 4382 re-

2215 4406 2392 4481 probi,
2450 4423 2564 4464 non
2609 4407 2886 4477 vixerunt,
2939 4406 3068 4482 quia
3115 4415 3237 4480 post
3279 4416 3512 4466 mortem
3567 4426 3686 4468 non
3747 4415 3821 4472 ad

2215 4499 2387 4554 vitam
2411 4497 2709 4565 ducuntur,
2743 4513 2863 4571 quae
2904 4497 2962 4554 in
2990 4498 3304 4556 coelestibus
3347 4507 3668 4557 sanctorum
3693 4504 3818 4560 ani-

2214 4589 2407 4647 mabus
2451 4589 2630 4660 datur,
2663 4589 2756 4646 sed
2784 4589 2845 4646 in
2895 4589 3174 4646 infernum
3217 4591 3634 4666 demerguntur,
3688 4611 3817 4668 qua:

2214 4677 2273 4736 in
2301 4679 2406 4736 hoc
2431 4679 2574 4736 libro
2606 4696 2754 4736 mors
2782 4679 2959 4752 prima
2987 4687 3214 4737 vocatur
3244 4680 3384 4754 (70).

2290 4769 2472 4842 (Vera.
2493 4769 2573 4842 6.)
2601 4771 2724 4826 Haec
2749 4775 2824 4825 est
2871 4771 3185 4826 resurrectio
3210 4771 3410 4842 prima.
3464 4771 3669 4828 Beatus
3706 4777 3806 4846 qui

2216 4861 2368 4917 habet
2384 4866 2593 4932 partem
2620 4861 2678 4916 in
2724 4861 3100 4917 resurrectione
3141 4861 3346 4932 prima,
3385 4862 3445 4916 in
3478 4861 3548 4918 iis
3575 4865 3812 4923 secunda

2215 4967 2360 5006 mors
2385 4967 2493 5005 non
2517 4949 2670 5005 habet
2711 4955 3033 5022 potestatem.
3089 4949 3456 5018 Quaerendum
3492 4951 3655 5008 nobis
3703 4963 3809 5026 est,

2217 5057 2338 5114 quae
2365 5039 2438 5098 sit
2461 5039 2788 5096 resurrectio
2836 5039 3050 5112 prima;
3107 5057 3234 5096 nam
3281 5041 3515 5114 primam
3567 5059 3812 5102 resurre-

2215 5129 2452 5188 ctionem
2483 5146 2595 5187 non
2625 5128 2852 5200 diceret,
2883 5130 2991 5187 nisi
3019 5139 3158 5187 esset
3191 5139 3244 5187 et
3275 5131 3514 5188 secunda
3547 5151 3560 5188 :
3597 5149 3700 5192 nec
3730 5153 3810 5193 se-

2215 5218 2451 5277 cundam
2503 5225 2756 5289 mortem,
2802 5219 2912 5275 nisi
2957 5227 3096 5276 esset
3121 5227 3175 5277 et
3203 5220 3404 5292 prima.
3449 5221 3811 5294 Resurgimus

2213 5309 2396 5384 itaque
2424 5309 2604 5384 primo
2646 5325 2744 5382 per
2781 5307 3116 5382 baptismum
3169 5325 3202 5365 a
3227 5317 3403 5367 morte
3432 5310 3672 5370 animae:
3711 5317 3811 5374 sed

2212 5400 2344 5474 quia
2383 5398 2520 5459 dicit
2559 5400 2748 5458 beatos
2791 5415 2906 5457 esse
2958 5415 3050 5458 eos
3095 5400 3190 5474 qui
3234 5398 3438 5458 habent
3476 5389 3690 5475 partem
3749 5406 3808 5462 in

2212 5493 2607 5551 resurrectione
2647 5492 2844 5566 prima,
2903 5509 3015 5550 non
3061 5493 3201 5550 mihi
3257 5495 3324 5551 de
3369 5495 3646 5568 baptismo
3700 5496 3808 5558 hoc

2283 5635 2399 5709 (70)
2422 5636 2579 5694 Rom.
2612 5635 2744 5692 edit.
2777 5643 2831 5692 et
2857 5636 2986 5709 Reg.
3020 5652 3146 5709 mis.,
3194 5655 3337 5693 mors
3382 5639 3609 5698 secunda
3639 5657 3805 5700 voca-

2211 5708 2388 5768 tur....
2417 5709 2614 5767 Beatus
2651 5714 2700 5764 et
2725 5708 2955 5779 sanctus,
2986 5708 3080 5782 qui
3107 5709 3274 5782 habet,
3305 5717 3410 5771 etc.
