3964 6392
242 461 384 519 1017

1130 459 1587 519 BERENGAUDI
1624 458 1997 517 EXPOSITIO
2036 460 2104 516 IN
2145 459 2644 518 APOCALYPSIN.

3395 455 3532 514 1018

238 588 456 646 dictum
484 587 738 657 videtur;
771 603 835 643 eo
865 586 1011 661 quod
1040 603 1151 644 non
1177 605 1368 646 omnes
1416 588 1563 645 beati
1592 588 1703 645 sint
1732 588 1827 661 qui
1859 590 1911 651 Α
1935 590 2136 645 electos
2174 588 2589 660 comprehendit
2613 606 2626 656 ;
2659 602 2850 643 omnes
2880 602 3116 660 namque
3143 585 3326 656 electi,
3359 602 3531 644 sacer-

240 695 342 751 per
368 677 703 750 baptismum
736 685 955 734 amorte
985 678 1181 735 animae
1208 693 1490 751 resurgere
1520 678 1781 734 videntur
1812 694 1826 744 ;

240 784 311 824 eo
364 768 510 841 quod
558 768 815 833 nonnulli
847 772 991 830 572
1039 777 1163 840 post
1199 769 1533 842 baptismum
1583 767 1686 839 ipsi
1729 765 1834 822 sibi

241 862 519 936 peccando
566 872 795 920 mortem
826 864 1131 933 attrahunt,
1192 863 1509 920 mentiendo
1536 879 1655 936 quae
1685 862 1743 918 in
1772 878 1835 917 eo

240 951 638 1025 promiserunt,
694 961 858 1027 atque
916 953 975 1009 in
1027 953 1140 1010 suis
1193 955 1354 1010 malis
1414 951 1832 1026 perseverando.

240 1043 387 1098 Sunt
416 1043 577 1098 etiam
612 1044 867 1099 nonnulli
912 1044 1007 1116 qui
1055 1052 1178 1115 post
1225 1044 1681 1116 perpetrationem
1712 1059 1836 1099 soe-

239 1130 445 1197 lerum,
468 1131 670 1204 quibus
698 1130 803 1186 sibi
835 1139 1067 1187 mortem
1101 1131 1429 1199 intulerunt,
1459 1130 1528 1186 ad
1549 1131 1719 1186 vitam
1744 1146 1838 1202 per

240 1219 647 1293 paenitentiam,
688 1228 741 1276 et
792 1222 1084 1292 lacrymas,
1137 1228 1437 1293 caeteraque
1486 1219 1630 1275 bona
1675 1236 1837 1292 opera

242 1311 500 1378 redeunt,
558 1308 625 1365 de
679 1310 879 1381 quibus
935 1309 1232 1381 Apostolus
1280 1309 1545 1379 loquitur,
1599 1310 1831 1366 dicens:

257 1421 279 1443 ι
324 1397 512 1469 Surge,
542 1397 637 1470 qui
669 1397 897 1465 dormis,
927 1406 981 1453 et
1009 1414 1240 1468 exsurge
1268 1414 1299 1453 a
1346 1398 1600 1466 mortuis,
1631 1406 1685 1453 et
1714 1398 1837 1453 illu-

242 1484 481 1541 minabit
512 1494 565 1542 te
608 1486 863 1543 Christus
892 1488 1110 1558 (Ephes.
1134 1503 1191 1554 v,
1217 1485 1328 1556 14).
1353 1511 1371 1534 ι
1413 1485 1516 1542 Sed
1545 1503 1647 1542 nec
1675 1486 1836 1542 istam

242 1573 479 1646 primam
520 1575 978 1632 resurrectionem
1026 1575 1206 1631 dicere
1242 1592 1564 1648 possumus;
1598 1592 1661 1631 eo
1691 1575 1838 1648 quod

243 1667 428 1738 primo
476 1682 572 1737 per
622 1666 977 1738 baptismum,
1019 1666 1263 1722 secundo
1311 1683 1406 1738 per
1457 1665 1837 1738 paenitentiam

241 1765 299 1811 et
342 1757 613 1828 lacrymas
664 1756 862 1812 animai
913 1762 1113 1811 nostrae
1168 1756 1237 1812 ad
1264 1756 1436 1811 vitam
1489 1762 1835 1811 revocentur.

238 1844 470 1900 Necesse
500 1853 580 1900 est
600 1861 728 1917 ergo
762 1853 823 1901 ut
854 1844 1271 1916 investigemus,
1305 1860 1468 1917 quam
1493 1852 1651 1901 vocet
1665 1860 1838 1900 resur-

239 1934 544 1991 rectionem
576 1936 832 2007 primam.
1064 1942 1075 1959 ‘

316 2023 562 2090 Quatuor
591 2032 717 2079 sunt
736 2025 865 2079 vitae
895 2024 1143 2081 ﬁdelium
1169 2042 1179 2080 :
1205 2023 1382 2097 prima
1410 2022 1573 2090 mala,
1600 2021 1839 2079 secunda

238 2111 389 2167 bona
415 2119 469 2167 et
500 2112 662 2181 mala,
694 2113 870 2169 tertiae
899 2130 1031 2169 vero
1059 2123 1113 2169 et
1142 2120 1346 2186 quartae
1381 2112 1597 2167 nullum
1631 2113 1835 2166 malum

240 2200 524 2256 adhaerere
566 2208 762 2273 potest.
797 2201 981 2257 Prima
1028 2211 1109 2257 est
1152 2211 1277 2257 ante
1313 2200 1669 2273 baptismum,
1718 2216 1838 2273 quae

243 2297 359 2345 tota
390 2291 534 2345 mala
577 2300 657 2347 est
703 2308 715 2345 :
764 2290 1005 2347 secunda
1050 2298 1174 2363 post
1209 2290 1565 2363 baptismum,
1618 2306 1738 2361 quae
1785 2297 1840 2345 et

240 2380 388 2436 bona
413 2389 467 2436 et
489 2381 631 2435 mala
660 2379 769 2437 dici
798 2387 977 2453 potest
1004 2398 1016 2447 ;
1042 2380 1230 2435 nullus
1259 2379 1405 2435 enim
1434 2378 1682 2434 ﬁdelium
1705 2387 1836 2435 tem-

240 2488 347 2545 pus
376 2470 506 2527 vitae
535 2470 821 2543 praesentis
867 2470 985 2525 sine
1031 2470 1311 2543 aliquibus
1336 2470 1574 2542 peccatis
1604 2471 1839 2527 transire

241 2566 441 2632 potest,
474 2560 618 2616 sicut
647 2561 749 2616 iste
777 2560 1012 2615 Joannes
1056 2558 1301 2632 loquitur
1329 2559 1517 2615 dicens
1550 2578 1562 2615 :
1613 2584 1631 2607 ι
1668 2559 1725 2615 Si
1757 2558 1839 2615 di-

240 2647 492 2704 xerimus
521 2646 651 2721 quia
697 2657 981 2720 peccatum
1010 2664 1121 2703 non
1153 2648 1437 2716 habemus,
1473 2647 1840 2719 nosmetipsos

239 2737 579 2805 seducimus,
627 2745 681 2793 et
730 2737 932 2793 veritas
961 2737 1021 2792 in
1060 2737 1221 2792 nobis
1250 2754 1361 2792 non
1392 2745 1473 2792 est
1515 2738 1568 2810 (1
1604 2738 1763 2792 Joan.
1796 2755 1834 2805 ι,

238 2826 324 2898 8).
356 2851 374 2874 ι
421 2826 603 2882 Tertia
630 2832 730 2893 est,
763 2841 883 2896 quae
914 2832 1028 2881 tota
1054 2824 1200 2881 bona
1227 2833 1328 2893 est,
1363 2832 1416 2880 et
1457 2824 1527 2880 ad
1566 2840 1728 2896 quam
1758 2839 1838 2879 se-

242 2914 353 2971 ries
400 2914 568 2987 hujus
611 2912 865 2969 lectionis
894 2912 1163 2986 pertinet,
1194 2929 1314 2985 quae
1344 2929 1375 2968 a
1401 2912 1651 2985 passione
1682 2911 1837 2970 Chri-

238 3004 314 3060 sti
343 3021 515 3079 usque
546 3003 615 3061 ad
645 3003 813 3060 ﬁnem
839 3004 1035 3060 mundi
1065 3004 1402 3073 extenditur,
1434 3003 1494 3059 in
1522 3020 1630 3077 qua
1665 3003 1840 3060 sancti

241 3094 366 3151 sine
403 3093 725 3166 corporibus
755 3109 881 3150 cum
910 3093 1149 3149 Domino
1177 3094 1293 3149 vita
1321 3102 1522 3150 aeterna
1551 3094 1839 3167 perfruun-

242 3192 383 3239 tur:
437 3200 598 3256 quam
654 3184 820 3239 etiam
864 3183 1097 3255 primam
1150 3184 1611 3242 resurrectionem
1658 3193 1839 3251 vocat,

238 3292 368 3332 cum
405 3272 543 3331 dicit
571 3291 581 3329 :
614 3275 738 3329 ch
784 3281 858 3329 est
884 3275 1198 3330 resurrectio
1235 3276 1437 3347 prima.
1470 3275 1707 3347 Tempus
1736 3275 1840 3332 ita-

241 3379 351 3436 que
372 3379 404 3418 a
431 3362 684 3435 passione
704 3363 913 3421 Christi
944 3380 1117 3436 usque
1136 3363 1205 3421 ad
1234 3363 1400 3419 ﬁnem
1424 3364 1617 3421 mundi
1649 3382 1841 3421 resur-

238 3451 415 3509 rectio
442 3452 623 3524 prima
653 3460 900 3508 vocatur.
956 3451 1160 3519 Quarta
1207 3451 1327 3507 vita
1373 3460 1689 3509 sanctorum
1736 3453 1842 3510 erit

243 3550 369 3615 post
398 3541 765 3614 receptionem
812 3558 1126 3615 corporum,
1157 3557 1278 3614 quae
1307 3543 1464 3598 nullo
1510 3542 1621 3598 ﬁne
1654 3542 1840 3597 termi-

239 3630 492 3689 nabitur.
541 3631 717 3703 Igitur
762 3630 893 3705 quia
921 3632 1039 3687 vita
1077 3647 1316 3704 prmsens
1345 3630 1404 3686 in
1431 3631 1841 3704 comparatione

243 3721 376 3778 vitae
406 3721 645 3780 caelestis
674 3738 821 3778 mors
851 3731 995 3779 recte
1029 3722 1141 3781 dici
1194 3732 1393 3797 potest,
1438 3724 1611 3781 sancti
1663 3726 1841 3797 prima

240 3811 646 3868 resurrectione
673 3818 807 3869 tunc
838 3820 1151 3886 resurgunt,
1201 3829 1327 3869 cum
1374 3813 1442 3870 ab
1489 3812 1592 3869 hac
1639 3813 1839 3869 misera

241 3900 363 3956 vita
387 3899 676 3970 subtracti,
709 3900 769 3957 in
794 3901 1002 3959 caelesti
1053 3900 1398 3960 beatitudine
1445 3920 1571 3961 cum
1600 3904 1839 3960 Domino

239 3993 604 4052 collocantur.

313 4091 386 4145 Et
417 4091 562 4147 sicut
587 4096 668 4147 est
696 4088 814 4147 haec
844 4090 1021 4163 prima
1046 4092 1373 4150 resurrectio
1409 4101 1748 4164 sanctorum,
1766 4095 1843 4151 ita

240 4185 326 4235 est
375 4186 428 4235 et
473 4178 650 4251 prima
691 4195 842 4235 mors
871 4179 1205 4253 impiorum;
1265 4182 1484 4254 quando
1516 4192 1838 4255 praesentem

240 4268 416 4324 vitam
444 4267 722 4336 deserunt,
772 4274 825 4322 et
864 4267 924 4323 in
971 4269 1148 4341 poenis
1179 4269 1573 4343 demerguntur
1606 4289 1618 4327 :
1652 4288 1840 4329 secun-

241 4356 315 4413 da
366 4372 498 4411 vero
540 4372 689 4411 mors
737 4355 934 4412 ultima
962 4358 1245 4415 damnatio
1292 4360 1427 4429 erit,
1484 4361 1628 4416 sicut
1664 4362 1723 4417 in
1764 4379 1843 4418 se-

247 4445 545 4519 quentibus
608 4445 855 4517 exponit.
912 4446 1068 4503 Beati
1118 4464 1244 4519 ergo
1295 4457 1459 4505 erunt
1500 4452 1595 4523 qui
1637 4452 1844 4508 habent

241 4543 455 4609 partem
502 4535 562 4591 in
595 4535 995 4592 resurrectione
1027 4536 1226 4609 prima,
1270 4545 1323 4594 et
1371 4539 1429 4593 in
1475 4538 1546 4595 iis
1600 4542 1844 4599 secunda

242 4641 393 4681 mors
432 4641 544 4681 non
594 4623 758 4680 habet
790 4631 1147 4697 potestatem;
1189 4626 1317 4699 quia
1345 4627 1430 4683 illi
1459 4630 1843 4687 tantummodo

243 4713 391 4770 beati
438 4721 567 4770 sunt
598 4721 650 4769 et
680 4721 864 4781 erunt,
896 4714 991 4788 qui
1020 4723 1146 4771 ante
1187 4715 1354 4772 ﬁnem
1394 4718 1589 4774 mundi
1628 4720 1687 4775 in
1716 4738 1842 4778 con-

248 4802 421 4859 sortio
450 4811 763 4860 sanctorum
796 4804 995 4862 ascribi
1022 4805 1402 4862 merebuntur.
1434 4807 1637 4864 Multos
1671 4810 1842 4880 enim,

244 4891 357 4947 ﬁne
403 4892 597 4949 mundi
653 4893 911 4963 instante,
969 4895 1112 4968 ignis
1170 4898 1520 4969 purgatorius
1560 4899 1845 4971 purgando

244 4982 533 5053 cremabit,
579 4984 674 5041 sed
703 4993 829 5041 ante
857 4984 1130 5058 judicium
1166 4986 1404 5043 absoluti
1434 4988 1491 5043 in
1522 4998 1837 5046 sanctorum

245 5072 480 5145 collegio
515 5074 853 5148 recipientur
886 5093 897 5132 :
929 5083 1091 5150 atque
1120 5077 1179 5132 in
1210 5077 1278 5133 iis
1308 5078 1546 5135 secunda
1578 5097 1745 5150 mors,
1789 5081 1843 5138 id

245 5168 350 5231 est,
384 5161 665 5221 damnatio
696 5165 896 5221 ultima
924 5182 1037 5222 non
1066 5165 1291 5223 habebit
1315 5175 1639 5241 potestatem
1672 5188 1685 5237 ;
1715 5170 1846 5243 quia

241 5249 362 5324 jam
402 5267 516 5307 non
543 5270 668 5310 cum
712 5253 886 5310 haedis
913 5254 973 5310 in
1001 5254 1260 5325 sinistris,
1293 5256 1387 5313 sed
1415 5274 1540 5313 cum
1572 5258 1770 5315 ovibus
1786 5258 1845 5314 in

250 5340 496 5398 dexteris
558 5351 833 5415 ponentur
900 5343 1113 5417 (Matth.
1180 5363 1338 5415 xxv,
1400 5346 1516 5418 33).
1585 5348 1848 5403 Sederunt

246 5431 537 5487 sacerdotes
589 5434 808 5491 Domini
851 5440 899 5491 et
958 5434 1177 5505 Christi,
1234 5443 1283 5491 et
1334 5444 1688 5508 regnaverunt
1729 5455 1845 5493 cum

251 5521 467 5577 Christo
522 5522 667 5578 mitte
723 5525 898 5581 annis.
956 5524 1191 5582 Nomine
1253 5526 1598 5584 sacerdotum
1652 5544 1844 5584 omnes

328 5745 445 5890 (7i;
477 5745 663 5816 Magog
693 5746 754 5800 de
781 5752 927 5826 tecto,
961 5748 1019 5830 in
1050 5749 1620 5808 edit.omissumerat.

328 5816 419 5887 (72
479 5817 563 5873 Ita
587 5833 718 5875 mss.
750 5834 815 5878 ac
837 5819 970 5878 Gill.
994 5837 1053 5878 in
1073 5838 1298 5890 corpore
1333 5840 1345 5881 :
1379 5824 1526 5883 idem
1555 5840 1620 5882 ve

325 5816 444 5890 (72)
479 5817 563 5873 Ita
587 5833 718 5875 mss.
750 5834 815 5878 ac
837 5819 970 5878 Gill.
994 5820 1053 5878 in
1073 5838 1298 5898 corpore
1333 5840 1345 5881 :
1379 5824 1526 5883 idem
1555 5840 1686 5883 vero
1706 5824 1841 5884 Gill.

1878 4674 1925 4732 D

1943 680 2097 736 dotes
2125 686 2411 746 vocantur,
2444 679 2561 734 sive
2608 677 2754 750 quod
2793 676 2903 733 sint
2933 676 3177 732 membra
3205 675 3407 732 summi
3436 693 3533 733 sa-

1943 769 2199 836 cerdotis,
2230 768 2345 824 sive
2397 768 2543 842 quod
2584 768 2690 839 ipsi
2735 766 3053 840 semetipsos
3082 766 3275 822 oﬁ'erre
3300 768 3413 822 Deo
3439 782 3535 839 per

1943 861 2088 916 bona
2117 876 2277 932 opera
2307 876 2418 915 non
2458 859 2741 917 desistant.

2018 949 2200 1019 (Vers.
2236 949 2312 1020 7.)
2345 950 2417 1004 Et
2461 966 2576 1004 cum
2614 948 2957 1003 consummati
2986 946 3189 1018 fuerint
3212 945 3357 1001 mille
3381 944 3531 1013 anni,

1945 1040 2173 1093 solvetur
2219 1045 2436 1093 satanas
2472 1038 2533 1093 de
2582 1054 2788 1093 carcere
2832 1054 2948 1104 suo,
2985 1043 3033 1091 et
3073 1036 3253 1101 exibit,
3282 1042 3328 1090 et
3373 1035 3536 1090 sedu-

1944 1136 2018 1184 cet
2067 1135 2254 1201 gentes,
2287 1147 2403 1199 quce
2441 1135 2565 1183 sunt
2615 1145 2771 1199 super
2816 1134 3045 1199 quatuor
3090 1127 3310 1197 angulos
3357 1131 3532 1192 terrm,

1950 1219 2056 1289 Gog
2105 1224 2153 1273 et
2196 1220 2401 1290 Magog.
2437 1216 2592 1285 Quod
2630 1217 2722 1275 hic
2768 1233 2971 1283 carcer,
3006 1214 3257 1287 superius
3306 1212 3537 1284 abyssus

1944 1319 2191 1365 vocatur.
2254 1308 2357 1365 Sed
2414 1308 2634 1365 interim
2692 1307 2923 1380 quaestio
2981 1305 3159 1361 oritur
3217 1323 3228 1360 :
3286 1301 3536 1375 superius

1945 1400 2145 1473 quippe
2162 1398 2522 1471 quorumdam
2541 1398 2856 1470 opinionem
2874 1413 3125 1471 sequens,
3138 1393 3256 1450 dixi
3270 1409 3365 1465 per
3379 1391 3538 1463 abys-

1946 1506 2064 1544 sum
2100 1489 2263 1545 corda
2293 1489 2589 1560 impiorum
2620 1503 2775 1559 posse
2804 1485 3099 1558 designari,
3126 1485 3183 1539 in
3209 1482 3408 1557 quibus
3424 1479 3536 1536 dia-

1946 1575 2106 1633 bolus
2135 1592 2165 1631 a
2194 1575 2451 1631 cordibus
2479 1574 2726 1631 ﬁdelium
2756 1575 3037 1647 expulsus,
3070 1572 3330 1644 religatus
3357 1578 3536 1626 tenea-

1946 1674 2037 1722 tur
2070 1685 2081 1723 :
2114 1665 2161 1722 si
2204 1682 2329 1737 ergo
2367 1681 2463 1738 per
2510 1666 2769 1737 abyssum
2816 1665 2982 1721 corda
3027 1662 3384 1735 reproborum
3432 1658 3539 1714 de-

1947 1756 2250 1829 signantur,
2282 1755 2557 1829 quomodo
2594 1754 2661 1810 de
2705 1754 2921 1827 abysso,
2954 1753 3011 1809 id
3040 1760 3142 1819 est,
3176 1751 3243 1807 de
3273 1747 3539 1806 cordibus

1948 1846 2304 1918 reproborum
2350 1845 2501 1901 exire
2539 1844 2763 1913 dicitur,
2796 1861 2931 1917 quos
2962 1857 3245 1915 nunquam
3287 1838 3539 1896 derelin-

1869 1950 1915 2011 B
1948 1943 2077 2008 quet
2096 1937 2124 1992 ‘l
2153 1936 2425 2009 numquid
2454 1934 2712 2007 reprobos
2754 1933 3115 1990 derelicturus
3144 1940 3247 2000 est,
3278 1938 3332 1987 et
3370 1929 3538 1985 iuva-

1948 2039 2108 2078 surus
2134 2023 2375 2080 electos?
2402 2024 2568 2079 Nullo
2596 2021 2779 2078 modo.
2812 2020 3203 2093 Alligationem
3243 2034 3373 2090 ergo
3411 2016 3541 2073 dia-

1946 2111 2057 2165 boli
2106 2112 2406 2167 secundum
2450 2112 2687 2168 litteram
2730 2108 3144 2182 intelligendam
3190 2115 3343 2180 puto,
3379 2114 3442 2162 ut
3477 2106 3538 2162 in

1947 2199 2132 2273 aliquo
2161 2200 2343 2273 abyssi
2376 2202 2497 2256 loco
2527 2201 2731 2256 virtute
2764 2200 2956 2256 divina
2984 2198 3240 2271 religatus
3271 2205 3539 2265 teneatur,
3566 2272 3571 2279 ἢ

1946 2288 2035 2343 vel
2064 2296 2209 2345 certe
2232 2288 2290 2343 in
2319 2288 2538 2344 inferno
2563 2304 2735 2361 usque
2765 2287 2832 2344 ad
2857 2288 3004 2344 diem
3029 2285 3393 2343 absolutionis
3407 2300 3540 2340 sum.

1950 2379 2163 2435 Seducet
2189 2387 2372 2436 autem
2410 2386 2578 2451 gentes
2615 2397 2731 2450 qua:
2757 2386 2879 2435 sunt
2920 2395 3077 2451 super
3104 2384 3336 2448 quatuor
3363 2392 3544 2446 angu-

1951 2470 2026 2524 los
2056 2475 2247 2537 terrw;
2279 2468 2407 2541 quia
2440 2469 2724 2524 universas
2754 2475 2940 2540 gentes
2977 2484 3097 2540 quae
3138 2466 3282 2521 infra
3311 2472 3544 2538 quatuor

1947 2559 2130 2630 plagas
2170 2558 2364 2613 mundi
2411 2558 2786 2625 continentur,
2836 2556 3166 2612 Antichristi
3210 2551 3542 2625 impiissima

1949 2647 2201 2703 doctrina
2229 2645 2581 2718 perlustrabit
2612 2664 2623 2700 :
2657 2646 2944 2718 nullasque
2969 2644 3104 2700 alias
3144 2650 3330 2716 gentes
3360 2640 3533 2698 sedu-

1947 2745 2054 2804 cet,
2081 2736 2190 2791 nisi
2233 2752 2352 2807 quze
2401 2735 2723 2807 Spiritaliter
2750 2735 2867 2806 Gog
2917 2742 2971 2789 et
3006 2734 3201 2805 Magog
3229 2738 3539 2798 vocantur;

1948 2826 2064 2898 Gog
2109 2843 2347 2899 namque
2395 2825 2787 2899 interpretatur
2829 2832 3054 2894 tectum,
3095 2825 3286 2898 Magog
3331 2822 3398 2879 de
3449 2829 3542 2877 te-

1948 2925 2036 2973 cto
2067 2917 2207 2989 (71).
2242 2917 2344 2972 Per
2382 2916 2498 2989 Gog
2529 2916 2716 2988 igitur,
2746 2915 2839 2989 qui
2880 2916 3271 2988 interpretatur
3311 2920 3540 2981 tectum,

1950 3008 1991 3064 ii
2020 3009 2376 3081 designantur
2424 3009 2519 3083 qui
2552 3008 2820 3064 malitiam
2858 3024 3013 3064 suam
3060 3008 3115 3064 in
3152 3006 3315 3065 corde
3343 3013 3543 3079 tegen-

1949 3107 2049 3168 tes,
2076 3098 2215 3171 justi
2244 3099 2311 3154 ab
2342 3097 2663 3155 hominibus
2691 3098 3047 3167 videbuntur,
3071 3114 3197 3155 cum
3232 3097 3405 3154 futuri
3432 3097 3545 3153 sint

1952 3198 2132 3246 mente
2181 3189 2399 3263 reprobi
2436 3192 2668 3264 :Magog
2708 3206 2862 3259 vero,
2906 3189 3001 3263 qui
3042 3189 3433 3261 interpretatur
3477 3186 3543 3243 de

1869 3303 1920 3368 ρ
1948 3287 2117 3348 tecto,
2136 3295 2228 3335 eos
2254 3279 2501 3352 designat
2530 3280 2623 3352 qui
2650 3279 2718 3335 de
2746 3289 2890 3337 tecto
2918 3278 3100 3368 cordis
3131 3278 3223 3368 sui,
3248 3278 3305 3333 in
3329 3285 3543 3368 apertas

1951 3368 2200 3423 miserias
2227 3368 2342 3441 (72)
2366 3377 2807 3442 prorumpentes,
2838 3367 3094 3424 omnibus
3124 3384 3179 3423 se
3210 3365 3409 3438 impios
3429 3381 3544 3421 esse

1950 3455 2425 3513 demonstrabunt.
2454 3457 2609 3514 Tales
2641 3458 2826 3531 itaque
2859 3457 3111 3513 diabolus
3146 3471 3243 3529 per
3261 3453 3541 3513 Antichri-

1953 3562 2097 3609 stum
2128 3552 2289 3611 facile
2321 3554 2581 3627 decipiet.

2023 3644 2204 3715 (Vers.
2233 3644 2314 3716 8.)
2345 3646 2420 3701 Et
2457 3645 2784 3717 congregabit
2810 3662 2894 3700 eos
2934 3645 2993 3701 in
3016 3645 3284 3718 praelium,
3317 3660 3545 3715 quorum

1947 3749 2197 3787 numerus
2252 3740 2325 3789 est
2373 3735 2507 3790 sicut
2563 3752 2729 3791 arena
2781 3735 2970 3791 maris.
3029 3736 3091 3791 In
3145 3735 3397 3807 praelium
3454 3750 3546 3790 eos

1949 3822 2343 3894 congregabit;
2384 3824 2512 3898 quia
2548 3824 2617 3879 ad
2656 3825 2960 3883 Ecclesiam
2989 3825 3087 3883 Dei
3117 3823 3545 3898 persequendam

1949 3926 2041 3966 eos
2069 3910 2326 3967 armabit.
2358 3913 2432 3967 Et
2477 3914 2822 3970 ascende-runt
2866 3931 3024 3987 super
3075 3914 3404 3971 latitudinem
3432 3919 3548 3968 ter—

1948 4015 2044 4068 rcc,
2085 4006 2135 4054 et
2182 4001 2634 4057 circumdederunt
2677 4010 2853 4059 castra
2893 4010 3215 4072 sanctorum,
3260 4009 3307 4058 et
3349 4002 3547 4057 civita-

1953 4094 2049 4143 tem
2079 4090 2339 4146 dilectam.
2371 4092 2628 4150 Diximus
2657 4095 2907 4167 superius
2937 4095 3237 4168 discipulos
3266 4092 3546 4150 Antichri-

1952 4177 2023 4233 sti
2056 4179 2365 4236 laudatores
2398 4182 2514 4239 fore
2544 4184 2831 4254 vitiorum,
2865 4192 2919 4240 et
2947 4184 3133 4239 omnia
3160 4201 3281 4258 quae
3311 4183 3380 4239 ad
3405 4182 3547 4239 dele-

1952 4267 2221 4325 ctationes
2268 4270 2512 4327 carnales
2558 4272 2856 4345 pertinent,
2887 4273 3101 4330 docere.
3133 4272 3306 4345 Super
3348 4273 3548 4330 latitu—

1952 4357 2139 4413 dinem
2187 4374 2316 4431 ergo
2351 4368 2509 4417 terrae
2552 4362 2946 4431 ascenderunt;
2980 4362 3109 4436 quia
3153 4368 3333 4417 vastas
3383 4361 3550 4433 hujus

1952 4446 2140 4502 saeculi
2190 4448 2308 4504 vias
2355 4449 2753 4523 ingredientur,
2784 4470 2902 4527 quae
2933 4452 3144 4507 ducunt
3174 4450 3243 4505 ad
3289 4459 3545 4507 mortem.

1954 4536 2145 4593 Castra
2211 4555 2342 4595 vero
2398 4550 2710 4598 sanctorum
2766 4551 2819 4598 et
2873 4541 3071 4599 civitas
3118 4539 3337 4609 dilecta,
3380 4555 3547 4597 unam

1954 4626 2412 4700 signiﬁcationem
2469 4632 2673 4688 habent
2706 4650 2717 4688 :
2751 4632 3062 4705 signiﬁcant
3103 4629 3303 4702 quippe
3345 4629 3548 4685 Eccle-

1953 4718 2112 4774 siam.
2147 4719 2337 4776 Castra
2384 4720 2554 4793 igitur
2582 4730 2894 4778 sanctorum
2926 4717 3352 4776 circumdabunt
3376 4737 3390 4786 ;
3421 4718 3549 4792 quia

1953 4808 2256 4864 Ecclesiam
2295 4810 2392 4865 Dei
2428 4817 2541 4865 tota
2577 4810 2780 4865 virtute
2811 4816 3224 4883 persequentur,
3256 4816 3318 4865 ut
3345 4824 3546 4865 nomen

1955 4896 2163 4955 Christi
2193 4898 2259 4955 de
2288 4900 2495 4956 mundo
2526 4900 2775 4956 funditus
2803 4900 3174 4972 exstinguant.

2027 4987 2207 5060 (Vers.
2240 4990 2320 5062 9.)
2347 4991 2421 5045 Et
2457 4990 2620 5045 exivit
2654 4989 2792 5061 ignis
2836 4990 2897 5045 de
2924 4991 3051 5045 caelo
3090 5008 3125 5045 a
3158 4990 3284 5053 Deo,
3313 4994 3361 5045 et
3382 4987 3547 5045 devo—

1953 5079 2098 5133 ravit
2120 5096 2220 5133 eos.
2255 5079 2402 5151 Ignis
2438 5078 2503 5135 de
2529 5081 2667 5136 ccelo
2698 5082 2880 5149 exiet;
2916 5079 3045 5154 quia
3075 5080 3330 5136 veniente
3360 5078 3545 5136 Domi-

1954 5183 2027 5222 no
2056 5166 2123 5223 ad
2147 5166 2442 5239 judicium,
2467 5169 2609 5241 ignis
2629 5179 2754 5226 ante
2784 5170 2963 5243 ipsum
2991 5169 3281 5242 praecedet,
3309 5168 3404 5242 qui
3434 5184 3545 5224 non

1954 5258 2133 5313 solum
2182 5274 2400 5314 omnem
2445 5267 2720 5317 catervam
2770 5260 3088 5334 impiorum,
3129 5259 3223 5315 sed
3270 5266 3323 5313 et
3365 5258 3545 5331 ipsum

1955 5347 2225 5404 mundum
2283 5360 2608 5421 consumet,
2680 5352 2824 5410 sicut
2881 5352 2937 5407 in
2991 5350 3342 5422 nonagesimo
3391 5356 3547 5406 sexto

1955 5438 2164 5510 psalmo
2211 5439 2389 5495 David
2421 5441 2882 5513 loquiturdicens
2915 5460 2927 5496 :
2974 5465 2991 5487 ι
3019 5439 3169 5511 Ignis
3192 5448 3317 5496 ante
3366 5439 3545 5511 ipsum

1954 5529 2240 5600 praecedet,
2272 5536 2325 5584 et
2374 5529 2743 5587 intlanimabit
2771 5530 2829 5585 in
2868 5528 3108 5585 circuitu
3138 5527 3397 5586 inimicos
3428 5526 3547 5601 ejus

1954 5754 2011 5808 in
2046 5754 2328 5884 lipargine,
2374 5764 2428 5813 et
2473 5757 2630 5815 Rom.
2670 5753 2802 5815 edit.
2837 5753 2896 5812 in
2942 5772 3188 5830 corpore,
3230 5755 3287 5813 in
3332 5760 3547 5831 apertas

1956 5843 2041 5882 ma
2069 5843 2085 5881 t
2110 5844 2208 5883 ias.

1956 5843 2208 5883 matttias.
